4018 6310
234 308 297 363 88
825 301 883 359 S.
921 297 1250 356 GREGORII
1290 295 1503 353 MAGNI
1547 293 1724 361 VITA.
1767 291 1969 349 AUCT.
2010 288 2269 347 JOANNE
2310 288 2623 345 DIACONO.
2666 288 2793 344 LIB.
2834 290 2896 346 ll.
3375 351 3378 355 ,
3423 294 3505 353 90'

233 418 432 482 cheno,
457 414 646 471 Joanni
663 412 1134 484 Jerosolymitano,
1158 417 1213 464 et
1232 407 1514 463 Anastasio
1532 415 1554 443 ⁸
1579 404 1808 477 patriar.
1847 407 1889 466 Α
1918 405 2118 459 erroris
2156 403 2333 473 plena,
2378 404 2714 473 reprobatur,
2760 412 2816 461 et
2854 405 3168 462 Theodorus
3206 422 3494 479 personam

234 508 351 561 aha:
379 504 713 560 Autiocheuo
757 501 1063 565 destinavit,
1101 515 1220 569 quae
1265 500 1337 552 ita
1370 499 1479 569 46
1504 513 1563 552 se
1604 498 1766 551 habet
1796 512 1808 548 :

243 596 670 655 c‘Consideranti
720 595 850 649 mihi
901 593 1047 662 quod
1100 592 1277 662 impar
1323 590 1530 644 meritis
1581 603 1645 642 ac
1701 595 1816 641 toto

234 693 414 747 animo
441 690 676 745 renitens
695 685 978 758 pastoralis
1005 700 1149 740 cura:
1171 682 1409 754 pondera
1429 689 1648 752 portare
1668 694 1819 735 com-

236 783 417 852 pulsus
436 780 557 842 sim,
591 779 762 848 caligo
788 777 1038 833 maeroris
1064 774 1320 839 occurrit,
1353 782 1409 828 et
1434 772 1586 827 triste
1617 787 1712 827 cor
1736 771 1820 824 ni-

235 872 306 925 hil
324 869 470 924 aliud
486 869 589 923 nisi
616 884 707 923 eas
734 882 853 936 qum
866 866 1039 921 videri
1069 865 1144 918 nil
1173 864 1358 918 sinunt
1380 862 1626 918 tenebras
1648 860 1813 914 videt.

232 963 362 1017 Nam
403 960 529 1030 quid
559 961 784 1014 antistes
821 958 848 997 δ
880 958 947 1012 ad
996 957 1303 1022 Dominum,
1352 955 1452 1010 nisi
1482 970 1580 1024 pro
1609 952 1816 1007 delictis

232 1052 413 1122 populi
434 1053 760 1108 intercessor
779 1049 1028 1117 eligitur?
1050 1050 1165 1114 Qua
1190 1048 1370 1116 itaque
1392 1045 1583 1100 ﬁducia
1604 1044 1668 1099 ad
1690 1058 1814 1097 eum

232 1162 330 1216 pro
356 1146 593 1215 peccatis
622 1144 815 1198 alienis
842 1144 1171 1198 intercessor
1192 1142 1368 1205 venio,
1398 1139 1535 1210 apud
1564 1154 1722 1209 quem
1748 1138 1815 1193 de

230 1237 461 1307 propriis
487 1251 710 1292 securus
737 1251 846 1289 non
878 1235 1034 1289 sum?
1055 1232 1111 1287 Si
1133 1232 1361 1287 fortasse
1387 1230 1648 1299 quispiam
1674 1227 1815 1298 apud

229 1337 510 1399 potentem
541 1329 739 1393 virum,
769 1328 861 1396 qui
889 1334 945 1381 et
973 1325 1075 1380 sibi
1102 1326 1285 1388 iratus,
1319 1331 1373 1378 et
1403 1323 1531 1377 mihi
1560 1328 1701 1376 esset
1730 1320 1814 1373 in-

228 1421 501 1488 cognitus,
526 1421 943 1474 intercessorem
965 1432 1116 1472 suum
1138 1430 1224 1468 me
1255 1413 1367 1467 ﬁeri
1389 1419 1670 1482 quznreret,
1689 1424 1817 1479 pro-

227 1511 376 1564 tinus
396 1510 780 1581 responderem
802 1527 813 1561 :
830 1507 908 1560 Ad
926 1504 1357 1560 intercedendum
1375 1502 1557 1557 venire
1580 1515 1811 1571 nequeo,

222 1604 356 1670 quia
381 1603 502 1671 ejus
525 1603 768 1657 notitiam
791 1616 855 1654 ex
883 1598 1063 1653 sedula
1090 1594 1445 1649 familiaritate
1474 1609 1582 1647 non
1611 1593 1810 1647 habeo.

219 1695 287 1748 Si
323 1697 488 1763 igitur
514 1704 657 1749 recte
684 1695 844 1747 homo
874 1691 1014 1760 apud
1040 1688 1333 1755 hominem,
1357 1687 1424 1742 de
1452 1704 1560 1758 quo
1591 1688 1816 1742 minime

1918 496 2226 551 Mediatoris
2254 496 2345 549 Dei
2374 504 2430 551 et
2452 496 2729 551 hominum
2760 507 2783 544 8
2816 498 2869 553 in
2897 499 3107 556 duobus
3134 502 3494 559 subsistentiis

1916 601 2194 657 separaris,
2222 585 2289 641 ad
2314 587 2604 656 impietatis
2625 588 2898 658 perﬁdiam
2926 592 3185 649 cecidisse
3212 596 3491 651 convinci—

1921 687 2027 734 tur.
2070 679 2278 749 Scripta
2306 678 2409 750 47
2436 694 2653 751 quoque
2692 681 3019 751 Theodoriti,
3057 700 3157 755 per
3192 700 3313 756 quae
3351 688 3495 743 beati

1919 769 2105 840 Cyrilli
2144 771 2275 826 tides
2310 771 2742 840 reprehenditur,
2790 788 2921 828 ausu
2966 774 3248 830 dementiae
3284 776 3496 845 prolata

1917 861 2239 917 refutantur.
2297 862 2529 917 Cunctas
2576 878 2708 919 vero
2755 878 2889 933 quas
2933 864 3154 934 praefata
3198 866 3497 921 veneranda

1918 953 2147 1008 concilia
2177 968 2436 1021 personas
2477 963 2739 1023 respuunt
2764 970 2984 1025 respuo;
3014 970 3148 1025 quas
3176 964 3499 1011 venerantur

1919 1042 2237 1111 amplector.
2266 1042 2401 1107 Quia
2423 1042 2549 1095 dum
2572 1043 2858 1097 universali
2879 1052 3001 1097 sunt
3019 1058 3286 1100 consensu
3302 1046 3500 1099 constio

1920 1139 2062 1195 tuta,
2107 1145 2167 1185 se
2195 1139 2251 1185 et
2291 1146 2397 1184 non
2438 1130 2525 1184 illa
2555 1130 2803 1197 destruit,
2835 1132 3079 1202 quisquis
3113 1134 3385 1202 praesumit
3412 1142 3501 1188 aut

1919 1220 2131 1275 solvere
2179 1235 2315 1289 quos
2368 1221 2639 1288 religant,
2699 1230 2791 1274 aut
2841 1222 3011 1290 ligare
3062 1239 3200 1292 quos
3264 1225 3500 1280 solvunt.

1919 1310 2169 1378 Quisquis
2208 1324 2338 1379 ergo
2379 1310 2522 1364 aliud
2564 1311 2725 1381 sapit,
2754 1311 3040 1366 anathema
3080 1314 3168 1367 sit.
3204 1332 3223 1366 ι
3280 1314 3417 1382 (Lib.
3462 1333 3499 1383 l,

1919 1418 2034 1471 cap.
2059 1400 2177 1470 25.)
2254 1464 2257 1469 _

1992 1494 2047 1548 5.
2090 1494 2205 1549 Hoc
2231 1494 2419 1560 modo,
2457 1501 2739 1564 postquam
2768 1494 3059 1563 Gregorius
3096 1494 3499 1549 fundamentum

1922 1600 2032 1639 suae
2056 1583 2175 1638 ﬁdei
2207 1583 2500 1638 secundum
2526 1583 2762 1652 priscum
2793 1582 3249 1652 prtedecessorum
3278 1598 3498 1638 suorum

1921 1675 2236 1748 pontiﬁcum
2260 1688 2481 1739 morem,
2515 1673 2815 1729 luculenter
2834 1674 3143 1743 apostolicis
3172 1674 3379 1728 thronis
3405 1688 3496 1727 ex-

217 1784 705 1851 pra‘sumpsissem,
732 1780 843 1834 ﬁeri
867 1780 1189 1833 intercessor
1217 1779 1614 1844 ernbescerem,
1637 1794 1808 1847 quan-
1845 1788 1881 1845 Β
1912 1771 2111 1842 posuit,
2139 1768 2570 1823 animadvertens
2592 1781 2651 1823 se
2677 1765 2797 1820 ideo
2822 1781 2852 1819 a
2876 1766 3102 1821 Domino
3124 1781 3284 1835 super
3311 1775 3499 1834 gentes

222 1882 291 1926 tm
322 1872 429 1926 hoc
453 1872 687 1925 audaciae
715 1878 797 1924 est
832 1869 973 1938 quod
1004 1869 1144 1939 apud
1177 1869 1343 1923 Deum
1374 1885 1472 1938 pro
1492 1870 1692 1940 populo
1722 1869 1807 1924 lo-

224 1980 349 2019 cum
392 1962 760 2018 intercessoris
802 1961 1051 2025 obtineo,
1101 1961 1186 2016 cui
1218 1960 1534 2015 familiarem
1577 1976 1663 2015 me
1691 1975 1810 2017 esse

222 2071 321 2126 per
341 2056 461 2109 vitae
490 2055 741 2109 mezitum
768 2068 876 2108 non
906 2054 1174 2121 agnosco?
1204 2052 1318 2119 Qua
1361 2053 1414 2105 in
1455 2068 1512 2105 re
1551 2061 1633 2106 est
1678 2050 1810 2105 mihi

223 2146 399 2200 adhuc
421 2143 565 2198 aliud
595 2144 811 2213 gravius
850 2142 1270 2207 formidandum,
1302 2141 1427 2209 quia
1459 2141 1597 2195 sicut
1626 2140 1809 2195 cuncti

223 2236 428 2305 liquido
470 2235 839 2303 cognovimus,
872 2246 995 2289 cum
1019 2233 1063 2287 is
1087 2232 1179 2301 qui
1217 2231 1465 2300 displicet
1487 2230 1554 2285 ad
1580 2232 1812 2286 interce-

223 2326 458 2381 dendum
488 2325 733 2389 mittitur,
768 2324 890 2378 irati
919 2324 1127 2377 animus
1156 2322 1223 2375 ad
1252 2321 1521 2376 deteriora
1548 2337 1811 2391 provoca-

226 2426 334 2484 tur,
358 2425 413 2471 et
431 2416 588 2471 valde
610 2416 933 2485 pertimesco
955 2430 1023 2469 ne
1046 2413 1333 2469 commissa
1356 2413 1484 2466 mihi
1507 2413 1657 2482 plebs
1680 2412 1815 2467 ﬁde-

223 2507 356 2562 lium
392 2514 576 2561 reatus
611 2506 718 2560 mei
759 2505 1124 2559 additamento
1161 2502 1434 2571 depereat,
1481 2501 1634 2568 cujus
1670 2516 1813 2556 nunc

224 2613 400 2667 usque
443 2597 704 2651 Dominus
730 2594 1103 2665 mquanimiter
1138 2594 1332 2649 delicta
1365 2593 1645 2647 tolerabat.
1679 2590 1811 2647 Cum

224 2704 359 2741 vero
389 2697 663 2756 utcunque
703 2686 847 2741 hunc
876 2685 1124 2740 timorem
1152 2683 1451 2754 supprimo,
1484 2691 1541 2737 et
1566 2682 1817 2738 consola-

226 2789 339 2832 tam
385 2786 622 2831 mentem
662 2774 727 2829 ad
757 2773 1082 2844 pontiﬁcalis
1122 2773 1303 2843 operis
1346 2772 1525 2826 studia
1572 2771 1815 2839 accingo,

227 2867 567 2923 considerata
613 2866 725 2933 ipsa
764 2865 843 2919 rei
890 2863 1294 2931 immensitate,
1340 2861 1637 2917 deterreor.
1686 2859 1821 2915 Per-

228 2958 410 3028 pendo
434 2973 635 3028 quippe
663 2957 810 3027 quod
837 2958 987 3012 omni
1016 2971 1144 3011 cura
1179 2955 1509 3023 vigilandum
1539 2959 1620 3009 est
1646 2964 1704 3007 ut
1730 2969 1822 3007 re-

230 3059 354 3104 ctor
383 3049 713 3118 cogitatione
743 3048 813 3102 sit
852 3047 1101 3113 mundus,
1133 3046 1450 3116 Operatione
1491 3044 1817 3114 praecipuus,

1912 1872 1969 1918 et
1988 1875 2155 1929 regna
2183 1874 2450 1913 summum
2490 1856 2801 1928 pontificem
2831 1857 3210 1921 constitutum,
3240 1865 3319 1923 ut,
3346 1856 3497 1923 juxta

1914 1954 2042 2010 illud
2070 1952 2446 2022 propheticum
2485 1950 2697 2020 (Jerem.
2729 1949 2793 2017 ι),
2833 1949 3084 2003 vitiorum
3116 1949 3325 2003 radices
3350 1948 3498 2003 evel-

1913 2044 2077 2107 leret,
2126 2045 2430 2097 destrueret
2459 2050 2622 2108 atque
2657 2038 3019 2108 disperderet,
3065 2039 3249 2108 sicque
3284 2039 3496 2093 demum

1910 2139 2221 2206 aedificaret,
2252 2137 2630 2206 plantaretque
2660 2134 2904 2199 virtutes,
2934 2147 3125 2189 omnes
3147 2131 3499 2188 consuetudi-

1912 2248 2009 2288 nes
2031 2246 2164 2301 quas
2186 2240 2373 2285 contra
2404 2228 2632 2298 priscam
2660 2223 3001 2279 traditionem
3024 2224 3377 2293 apostolicam
3406 2238 3497 2276 no-

1914 2325 2052 2379 viter
2098 2321 2395 2392 pullulasse
2423 2325 2773 2387 cognoverat,
2834 2314 3084 2369 videlicet
3130 2313 3199 2369 de
3242 2313 3500 2367 ministris

1912 2412 2241 2476 cantoribus,
2276 2410 2343 2465 de
2370 2409 2521 2464 laicis
2550 2407 2790 2479 pontiﬁci
2817 2404 3152 2458 familiariter
3172 2404 3497 2458 adhmrenti-

1914 2508 2034 2571 bus,
2068 2506 2135 2560 de
2163 2502 2436 2559 titulandis
2480 2499 2910 2571 prmjudieialiter
2948 2496 3275 2567 quibuslibet
3318 2497 3498 2559 rebus,

1915 2598 1983 2653 de
2005 2596 2343 2665 contegendo
2365 2593 2665 2649 dalmaticis
2693 2591 2992 2661 apostolico
3022 2591 3239 2655 feretro,
3266 2587 3293 2626 ιι
3316 2590 3383 2645 de
3413 2605 3500 2660 pa-

1918 2686 2192 2751 stillatico,
2224 2692 2279 2740 et
2305 2683 2374 2739 de
2401 2698 2507 2737 non
2535 2681 2880 2737 admittendis
2907 2680 3106 2750 passim
3135 2679 3285 2733 laicis
3315 2678 3384 2732 ad
3411 2693 3501 2733 ec-

1921 2777 2209 2833 clesiastici
2228 2775 2364 2845 juris
2385 2774 2642 2839 ofﬁcium,
2672 2787 2773 2843 pro
2802 2771 2965 2841 pallio
2984 2771 3069 2826 vel
3093 2769 3503 2825 consecratione

1923 2869 2259 2942 pontificum,
2281 2868 2459 2938 primo
2488 2865 2702 2936 quidem
2725 2878 2757 2917 a
2776 2863 3031 2918 Romanae
3051 2860 3320 2925 Ecclesize,
3349 2868 3503 2931 post-

1923 2960 2146 3017 modum
2176 2973 2309 3013 vero
2344 2956 2583 3011 collcetis
2612 2954 3027 3022 circumquaque
3054 2952 3348 3021 positarum
3380 2966 3505 3021 pro-
3566 2968 3571 2975 λ

1923 3051 2222 3105 vinciarum
2254 3047 2543 3118 episcopis,
2573 3061 2605 3100 a
2634 3045 2798 3100 totius
2827 3051 3027 3099 sanctae
3059 3043 3377 3097 universalis
3404 3041 3505 3096 Ec-

230 3141 500 3196 discretus
527 3140 579 3194 in
607 3139 841 3201 silentio,
876 3138 1019 3192 utilis
1042 3138 1095 3193 in
1118 3137 1305 3201 verbo,
1328 3135 1551 3204 singulis
1573 3149 1821 3203 compas-
1846 3146 1890 3208 ο
1923 3142 2103 3197 etesia;
2128 3154 2357 3209 corpore
2403 3136 2731 3206 segregavit,
2774 3149 2946 3205 caque
2973 3135 3071 3188 sub
3099 3133 3507 3202 interpositione

232 3232 388 3285 sione
414 3230 712 3297 proximus,
747 3244 855 3299 prae
882 3227 1089 3283 cunctis
1119 3226 1576 3295 contemplatione
1596 3241 1822 3295 suspen-

232 3338 350 3391 sus,
397 3323 539 3376 bene
567 3321 850 3389 agentibus
878 3334 975 3389 per
1004 3318 1359 3373 humilitatem
1403 3316 1601 3382 socius,
1633 3324 1822 3371 contra

231 3413 658 3482 delinquentium
679 3412 806 3465 vitia
828 3422 849 3449 ο
864 3426 961 3480 per
982 3410 1154 3464 zelum
1178 3408 1513 3464 rectitudinis
1532 3416 1765 3474 erectus,
1797 3426 1817 3459 ι

233 3512 292 3560 et
318 3513 515 3561 caetera
538 3520 659 3573 quas
687 3511 807 3573 post
836 3503 890 3556 iu
917 3503 1054 3557 libro
1076 3500 1336 3556 Pastorali
1363 3500 1727 3570 prosequitur.

307 3596 361 3649 4.
395 3617 413 3647 ‹
440 3594 705 3650 Pncterea
732 3595 854 3665 quia
879 3594 1061 3659 corde,
1096 3594 1288 3663 inquit,
1312 3593 1548 3648 creditur
1573 3592 1638 3648 ad
1662 3590 1825 3662 justi-

236 3697 390 3754 tiam,
434 3704 529 3743 ore
559 3696 737 3742 autem
767 3687 1035 3742 confessio
1064 3684 1124 3740 ﬁt
1153 3686 1219 3740 ad
1262 3686 1491 3740 salutem
1523 3685 1700 3755 (Rom.
1745 3685 1826 3755 ι),

236 3784 383 3837 sicut
401 3783 574 3836 sancti
595 3780 868 3851 Evangelii
892 3788 1123 3850 quatuor
1145 3780 1330 3845 libros,
1354 3779 1433 3834 sic
1454 3786 1686 3848 quatuor
1706 3791 1828 3832 eon-

235 3874 365 3929 cilia
396 3874 671 3943 suscipere
695 3882 749 3927 et
772 3871 1020 3927 venerari
1050 3885 1137 3925 me
1167 3870 1339 3924 fateor
1365 3886 1378 3922 :
1413 3868 1681 3923 Nicaenum
1724 3867 1833 3922 sci-

238 3968 391 4032 licet,
421 3968 473 4021 in
494 3981 603 4035 quo
632 3980 942 4037 perversum
972 3964 1084 4019 Arii
1112 3963 1306 4032 dogma
1337 3962 1664 4027 destruitur;
1688 3952 1835 4015 Con-'-

239 4058 781 4129 stantinopolitanum
809 4070 1044 4126 quoque,
1074 4054 1128 4109 in
1158 4069 1266 4124 quo
1295 4052 1543 4107 Eunomii
1573 4060 1626 4107 et
1655 4051 1834 4107 Mace-

241 4150 392 4204 donii
408 4165 560 4204 error
584 4147 610 4185 ά
642 4149 1005 4212 convincitur;
1037 4145 1365 4216 Ephesinum
1388 4144 1551 4199 etiam
1576 4143 1830 4213 primum,

243 4241 299 4295 in
331 4255 439 4308 quo
468 4239 702 4295 Nestorii
745 4240 995 4309 impietas
1042 4237 1345 4308 judicatur;
1390 4234 1836 4290 Chalcedonense

248 4347 402 4397 vero,
436 4332 488 4387 in
518 4346 628 4400 quo
662 4340 684 4368 ε
722 4329 1056 4399 Euthycetis,
1098 4328 1450 4397 Dioscorique
1474 4326 1715 4398 pravitas
1743 4340 1835 4380 re-

245 4423 539 4495 probatur,
595 4430 709 4478 tota
747 4421 1036 4477 devotione
1073 4421 1434 4490 complector,
1487 4417 1834 4487 integerrima

1923 3232 2175 3289 terribilis
2204 3229 2581 3293 anathematis,
2629 3237 2735 3282 tam
2762 3226 3087 3297 generaliter
3116 3239 3277 3294 quam
3308 3239 3507 3295 perpe—

1926 3325 2143 3380 tualiter
2171 3322 2568 3378 condemnavit.
2867 3324 2877 3332 ‘

1994 3414 2045 3469 6.
2078 3413 2283 3468 Deinde
2306 3413 2359 3467 in
2385 3412 2546 3467 domo
2575 3409 2807 3477 Domini,
2828 3423 2979 3467 more
3000 3406 3379 3479 sapientissimi
3406 3406 3508 3461 Sa-

1924 3506 2173 3572 lomonis,
2205 3514 2427 3576 propter
2448 3504 2666 3559 musica:
2690 3503 3160 3573 compunctionem
3189 3500 3508 3563 dulcedinis,

1933 3599 1948 3636 ¹
1987 3598 2436 3669 Antiphonarium
2463 3604 2751 3652 centonem
2781 3604 3062 3651 cantorum
3092 3593 3511 3649 studiosissimus

1929 3691 2087 3746 nimis
2110 3690 2312 3744 utiliter
2334 3688 2678 3758 compilavit;
2707 3687 2945 3741 scholam
2967 3698 3183 3753 quoque
3205 3694 3509 3743 cantorum.

1929 3796 2049 3851 qua:
2096 3781 2357 3835 hactenus
2397 3778 2599 3833 eisdem
2646 3775 3071 3831 institutionibus
3098 3774 3151 3826 in
3177 3781 3364 3827 sancta
3408 3771 3513 3825 Ro-

1930 3887 2089 3927 mana
2139 3870 2382 3925 Ecclesia
2435 3868 2785 3932 modulatur,
2840 3867 3147 3931 constituit;
3190 3866 3347 3933 eique
3393 3880 3517 3919 cum

1932 3963 2208 4020 nonnullis
2232 3962 2446 4033 pnediis
2469 3961 2576 4019 duo
2590 3960 2918 4023 habitacula,
2941 3959 3147 4015 scilicet
3167 3960 3392 4013 alterum
3419 3960 3517 4013 sub

1934 4057 2189 4128 gradibus
2218 4053 2453 4109 basilicae
2481 4052 2626 4108 beati
2657 4051 2798 4107 Petri
2827 4049 3057 4123 apostoli
3083 4090 3098 4116 ,
3130 4051 3360 4105 alterum
3390 4066 3521 4106 vero

1935 4145 2035 4201 sub
2075 4143 2453 4199 Lateranensis
2482 4140 2791 4212 patriarchii
2816 4139 3063 4195 domibus
3095 4139 3399 4208 fabricavit,
3432 4140 3519 4196 ubi

1935 4251 2107 4307 usque
2132 4234 2293 4289 hodie
2330 4235 2501 4288 lectus
2530 4232 2667 4302 ejus,
2696 4233 2749 4286 in
2777 4247 2885 4302 quo
2912 4231 3177 4286 recubans
3204 4231 3519 4287 modulaba-

1936 4335 2042 4392 tur,
2075 4334 2131 4381 et
2153 4323 2417 4395 flagellum
2441 4323 2627 4394 ipsius,
2656 4337 2764 4391 quo
2788 4322 2968 4392 pueris
2997 4321 3323 4387 minabatur,
3355 4336 3521 4376 vene-

1940 4420 2151 4475 ratione
2181 4432 2418 4487 congrua
2444 4432 2565 4472 cum
2594 4416 2907 4470 authentico
2938 4414 3330 4485 Antiphonario
3352 4429 3523 4470 reser-

248 4516 644 4586 approbatione
668 4515 934 4580 custodio,
967 4514 1092 4584 quia
1115 4513 1167 4567 in
1198 4514 1279 4567 his
1306 4513 1453 4567 velut
1480 4512 1533 4566 in
1566 4510 1832 4582 quadrato
1864 4511 1911 4571 D
1936 4519 2111 4577 vatur,
2142 4526 2261 4580 qua:
2280 4507 2535 4564 videlicet
2553 4508 2673 4563 loca
2700 4522 2798 4576 per
2818 4507 3072 4576 prmcepti
3094 4506 3288 4561 seriem
3318 4506 3417 4559 sub
3444 4505 3523 4559 in-

251 4608 430 4676 lapide
459 4615 661 4663 sanctte
692 4606 811 4661 ﬁdei
838 4613 1109 4661 structura
1133 4603 1435 4672 consurgit;
1467 4610 1521 4656 et
1550 4600 1835 4670 cujuslibet

248 4699 374 4755 vita:
402 4706 566 4769 atque
594 4698 824 4753 actionis
856 4695 875 4736 ί
909 4712 1096 4751 norma
1129 4697 1344 4761 existat,
1376 4694 1618 4765 quisquis
1647 4706 1835 4746 eorum

250 4793 582 4848 soliditatem
605 4806 710 4845 non
735 4798 899 4856 tenet,
922 4790 1086 4844 etiam
1115 4790 1159 4842 si
1182 4788 1316 4857 lapis
1335 4802 1451 4842 esse
1482 4786 1739 4851 cernitur,
1758 4793 1840 4838 ta-

250 4898 378 4936 men
410 4891 559 4935 extra
602 4879 881 4935 mdiﬁcium
913 4882 1075 4948 jacet.
1118 4879 1372 4945 Quintum
1412 4892 1624 4947 quoque
1653 4875 1839 4931 conci-

198 5038 215 5044 -
251 4974 389 5028 lium
412 4973 612 5042 pariter
633 4988 882 5038 veneror,
910 4972 963 5026 in
985 4986 1092 5040 quo
1109 4970 1335 5040 epistola
1360 4985 1476 5039 qua:
1497 4969 1602 5023 Iba:
1622 4967 1843 5038 dicitur,

331 5139 356 5167 ι·
382 5129 497 5199 Big.
528 5139 582 5185 et
608 5130 767 5199 Reg.,
796 5128 1176 5200 cxpolriarc/taz
1217 5127 1463 5181 Antioch.

327 5200 357 5240 δ
390 5202 574 5273 Norat.
605 5220 636 5254 a
668 5201 912 5273 Domino.

336 5284 356 5309 ε
387 5271 447 5325 In
474 5267 736 5325 Gussanv.
768 5278 822 5322 et
846 5270 1037 5333 Vatic.,
1068 5286 1166 5337 per
1180 5267 1600 5339 zelumjmtitm.

329 5339 354 5380 ἀ
388 5342 594 5396 Turon.
622 5351 678 5395 et
708 5340 933 5407 Andeg.,
962 5343 1309 5410 ronjungitur.

332 5423 358 5451 ο
384 5413 497 5479 AL,
524 5412 793 5482 Eutychis,
825 5411 907 5482 vel
943 5411 1203 5481 Eutychii.

336 5482 353 5521 τ
389 5478 619 5549 Quidam
632 5478 859 5549 Vexcusi,
890 5478 1108 5535 actionis
1137 5496 1319 5533 norma
1347 5478 1599 5549 consistit.

332 5563 358 5601 ε
382 5544 445 5607 ni
468 5552 596 5606 Mss.
619 5544 925 5619 Sangerm.,
958 5552 1112 5619 [ἰείη
1137 5551 1289 5604 Colb.
1316 5557 1369 5603 et
1391 5544 1686 5619 nonnullis,
1704 5559 1857 5619 meo:

258 5624 414 5685 dose,
449 5624 505 5677 in
538 5612 1326 5687 duubas'substonliisfQuibus
1344 5619 1617 5672 adhaerent
1646 5612 1857 5687 Vulgati

261 5711 476 5757 onmes,
491 5693 734 5763 quamvis
759 5693 1000 5745 haeresim
1023 5685 1194 5760 sapiat
1222 5703 1414 5763 negare
1435 5688 1703 5763 Christum
1724 5685 1857 5736 dua-

264 5766 366 5821 bus
395 5756 717 5821 substantiis
760 5770 1029 5827 constare,
1060 5756 1237 5817 divina
1277 5758 1480 5816 scilicet
1509 5773 1570 5812 ac
1601 5756 1853 5809 humana.

1938 4604 2290 4675 terpositione
2303 4601 2658 4656 anathematis
2678 4600 2747 4655 ob
2764 4599 3042 4665 ministerii
3064 4599 3215 4668 quoti
3234 4600 3359 4652 ham
3376 4603 3525 4651 utro--

1942 4696 2105 4766 bique
2130 4694 2361 4763 gratiam
2391 4691 2696 4747 subdivisit.

2017 4789 2068 4842 7.
2099 4787 2268 4856 Hujus
2297 4786 2677 4840 modulationis
2703 4785 3041 4840 dulcedinem
3072 4784 3213 4840 inter
3250 4783 3383 4836 alias
3422 4779 3528 4833 Eu-

1946 4893 2090 4947 ropa:
2120 4885 2308 4946 gentes
2334 4876 2591 4931 Germani
2612 4892 2707 4931 seu
2729 4874 2865 4929 Galli
2890 4875 3099 4930 discere
3126 4873 3426 4938 crebroque
3448 4885 3529 4924 re.

1948 4967 2154 5025 discere
2192 4968 2471 5036 insigniter
2506 4974 2821 5036 potuerunt,
2860 4967 3229 5031 incorruptam
3266 4974 3395 5014 vero
3424 4968 3531 5015 tam

1954 5125 2264 5195 Legendum
2292 5140 2418 5193 ergo
2440 5125 2492 5178 in
2521 5123 2721 5195 duabus
2750 5117 3238 5195 subsi_stentiis,_seu
3267 5116 3532 5195 Personis,

1953 5207 2013 5252 ut
2031 5186 2234 5251 habent
2252 5186 2492 5248 aliiMss.
2526 5192 2719 5259 nostri,
2745 5200 2852 5244 tam
2879 5188 3100 5243 Joannis
3124 5186 3341 5241 Diaeonl
3371 5202 3533 5255 quam

1955 5267 2373 5340 ePiSEQ‘mm-_
2541 5339 2545 5340 ν
2587 5328 2621 5340 η
2661 5329 2693 5340 ..
2811 5330 2822 5340 .
3097 5328 3128 5340 ,.

2027 5334 2056 5373 ιι
2085 5335 2292 5398 Norm.,
2338 5333 2469 5400 Reg.
2500 5339 2556 5385 et
2581 5328 2759 5387 Colb..
2788 5330 2851 5382 de
2873 5326 3210 5400 pastitlntico,
3240 5345 3333 5398 pro
3351 5328 3534 5398 pallio,

1956 5405 2036 5462 vel
2066 5398 2450 5459 consecratione
2479 5400 2802 5469 pontiﬁcum,
2828 5408 2877 5452 et
2905 5398 2967 5452 de
2989 5414 3113 5461 non,
3148 5406 3249 5452 etc.

2033 5475 2049 5513 ί
2095 5474 2332 5534 Gemct.,
2374 5466 3152 5539 Autipltonarium,concentum
3194 5466 3332 5523 stud.
3385 5468 3537 5525 Prius

1956 5547 2153 5601 lectum
2183 5544 2314 5606 utin
2341 5537 2784 5594 Colb.'roncenm.
2812 5538 2952 5594 Utic.
2980 5537 3158 5610 habet.
3186 5539 3393 5610 Antiph.
3413 5556 3536 5595 catt-

1958 5626 2063 5670 tum
2084 5656 2099 5680 ,
2129 5622 2183 5668 et
2214 5628 2310 5681 per
2337 5611 2728 5667 correctionem
2767 5618 3088 5669 concentum.
3136 5609 3538 5681 lleg.,Antip/r.

1958 5693 2247 5740 cantorum.
