4018 6306
509 278 571 338 9|
1101 275 1158 330 S.
1201 274 1523 333 GREGORII
1565 279 1778 338 MAGNI
1819 281 2000 347 VITA,
2044 281 2248 339 AUCT.
2290 279 2552 340 JOANNE
2592 280 2907 339 Dl.\(‘0N0.
2951 280 3079 336 LIB.
3123 277 3186 332 ΙΙ.
3713 283 3780 337 92

508 391 729 448 levitate
749 389 935 452 animi,
967 388 1093 457 quia
1125 387 1378 441 nonnulla
1402 387 1467 440 de
1497 385 1716 454 proprio
1745 385 2091 450 Gregorianis
2123 393 2164 444 Α
2197 387 2474 440 veritatem
2506 388 2723 456 diligunt
2755 391 3161 458 comprobatur.
3195 391 3319 446 llaec
3346 405 3475 459 ergo
3513 407 3610 462 per
3636 398 3777 452 anti-

507 484 756 538 cantibus
786 481 1134 542 miscuerunt,
1166 492 1326 546 quam
1360 476 1567 530 feritate
1593 489 1808 541 quoque
1838 474 2088 536 naturali,

506 586 725 626 scrvare
751 570 970 624 minime
997 575 1307 637 potuerunt.
1341 565 1529 631 Alpina
1552 562 1814 630 siquidem
1839 577 2091 630 corpora,

505 679 701 719 vocum
724 677 939 717 suarum
959 660 1205 714 tonitruis
1227 657 1456 710 altisone
1473 654 1882 725 perstrepentis,
1907 668 2088 707 susce-

505 763 612 825 ptte
642 753 1024 809 modulationis
1050 749 1385 804 dulcedinem
1417 748 1636 818 proprie
1667 762 1773 801 non
1804 744 2090 810 resultant,

504 847 631 915 quia
660 845 826 901 bibuli
868 841 1098 913 gutturis
1127 840 1354 894 barbara
1385 838 1593 906 feritas,
1638 839 1763 894 dum
1795 836 2094 893 inﬂexioni-

504 940 604 994 bus
632 947 688 993 et
716 933 1217 1004 repercussionibus
1246 932 1433 987 mitem
1471 932 1657 986 nititur
1679 931 1839 986 edere
1868 930 2094 984 cantile-

503 1044 650 1094 nam,
698 1027 928 1082 naturali
969 1026 1201 1094 quodam
1243 1024 1475 1092 fragore,
1507 1024 1661 1092 quasi
1709 1023 1947 1091 plaustra
1997 1036 2096 1089 per

501 1120 700 1189 gradus
739 1117 963 1174 confuse
990 1117 1242 1172 sonantia
1271 1115 1473 1184 rigidas
1498 1130 1662 1169 voces
1684 1114 1878 1182 jactat,
1909 1113 2094 1180 sicque

502 1211 834 1266 audientium
863 1210 1092 1273 animos,
1125 1222 1262 1276 quos
1294 1207 1534 1260 mulcere
1563 1204 1840 1270 debuerat,
1869 1217 2095 1272 exaspe-

504 1305 674 1359 rando
703 1303 876 1371 magis
903 1318 967 1357 ac
995 1300 1356 1369 obstrependo
1387 1298 1693 1353 conturbat.

575 1393 630 1448 8.
655 1394 792 1447 Hinc
820 1402 904 1447 est
931 1392 1074 1462 quod
1105 1391 1260 1459 hujus
1287 1387 1530 1460 Gregorii
1565 1397 1807 1458 tempore
1833 1404 1952 1442 cum
1985 1388 2095 1458 a8

507 1482 806 1552 Augustino
836 1490 963 1534 tunc
992 1480 1294 1533 Britannias
1323 1478 1555 1533 adeunte
1577 1519 1592 1544 ,
1626 1493 1723 1548 per
1751 1476 2093 1532 Occidentem

505 1588 723 1644 quoque
752 1571 1010 1626 Romanae
1034 1571 1387 1625 institutionis
1415 1578 1666 1624 cantores
1690 1570 1939 1638 dispersi,
1971 1571 2096 1624 bar-

505 1668 668 1720 baros
714 1665 994 1731 insigniter
1023 1664 1343 1718 docuerunt.
1393 1663 1597 1728 Quibus
1641 1660 1904 1715 defunctis
1941 1659 2095 1716 Occi-

2198 479 2519 546 cipationem
2550 481 2844 543 retulerim,
2879 497 2945 535 ne
2972 483 3322 538 indiscussam
3352 483 3626 540 Gallorum
3647 485 3674 525 δ
3704 487 3779 542 lc-

2198 570 2418 622 vitatem
2451 572 2638 625 videar
2667 574 3011 640 przrteriisse.

2270 659 2354 713 ll.
2387 659 2650 714 thterum
2685 664 3130 730 prudentissimus
3161 672 3342 719 rector
3362 664 3676 734 Gregorius,
3698 685 3782 723 re-

2197 751 2356 804 motis
2395 765 2424 804 a
2455 767 2554 805 suo
2596 753 2844 807 cubiculo
2879 755 3248 819 saecularibus,
3307 757 3629 811 clericorum
3682 760 3779 814 sibi

2196 842 2640 910 prudentissimos
2661 845 2995 899 consiliarios
3025 847 3422 915 familiaresque
3449 849 3666 918 delegit,
3699 850 3779 904 in-

2198 944 2280 988 ter
2314 950 2448 1006 quos
2493 935 2708 989 Petrum
2752 935 3044 990 Diaconum
3085 948 3421 992 cozetaneum
3451 956 3628 1005 suum,
3661 957 3779 996 cum

2197 1042 2305 1094 quo
2353 1036 2539 1096 postea
2590 1027 2886 1096 disputans,
2945 1037 3180 1096 quatuor
3228 1029 3578 1097 Dialogorum
3619 1032 3781 1088 libros

2197 1117 2535 1184 composuit;
2568 1116 2915 1170 {Emilianum
2945 1135 3160 1187 quoque
3188 1123 3477 1188 notarium,
3526 1123 3620 1191 qui
3647 1138 3778 1192 qua-

2198 1204 2439 1271 draginta
2463 1204 2710 1259 homilias
2733 1205 3004 1274 Evangelii
3031 1223 3152 1261 cum
3177 1211 3334 1263 sociis
3356 1211 3467 1265 suis
3494 1223 3515 1248 ο
3539 1213 3779 1282 excepit;

2200 1295 2471 1350 Paterium
2518 1313 2676 1366 aeque
2707 1301 3004 1362 notarium,
3045 1300 3134 1366 qui
3174 1301 3241 1352 ab
3267 1317 3332 1353 eo
3377 1303 3782 1356 secundicerius

2199 1385 2391 1454 factus,
2424 1403 2490 1440 ex
2521 1387 2671 1442 libris
2715 1389 2878 1458 ipsius
2908 1390 3086 1456 aliqua
3134 1391 3358 1443 utillitna
3389 1391 3706 1458 deiioravit;
3730 1402 3784 1446 et

2198 1476 2457 1532 Joannem
2485 1479 2844 1541 defensorem,
2867 1481 2956 1548 qui
2979 1480 3096 1549 ejus
3121 1482 3271 1550 jussu
3300 1484 3349 1536 in
3382 1482 3664 1552 Hispanias
3693 1500 3782 1540 co-

2199 1572 2377 1638 gnitor
2417 1572 2741 1639 destinatus,
2771 1571 2796 1608 ι¹
2849 1572 3159 1627 Januarium
3200 1574 3511 1643 episcopum
3553 1576 3784 1632 civitatis

2201 1660 2550 1726 Malacitanaa,
2575 1663 2642 1714 ab
2658 1662 2925 1730 episc0pis
2940 1663 3049 1718 suis
3070 1663 3442 1731 compatriotis
3458 1663 3780 1733 depositum,

504 1758 747 1813 dentales
777 1757 1029 1812 Ecclesire
1071 1757 1141 1809 ita
1172 1764 1481 1826 susceptum
1531 1754 1913 1809 modulationis
1942 1768 2098 1822 orga-
2133 1760 2175 1818 Β
2202 1752 2316 1806 sedi
2349 1753 2578 1821 propriae
2601 1755 2945 1822 restauravit,
2974 1762 3030 1807 et
3058 1754 3396 1823 depositores
3422 1755 3539 1823 ejus
3564 1771 3688 1810 cum
3719 1771 3784 1812 eo

505 1864 631 1903 num
656 1848 935 1914 vitiarunt,
987 1854 1045 1901 ut
1086 1845 1322 1900 Joannes
1352 1847 1569 1914 quidam
1603 1846 1876 1900 Romanus
1905 1853 2096 1898 cantor

503 1955 626 1994 cum
672 1938 959 1993 Theodoro
987 1952 1139 2006 teque
1168 1938 1286 1992 cive
1319 1937 1584 2003 Romano,
1627 1937 1721 1991 sed
1750 1935 1977 1990 Eburaci
2008 1951 2095 1989 ar—

503 2032 872 2102 chiepiscopo,
906 2045 1004 2100 per
1031 2029 1234 2084 Gallias
1271 2030 1321 2082 in
1347 2027 1653 2082 Britannias
1686 2039 1711 2065 ι
1744 2044 1774 2082 a
1802 2027 2094 2082 Vitalliano

503 2126 573 2179 sit
598 2125 825 2195 pmsule
851 2123 1169 2188 destinatus,
1221 2124 1312 2192 qui
1343 2125 1763 2192 circumquaque
1800 2124 2092 2192 positarum

504 2215 862 2272 Ecclesiarum
887 2216 1025 2272 filios
1051 2216 1116 2269 ad
1146 2217 1426 2285 pristinam
1455 2215 1737 2270 cantilenae
1758 2214 2094 2269 dulcedinem

504 2325 787 2375 revocans,
825 2317 930 2362 tam
963 2326 1060 2378 per
1087 2325 1167 2374 se,
1189 2324 1348 2377 quam
1382 2325 1478 2378 per
1498 2325 1626 2363 suos
1647 2308 1938 2378 discipulos
1967 2308 2098 2361 mul-

506 2405 578 2459 tis
603 2404 757 2457 anuis
783 2402 1040 2456 Romana:
1066 2402 1325 2457 doctrina:
1355 2403 1594 2471 regulam
1623 2403 1983 2456 conservavit.

573 2493 626 2546 9.
651 2493 756 2548 Sed
775 2501 832 2546 et
851 2492 1076 2547 Carolus
1097 2501 1281 2547 noster
1300 2495 1576 2564 patricius,
1603 2509 1696 2549 rex
1721 2503 1900 2548 autem
1928 2494 2097 2549 Fran-

508 2601 691 2640 corum
711 2623 725 2647 ,
759 2584 1090 2638 dissonantia
1132 2583 1359 2638 Romani
1388 2593 1443 2639 et
1471 2585 1738 2640 Gallicani
1768 2594 1960 2640 cantus
1986 2585 2097 2639 Ro-

508 2691 606 2732 mae
628 2675 883 2742 offensus,
911 2691 1031 2730 cum
1064 2674 1339 2730 Gallorum
1369 2678 1674 2745 procacitas
1696 2684 1912 2732 cantum
1937 2691 1967 2730 a
1997 2691 2098 2730 no-

504 2767 762 2822 stratibus
790 2767 1106 2836 quibusdam
1132 2767 1319 2820 nteniis
1343 2775 1807 2837 argumentaretur
1833 2782 1954 2823 esse
1973 2781 2096 2822 cor-

503 2867 742 2930 ruptum,
771 2860 1048 2929 nostrique
1071 2875 1101 2915 e
1125 2859 1340 2914 diverso
1362 2860 1726 2915 authenticum
1761 2859 2098 2930 Antiphona-

503 2953 643 3007 rium
666 2951 1017 3021 probabiliter
1031 2959 1387 3016 ostentarent,
1408 2952 1772 3020 interrogasse
1795 2951 1964 3005 fertur
1976 2951 2096 3018 quis

504 3043 645 3098 inter
674 3043 846 3096 rivum
869 3051 924 3096 et
952 3043 1151 3096 fontem
1175 3041 1532 3110 limpidiorem
1555 3057 1748 3108 aquam
1772 3054 2095 3095 conservare

2199 1844 2289 1913 qui
2315 1845 2366 1897 in
2397 1844 2570 1898 locum
2602 1845 2718 1913 ejus
2747 1845 3065 1915 obrepserat
3088 1849 3200 1916 pari
3229 1849 3495 1902 sententia
3526 1849 3785 1904 condem-

2198 1937 2364 1990 navit.
2410 1936 2789 1992 Monachorum
2817 1953 2949 1992 vero
2977 1940 3344 1995 sanctissimos
3365 1941 3462 1994 sibi
3491 1940 3787 1996 familiares

2197 2029 2380 2096 elegit,
2411 2029 2520 2100 49
2545 2030 2686 2084 inter
2713 2045 2848 2098 quos
2891 2030 3298 2095 Maximianum,
3342 2034 3650 2086 mOnasterii
3699 2035 3786 2088 sui

2198 2123 2468 2186 abbatem,
2501 2137 2658 2190 quem
2680 2132 2870 2193 postea
2899 2123 3181 2196 Syracusis
3208 2127 3519 2196 episcopum
3545 2125 3693 2193 fecit,
3715 2128 3786 2181 ei-

2199 2230 2304 2282 que
2344 2229 2441 2283 per
2469 2213 2706 2268 Siciliam
2734 2215 2882 2270 vices
2923 2231 3048 2270 suas
3085 2219 3386 2285 commisit;
3430 2219 3784 2288 Augustinum

2199 2304 2443 2374 ejusdem
2466 2306 2779 2360 monasterii
2795 2306 2876 2361 sui
2898 2309 3270 2377 prtepositum,
3304 2318 3358 2365 et
3386 2311 3669 2379 Mellitum,
3693 2328 3784 2382 per

2200 2411 2334 2464 quos
2363 2395 2654 2464 Anglorum
2685 2403 2872 2464 gentes
2892 2397 2959 2451 ad
2986 2397 3378 2454 Christianismi
3409 2401 3634 2469 gratiam
3657 2417 3784 2456 con~

2199 2490 2451 2555 vocavit;
2494 2488 2850 2543 Marinianum
2878 2490 3117 2559 ejusdem
3149 2495 3460 2548 monasterii
3489 2496 3570 2549 sui
3601 2511 3785 2551 mona-

2198 2581 2378 2645 clnnn,
2406 2596 2564 2650 quem
2599 2581 2651 2635 in
2682 2581 2980 2637 Ravennati
3011 2585 3296 2655 metmpoli
3321 2586 3632 2656 episcopum
3660 2602 3784 2642 con-

2198 2673 2465 2740 secravit;
2497 2671 2749 2740 Probum,
2780 2688 2940 2742 quem
2971 2674 3149 2730 subito
3179 2677 3426 2731 abbatem
3464 2679 3656 2750 spiritu
3699 2693 3784 2733 re-

2201 2761 2414 2817 velante
2435 2764 2788 2829 constituens,
2817 2779 2914 2834 pro
2937 2766 3300 2821 construendo
3331 2767 3676 2821 xenodochio
3696 2767 3784 2822 Je-

2198 2852 2524 2924 rosolymam
2551 2853 2869 2919 destinant;
2900 2855 3164 2924 simulque
3181 2855 3460 2911 Claudium
3488 2867 3511 2895 ο
3533 2857 3786 2912 Classita-

2200 2959 2282 2997 nm
2313 2944 2547 2998 civitatis
2569 2945 2837 3009 abbatem,
2872 2945 2963 3014 qui
2993 2946 3060 3000 de
3090 2945 3415 3014 Proverbiis,
3449 2949 3516 3004 de
3545 2947 3788 3005 Canticis

2199 3034 2553 3098 canticorum,
2586 3033 2652 3087 de
2696 3032 3014 3103 Prophetis,
3047 3035 3116 3090 de
3156 3037 3306 3090 libris
3356 3037 3581 3106 Regum,
3612 3039 3788 3110 dequo

504 3133 744 3187 soleret?
776 3131 1248 3196 Respondentibus
1277 3129 1480 3183 fontem
1514 3129 1809 3198 prudenter
1849 3128 2046 3196 adjecit
2079 3147 2090 3181 :
2125 3128 2170 3188 C
2201 3123 2595 3192 Heptateucho,
2634 3141 2772 3195 papa
2811 3126 3142 3196 disputante,
3179 3129 3367 3196 multa,
3398 3131 3526 3186 licet
3552 3149 3665 3189 non
3694 3151 3789 3192 eo-

504 3221 645 3291 Ergo
674 3229 728 3274 et
765 3236 862 3273 nos
899 3221 989 3288 qui
1013 3219 1080 3274 dc
1120 3221 1237 3274 rivo
1266 3227 1574 3287 corruptam
1609 3219 1885 3288 lympham
1920 3233 2091 3287 usque

503 3313 764 3366 hactenus
811 3309 1064 3372 bibimus,
1115 3309 1180 3363 ad
1232 3311 1486 3378 perennis
1537 3308 1698 3365 fontis
1744 3325 1964 3366 necesse
2009 3320 2093 3366 est

504 3402 702 3456 fluenta
727 3399 1041 3472 principalia
1065 3415 1428 3454 recurramus.
1455 3401 1581 3456 Mox
1610 3404 1789 3472 itaque
1818 3404 1952 3458 duos
1973 3419 2094 3459 suo-

504 3507 623 3547 rum
654 3492 944 3546 industrios
973 3491 1198 3547 clericos
1229 3491 1464 3548 Adriano
1496 3484 1622 3548 tunc
1651 3495 1907 3564 episcopo
1936 3495 2092 3550 dere-

503 3583 680 3653 liquit,
713 3583 906 3652 quibus
941 3585 1153 3638 tandem
1182 3585 1314 3638 satis
1349 3585 1623 3652 eleganter
1652 3588 1946 3652 instructis,
1977 3589 2090 3642 Me-

503 3682 714 3731 tensem
756 3675 1097 3744 metropolim
1128 3677 1193 3730 ad
1222 3677 1542 3732 suavitatem
1573 3680 1955 3736 modulationis
1983 3682 2092 3752 pri-

503 3765 658 3821 stinae
695 3767 988 3833 revocavit,
1031 3775 1087 3822 et
1131 3783 1225 3838 per
1255 3768 1418 3835 illam,
1467 3777 1633 3824 totam
1672 3771 1900 3826 Galliam
1938 3789 2090 3828 suam

505 3860 763 3915 correxit.

573 3951 681 4006 Sed
695 3967 817 4006 cum
847 3953 1012 4008 multa
1029 3960 1152 4023 post
1183 3962 1450 4025 tempora,
1475 3955 1742 4011 defunctis
1764 3957 1846 4011 his
1862 3958 1954 4026 qui
1982 3957 2092 4012 Ro-

504 4057 605 4096 ma:
629 4041 839 4097 fuerant
875 4043 1108 4110 educati,
1141 4055 1360 4100 cantum
1394 4047 1788 4102 Gallicanarum
1820 4048 2090 4103 Ecclesia-

503 4150 623 4189 rum
653 4151 684 4188 a
710 4135 936 4191 Metensi
965 4136 1272 4208 discrepare
1315 4139 1762 4209 prudentissimus
1793 4154 1980 4208 regum
2008 4141 2090 4194 vi-

506 4227 688 4292 disset,
709 4243 772 4283 ac
788 4244 1222 4298 unumquemque
1246 4231 1313 4284 ab
1334 4231 1594 4283 alterutro
1613 4229 1856 4284 vitiatum
1873 4239 2091 4285 cantum

506 4315 798 4384 iactantem
828 4317 1130 4371 adverteret
1165 4336 1176 4370 :
1209 4318 1427 4382 lterum,
1477 4319 1668 4387 inquit,
1713 4319 1997 4376 redeamus
2027 4322 2091 4375 ad

507 4406 732 4460 fontem.
767 4406 916 4462 Tunc
945 4409 1086 4476 regis
1114 4410 1382 4478 precibus,
1415 4411 1553 4464 sicut
1575 4411 1732 4466 hodie
1753 4413 1966 4482 quidam
1998 4430 2093 4470 ve-

509 4496 679 4551 ridice
699 4497 1071 4566 astipulantur,
1097 4497 1362 4553 Adrianus
1391 4515 1526 4569 papa
1550 4510 1840 4570 permotus.
1874 4503 2012 4560 duos
2039 4487 2090 4560 in

507 4587 733 4641 Galliam
762 4597 1012 4643 cantores
1055 4591 1219 4653 misit,
1273 4607 1502 4660 quorum
1544 4594 1746 4661 judicio
1784 4611 1879 4650 rex
1906 4611 2096 4650 omnes

509 4679 726 4747 quidem
757 4681 1064 4748 corrupisse
1093 4683 1431 4738 dulcedinem
1467 4684 1691 4741 Romani
1729 4697 1920 4743 cantus
1960 4688 2094 4743 levi-

510 4777 625 4824 tate
666 4770 896 4840 quadam
937 4772 1214 4840 cognovit,
1255 4773 1526 4830 Metenses
1551 4793 1680 4831 vero
1721 4779 1836 4832 sola
1864 4781 2094 4835 naturali

509 4859 726 4916 feritate
763 4861 1034 4931 paululum
1075 4865 1202 4932 quid
1231 4865 1511 4921 dissonare
1541 4869 1805 4938 praevidit.
1854 4871 2095 4941 Denique

510 4966 683 5020 usque
711 4951 868 5007 hodie
896 4947 1154 5022 quantum
1182 4955 1428 5010 Romano
1453 4959 1633 5012 cantui
1658 4960 1907 5017 Metensis
1927 4965 2091 5030 cedit,

511 5053 719 5098 tantum
751 5043 974 5102 Metensi
1006 5046 1260 5103 Ecclesia:
1283 5048 1476 5104 cedere
1497 5051 1881 5120 gallicanarum
1907 5054 2096 5111 Eccle-

510 5140 708 5194 siarum
738 5136 1254 5207 Germaniarumque
1300 5149 1512 5210 cantus,
1558 5142 1624 5195 ab
1654 5141 1736 5197 his
1765 5145 1854 5212 qui
1894 5160 2096 5201 meram

583 5288 912 5366 εχᾼβίηιριφΔ
947 5292 1214 5366 Vitaliano
1259 5293 1316 5349 P.
1363 5294 2096 5366 ordinatusestTheodorus,

511 5357 731 5436 vu_K:_I_|.
770 5361 959 5429 Apt'i|.,
1009 5363 1303 5433 Dominica,
1335 5381 1462 5418 ann.
1488 5364 1608 5418 668.
1637 5365 1715 5419 Ita
1749 5365 1908 5434 Beda,
1953 5369 1990 5422 Ι.
2022 5357 2093 5436 Iv,

513 5443 562 5481 c.
657 5428 932 5503 potu-rgo.

589 5498 613 5535 δ
642 5498 818 5574 Ctil_l_).,
849 5500 1060 5557 Gcmet.
1093 5513 1147 5558 et
1176 5504 1376 5572 Bigot.,
1407 5508 1704 5562 vanitatem.
1740 5505 1906 5574 Ulic.,
1930 5511 2099 5564 varie-

518 5576 694 5623 tatem.
727 5569 1544 5639 Et'su,-.crscribitur,levitatem.

594 5648 632 5714 ¢_
649 5639 722 5691 De
743 5645 1122 5714 excepturibus
1151 5645 1337 5697 harum
1367 5647 1548 5698 homil.
1591 5647 1700 5714 agit
1727 5657 1945 5704 sanctus
1963 5647 2098 5705 Gre-

525 5709 698 5779 go.‘ius
742 5710 794 5764 iu
841 5712 1066 5782 prologo
1114 5715 1424 5770 cartundcm
1474 5715 1538 5771 ad
1587 5709 1878 5774 secundum
1927 5723 2090 5790 cpisc.

2199 3216 2321 3270 dem
2352 3231 2531 3282 sensu,
2565 3217 2868 3287 composuit
2894 3216 3032 3304 (Lib.
3067 3233 3159 3300 xu,
3199 3221 3350 3290 epist.
3381 3220 3494 3292 24).

2274 3306 2356 3359 l2.
2396 3306 2530 3361 Cum
2557 3308 2752 3376 quibus
2771 3307 3064 3376 Gregorius
3104 3308 3196 3364 diu
3227 3321 3497 3381 noctuque
3518 3323 3787 3376 versatus,

2197 3399 2331 3452 nihil
2363 3399 2671 3453 monasticae
2700 3398 3048 3468 perfectionis
3079 3401 3131 3454 in
3160 3401 3380 3470 palatio,
3405 3403 3534 3456 nihil
3563 3405 3786 3473 pontiﬁ-

2197 3491 2328 3545 calis
2351 3490 2704 3544 institutionis
2744 3491 2797 3544 in
2828 3489 3069 3546 Ecclesia
3109 3491 3416 3562 dereliquit.
3449 3492 3786 3550 Videbantur
3874 3544 3882 3550 .

2197 3583 2394 3651 passim
2425 3597 2544 3637 cum
2576 3583 2950 3640 eruditissimis
2989 3585 3202 3641 clericis
3234 3585 3508 3640 adhaerere
3547 3588 3784 3656 pontifici

2195 3677 2586 3745 religiosissimi
2618 3677 2899 3744 monachi,
2925 3684 2981 3732 et
3011 3678 3062 3732 in
3094 3679 3320 3734 diversis
3360 3677 3786 3748 professionibus

2197 3769 2496 3823 habebatur
2521 3769 2632 3822 vita
2669 3770 3002 3833 communis,
3031 3771 3104 3824 ita
3137 3779 3194 3824 ut
3215 3770 3337 3826 talis
3367 3780 3508 3826 esset
3534 3779 3663 3826 tunc
3685 3773 3784 3827 sub

2197 3859 2457 3929 Gregorio
2489 3875 2653 3930 penes
2675 3861 2856 3914 urbem
2882 3860 3106 3914 Romam
3135 3861 3391 3926 Ecclesia,
3411 3863 3622 3932 qualem
3645 3863 3782 3917 hanc

2195 3951 2360 4006 fuisse
2388 3951 2485 4005 sub
2515 3939 2775 4017 apostolis
2799 3951 2992 4018 Lucas,
3024 3961 3080 4006 et
3105 3953 3204 4007 sub
3242 3952 3422 4008 Marco
3451 3956 3781 4024 evangelista

2196 4056 2362 4112 penes
2391 4041 2764 4096 Alexandriam
2799 4041 2952 4098 Philo
2982 4051 3389 4099 commemorat.

2269 4135 2356 4189 15.
2399 4133 2548 4190 Tunc
2577 4150 2754 4189 rerum
2781 4135 3056 4204 Sapientia
3089 4135 3273 4190 Romm
3293 4136 3392 4190 sibi
3420 4136 3676 4204 templum
3703 4137 3782 4189 vi-

2197 4228 2423 4282 sibiliter
2445 4227 2841 4298 quodammodo
2880 4227 3209 4292 fabricabat,
3241 4236 3296 4282 et
3343 4227 3781 4297 septemplicihus

2199 4320 2422 4382 artibus,
2455 4318 2620 4372 veluti
2651 4317 2915 4372 columnis
2946 4316 3398 4372 nobilissimorum
3429 4317 3654 4370 totidem
3699 4317 3777 4370 la-

2198 4411 2401 4481 pidum,
2427 4408 2733 4478 apostolicae
2755 4407 2897 4462 sedis
2916 4407 3108 4461 atrium
3137 4405 3409 4461 fulciebat.
3440 4405 3626 4460 Nullus
3654 4421 3782 4476 pon-

2122 4501 2324 4563 Dtiliei
2371 4499 2764 4564 famulantium,
2797 4515 2828 4552 a
2872 4498 3093 4552 minimo
3142 4512 3310 4566 usque
3357 4497 3424 4552 ad
3464 4498 3775 4562 maximum,

2198 4591 2482 4646 barbarum
2523 4588 2800 4659 quodlibet
2834 4589 2884 4642 in
2914 4602 3164 4642 sermone
3205 4588 3287 4642 vel
3317 4587 3501 4642 habitu
3532 4586 3780 4657 praefere-

2199 4685 2307 4748 bat,
2331 4682 2428 4737 sed
2455 4691 2654 4752 togata,
2680 4681 2945 4748 Quiritum
2969 4696 3136 4746 more,
3171 4696 3268 4736 seu
3306 4681 3547 4736 trabeata
3580 4680 3781 4736 Latini-

2200 4783 2281 4828 tas
2303 4789 2456 4830 suum
2495 4773 2706 4827 Latium
2753 4773 2807 4826 in
2854 4772 2972 4842 ipso
3001 4772 3187 4826 Latiali
3214 4772 3413 4841 palatio
3441 4773 3781 4841 singulariter

2199 4867 2495 4922 obtinebat.
2530 4864 2906 4920 Refloruerant
2952 4863 3023 4917 ibi
3059 4862 3392 4918 diversarum
3431 4865 3627 4918 artium
3665 4874 3780 4920 stu-

2201 4959 2310 5025 dia,
2337 4967 2390 5012 et
2417 4960 2528 5027 qui,
2559 4957 2642 5011 vel
2680 4956 3058 5019 sanctimonia,
3084 4955 3169 5010 vel
3211 4956 3494 5024 prudentia
3525 4956 3662 5012 forte
3693 4973 3780 5011 ca-

2199 5053 2370 5114 rebat,
2400 5066 2496 5105 suo
2527 5049 2693 5119 ipsius
2717 5047 2924 5116 judicio
2957 5047 3278 5102 subsistendi
3316 5063 3499 5103 coram
3532 5049 3780 5120 pontifice

2200 5143 2445 5197 fiduciam
2474 5157 2579 5196 non
2609 5139 2857 5195 habebat.

2200 5297 2454 5350 Taurom.
2483 5295 2750 5348 BOLLAND.

2272 5367 2296 5402 ά
2330 5367 2559 5430 Quartus
2583 5365 2677 5416 fuit
2701 5363 2854 5425 huius
2876 5360 3107 5415 civitatis
3130 5361 3318 5431 cpisc.,
3346 5377 3452 5431 quo
3482 5361 3675 5430 ejecto,
3701 5363 3780 5417 in-

2200 5447 2379 5491 tru~us
2408 5442 2488 5488 est
2516 5435 2730 5504 quidam
2751 5431 3160 5504 Joanncszvide
3187 5433 3320 5504 Hist.
3355 5433 3607 5495 Malacil.,
3635 5442 3775 5504 auct.

2198 5508 2424 5561 Martino
2457 5501 2697 5568 devlloa,
2728 5520 2845 5572 cap.
2885 5502 2964 5552 1‘2.
3000 5501 3054 5554 ln
3087 5503 3209 5556 Mss.
3242 5503 3283 5555 Ν
3310 5520 3423 5556 orm.
3451 5512 3506 5556 et
3534 5503 3689 5572 Golb.
3712 5503 3780 5556 le-

2197 5580 2337 5646 gitur
2370 5575 2714 5641 Malulitanw,
2745 5571 2842 5642 pro
2875 5572 3229 5627 Malacitana'.
3261 5572 3318 5626 In
3357 5572 3514 5640 Reg.,
3548 5571 3779 5627 Halani-

2197 5659 2351 5702 (tunc.

2274 5731 2292 5755 ε
2338 5716 2410 5770 De
2434 5734 2498 5771 co
2530 5715 2643 5784 lt-gc
2677 5713 2942 5783 linteum,
2980 5714 3070 5771 lib.
3106 5730 3154 5770 tv
3187 5712 3319 5769 llist.
3354 5712 3590 5773 Ravcuu.
