4018 6344
212 310 282 366 93

817 315 871 371 S.
915 314 1239 369 GREGORll
1283 310 1493 368 M.\GN|
1540 312 1717 381 VITA,
1762 309 1963 370 AUCT.
2010 312 2271 369 ΙΟᾹΝΝΕ
2315 315 2629 373 DIACONO.
2671 319 2799 374 LIB.
2843 319 2907 377 ll.

3436 324 3503 379 94

288 424 378 481 Μ.
412 426 826 481 Arcessebantur
847 428 1240 495 pontiﬁcalibus
1264 426 1542 496 profundis
1566 428 1805 513 consiliis
1838 427 1875 483 Α
1909 430 2060 496 gulas
2114 430 2656 502 irreprehensibiliter
2715 432 2874 490 fuerit
2929 442 3318 500 conversatus.
3379 448 3504 508 post

208 519 504 590 prudentes
533 520 646 583 viri,
680 535 812 588 quos
836 521 1094 588 perhibui,
1128 521 1306 590 potius
1333 534 1495 588 quam
1520 529 1801 589 potentes;

210 619 269 666 et
309 626 543 683 paupere
584 611 919 679 philosophia
963 612 1289 667 intrinsecus
1331 610 1459 679 quid
1500 612 1683 679 potius
1713 620 1806 665 aut

206 702 544 770 potissimum
575 701 625 753 in
659 714 980 770 unoquoque
1012 702 1229 769 negotio
1260 700 1597 768 sequendum
1648 709 1806 770 puta-

206 799 358 843 retur
382 789 683 843 artificiosis
713 790 1269 855 argumentationibus
1298 789 1696 843 rationabiliter
1723 789 1805 842 in-

206 881 473 950 quirente,
501 882 649 936 dives
681 880 888 943 inertia,
922 894 1041 949 quae
1072 881 1235 933 modo
1283 894 1343 933 se
1380 879 1446 933 de
1472 877 1801 947 sapientibus

203 970 319 1039 pari
349 979 495 1023 sorte
544 969 840 1032 ulciscitur,
871 984 980 1036 pra:
1012 966 1241 1021 cubiculi
1268 965 1470 1021 foribus
1500 966 1799 1035 despicabi-

200 1062 265 1115 lis
294 1062 627 1115 remanebat.
657 1060 783 1115 Sola
809 1060 992 1114 deerat
1023 1059 1408 1129 interpretandi
1435 1058 1681 1125 bilinguis
1702 1073 1800 1126 pc-

195 1152 321 1205 ritia
350 1191 365 1217 ,
397 1160 450 1206 et
478 1151 858 1207 facundissima
890 1152 1041 1218 virgo
1065 1148 1347 1218 Cecropia,
1377 1163 1493 1217 qum
1524 1148 1792 1217 quondam

190 1257 306 1296 sua:
338 1244 532 1298 mentis
552 1243 822 1309 acumina,
855 1243 1095 1296 Varrone
1125 1242 1419 1295 caelibatum
1462 1256 1615 1294 suum
1645 1240 1793 1295 aufe-

184 1344 369 1400 rente,
394 1336 596 1390 Latinis
614 1336 934 1399 tradiderat,
951 1336 1362 1405 imposturarum
1385 1334 1484 1387 sibi
1505 1320 1786 1402 praestigia,

180 1425 334 1480 sicut
364 1428 478 1496 ipse
503 1429 557 1482 in
587 1428 699 1483 suis
728 1426 969 1496 epistolis
998 1425 1257 1495 queritur,
1289 1424 1614 1477 vindicabat.

262 1524 353 1580 15.
378 1526 552 1582 Nemo
571 1527 859 1589 laicorum,
896 1523 1169 1593 quodlibet
1195 1521 1372 1590 palatii
1404 1520 1783 1587 ministerium,

172 1617 271 1670 vel
290 1619 721 1674 ecclesiasticum
740 1613 1112 1685 patrimonium
1133 1610 1473 1678 procurabat,
1491 1610 1584 1664 sed
1606 1615 1783 1667 on'uiia

168 1708 550 1765 ecclesiastici
595 1708 729 1776 juris
774 1704 951 1757 munia
999 1700 1348 1756 ecclesiastici
1374 1701 1473 1754 viri
1499 1703 1779 1769 subibant,

1908 521 2123 590 praefixa
2170 524 2337 578 sacris
2386 526 2682 582 canonibus
2728 534 2990 597 tempora,
3024 528 3250 583 licenter
3284 528 3395 596 jam
3431 528 3499 581 ad

1909 611 2181 679 quodlibet
2209 613 2634 669 ecclesiasticum
2676 616 2908 670 cilicium
2956 617 3306 686 provehatur,
3335 619 3380 671 si
3410 625 3497 671 ta-

1908 716 2029 754 men
2074 701 2175 755 illis
2222 718 2328 756 non
2379 702 2540 757 fuerit
2586 704 2897 759 criminibus
2942 706 3257 772 maculatus,
3287 722 3407 776 qua:
3445 708 3497 760 in

1908 790 2254 847 Testamento
2286 793 2466 847 Veteri
2499 803 2673 849 morte
2702 796 3046 850 mulctantur.
3076 815 3094 847 ι

1974 882 2060 934 17.
2104 883 2245 951 Sed,
2286 884 2389 939 etb
2417 884 2763 939 Gelasianum
2810 885 3060 941 Codiccm
3101 886 3168 940 de
3214 888 3495 942 missarum

1899 971 2196 1037 solemniis,
2226 975 2393 1026 multa
2424 975 2768 1039 subtrahens,
2795 992 2968 1044 pauca
2997 986 3336 1041 convertens,
3364 994 3494 1032 non-

1900 1064 2042 1116 nulla
2066 1079 2194 1118 vero
2218 1066 2665 1134 superadjiciens,
2690 1083 2789 1135 pro
2814 1068 3151 1136 exponendis
3176 1069 3496 1137 evangelicis

1895 1153 2216 1209 lectionibus
2244 1155 2295 1207 in
2328 1156 2485 1207 unius
2514 1155 2633 1208 libri
2661 1156 2936 1210 volumine
2965 1159 3283 1212 coarctavit.
3315 1158 3370 1211 In
3401 1174 3495 1212 ca-

1895 1259 2036 1297 none
2057 1245 2335 1313 apposuit:
2369 1263 2385 1295 ι
2410 1244 2637 1312 Diesque
2662 1254 2878 1299 nostros
2901 1247 2951 1298 in
2978 1254 3064 1297 tua
3087 1262 3223 1314 pace
3245 1247 3491 1315 dispone,

1893 1345 2055 1404 atque
2084 1337 2150 1389 ab
2178 1345 2378 1390 aeterua
2408 1336 2757 1390 damnatione
2800 1351 2898 1391 nos
2935 1337 3089 1406 eripi,
3124 1345 3177 1392 et
3208 1338 3260 1391 in
3290 1339 3492 1394 electo-

1891 1443 2009 1481 rum
2038 1436 2250 1482 tuorum
2272 1428 2463 1497 jubeas
2492 1442 2651 1497 grege
2680 1429 2970 1481 numerari.
3000 1446 3017 1478 ι

1964 1521 2050 1575 18.
2076 1521 2349 1576 Stationes
2371 1536 2466 1591 per
2489 1522 2738 1575 basilicas
2760 1520 2844 1575 vel
2871 1522 3149 1575 beatorum
3192 1528 3483 1591 martyrum

1891 1613 2225 1675 coemctcria,
2258 1613 2550 1669 secundum
2581 1612 2724 1681 quod
2767 1612 3028 1666 hactenus
3060 1612 3211 1680 plebs
3240 1611 3484 1667 Romana

1888 1706 2041 1772 quasi
2069 1719 2135 1758 eo
2158 1705 2373 1759 vivente
2404 1700 2651 1759 certatim
2680 1704 2949 1768 discurrit,
2982 1704 3245 1758 sollicitus
3268 1704 3483 1758 ordina-

169 1796 445 1850 nimirum
468 1798 617 1851 laicis
642 1794 707 1848 ad
735 1808 1005 1847 armorum
1034 1792 1204 1845 solam
1228 1790 1498 1857 militiam,
1525 1794 1610 1847 vel
1636 1809 1783 1862 agro-
1820 1802 1858 1857 Β
1888 1796 1965 1847 vit
1990 1812 2001 1847 :
2037 1810 2133 1864 per
2161 1810 2294 1862 quas
2336 1804 2391 1848 et
2436 1796 2550 1863 ipse
2590 1795 2746 1847 simul
2795 1794 3122 1858 discurrens,
3155 1795 3278 1848 dum
3306 1794 3482 1849 adhuc

169 1901 302 1940 rum
330 1902 519 1941 curam
550 1885 860 1939 continuam
887 1882 1179 1951 deputatis.
1205 1881 1283 1935 0b
1314 1882 1419 1936 hoc
1450 1898 1508 1938 se
1538 1886 1783 1939 nonnulli

170 1991 470 2047 procerum
495 1976 593 2029 sub
616 1975 839 2028 obtentu
865 1972 1142 2039 religionis
1172 1972 1345 2041 primo
1369 1981 1652 2029 tonsurare
1674 1991 1785 2030 cu:-

172 2075 398 2138 perunt.
431 2065 668 2131 Quorum
702 2064 1131 2131 tergiversatioui
1162 2063 1454 2117 Mauricius
1488 2064 1784 2133 imperator

172 2160 479 2229 prudenter
506 2172 816 2224 occurrens,
846 2156 971 2210 data
1017 2171 1111 2227 per
1142 2154 1438 2223 Longintnn
1480 2155 1778 2212 Stratorem

171 2251 323 2319 lege,
349 2250 603 2321 praecepit
626 2258 684 2304 ut
709 2247 952 2318 quisquis
973 2247 1161 2304 fuisset
1188 2247 1417 2319 publicis
1438 2248 1780 2303 administrzt"

172 2343 419 2397 tionibus
449 2341 776 2412 implicatus,
808 2340 856 2394 ei
895 2338 961 2394 ad
993 2338 1417 2395 ecclesiasticum
1445 2338 1630 2395 venire
1659 2338 1774 2395 orli-

171 2434 321 2488 cium
356 2450 461 2487 non
493 2433 698 2487 liceret.
731 2433 901 2497 Quam
934 2431 1103 2499 legem
1154 2431 1441 2497 Gregorius
1480 2445 1644 2498 super
1674 2432 1776 2487 hoc

172 2523 335 2577 valde
387 2522 655 2590 laudavit,
704 2522 926 2576 dicens:
972 2540 989 2571 ‹
1019 2520 1120 2587 Qui
1170 2520 1483 2575 smcularem
1531 2522 1772 2576 habitum

170 2614 455 2674 deserens,
489 2613 557 2666 ad
583 2613 950 2667 ecclesiactica
982 2612 1090 2682 50
1118 2612 1291 2666 ofticia
1324 2612 1506 2666 venire
1532 2612 1772 2682 festinat,

172 2719 283 2758 non
312 2705 624 2772 relinquere
645 2703 791 2774 cupit
818 2703 1109 2769 saeculum,
1142 2703 1234 2758 sed
1274 2712 1503 2757 mutare.
1530 2722 1547 2754 ι
1608 2704 1625 2773 (
1655 2702 1766 2758 Lib.

172 2811 257 2861 tu,
287 2813 371 2866 ep.
400 2793 516 2865 65.)

250 2895 336 2948 to.
377 2894 596 2961 Verum,
630 2893 754 2949 dum
786 2894 855 2949 ad
886 2894 1191 2950 clericalem
1239 2893 1629 2965 professionem
1660 2904 1769 2951 tam

171 3000 242 3039 ex
282 2985 686 3054 ecclesiastica,
722 3000 885 3054 quam
932 3003 996 3041 ex
1028 2986 1274 3043 sazcnlari
1314 3003 1531 3057 quoque
1578 2990 1768 3045 militia

170 3076 399 3131 diversis
441 3078 843 3164 occasionibus,
892 3076 1132 3145 quotidie
1178 3062 1769 3147 pene‘innumerabilis

1891 1886 2070 1955 eloqui
2118 1886 2453 1955 prrevale‘ret,
2489 1885 2670 1953 viginti
2713 1885 2958 1939 homilias
2986 1885 3259 1953 Evangelii
3300 1900 3480 1939 coram

1893 1979 2126 2035 Ecclesia
2162 1979 2375 2034 diverso
2406 1988 2649 2048 tempore
2688 1977 3043 2042 declamavit;
3093 1978 3325 2045 reliquas
3354 1992 3481 2034 vero

1885 2072 2127 2140 ejusdem
2174 2070 2382 2125 numeri
2429 2069 2652 2124 dictavit
2699 2069 2951 2137 quidem,
3003 2068 3122 2133 sed,
3154 2068 3480 2123 lassescente

1883 2165 2163 2220 stomacho
2219 2164 2476 2234 languore
2530 2162 2823 2226 continuo,
2880 2160 2997 2216 aliis
3050 2161 3477 2228 pronuntiandas

1883 2254 2171 2309 commisit.

1953 2343 2039 2399 l9.
2082 2342 2423 2413 Sequebatur
2471 2340 2740 2397 exercitus
2792 2338 3003 2395 Domini
3048 2339 3187 2393 ultra
3227 2340 3475 2408 citraque

1881 2434 2196 2505 Gregorium
2222 2441 2575 2503 praeeuntem,
2600 2438 2655 2486 et
2675 2432 2937 2485 auditura:
2962 2430 3184 2484 verbum
3212 2430 3472 2485 doctrina:

1878 2525 2296 2581 innumerabiles
2324 2524 2561 2593 undique
2589 2523 2789 2578 diversi
2817 2536 2998 2589 sexus,
3028 2522 3203 2576 anatis
3248 2536 3312 2576 ac
3340 2537 3471 2591 pro-

1877 2618 2143 2683 fessionis,
2161 2616 2477 2671 voluntariaz
2498 2611 2844 2669 conﬂuebant
2860 2613 3132 2677 cohortes,
3148 2612 3343 2681 quibus
3357 2612 3468 2678 ille,

1877 2716 2065 2779 utpote
2088 2709 2278 2762 doctor
2299 2706 2534 2762 cmlestis
2558 2705 2781 2771 militiae,
2805 2702 3011 2758 cunctis
3041 2703 3303 2756 duntaxat
3323 2718 3468 2756 arma

1874 2799 2134 2869 spiritalia
2156 2797 2504 2866 suggerebat,
2528 2794 2856 2864 pauperibus
2880 2808 3011 2848 vero
3035 2800 3092 2847 et
3113 2792 3353 2856 advenis,
3378 2792 3469 2859 qui

1875 2904 1974 2959 pro
1999 2886 2310 2943 conditione
2338 2893 2640 2953 temporum
2670 2883 2896 2936 Romam
2926 2879 3268 2944 inﬂuxerant,
3294 2878 3467 2946 quoti-

1873 2976 2034 3031 diana
2069 2973 2343 3044 stipendia
2370 2970 2728 3026 ministrabat.

1941 3074 2030 3128 ΞΟ.
2062 3072 2237 3143 Super
2252 3086 2482 3142 corpora
2510 3071 2791 3126 beatorum
2818 3069 2961 3124 Petri
2994 3076 3051 3124 et
3076 3067 3227 3121 Pauli
3254 3074 3466 3137 aposto.

169 3168 463 3224 multitudo
490 3156 807 3235 conﬂueret,
838 3178 1023 3240 pastor
1063 3169 1131 3225 ad
1159 3170 1339 3225 omnia
1369 3171 1642 3240 providus,
1674 3189 1770 3228 ne-
1800 3173 1845 3237 (ζ
1877 3167 2048 3221 lorum
2071 3164 2353 3219 missarum
2377 3161 2641 3218 solemnia
2668 3160 2928 3217 celebrari
2951 3159 3209 3221 decrevit,
3234 3156 3466 3226 acquisi-

169 3275 444 3330 quaquam
473 3276 569 3317 eos
597 3262 662 3316 ad
689 3262 1037 3317 ecclesiastici
1061 3261 1273 3317 decoris
1301 3263 1557 3330 ofﬁcium,
1580 3266 1672 3319 sed
1700 3267 1766 3321 ad

167 3352 493 3421 capiendum
523 3353 862 3408 solummodo
888 3353 1264 3409 monachicum
1290 3355 1630 3424 propositum
1649 3372 1767 3412 sus-

116 3516 149 3525 ‘
168 3445 452 3515 cipiendos
480 3461 598 3502 esse
622 3447 907 3511 censebat,
950 3444 1137 3500 dicens
1161 3463 1175 3498 :
1214 3463 1233 3498 ι
1267 3445 1465 3502 Multos
1493 3463 1562 3502 ex
1588 3449 1766 3504 eccle-

168 3538 385 3592 siastica
406 3554 503 3593 seu
524 3538 766 3594 saeculari
795 3539 981 3593 militia
1006 3539 1254 3595 novimus
1283 3539 1349 3594 ad
1378 3542 1764 3612 omnipotentis

168 3628 262 3684 Dei
294 3630 576 3684 servitium
605 3630 879 3699 festinare,
908 3638 983 3695 ut,
1017 3632 1083 3686 ab
1122 3633 1354 3687 humana
1400 3634 1660 3691 servitute
1700 3637 1764 3690 li-

165 3719 306 3786 beri,
339 3718 391 3772 in
424 3719 607 3794 divino
638 3720 856 3774 servitio
879 3719 1163 3775 videantur
1207 3721 1520 3777 familiarius
1560 3724 1616 3778 in
1645 3740 1765 3782 mo-

167 3811 423 3864 nasteriis
469 3811 799 3865 conversari.
850 3809 1002 3876 Quod
1052 3810 1097 3867 si
1151 3810 1350 3880 passim
1401 3812 1758 3874 dimittimus.

166 3900 423 3955 omnibus
460 3910 486 3938 ³
520 3900 756 3969 fugiendi
802 3901 1152 3957 ecclesiastici
1182 3901 1269 3956 vel
1315 3902 1587 3959 saecularis
1625 3903 1762 3973 juris

166 3991 466 4045 dominium
490 3993 828 4047 occasionem
858 3992 1177 4061 prmbemus.
1210 3991 1268 4046 Si
1288 4008 1420 4047 vero
1443 3992 1761 4051 festinantes

165 4082 230 4135 ad
252 4082 643 4152 omnipotentis
674 4082 1061 4137 Deiservitium
1093 4083 1309 4137 incaute
1338 4083 1651 4149 retinemus,
1684 4084 1759 4139 illi

164 4172 469 4227 invenimus
514 4187 713 4242 negare
754 4172 1020 4243 quaedam,
1049 4173 1139 4242 qui
1168 4173 1315 4229 dedit
1354 4175 1555 4229 omnia.
1602 4174 1759 4233 Unde

164 4280 392 4319 necesse
434 4272 515 4319 est
545 4273 603 4319 ut
628 4265 869 4335 quisquis
912 4281 976 4319 ex
1003 4265 1138 4335 juris
1169 4266 1521 4323 ecclesiastici
1549 4270 1634 4324 vel
1658 4286 1761 4325 sae-

163 4356 365 4411 cularis
413 4357 615 4410 militiae
651 4357 911 4411 servitute
958 4357 1025 4410 ad
1055 4355 1150 4411 Dei
1196 4358 1474 4412 servitium
1512 4362 1753 4415 converti

163 4445 457 4513 desiderat,
487 4446 743 4515 probetur
771 4447 917 4514 prius
941 4446 991 4499 in
1016 4446 1154 4501 laico
1184 4446 1369 4500 habitu
1402 4449 1749 4517 constitutus,

1874 3258 1941 3312 tis
1957 3254 2408 3311 numerosissimis
2423 3252 2653 3319 olivetis,
2667 3267 2897 3321 quorum
2914 3265 3178 3305 summam
3200 3249 3251 3302 in
3272 3248 3465 3303 tabulis

1869 3348 2188 3405 marmoreis
2216 3362 2328 3418 prae
2354 3346 2560 3401 foribus
2583 3343 2823 3415 ejusdem
2850 3342 3085 3397 basilica:
3109 3343 3209 3413 51
3235 3347 3464 3394 annota-

1868 3442 1962 3495 vit.
1996 3439 2300 3494 Luminaria
2330 3435 2718 3507 superaddidit,
2745 3432 2921 3490 officia
2949 3432 3132 3487 sedula
3160 3429 3459 3499 deputavit.

1866 3531 1942 3585 Dc
1985 3528 2258 3599 sepultura
2284 3526 2438 3595 juxta
2478 3524 2810 3589 Ecclesium,
2843 3519 3184 3577 commodum
3234 3532 3458 3587 sperare

1864 3626 2159 3697 prohibuit.
2185 3624 2404 3693 Septem
2434 3639 2501 3677 ex
2527 3619 2899 3676 defensoribus
2925 3616 3134 3669 bonore
3156 3611 3460 3680 regiOnario

1864 3718 2198 3773 decorandos
2228 3716 2438 3770 indixit.
2481 3713 2707 3767 Alleluia
2737 3719 2889 3766 extra
2929 3708 3283 3762 Pentecostes
3317 3710 3457 3755 tem-

1862 3824 1997 3880 pora
2045 3809 2151 3864 dici
2198 3808 2265 3862 ad
2292 3807 2483 3860 missas
2531 3804 2676 3858 fecit.
2718 3800 3093 3857 Subdiaconos
3123 3794 3458 3863 exspoliatos

1860 3900 2157 3971 procedere
2185 3898 2389 3952 statuit.
2425 3894 2588 3964 Kyrie
2617 3893 2809 3945 eleison
2849 3889 3057 3944 cantari
3094 3884 3370 3955 prmcepit,
3403 3891 3458 3936 et

1863 3992 2161 4047 orationem
2192 3986 2527 4041 Dominicam
2547 3998 2675 4038 mox
2703 3989 2826 4052 post
2848 3992 3108 4035 canonum
3139 3990 3303 4045 super
3326 3976 3455 4029 hos-

1863 4083 1992 4137 tiam
2021 4082 2231 4137 censuit
2260 4078 2496 4133 recitari.

1932 4182 2020 4237 21.
2063 4182 2139 4236 De
2167 4180 2363 4250 quibus
2401 4193 2522 4233 cum
2571 4184 2758 4247 postea
2805 4169 3069 4243 quosdam
3118 4181 3454 4223 murmurare

1858 4276 2103 4339 sentiret,
2133 4281 2392 4340 tanquam
2423 4270 2514 4340 qui
2544 4263 3156 4334 ConstantinOpelitana:
3195 4258 3453 4313 Ecclesiae

1859 4364 2281 4423 consuetudines
2306 4369 2641 4431 sequeretur,
2671 4356 2940 4427 piissimus
2970 4353 3132 4407 Pater
3160 4368 3267 4406 non
3294 4350 3450 4405 dedi-

1856 4465 2049 4529 gnatus
2081 4463 2165 4511 est
2191 4454 2416 4509 reddere
2456 4450 2742 4513 rationem,
2769 4448 2952 4503 dicens
2980 4464 2991 4497 :
3030 4465 3047 4495 ι
3077 4444 3184 4499 Nos
3216 4443 3266 4496 in
3299 4442 3450 4496 nulio

164 4547 219 4590 et
245 4537 291 4591 si
330 4550 514 4591 mores
556 4534 672 4604 ejus
712 4543 874 4603 atque
918 4536 1257 4590 conversatio
1302 4537 1447 4590 bono
1486 4537 1751 4594 desiderio

1883 4563 2051 4603 torum
2074 4546 2236 4600 aliam
2259 4542 2554 4598 Etclesiam
2576 4539 2746 4594 secuti
2766 4552 2970 4593 sumus.
2988 4535 3121 4589 Nam
3144 4542 3202 4587 ut
3224 4532 3450 4585 Alleluia

165 4628 305 4682 illius
355 4627 722 4683 testimonium
771 4627 963 4693 ferant,
995 4628 1199 4695 absque
1239 4626 1343 4681 ulla
1372 4631 1755 4686 retractatione

164 4726 367 4781 servire
413 4724 469 4778 in
508 4723 841 4778 monasterio
870 4722 1229 4792 omnipotenti
1260 4722 1370 4776 Deo
1390 4723 1749 4792 permittatur,

163 4826 219 4873 ut
261 4818 333 4872 ab
378 4818 617 4872 humano
662 4815 883 4871 servitio
924 4815 1062 4870 liber
1104 4813 1348 4883 recedat,
1376 4814 1466 4882 qui
1495 4814 1548 4869 in
1572 4814 1752 4871 divino

163 4909 425 4979 obsequio
461 4908 844 4965 districtiorem
871 4907 1051 4961 subire
1076 4905 1281 4976 appetit
1309 4906 1644 4962 servitutem.
1693 4906 1751 4962 Si

163 5006 429 5063 autemet
454 4998 505 5053 in
535 4997 853 5053 monachico
880 4997 1067 5052 habitu
1093 4996 1386 5053 secundum
1416 4996 1635 5054 Patrum
1663 5015 1751 5057 re-

230 5164 255 5191 ⁸
297 5155 535 5222 Anucg.,
565 5154 800 5226 fugiendi
847 5154 917 5207 ad
952 5154 1319 5226 ecclesiastici,
1368 5153 1449 5209 uel
1484 5154 1749 5210 swcularis

160 5226 289 5299 iuris
320 5224 604 5299 dominium
628 5224 955 5299 occasionem
981 5224 1287 5299 prtebemus.

229 5295 258 5334 δ
296 5298 390 5350 Sic
419 5296 619 5349 dictum
641 5310 707 5349 ex
735 5295 949 5349 Gelasio
981 5292 1020 5359 l,
1054 5295 1171 5362 ejus
1195 5301 1435 5350 auctore.
1486 5292 1563 5349 De
1592 5293 1747 5349 addi-

164 5366 306 5421 tione
333 5368 472 5421 facta
502 5366 812 5430 verborum,
839 5365 1059 5435 Diesque
1080 5375 1302 5427 nostras,
1336 5375 1461 5435 etc.,
1494 5365 1612 5435 lege
1630 5365 1746 5435 Be-

162 5435 299 5505 dam,
333 5438 427 5490 lib.
474 5452 512 5489 ll
555 5435 714 5497 Hist.,
747 5451 863 5505 cap.
898 5435 949 5488 1.
978 5434 1564 5503 Όωεειηόοςιίεδίηωε
1595 5434 1749 5503 Hugo

166 5504 445 5561 llenardus
467 5548 481 5569 ,
515 5506 569 5558 in
616 5515 742 5559 nota
772 5504 807 5556 2
833 5505 899 5557 ad
933 5504 1024 5558 lib.
1073 5505 1542 5559 Sacramentorum
1574 5506 1748 5559 sancti

163 5572 399 5647 Gregorii
431 5576 561 5629 olim
589 5576 854 5647 posthinc
881 5575 1065 5638 verba,
1098 5576 1324 5647 iurunius
1343 5574 1470 5647 libri
1493 5575 1750 5647 rolunzine

163 5643 455 5711 coarctavit,
487 5643 680 5699 lectum
713 5645 894 5709 fuisse,
919 5646 1053 5711 quod
1074 5646 1307 5699 volumen
1334 5643 1518 5697 librum
1552 5644 1750 5697 Sacra-

166 5726 440 5770 mentorum
471 5716 842 5784 prtetitularit;
884 5717 1175 5781 nititurque
1204 5714 1512 5784 testimonio
1543 5713 1748 5767 Berno-

168 5785 239 5839 nis
265 5783 476 5842 abbatis
504 5786 816 5855 Augicns‘s,
851 5804 895 5840 ρ.
949 5787 967 5838 ι
1006 5786 1123 5839 libri
1148 5785 1209 5838 de
1241 5783 1555 5853 quibusdam
1589 5785 1748 5838 rebus

1861 4639 1949 4694 hic
1982 4650 2003 4677 ο
2028 4638 2319 4702 diceretur,
2350 4634 2416 4689 de
2441 4632 2898 4703 Jerosolymorum
2930 4627 3172 4682 Ecclesia
3201 4640 3270 4678 ex
3300 4623 3447 4678 beati

1861 4728 2173 4801 Hieronymi
2203 4725 2518 4789 traditione,
2547 4731 2789 4794 tempore
2827 4721 2999 4776 beata:
3035 4718 3309 4773 memoria:
3339 4716 3444 4768 Da-

1858 4820 1995 4876 masi
2023 4833 2193 4890 papae,
2228 4815 2455 4871 traditur
2500 4820 2763 4879 tractum;
2813 4819 2868 4867 et
2906 4811 3028 4865 ideo
3067 4810 3236 4876 magis
3266 4808 3317 4861 in
3344 4807 3443 4859 hac

1858 4910 1986 4967 sede
2013 4910 2155 4965 illam
2194 4904 2635 4964 consuetudinem
2683 4900 3103 4973 amputavimus,
3145 4912 3265 4965 quae
3293 4896 3378 4947 hic
3408 4908 3439 4944 a

1860 5000 2059 5057 Graecis
2080 4997 2251 5056 fuerat
2267 4997 2481 5053 tradita.
2502 4994 2866 5051 Subdiaeonos
2886 4999 3087 5054 autem,
3109 4997 3167 5041 ut
3186 4984 3453 5055 spoliatos

1856 5157 1924 5213 ad
1940 5157 2157 5213 missam
2179 5150 2579 5228 spectantibus:
2602 5154 2755 5219 unde,
2778 5152 2965 5221 inquit,
2985 5158 3034 5203 et
3061 5150 3113 5202 in
3144 5147 3263 5228 Vita
3280 5146 3451 5228 ipsius

1855 5228 2103 5299 legimus;
2145 5216 2256 5283 δέει
2297 5238 2344 5281 et
2366 5216 2751 5299 Gelasianunt,:
2769 5216 2957 5299 etc-3.,
2977 5218 3284 5299 coarctat-it,
3305 5216 3439 5299 quod

1855 5286 2112 5364 uolumen,
2135 5309 2240 5352 etc.
2271 5298 2377 5353 Sed
2409 5297 2633 5350 fortasse
2661 5294 2843 5364 ultima
2867 5292 2952 5344 illa
2977 5289 3139 5364 verba
3160 5295 3302 5364 sunt
3323 5286 3439 5364 Ber.

1859 5369 2051 5431 nonis,
2093 5356 2199 5421 nim
2241 5367 2461 5437 Joannis
2498 5364 2739 5437 Diaconi.
2793 5361 2952 5415 Certe
2995 5362 3042 5412 in
3074 5359 3239 5437 ipsius
3265 5356 3437 5437 Codd.

1854 5453 1985 5492 mss.
2004 5428 2134 5490 nihil
2151 5438 2323 5490 simile
2343 5436 2555 5501 legitur,
2570 5434 2819 5501 nullaque
2834 5439 3123 5500 supersunt
3139 5428 3437 5483 abrasionis

1852 5516 1946 5563 aut
1972 5507 2265 5560 avulsionis
2286 5505 2528 5571 vestigia.

1928 5588 1950 5615 ο
1995 5576 2196 5629 Mabill.
2227 5588 2279 5630 et
2306 5568 2594 5633 Gnssanv.,
2627 5587 2729 5624 non
2759 5572 3034 5625 diceretur.
3068 5568 3327 5624 Tollenda
3354 5575 3441 5625 est

1852 5647 2160 5701 necessario
2206 5645 2453 5714 negatio;
2495 5644 2729 5711 alioquin
2759 5642 3049 5714 Gregorius
3072 5659 3178 5714 non
3210 5656 3440 5711 reSponr

1852 5718 2004 5772 deret
2030 5718 2264 5785 querelis
2284 5712 2357 5770 de
2386 5714 2694 5769 introducto
2724 5714 2935 5769 cantico
2965 5712 3213 5768 Alleluia.
