4018 6308
555 239 623 292 95
1152 236 1210 293 8.
1252 236 1577 292 GREGORII
1620 235 1831 291 MAGNI
1875 236 2053 291 VITA.
2097 235 2300 292 AUCT.
2340 237 2603 295 JOANNE
2643 239 2956 301 DlACONO.
3001 244 3123 301 LIB.
3164 247 3225 302 11.
3770 254 3831 312 96

554 352 848 422 procedere
874 351 1128 416 facerem,
1152 350 1369 419 antiqua
1394 349 1727 406 consuetudo
1749 348 2005 404 Ecclesia:
2033 349 2150 417 fuit,
2185 349 2231 409 Λ
2327 350 2417 405 25.
2461 352 2580 408 Alio
2608 368 2825 425 quoque
2855 365 3101 428 tempore
3150 360 3290 415 idem
3340 360 3664 433 Gregorius,
3688 365 3828 434 juxta

550 445 643 503 sed
689 443 891 514 placuit
922 442 1129 497 cuidam
1176 449 1361 495 nostro
1403 440 1662 510 pontifici,
1697 440 1880 493 nescio
1909 440 2014 504 cui,
2046 440 2137 509 qui

548 554 642 594 eos
671 538 896 592 vestitos
925 533 1218 605 procedere
1244 533 1518 603 prmccpit.
1552 530 1683 584 Nam
1727 532 1922 586 Sicilia:
1952 531 2137 587 Eccle-

546 632 664 699 siae,
688 630 927 697 nunquid
949 627 1288 682 traditionem
1312 640 1339 676 a
1367 624 1568 678 Graecis
1591 626 1956 692 acceperunt?
1984 623 2136 679 Unde

547 735 676 790 ergo
714 720 917 773 habent
961 716 1118 771 hodie
1164 722 1220 767 ut
1268 712 1579 767 subdiacoui
1631 714 1685 767 in
1737 715 1892 769 lineis
1942 715 2135 769 tunicis

546 810 860 880 procedant,
893 807 994 860 nisi
1025 805 1148 872 quia
1198 805 1299 857 hoc
1340 819 1369 856 a
1401 813 1572 858 matre
1622 821 1717 860 sua
1758 804 2000 860 Romana
2030 805 2134 861 Ec-

544 902 704 956 clesia
735 896 1125 967 perceperunt?
1172 894 1336 965 Kyrie
1381 895 1573 949 eleison
1621 904 1802 950 autem
1833 912 1931 951 nos
1962 913 2135 966 neque

542 991 771 1044 diximus
801 1001 977 1056 neque
1006 986 1265 1054 dicimus,
1304 986 1443 1040 sicut
1480 1003 1509 1039 a
1538 986 1739 1041 Graecis
1764 986 1977 1053 dicitur,
2010 988 2133 1059 quia

541 1082 594 1135 in
624 1079 828 1134 Grzecia
858 1094 1049 1134 omnes
1076 1079 1234 1133 simul
1264 1079 1468 1141 dicunt,
1500 1078 1639 1147 apud
1680 1093 1779 1132 nos
1809 1094 1936 1133 vero
1964 1095 1993 1133 a
2024 1080 2133 1133 cle-

540 1170 665 1224 ricis
693 1169 853 1223 simul
878 1167 1089 1231 dicitur,
1119 1182 1148 1221 a
1172 1167 1373 1237 populo
1402 1166 1780 1235 respondetur.
1814 1166 1879 1219 Et
1907 1168 2131 1223 totidem

541 1258 749 1313 vicibus
776 1257 940 1311 etiam
969 1256 1170 1311 Christe
1191 1258 1380 1311 eleison
1410 1256 1624 1323 dicitur,
1646 1256 1790 1325 quod
1819 1258 1959 1327 apud
1985 1256 2130 1312 Cra:-

541 1363 636 1404 cos
667 1348 977 1401 nullomodo
1008 1347 1219 1400 di.-itur.
1268 1347 1325 1399 In
1370 1346 1696 1415 quotidianis
1725 1357 1904 1402 autem
1955 1351 2130 1404 missis

543 1440 647 1493 alia
696 1454 816 1508 quae
866 1438 970 1492 dici
1020 1438 1197 1491 solent
1252 1447 1505 1501 tacemus,
1552 1439 1921 1492 tantummodo
1969 1438 2131 1501 lim-ie

539 1535 755 1599 eleison,
779 1540 832 1586 et
862 1530 1063 1585 Christe
1099 1532 1287 1583 eleison
1318 1529 1563 1594 dicimus,
1598 1538 1654 1583 ut
1682 1530 1734 1582 in
1763 1530 1845 1583 his
1865 1531 2126 1599 depreca-

541 1625 702 1679 tionis
742 1623 961 1677 vocibus
1001 1622 1161 1691 paulo
1197 1622 1396 1676 diutius
1435 1635 1782 1689 oceupemur.
1815 1621 2125 1677 Orationem

2242 446 2683 502 consuetudinem
2713 464 2893 516 suam,
2924 452 3180 521 prmeepit
3219 454 3500 509 sacellario
3542 465 3601 509 ut
3631 455 3825 513 duode-

2239 533 2341 586 cim
2371 536 2683 605 peregrinos
2717 538 2785 592 ad
2829 540 3110 608 prandium
3159 542 3432 598 invitaret.
3476 545 3576 611 Qui
3609 561 3824 615 pergens

2233 622 2380 691 jussa
2409 626 2716 697 complevit,
2743 643 2947 699 eosque
2976 632 3043 685 ad
3074 648 3317 690 mensam
3350 645 3551 705 pariter
3574 644 3602 682 b
3624 639 3823 695 ordina-

2236 717 2333 771 vit.
2367 718 2500 773 Dum
2528 729 2707 776 autem
2755 723 2912 778 simul
2966 723 3389 797 discumberent,
3422 730 3636 786 intuens
3673 748 3821 803 papa,

2238 808 2493 865 tredecim
2549 814 2892 881 numeravit;
2944 824 2999 870 et
3050 819 3316 874 accersito
3369 822 3690 890 sacellario,
3737 842 3823 879 cur

2235 907 2423 954 contra
2463 900 2757 970 jussionem
2805 920 2956 961 suam
3011 908 3229 962 tertium
3279 910 3550 965 decimum
3608 914 3822 972 invitare

2235 993 2635 1060 przesumpserit
2691 994 2986 1063 inquisivit.
3042 997 3138 1052 llle
3184 999 3611 1069 obstupefactus,
3647 1006 3822 1059 eonvi-

2233 1089 2422 1138 vantcs
2453 1085 2766 1153 peregrinos
2794 1088 3057 1143 curiosius
3100 1092 3430 1157 numeravit,
3463 1103 3517 1147 et
3545 1094 3817 1150 duodecim

2233 1172 2378 1226 solos
2409 1173 2691 1230 inveniens
2713 1215 2728 1240 ,
2759 1177 2928 1232 veluti
2968 1193 3192 1235 securus
3240 1182 3521 1251 respondit
3550 1201 3562 1236 :
3605 1202 3623 1236 ι
3655 1183 3819 1241 Crede

2233 1262 2382 1326 mihi,
2408 1264 2739 1320 honorabilis
2763 1265 2938 1335 Pater,
2961 1286 3068 1324 non
3090 1279 3215 1324 sunt
3241 1273 3339 1327 nisi
3361 1274 3468 1328 duo
3489 1275 3662 1341 lecim,
3688 1278 3818 1332 sicut

2233 1353 2348 1423 ipse
2375 1354 2602 1423 jussisti.
2642 1377 2660 1410 ι
2694 1358 2835 1428 Ergo
2867 1361 2993 1414 dum
3024 1365 3304 1420 convictus
3327 1368 3519 1436 saepius
3543 1368 3815 1425 duodecim

2232 1444 2523 1501 identidem
2552 1461 2882 1517 numeraret,
2916 1466 2980 1506 ac
3006 1453 3222 1508 tertium
3250 1456 3517 1512 decimum
3549 1475 3709 1528 quem
3734 1478 3817 1518 so-

2232 1536 2314 1591 lus
2344 1552 2479 1608 papa
2525 1539 2708 1595 videre
2736 1550 2973 1612 poterat,
3003 1559 3112 1599 non
3157 1546 3395 1617 videret,
3445 1551 3815 1607 animadvertit

2234 1629 2524 1697 spiritualis
2551 1631 2707 1687 Pater
2726 1631 3017 1703 Gregorius
3035 1637 3209 1692 virum
3233 1641 3455 1709 propius
3478 1642 3813 1700 discumben-

549 1728 669 1767 rero
705 1710 1032 1765 Domilnicam
1076 1710 1275 1764 idcirco
1308 1726 1434 1764 mox
1476 1720 1598 1778 νοεῖ
1641 1727 1854 1779 Ρΐθεθιη
1882 1712 2125 1779 dicimus.
2162 1721 2205 1779 Β
2237 1729 2342 1776 tem
2366 1724 2543 1779 vultus
2570 1726 2760 1781 crebro
2786 1736 3121 1795 convertere,
3147 1739 3202 1785 et
3225 1747 3365 1788 nunc
3401 1734 3814 1803 adolescentem,

538 1803 663 1872 quia
700 1818 818 1856 mos
843 1801 1213 1871 apostolorum
1246 1801 1344 1855 fuit
1374 1812 1430 1856 ut
1472 1804 1537 1856 ad
1570 1804 1741 1873 ipsam
1792 1806 2130 1861 solummodo

537 1894 837 1949 orationem
868 1892 1159 1947 oblationis
1189 1893 1420 1947 hostiam
1448 1904 1847 1950 consecrarent.
1882 1895 1946 1949 Et.
1975 1897 2130 1951 valde

537 1986 665 2040 mihi
697 1984 1082 2039 inconveniens
1108 1984 1279 2038 visum
1311 1992 1392 2039 est
1420 1994 1475 2039 ut
1517 2001 1732 2054 precem
1763 2002 1923 2055 quam
1965 1989 2126 2042 sche-

537 2078 758 2132 lastieus
779 2084 1160 2144 composuerat
1180 2091 1341 2145 super
1369 2076 1697 2131 oblationem
1728 2078 2049 2147 diceremus,
2075 2086 2129 2133 ct

534 2168 708 2238 ipsam
740 2165 1082 2220 traditionem
1129 2180 1290 2233 quam
1332 2164 1661 2235 Redemptor
1691 2174 1872 2221 noster
1901 2183 2126 2238 compo-

537 2260 641 2315 suit
671 2274 834 2328 super
861 2257 979 2327 ejus
1003 2272 1197 2327 corpus
1225 2266 1280 2313 et
1323 2258 1636 2326 sanguinem
1663 2274 1771 2313 non
1801 2259 2121 2315 diceremus.

538 2348 645 2403 Sed
666 2356 721 2402 et
742 2347 1018 2403 Dominica
1049 2348 1223 2403 oratio
1245 2348 1384 2418 apud
1412 2347 1627 2403 Graecos
1656 2349 1724 2403 ab
1752 2351 1897 2405 omni
1928 2350 2127 2419 pepulo

538 2436 752 2502 dicitur,
785 2437 924 2507 apud
953 2453 1053 2491 nos
1081 2452 1212 2492 vero
1241 2452 1271 2491 a
1300 2438 1416 2493 solo
1461 2439 1740 2494 sacerdote
1771 2448 2035 2495 cantatur.
2069 2440 2127 2496 In

537 2544 644 2597 quo
668 2542 797 2596 ergo
823 2525 1131 2583 Graecorum
1154 2528 1570 2584 consuetudines
1597 2531 1771 2585 secuti
1799 2546 2006 2599 sumus,
2034 2532 2124 2603 qui

538 2629 629 2675 aut
656 2628 866 2675 veteres
894 2628 1109 2675 nostras
1134 2622 1505 2691 reparavimus
1524 2665 1537 2687 ,
1567 2632 1658 2677 aut
1687 2639 1855 2679 novas
1885 2632 1939 2679 et
1969 2627 2127 2681 utiles

536 2715 931 2776 constituimus,
961 2715 1013 2768 in
1039 2714 1233 2784 quibus
1278 2723 1454 2769 tamen
1482 2716 1621 2772 alios
1645 2728 1666 2752 ’ί
1697 2734 1804 2771 non
1835 2721 2126 2788 probamur

537 2805 768 2861 imitari?
796 2804 938 2872 Ergo
965 2815 1143 2859 vestra
1169 2805 1421 2873 charitas,
1449 2824 1568 2861 cum
1592 2810 1806 2863 occasio
1829 2810 2039 2867 dederit
2070 2820 2125 2866 ut

537 2895 604 2949 ad
633 2895 990 2950 Catanensem
1020 2896 1293 2950 civitatem
1323 2905 1541 2966 pergat,
1585 2898 1668 2953 vel
1707 2899 1758 2953 in
1787 2898 2123 2971 Syracusana

537 2985 799 3054 Ecclesia,
833 3002 930 3043 eos
958 3002 1098 3056 quos
1126 2989 1298 3042 credit
1325 2997 1419 3042 aut
1460 2990 1702 3057 intelligit
1727 3031 1742 3055 ,
1776 2992 1900 3060 quia
1929 2994 1995 3047 de
2022 2995 2123 3049 hac

2235 1828 2378 1868 nunc
2408 1828 2535 1869 vero
2562 1816 2798 1870 vetulum
2828 1819 3133 1874 veneranda
3164 1822 3392 1890 quadam
3424 1826 3621 1880 canitie
3654 1827 3816 1881 simu-

2232 1901 2364 1958 lare.
2396 1903 2572 1959 Finito
2599 1906 2869 1973 convivio,
2899 1908 3183 1964 duodecim
3211 1912 3425 1980 quidem
3452 1916 3599 1970 abire
3623 1919 3817 1987 permi-

2230 1994 2332 2062 sit;
2362 1997 2577 2050 tertium
2604 1997 2874 2053 decimum
2897 2016 3025 2055 vero
3056 2018 3215 2057 manu
3244 2005 3554 2076 suscipiens,
3585 2010 3638 2063 in
3667 2011 3817 2066 cubi-

2230 2084 2410 2139 culum
2454 2101 2609 2141 suum
2641 2087 2869 2156 induxit,
2904 2091 3252 2148 vehementer
3290 2096 3543 2165 adjurans
3582 2106 3640 2154 ut
3667 2101 3717 2155 ei
3760 2116 3817 2157 se

2231 2190 2537 2247 nomenque
2566 2194 2720 2233 suum
2750 2180 3067 2249 simpliciter
3094 2186 3324 2253 prodere
3353 2188 3685 2256 dignaretur.
3718 2193 3814 2259 Qui

2230 2266 2563 2335 respondens
2586 2309 2603 2336 ,
2654 2268 2826 2323 dixit:
2869 2288 2888 2321 ‹
2918 2270 2985 2324 Et
3016 2287 3111 2327 cur
3142 2274 3444 2345 interrogas
3485 2279 3554 2334 de
3604 2284 3815 2338 nomine

2228 2359 2534 2425 meo,quod
2556 2366 2638 2413 est
2664 2360 2941 2415 mirabile?
2974 2362 3351 2421 Verumtamen
3383 2369 3540 2436 scito,
3558 2375 3813 2429 memoria

2227 2461 2641 2517 recognoscens,
2671 2450 2793 2518 quia
2818 2466 2917 2521 ego
2940 2468 3056 2506 sum
3083 2455 3371 2524 naufragus
3403 2459 3490 2513 ille
3517 2462 3607 2528 qui
3639 2478 3811 2530 quou-

2225 2533 2350 2588 dam
2374 2537 2495 2590 veni
2519 2538 2583 2591 ad
2618 2545 2689 2601 te,
2714 2541 2928 2607 quando
2950 2543 3225 2598 scribebas
3256 2546 3308 2599 in
3337 2547 3470 2600 cella
3500 2552 3814 2610 monasterii

2227 2627 2303 2679 tui
2326 2627 2391 2681 ad
2407 2628 2598 2683 clivum
2616 2628 2822 2693 Scauri,
2842 2633 2927 2686 cui
2952 2634 3143 2689 dedisti
3164 2636 3447 2693 duodecim
3471 2643 3813 2711 numismata,

2226 2726 2282 2771 ct
2303 2730 2610 2788 argenteam
2641 2724 2941 2789 scutellam,
2973 2741 3130 2795 quam
3164 2729 3257 2783 tibi
3292 2732 3510 2786 miserat
3530 2750 3652 2788 cum
3677 2735 3814 2791 infu-

2224 2808 2298 2863 sis
2327 2810 2681 2878 leguminibus
2726 2813 2881 2869 beata
2909 2815 3071 2870 Sglvia
3117 2826 3291 2872 mater
3322 2828 3431 2876 tua.
3479 2821 3548 2875 Et
3582 2824 3684 2880 hoc
3718 2826 3815 2881 tibi

2226 2914 2323 2967 pro
2346 2908 2495 2954 certo
2526 2901 2595 2955 sit
2615 2904 2910 2972 cognitum,
2942 2907 3062 2975 quia
3089 2909 3156 2962 ab
3178 2909 3267 2964 illo
3297 2910 3381 2966 die
3411 2930 3516 2980 quo
3539 2907 3669 2970 inihi
3703 2918 3817 2973 haec

2224 2990 2382 3044 hilari
2427 2993 2606 3047 animo
2656 2996 2923 3061 tribuisti,
2971 2998 3256 3055 destinavit
3296 3011 3348 3058 te
3394 3004 3655 3062 Dominus
3705 3007 3817 3068 ﬁeri

537 3093 598 3135 re
624 3092 962 3133 murmurare
987 3086 1295 3148 potuerunt,
1326 3077 1466 3131 facta
1496 3079 1877 3144 collocutione,
1910 3084 2123 3153 doceat,
2152 3082 2197 3140 C
2230 3085 2506 3150 praesulem
2537 3093 2734 3138 sancta“:
2762 3101 2870 3139 sure
2896 3085 3165 3156 Ecclesize,
3198 3107 3297 3162 pro
3326 3108 3431 3161 qua
3460 3102 3818 3170 etproprium

538 3175 594 3222 et
622 3167 774 3235 quasi
798 3166 902 3221 alia
933 3182 998 3221 ex
1030 3167 1318 3222 occasione
1347 3181 1441 3220 eos
1467 3166 1731 3223 instruere
1751 3184 1858 3224 non
1882 3170 2124 3227 desistat.

538 3259 673 3313 Nam
721 3259 789 3313 de
833 3258 1427 3327 Constantinopolitana
1475 3258 1710 3313 Ecclesia
1752 3259 1893 3330 quod
1921 3261 2125 3328 dicunt,

539 3348 663 3417 quis
711 3363 829 3402 eam
872 3348 1084 3402 dubitet
1128 3346 1243 3402 sedi
1294 3348 1603 3416 apostolica:
1642 3365 1761 3406 esse
1788 3352 2127 3422 subjectam?

539 3437 692 3503 Quod
715 3446 767 3492 et
790 3438 1057 3507 piissimus
1082 3436 1331 3492 dominus
1354 3439 1665 3507 impera:or,
1682 3450 1735 3495 et
1761 3441 1925 3496 frater
1944 3452 2129 3502 noster

539 3527 778 3596 ejusdem
830 3527 1063 3582 civitatis
1098 3528 1385 3596 episcOpus
1414 3529 1627 3584 assidue
1668 3530 2012 3601 proﬁtentur;
2047 3544 2127 3591 ta-

539 3632 662 3671 men
701 3617 745 3670 si
772 3617 899 3687 quid
928 3616 1054 3671 boni
1077 3657 1092 3683 ,
1133 3617 1216 3672 vel
1244 3618 1381 3687 ipsa,
1422 3620 1508 3673 νει
1536 3620 1702 3674 altera
1731 3620 2003 3688 Ecclesia,
2031 3626 2126 3680 ha-

537 3710 650 3776 bet,
673 3722 773 3778 ego
803 3718 857 3763 et
886 3710 1124 3765 minores
1151 3724 1320 3776 meos,
1352 3725 1490 3779 quos
1516 3711 1584 3765 ab
1613 3711 1810 3767 illicitis
1840 3714 2119 3783 prohibeo,

537 3800 591 3854 in
620 3800 764 3853 bono
795 3798 988 3854 imitari
1018 3809 1239 3869 paratus
1261 3816 1399 3854 sum.
1430 3800 1635 3856 Stultus
1669 3810 1751 3856 est
1781 3804 1921 3857 enim
1949 3806 2039 3873 qui
2070 3807 2122 3861 in

535 3907 602 3946 eo
632 3907 690 3946 se
721 3892 948 3960 primum
978 3892 1273 3960 existimat,
1305 3900 1363 3947 ut
1387 3892 1527 3947 bona
1555 3907 1675 3963 quae
1698 3894 1890 3950 viderit
1915 3897 2123 3955 discere

532 3990 864 4039 contemnat.
888 4002 906 4034 ι
944 3981 1084 4053 (Lib.
1117 3999 1193 4051 Ix,
1215 4001 1299 4053 ep.
1332 3982 1443 4051 12.)

603 4072 689 4126 22.
732 4072 915 4126 Tantae
957 4062 1336 4143 hospitalitatis
1374 4074 1665 4145 Gregorius
1711 4076 1765 4131 in
1810 4078 1927 4147 ipso
1956 4080 2119 4135 etiam

529 4189 858 4260 patriarehio
887 4191 1200 4259 permansit,
1236 4198 1293 4244 ut
1321 4191 1562 4261 exceptis
1590 4191 1672 4247 bis
1699 4206 1855 4261 quos,
1887 4203 1993 4249 tam
2023 4213 2122 4267 per

529 4280 771 4335 diversas
800 4279 1049 4347 regiones
1070 4295 1231 4349 quam
1260 4280 1444 4335 Roma:
1486 4296 1704 4351 quoque
1732 4281 2119 4353 Langobardo-

528 4391 646 4430 rum
670 4376 774 4445 52
798 4373 1032 4444 perﬁdia:
1057 4374 1263 4442 gladios
1289 4374 1570 4443 fugientes,
1595 4376 1955 4434 ecclesiastica
1978 4381 2117 4451 stipe

2230 3172 2542 3240 sanguinem
2585 3173 2738 3241 fudit,
2769 3184 2824 3230 et
2851 3192 2972 3233 esse
3002 3188 3055 3233 te
3082 3196 3442 3239 successorem
3471 3196 3634 3257 atque
3666 3194 3819 3248 vica-

2229 3261 2366 3316 rium
2398 3266 2765 3333 apostolorum
2797 3268 3050 3339 principis
3081 3270 3258 3341 Petri,
3302 3277 3453 3345 cujus
3482 3286 3537 3332 et
3561 3281 3818 3340 virtutem

2230 3354 2467 3408 imitatus
2507 3370 2565 3410 es
2592 3371 2711 3410 cum
2740 3359 3095 3414 substantiam
3143 3362 3481 3421 offerentium
3511 3370 3817 3441 divideret,

2230 3454 2392 3515 prout
2434 3447 2625 3515 cuique
2673 3464 2808 3519 epus
2852 3458 2987 3505 erat.
3018 3471 3037 3504 ι
3084 3453 3210 3510 llzec
3253 3457 3474 3514 audiens
3523 3460 3820 3533 Gregorius

2228 3534 2398 3589 dixit:
2433 3555 2450 3587 ι
2479 3535 2548 3589 Et
2576 3544 2631 3591 tu
2662 3540 2933 3606 quomodo
2956 3543 3095 3597 nosti
3118 3545 3261 3614 quod
3291 3554 3417 3604 tunc
3440 3566 3525 3606 me
3559 3554 3819 3614 Dominus

2228 3642 2459 3696 praeesse
2488 3638 2687 3684 sancta:
2715 3629 2965 3688 Ecclesiae
2993 3650 3102 3690 sua:
3129 3637 3480 3696 destinarit?»
3514 3643 3589 3699 At
3610 3647 3700 3703 ille
3736 3650 3816 3705 iu—

2228 3719 2379 3787 quit:
2412 3737 2429 3770 ι
2458 3719 2719 3784 Quoniam
2737 3736 2837 3791 ego
2862 3725 3079 3794 angelus
3107 3727 3221 3796 ejus
3250 3744 3389 3799 sum,
3421 3742 3474 3788 et
3501 3742 3625 3790 tunc
3645 3738 3719 3791 ab
3748 3754 3817 3794 eo

2226 3811 2295 3864 ad
2324 3822 2469 3865 tuum
2491 3813 2867 3883 inquirendum
2899 3820 3234 3889 propositum
3260 3823 3574 3882 destinatus.
3604 3848 3623 3881 ι
3659 3829 3814 3887 Tunc

2224 3902 2537 3972 Gregorius,
2562 3905 2688 3972 quia
2717 3907 2952 3963 nondum
2990 3911 3275 3968 manifeste
3302 3914 3506 3970 viderat
3536 3919 3813 3989 angelum,

2223 4007 2447 4062 prorsus
2470 3998 2702 4064 expavit,
2730 3998 2937 4067 sibique
2963 4000 3105 4058 hunc
3137 4004 3313 4061 taliter
3340 4006 3603 4064 dicentem
3652 4014 3810 4066 audi-

2224 4086 2340 4140 vit:
2373 4104 2392 4138 ι
2428 4086 2505 4142 Ne
2533 4088 2739 4155 timeas,
2770 4105 2947 4160 neque
2987 4093 3270 4165 formides,
3299 4114 3426 4155 ecce
3470 4103 3612 4156 enim
3664 4107 3811 4161 misit

2225 4192 2313 4232 me
2356 4176 2616 4235 Dominus
2640 4221 2657 4248 ,
2700 4188 2761 4235 ut
2806 4182 2904 4237 sim
2936 4184 3031 4238 tibi
3060 4195 3259 4255 custos,
3292 4190 3527 4260 quandiu
3558 4190 3727 4250 fueris
3757 4198 3810 4254 in

2225 4267 2328 4323 isto
2356 4270 2569 4325 mortali
2598 4271 2819 4337 saeculo,
2848 4281 3114 4341 quatenus
3161 4293 3533 4350 quamcunque
3571 4297 3685 4338 rem
3719 4302 3805 4354 pe-

2226 4359 2391 4422 tieris,
2411 4375 2506 4429 per
2527 4375 2614 4415 me
2634 4361 2772 4431 apud
2793 4379 2913 4417 eum
2935 4363 2999 4417 ﬁd
3009 4365 3246 4423 ucialiter
3262 4369 3435 4425 valeas
3451 4372 3763 4443 impetrare.
3784 4397 3804 4428 ι

529 4441 951 4521 ηιεωῇὦιζδηει.
979 4441 1267 4529 ηυίιείθιηιιν
1297 4441 1366 4519 δά
1403 4482 1646 4522 mensam
1693 4485 1845 4524 suam
1875 4441 2115 4541 (ιυοιῖάίο
2145 4441 2191 4499 D
2218 4452 2367 4509 Illico
2398 4452 2687 4524 Gregorius
2712 4456 2767 4510 in
2794 4458 2985 4512 faciem
3011 4474 3161 4515 suam
3187 4466 3412 4531 corruit,
3446 4467 3629 4525 dicens
3656 4490 3669 4524 :
3709 4491 3729 4524 ‹
3752 4472 3809 4530 Si

525 4557 839 4628 peregrinos
859 4557 1124 4625 quoslibet
1149 4557 1419 4611 invitaret.
1447 4557 1592 4613 Inter
1615 4574 1752 4628 quos
1770 4561 1854 4617 die
1881 4563 2113 4631 quadam

526 4662 664 4701 unus
690 4646 938 4713 accessit,
971 4647 1020 4700 in
1045 4647 1197 4717 cujus
1225 4648 1475 4704 manibus
1498 4648 1621 4703 dum
1660 4650 1776 4721 ipse
1803 4668 1869 4707 ex
1896 4654 2111 4710 humili-

522 4738 650 4792 tatis
680 4736 979 4792 ministerio
1007 4753 1197 4808 aquam
1229 4738 1452 4794 fundere
1489 4740 1669 4809 vellet,
1700 4758 1992 4801 conversus
2023 4764 2107 4803 ur-

518 4843 673 4883 ceum
727 4829 951 4897 accepit,
982 4829 1078 4883 sed
1125 4838 1348 4897 repente
1395 4846 1515 4885 eum
1570 4833 1623 4886 in
1669 4832 1822 4902 cujus
1865 4838 2109 4897 manibus

518 4934 713 4987 aquam
746 4920 969 4974 tundere
995 4920 1241 4974 voluerat
1287 4936 1395 4976 non
1444 4923 1667 4979 invenit.
1719 4924 1961 4997 Cumque
2009 4931 2111 4987 hoc

518 5011 715 5065 factum
746 5027 927 5067 secum
960 5013 1073 5082 ipse
1101 5014 1405 5080 miraretur,
1447 5017 1634 5071 eadem
1664 5028 1822 5075 nocte
1854 5021 2109 5078 Dominus

516 5105 565 5158 ei
597 5120 692 5173 per
723 5105 982 5160 visionem
1007 5106 1179 5160 dixit:
1220 5126 1237 5158 ι
1266 5106 1486 5163 Czeteris
1515 5108 1704 5164 diebus
1732 5126 1817 5166 me
1850 5111 1901 5164 in
1933 5128 2105 5167 mem-

516 5195 623 5267 bris
666 5196 836 5264 meis,
886 5196 1142 5253 hesterno
1192 5206 1372 5254 autem
1420 5199 1507 5254 die
1551 5214 1637 5254 me
1683 5200 1737 5254 in
1787 5203 2105 5273 memetipso

512 5296 816 5366 suscepisti.
844 5316 862 5349 ι

585 5465 609 5490 ι·
648 5455 805 5516 Editi,
824 5455 1233 5524 comprobamur,
1256 5453 1676 5524 repugnantibus
1698 5451 1823 5509 Mss.
1843 5462 1894 5509 ct
1914 5462 2099 5510 contra

516 5526 705 5607 sancti.
737 5524 981 5607 Gregorii
1015 5536 1276 5606 tuentem.
1330 5596 1363 5607 ,Δ
1419 5593 1457 5607 ἢ
1626 5594 1641 5607 .
1668 5595 1679 5607 .
1886 5596 1918 5607 η
1989 5595 2000 5607 ⁸

584 5594 610 5633 ι’
651 5593 823 5665 Bigot.
857 5607 908 5650 ct
942 5594 1106 5664 Utic.,
1132 5596 1393 5661 inritavit,
1419 5593 1589 5651 Porro
1626 5594 1716 5651 hic
1761 5595 2093 5660 sacvllarius,

2222 4554 2444 4615 prepter
2472 4546 2721 4615 pusillum
2768 4564 2900 4604 mea:
2939 4552 3219 4620 parvitatis
3256 4559 3628 4615 munusculum
3660 4570 3809 4622 tanta

2220 4639 2349 4692 mihi
2372 4640 2618 4694 retribuit
2638 4641 3193 4712 omnipotentissimus
3215 4646 3493 4716 Dominus,
3519 4660 3576 4706 ut
3595 4662 3651 4707 et
3675 4670 3807 4722 pon~

2220 4729 2418 4787 tiﬁcem
2444 4747 2530 4788 me
2555 4742 2756 4789 sancta:
2783 4751 2892 4790 sua:
2922 4734 3173 4792 Ecclesi'n
3191 4738 3412 4808 faceret,
3443 4750 3499 4797 et
3527 4746 3805 4802 custodem

2216 4822 2347 4877 mihi
2375 4839 2530 4877 suum
2577 4826 2823 4893 angelum
2856 4826 3139 4896 deputaret
3161 4870 3176 4896 ,
3208 4839 3409 4900 quanta
3449 4844 3629 4904 putem
3675 4839 3805 4894 mihi

2214 4914 2447 4981 restitui,
2469 4914 2513 4970 si
2536 4915 2589 4968 in
2616 4917 2897 4986 praeceptis
2927 4916 3044 4986 ejus
3074 4920 3199 4974 totis
3220 4921 3424 4977 viribus
3454 4939 3802 4997 permanens,

2213 5005 2317 5076 53
2346 5004 2497 5073 plura
2517 5005 2772 5060 studuero
2802 5005 2869 5060 de
2898 5006 3139 5075 pluribus
3168 5013 3436 5081 erogare?
3472 5031 3491 5065 ι
3572 5008 3651 5051 ιη.

2280 5113 2369 5168 21.
2407 5113 2572 5182 Igitur
2594 5113 2858 5185 incipiens
2884 5125 3089 5170 tantum
3118 5117 3318 5188 largior
3347 5136 3467 5177 esse
3504 5123 3573 5178 de
3600 5125 3801 5180 collato

2207 5208 2492 5278 temporali
2516 5210 2835 5277 commodo,
2867 5219 3130 5280 quantum
3168 5216 3368 5270 certior
3394 5216 3461 5271 de
3489 5220 3801 5288 recipiendo

2204 5300 2424 5372 praemio
2453 5302 2808 5372 sempiterno,
2837 5312 3152 5360 cunctorum
3183 5307 3627 5376 patrimoniorum
3658 5325 3798 5380 pra:-

2201 5465 2300 5506 scu
2331 5453 2506 5521 potius
2532 5456 2884 5520 saccellarius,
2917 5455 3133 5523 dicitur,
3164 5457 3255 5526 qui
3286 5459 3532 5515 sacculos
3552 5459 3620 5514 ad
3646 5462 3795 5516 elce-

2204 5538 2484 5602 mosyuam
2534 5535 2749 5602 servat;
2790 5542 2886 5582 seu
2936 5527 3319 5602 thes-amarius.
3360 5529 3517 5602 Apud
3544 5540 3799 5587 sanctum

2207 5592 2495 5649 Aulduiunt
2520 5597 2769 5651 scribitur
2789 5598 3144 5653 πισσοκωνίας.
