4018 6312
228 304 289 358 07
821 306 875 362 s.
919 302 1245 360 cuccoau
1290 300 1499 353 mea.
1547 297 1725 358 \'t'l‘A,
1775 290 1974 346 sum.
2015 283 2277 343 JUANNE
2319 281 2634 337 Dl.-\CON0.
2683 280 2808 336 un.
2854 280 2915 337 ιι.
3448 282 3515 336 98

230 420 553 491 dierumque
596 419 790 474 reditus
837 434 903 473 ex
925 429 948 456 α
979 418 1265 472 Gelasiano
1308 394 1599 485 polyptyco
1620 454 1635 479 ,
1662 410 1813 479 cujus
1842 414 1891 469 Α
1917 404 1962 462 si
1991 417 2114 457 eum
2143 398 2376 471 propriis
2404 399 2670 466 manibus,
2698 399 2843 468 quod
2870 396 3019 452 dictu
3047 392 3200 449 nefas
3226 397 3325 455 est,
3358 401 3509 457 pere-
3588 465 3603 483 .

234 512 489 566 nimirum
512 510 924 565 studiosissimus
939 509 1221 563 vilehatur
1240 506 1610 576 pedissequus,
1636 503 1660 541 δ
1684 503 1819 556 adzc-

236 601 417 663 ravit,
474 614 761 668 eorumque
811 598 1158 666 pensionibus
1206 599 1260 651 in
1301 611 1435 651 auro
1491 602 1820 662 argentoque

238 689 471 759 (collatis
482 689 726 743 erunibus
741 688 1018 742 ordinibus
1033 685 1435 750 ecclesiasticis,
1452 683 1534 738 vel
1550 682 1820 752 palatinis,

234 781 594 847 monasteriis,
622 780 894 846 ecclesiis,
936 779 1282 841 cmmeteriis,
1313 777 1605 839 diaconiis,
1651 790 1823 828 xeno-

234 870 442 925 doehiis
471 870 706 935 urbanis,
740 872 820 926 vel
845 870 1187 937 suburbanis)
1218 877 1352 931 quot
1375 867 1530 921 solidi
1557 878 1577 905 ε
1601 865 1819 932 singulis

232 968 424 1026 quater
458 959 509 1012 in
540 974 681 1013 anno
708 959 1178 1023 distribuerentur,
1210 955 1417 1010 Pascha
1448 954 1688 1019 scilicet,
1720 967 1817 1005 na-

234 1055 323 1108 tali
352 1055 718 1124 apostolorum
738 1096 753 1120 ,
780 1054 945 1108 natali
975 1053 1146 1107 sancti
1178 1051 1437 1117 Androm,
1469 1047 1819 1116 natalitioque

228 1159 349 1208 suo,
373 1160 471 1215 per
496 1145 883 1216 polyptychum
912 1158 1020 1212 quo
1043 1143 1304 1198 hactenus
1333 1148 1585 1206 erogatur
1606 1136 1812 1189 indixit.

298 1233 390 1289 25.
429 1236 592 1289 Extra
622 1251 759 1304 quos
786 1235 962 1304 primo
992 1231 1281 1287 Dominicae
1310 1225 1720 1284 resurrectionis
1748 1223 1819 1277 di-

228 1326 411 1380 luculo
440 1326 491 1380 in
520 1326 742 1381 basilica
780 1326 1052 1395 quondam
1099 1322 1389 1378 doctissimi
1440 1322 1590 1389 papa:
1621 1316 1813 1386 Vigilii,

221 1418 379 1487 juxta
407 1435 570 1489 quam
622 1417 1137 1474 consuetudinaliter
1164 1413 1468 1476 habitabat,
1514 1410 1582 1464 ad
1619 1410 1819 1478 imper-

221 1512 473 1567 tiendum
508 1512 657 1581 pacis
705 1511 945 1566 osculum
989 1508 1253 1569 residens,
1285 1503 1495 1557 cunctis
1528 1499 1814 1571 episcopis,

220 1606 581 1677 presbyteris,
607 1603 939 1668 diacOnibus,
963 1600 1189 1666 aliisque
1208 1593 1231 1631 ά
1260 1593 1598 1649 axiomaticis
1625 1608 1820 1648 aureos

214 1699 511 1766 erogabat.
538 1696 786 1751 Natalltio
807 1708 935 1747 vero
964 1689 1349 1760 apostolorum,
1373 1687 1459 1740 vel
1489 1701 1607 1751 suo,
1631 1685 1819 1739 neistos

1924 499 2132 553 misset.

1991 592 2081 647 '50.
2112 590 2299 647 Exstat
2324 601 2491 658 usque
2519 584 2682 640 hodie
2706 582 2759 636 in
2788 578 3154 636 saeratissimo
3183 578 3513 634 Lateranen-

1922 684 1995 738 sis
2022 682 2203 753 palatii
2233 680 2430 736 scrinio
2462 675 2619 743 hujus
2664 669 2966 727 confectum
2996 670 3329 739 temporibus
3356 668 3515 721 char-

1922 785 2133 828 taceum
2166 767 2479 840 praegrando
2506 761 2778 827 volumen,
2811 761 2864 814 in
2894 775 3000 828 quo
3028 759 3325 815 communis
3352 774 3515 813 sexus

1920 874 2234 921 cunctarum
2283 870 2503 915 mtatum
2554 874 2619 912 ac
2681 853 3075 925 professionum
3143 851 3357 905 nomina
3405 860 3513 904 tam

1922 958 2107 1011 Roma:
2135 971 2293 1023 quam
2320 971 2418 1024 per
2446 951 2751 1007 suburbana
2783 949 3097 1004 civitatesve
3126 946 3355 1009 vicinas,
3389 960 3514 1000 necs

1918 1063 2026 1101 non
2059 1046 2375 1112 longinquas
2404 1042 2700 1095 maritimas
2727 1040 2888 1093 urbes
2910 1038 3236 1108 degentium,
3269 1036 3374 1105 5h.
3394 1051 3514 1090 cum

1917 1137 2028 1192 suis
2049 1133 2480 1203 cognominibus,
2510 1129 2867 1198 temporibus,
2893 1136 2947 1181 et
2994 1124 3518 1180 renmnerationibus

1918 1226 2223 1296 expressius
2252 1222 2613 1279 continentur.
2650 1219 2889 1285 Quorum
2921 1231 3208 1282 summam,
3233 1232 3302 1269 ne
3329 1214 3517 1268 videli-

1918 1326 2005 1373 cet
2028 1316 2291 1372 fastiditus
2314 1313 2603 1375 transiliar,
2620 1324 2718 1378 ego
2734 1306 3023 1361 transferre
3043 1305 3286 1372 dilfngio,
3302 1305 3515 1374 meique

1919 1406 2136 1462 lectoris
2158 1404 2373 1460 oculum
2403 1403 2469 1457 ad
2501 1400 2642 1456 illius
2673 1397 2966 1454 venerandi
3012 1395 3197 1451 scrinii
3226 1394 3514 1463 plenitudi-

1920 1514 2040 1553 nem
2062 1541 2076 1563 ,
2109 1498 2259 1565 cujus
2288 1497 2403 1566 ipse
2432 1509 2567 1564 pene
2590 1493 2643 1546 in
2670 1491 2878 1547 eunevis
2925 1488 3303 1543 auctoritatem
3322 1524 3337 1551 ,
3373 1500 3512 1555 papa

1920 1590 2209 1658 largiente,
2243 1594 2455 1642 secutus
2484 1599 2633 1649 sum,
2665 1582 2992 1636 transmitte.

1994 1684 2082 1739 51.
2132 1680 2396 1734 Pmterea
2449 1694 2571 1733 cum
2603 1676 2920 1729 Arianorum
2958 1672 3177 1727 basilica
3208 1673 3259 1728 in
3292 1676 3509 1743 regione

212 1789 427 1843 solidos
473 1788 732 1851 offerens,
782 1783 1065 1855 peregrina
1114 1780 1462 1836 nihilominus
1492 1780 1810 1835 vestimenta
1844 1773 2059 1837 Burbis
2111 1772 2270 1842 hujus
2319 1785 2436 1838 qua:
2489 1767 2728 1823 Suburra
2775 1764 2971 1819 dicitur
3013 1764 3192 1819 clausa
3245 1781 3413 1833 usque
3443 1769 3509 1819 ad

216 1880 476 1934 donabaL

292 1989 380 2043 26.
414 1987 674 2043 Omnibus
722 1987 945 2042 omnino
974 1984 1259 2049 Kalendis,
1294 1985 1617 2054 pauperibus
1647 1997 1813 2051 gen

219 2081 406 2136 raliter
434 2080 650 2135 easdem
697 2079 904 2149 species
931 2094 1051 2148 quae
1100 2077 1529 2145 congerebantur
1556 2092 1620 2129 ex
1668 2075 1811 2129 redi-

222 2174 367 2227 tibus
413 2170 717 2241 erogabat:
759 2177 815 2223 et
861 2184 961 2225 suo
1011 2178 1256 2239 tempore
1298 2166 1659 2230 frumentum,
1713 2180 1813 2219 suo

222 2264 426 2327 vinum,
457 2276 555 2316 suo
595 2276 838 2328 caseum,
869 2274 969 2316 suo
1016 2258 1286 2326 legumen,
1329 2272 1426 2311 suo
1455 2254 1683 2318 lardum,
1713 2267 1812 2307 suo

224 2365 250 2393 ε
281 2352 578 2408 manducab
600 2351 671 2407 lia
701 2351 951 2405 animalia
973 2390 987 2414 ,
1020 2365 1118 2403 suo
1148 2348 1323 2417 pisces
1369 2346 1454 2401 vel
1494 2346 1671 2400 oleum
1713 2358 1810 2413 pa-

221 2444 538 2500 terfamilias
605 2442 815 2497 Domini
884 2439 1272 2495 discretissime
1346 2436 1642 2491 dividebat.
1718 2434 1810 2488 Pio

220 2546 438 2608 gmenta
466 2552 600 2591 vero
630 2535 840 2605 aliaque
874 2532 893 2572 τ
925 2532 1237 2587 delicatiora
1267 2530 1588 2585 commercia
1617 2527 1815 2597 primo-

220 2628 372 2683 ribus
402 2626 790 2683 honorabiliter
818 2623 1097 2688 olierebat,
1124 2623 1196 2676 ita
1221 2637 1279 2675 ιιι
1309 2620 1438 2675 nihil
1484 2619 1627 2674 aliud
1649 2632 1811 2688 quam

220 2719 529 2773 communia
576 2715 820 2787 quzedam
891 2714 1117 2779 horrea,
1176 2712 1477 2767 communis
1534 2715 1814 2779 putaretur

223 2811 482 2867 Ecclesia.

294 2926 385 2979 27.
431 2923 623 2978 Tribus
656 2920 890 2975 millibus
919 2918 1129 2974 ancillis
1158 2916 1275 2981 Dei,
1327 2930 1458 2985 quas
1500 2912 1673 2967 Graeci
1716 2928 1817 2964 mo-

222 3019 444 3070 nastrias
471 3022 682 3080 vocant,
706 3012 1011 3082 quindecim
1034 3011 1195 3065 libras
1215 3009 1329 3062 auri
1358 3022 1455 3076 pro
1476 3002 1814 3060 lectisterniis

1915 1863 2161 1931 Gregorii
2190 1860 2531 1931 pontificatus
2553 1866 2793 1924 tempora
2822 1854 3194 1921 remansisset,
3224 1854 3422 1922 placuit
3455 1854 3506 1908 ei

1916 1964 1977 2009 ut
2004 1955 2054 2008 in
2088 1953 2190 2007 fide
2217 1950 2500 2013 catholica,
2528 1946 2842 2002 introductis
2871 1946 2996 2000 illuc
3042 1946 3184 2000 beati
3209 1946 3510 2002 Sebastiani

1916 2055 1971 2101 et
1989 2055 2185 2101 sanetze
2199 2042 2419 2111 Agatha:
2440 2050 2733 2110 martyrum
2756 2038 3016 2107 reliquiis,
3037 2038 3270 2092 dedicari
3285 2038 3510 2094 debuis-

1914 2146 2015 2200 set,
2047 2135 2190 2205 quod
2220 2135 2416 2187 factum
2445 2141 2545 2186 est.
2580 2130 2711 2184 Nam
2740 2144 2862 2183 eum
2892 2142 3083 2196 magna
3114 2129 3296 2199 pepuli
3326 2130 3508 2183 multi-

1915 2228 2097 2282 tudine
2116 2225 2409 2295 Gregorius
2437 2223 2621 2277 laudes
2651 2220 2893 2276 canendo
2940 2220 3289 2288 perveniens,
3332 2220 3509 2273 basili-

1914 2334 2031 2375 cam
2056 2317 2331 2388 pnefatam
2348 2316 2618 2383 ingressus
2640 2320 2751 2377 est;
2776 2324 3006 2378 eumque
3030 2309 3349 2363 venerabilis
3372 2324 3507 2378 pon-

1914 2409 2040 2464 tifex
2064 2411 2175 2478 jam
2200 2409 2479 2461 missarum
2525 2401 2787 2459 solemnia
2816 2401 3135 2464 celebraret,
3196 2415 3259 2451 ac
3289 2408 3506 2469 propter

1914 2505 2153 2575 ejusdem
2172 2502 2275 2557 loci
2297 2500 2569 2569 angustias
2600 2497 2784 2567 populi
2807 2511 2866 2550 se
2889 2495 3041 2549 turba
3059 2493 3504 2561 comprimerent,

1915 2595 2128 2664 quidam
2159 2609 2224 2648 ex
2252 2594 2334 2646 his
2365 2591 2456 2661 qui
2487 2598 2639 2645 extra
2689 2586 2983 2643 sacrarium
3014 2584 3249 2646 stabant,
3285 2600 3507 2653 porcum

1915 2684 2094 2739 subito
2123 2682 2263 2735 inter
2291 2696 2421 2735 suos
2453 2679 2635 2749 pedes,
2665 2678 2769 2731 huc
2798 2686 2854 2731 et
2898 2674 3024 2729 illuc
3051 2673 3354 2728 discurrere
3383 2688 3508 2727 seu.

1916 2780 2122 2829 serunt.
2153 2770 2323 2837 Quem
2367 2770 2491 2823 dum
2524 2767 2888 2836 unusquisque
2917 2766 3159 2829 sentiret,
3194 2774 3249 2819 et
3270 2762 3421 2831 juxta
3452 2778 3509 2817 so

1917 2866 2181 2921 stantibus
2234 2864 2528 2925 indicaret,
2584 2859 2727 2912 idem
2795 2872 2989 2927 porcus
3034 2855 3273 2909 ecclesia:
3316 2855 3509 2921 januas

1918 2958 2089 3029 petiit,
2120 2965 2173 3010 et
2205 2970 2413 3018 omnes,
2444 2967 2538 3021 per
2566 2964 2700 3017 quos
2728 2946 2965 3010 transiit,
3003 2946 3055 2998 in
3086 2943 3501 2998 admirationem

1918 3050 2217 3113 convertit;
2244 3044 2335 3101 sed
2366 3042 2535 3097 videri
2584 3040 2654 3095 nil
2686 3039 2888 3111 potuit,
2919 3036 3164 3105 quamvis
3204 3035 3391 3089 sentiri
3422 3051 3510 3103 po.

225 3110 406 3205 ﬁam“
459 3121 641 3205 usqu}?
690 3121 788 3176 pro
839 3102 1169 3205 qimufhémi
1220 3099 1811 3205 5"pfnd"‘m?9‘_‘{§ff',‘f
1840 3144 1886 3205 Ο
1917 3142 2124 3196 luisset.
2146 3099 2319 3202 ’διιὸὰ
2349 3133 2550 3187 idcirco
2593 3099 2769 3183 divina
2799 3099 2973 3195 pietas
3004 3123 3261 3191 ostendit,
3294 3133 3349 3177 ut
3380 3099 3511 3177 cun-

222 3200 390 3256 libras
422 3198 721 3253 annualiter
767 3194 1097 3251 conferebat.
1132 3192 1206 3245 De
1253 3191 1447 3261 quibus
1491 3186 1810 3242 Theoctista:

221 3292 466 3364 patricia:
506 3290 746 3344 scribens
777 3305 791 3342 :
829 3306 847 3337 ι
884 3285 1113 3347 Harum,
1156 3282 1356 3351 inquit,
1410 3279 1529 3334 talis
1559 3278 1664 3331 vita
1707 3285 1811 3341 est,

224 3395 391 3454 atque
417 3385 469 3437 in
501 3391 706 3436 tantum
736 3378 985 3449 laerymis
1029 3386 1083 3432 et
1111 3372 1430 3428 abstinentia
1460 3369 1722 3429 districta,
1754 3376 1812 3420 ut

223 3495 271 3535 Cl
287 3480 511 3534 edamus
557 3477 680 3546 quia
732 3475 775 3529 si
825 3474 953 3542 ipsa:
980 3487 1085 3526 non
1126 3476 1335 3535 essent,
1366 3466 1539 3520 nullus
1568 3472 1810 3518 nostrum

223 3570 333 3640 jam
366 3584 463 3639 per
492 3575 573 3621 tot
602 3579 769 3620 annos
808 3564 859 3617 in
890 3564 1010 3616 loco
1036 3560 1140 3615 hoc
1168 3557 1459 3614 subsistere
1504 3554 1646 3609 inter
1676 3550 1814 3605 Lan-

224 3656 593 3731 gobardorum
614 3657 819 3728 gladios
847 3655 1126 3726 potuisset.
1161 3671 1178 3704 ι
1216 3652 1234 3723 (
1266 3649 1380 3703 Lib.
1412 3664 1483 3711 vt,
1516 3665 1593 3718 ep.
1626 3644 1740 3715 26.)

298 3772 387 3827 28.
416 3769 750 3839 Quotidianis
780 3768 1081 3838 quibusque
1110 3763 1297 3817 diebus
1321 3776 1418 3833 per
1458 3759 1698 3813 omnium
1728 3770 1814 3811 re~

223 3869 446 3937 gionum
480 3866 624 3919 vicos
649 3861 733 3917 vel
763 3860 1018 3929 compita,
1050 3856 1273 3912 inﬁrmis
1301 3868 1396 3907 seu
1425 3851 1665 3921 qualibet
1692 3864 1814 3904 cor-

223 3958 377 4027 poris
403 3964 556 4024 parte
596 3953 861 4009 debilibus
902 3957 1053 4006 cocta
1076 3945 1341 4016 stipendia
1371 3958 1467 4013 per
1494 3942 1818 3996 constitutos

225 4048 543 4104 veredarios
557 4046 852 4099 emittebat.
865 4039 1354 4097 Verecundioribus
1364 4050 1512 4098 vero,
1530 4042 1814 4100 antequam

225 4140 347 4209 ipse
373 4138 549 4192 cibum
577 4139 813 4204 caperet,
846 4150 877 4188 a
918 4146 1102 4187 mensa
1130 4145 1227 4186 sua
1274 4125 1661 4183 benedictionis
1688 4138 1818 4192 apo-

223 4233 434 4290 stolicm
464 4231 702 4286 ostiatim
729 4230 957 4297 dirigere
1002 4227 1231 4282 curabat
1276 4222 1586 4286 scutellam,
1634 4221 1708 4275 ita
1760 4227 1820 4274 ut

228 4324 503 4379 neminem
529 4336 746 4392 prorsus
781 4320 1052 4389 exciperet
1080 4312 1565 4371 misericordissimi
1590 4312 1819 4366 benevo-

227 4419 394 4473 lentia
426 4416 737 4486 provisoris,
761 4428 919 4483 quem
939 4412 1004 4469 ad
1032 4410 1189 4465 fidem
1213 4417 1451 4463 traxerat
1471 4405 1814 4475 omnipoten-

230 4511 295 4563 tis
325 4508 569 4577 cognitio
590 4494 879 4559 Creatoris.

297 4618 390 4673 29.
424 4615 629 4672 Horum
661 4614 784 4668 dum
826 4608 1109 4679 quemdam
1157 4620 1446 4677 pauperem
1492 4604 1545 4657 in
1575 4601 1816 4669 angdstis

230 4722 253 4760 ε
302 4711 667 4765 andronarum
710 4702 1008 4759 recessibus
1061 4715 1091 4753 a
1144 4695 1541 4767 vespillionibus
1588 4690 1815 4746 inveniri

224 4813 500 4859 mortuum
546 4801 888 4867 contigisset,
935 4795 1208 4851 aestimans
1236 4806 1355 4846 eum
1401 4786 1553 4857 stipis
1580 4784 1759 4853 inopia
1790 4779 1814 4818 ιι

224 4892 487 4961 periisse,
536 4890 607 4942 ita
638 4904 735 4957 per
761 4889 965 4958 aliquot
992 4886 1139 4948 dies,
1188 4890 1247 4935 ut
1292 4880 1515 4944 dicitur,
1563 4892 1593 4930 a
1623 4876 1815 4930 missa-

222 4997 345 5037 rum
374 4978 743 5035 celebratione
788 4975 1067 5042 vacando,
1115 4972 1357 5027 tristatus
1398 4977 1510 5035 est,
1560 4974 1816 5034 tauquam

300 5147 327 5173 ι
361 5136 404 5188 Α
430 5133 622 5189 Grzceo
652 5136 870 5203 πτυχίς,
898 5128 1158 5203 significat
1186 5125 1412 5203 vestium
1437 5162 1451 5184 ,
1484 5122 1814 5203 chartarum,

224 5215 281 5259 et
328 5207 559 5260 aliorum
615 5218 733 5271 qua:
759 5193 1185 5271 "cotnplicantur
1229 5196 1465 5271 singulas
1507 5193 1814 5271 plicaturas,

229 5278 355 5329 futia
396 5285 453 5328 et
483 5263 727 5327 laminas.
764 5263 986 5325 Μιιιιιιξι..
1016 5296 1088 5305 —
1116 5266 1210 5322 llic
1242 5263 1449 5320 libellus
1497 5271 1579 5316 est
1628 5263 1679 5313 in
1709 5275 1817 5328 quo

227 5347 434 5400 reditus
478 5342 825 5397 ecclesiastici
873 5338 1287 5401 annotahantur,
1342 5344 1395 5389 et
1441 5333 1566 5400 quid
1596 5332 1819 5401 singulis

229 5398 595 5539 {indigentiqu
624 5420 956 5517 grogaretur.
984 5408 1058 5464 De
1086 5407 1189 5462 hac
1228 5398 1381 5469 voce,
1410 5398 1531 5457 vide
1559 5401 1714 5472 epist.
1747 5398 1816 5452 40

252 5504 262 5539 ι
307 5525 322 5538 .
351 5501 443 5539 vn.
483 5500 551 5536 Im
580 5523 592 5536 .
630 5516 679 5534 υ.

252 5500 322 5539 tu.
351 5501 443 5547 vn,
483 5500 592 5536 mu.
625 5500 679 5534 τι.

300 5553 328 5591 δ
356 5538 413 5608 ιιι
432 5538 626 5617 Όοίὺ..
650 5549 1047 5621 ηθσνσραυὲηλίιι
1074 5543 1542 5621 Reg.,_adlucrere.
1564 5539 1622 5595 In
1648 5538 1816 5605 Utic.,

232 5624 395 5679 verbo
421 5612 1128 5688 adwrauit'sup'erscribitur
1164 5612 1245 5669 uel
1283 5612 1533 5686 erogavit.

304 5704 327 5731 ε
356 5693 525 5746 Abest
551 5691 769 5759 singulis
788 5687 818 5742 a
840 5688 973 5759 Mss.
998 5687 1179 5759 Norm.

304 5760 329 5800 δ
360 5761 420 5817 ld
449 5768 553 5826 est,
584 5751 714 5815 vilis
744 5760 794 5815 in
821 5756 1163 5825 diguitatitus
1190 5753 1491 5812 constitutis
1511 5751 1579 5808 ab
1602 5752 1817 5823 ἀξίωμα,

1911 3230 2012 3285 etis
2039 3230 2340 3297 patesceret
2382 3220 2510 3291 quia
2539 3217 2789 3273 veniente
2835 3230 2957 3270 eum
3005 3214 3244 3283 reliquiis
3292 3220 3510 3266 saneto-

1912 3336 2029 3376 rum
2058 3316 2349 3386 Gregorio,
2380 3313 2449 3369 de
2492 3312 2613 3367 loco
2658 3308 2849 3364 eodem
2899 3306 3205 3362 immundus
3234 3305 3508 3360 habitator

1914 3414 2111 3468 exirt't.

1983 3502 2073 3563 '52.
2120 3501 2344 3556 Peracta
2386 3497 2547 3566 igitur
2592 3494 2877 3550 missarum
2926 3490 3321 3554 celebratione,
3371 3496 3509 3558 papa

1913 3612 2035 3651 cum
2066 3594 2221 3665 plebe
2249 3591 2502 3654 recessit;
2533 3586 2627 3642 sed
2658 3584 2831 3640 adhuc
2860 3590 3021 3638 nocte
3059 3581 3249 3635 eadem
3280 3592 3506 3646 magnus

1921 3690 1972 3744 in
2003 3688 2241 3759 ejusdem
2271 3684 2525 3741 Ecclesia:
2550 3681 2711 3736 tectis
2738 3679 2995 3747 strepitus
3026 3675 3197 3731 factus
3227 3683 3308 3728 est
3327 3713 3340 3737 ,
3372 3689 3436 3726 ac
3466 3672 3510 3727 si

1917 3787 1972 3838 in
2019 3796 2082 3836 ea
2129 3778 2322 3848 aliquis
2367 3772 2597 3830 errando
2640 3772 2984 3824 discurreret.
3036 3764 3294 3834 Sequenti
3324 3771 3505 3815 autem

1921 3878 2081 3927 nocte
2118 3867 2334 3937 gravior
2377 3864 2585 3918 sonitus
2634 3858 2904 3920 excrevit,
2962 3869 3083 3908 cum
3130 3853 3308 3907 subito
3335 3859 3511 3904 tantus

1920 3974 2096 4017 terror
2124 3958 2380 4021 insonuit,
2404 3969 2467 4009 ac
2494 3954 2538 4008 si
2566 3951 2742 4006 omnis
2763 3946 2987 4002 ecclesia
3020 3945 3115 3998 illa
3137 3960 3166 3998 a
3200 3943 3512 3997 fundamen-

1923 4055 1988 4107 tis
2019 4051 2204 4105 fuisset
2244 4060 2450 4109 eversa,
2483 4050 2537 4098 et
2578 4040 2823 4111 protinus
2860 4035 3110 4100 recessit,
3140 4049 3204 4087 ac
3232 4032 3375 4086 nulla
3406 4032 3510 4086 illic

1920 4143 2145 4198 ulterius
2176 4134 2489 4206 inquietudo
2519 4131 2723 4202 antiqui
2771 4129 2943 4183 hostis
2982 4125 3258 4197 apparuit;
3290 4122 3383 4177 sed
3416 4138 3509 4191 per

1920 4232 2142 4289 terroris
2186 4228 2450 4289 sonitum,
2479 4236 2639 4292 quem
2671 4218 2827 4283 fecit,
2881 4216 3115 4271 innotuit
3146 4229 3175 4268 a
3201 4214 3323 4268 loco
3351 4227 3510 4281 quem

1921 4325 2014 4379 diu
2038 4326 2283 4377 tenuerat
2310 4314 2453 4386 quod
2484 4328 2579 4383 per
2608 4307 3003 4364 invocationem
3021 4303 3267 4373 Gregorii
3291 4310 3509 4357 coactus

1920 4418 2121 4473 exibat.
2156 4411 2284 4466 Post
2328 4421 2532 4477 paucos
2561 4418 2690 4458 vero
2737 4398 2948 4455 diesin
2978 4410 3170 4465 magna
3212 4394 3510 4451 serenitate

1841 4514 1890 4572 ι)
1918 4508 2058 4564 aeris
2086 4518 2248 4573 super
2268 4500 2436 4555 altare
2458 4494 2698 4563 ejusdem
2721 4489 2964 4547 ecclesiae
2988 4488 3157 4541 nubes
3178 4486 3390 4543 emlitus
3416 4485 3511 4539 de-

1918 4598 2155 4663 scendit,
2185 4606 2394 4661 suoque
2438 4587 2567 4643 illud
2596 4584 2862 4640 velamine
2893 4581 3136 4651 operuit,
3187 4591 3511 4644 omnemque

1917 4690 2199 4747 ecclesiam
2221 4693 2373 4740 tanto
2402 4692 2610 4737 terrore
2662 4694 2726 4733 ac
2756 4676 3023 4732 suavitate
3051 4671 3233 4728 odoris
3252 4670 3509 4741 implevit,

1918 4792 1995 4847 ut,
2027 4776 2333 4850 patentibus
2358 4771 2557 4843 ianuis,
2587 4768 2760 4823 nullus
2789 4765 2896 4819 illic
2920 4770 3266 4834 praesumeret
3288 4762 3511 4818 intrare.

1917 4881 1976 4929 et
2002 4869 2311 4929 sacerdotes
2342 4873 2504 4933 atque
2526 4858 2801 4925 custodes,
2825 4856 2910 4910 vel
2940 4855 2993 4909 hi
3014 4854 3107 4923 qui
3134 4852 3201 4907 ad
3230 4851 3512 4907 celebran-

1917 4967 1986 5022 da
2031 4964 2312 5018 missarum
2359 4954 2620 5012 solemnia
2669 4956 2959 5014 venerant,
2992 4954 3047 5001 et
3075 4960 3190 5001 rem
3237 4942 3511 5011 videbant,

1917 5120 2167 5184 dignitas.
2199 5115 2314 5170 Non
2344 5127 2467 5167 raro
2500 5108 2738 5164 Joannes
2782 5104 3055 5158 Diaeonus
3085 5104 3310 5167 usurpat
3339 5098 3507 5152 verba

1919 5191 2225 5319 afﬁgatis,
2259 5256 2468 5311 Gemrt.
2499 5258 2553 5303 et
2592 5250 2734 5316 Blg-a
2764 5241 3131 5303 "mnduwua’
3180 5236 3325 5308 quad
3353 5236 3512 5290 etiam

1922 5331 2048 5385 olim
2081 5330 2132 5382 in
2166 5327 2306 5381 Utic.
2340 5323 2632 5390 legebatur.

2000 5378 2229 5458 Γὰόιιιῖ.
2260 5378 2472 5449 (ὶθηιὲι.
2498 5398 2552 5443 et
2582 5389 2781 5455 Bigot.,
2807 5385 3019 5439 ditiora.
3062 5378 3201 5435 Utie.
3231 5385 3515 5444 utramque

1926 5470 2208 5526 lectionem
2251 5471 2445 5519 servat.

1999 5516 2295 5609 {iis—5,185,
2327 5534 2497 5609 locus‘
2524 5528 2574 5580 in
2607 5541 2713 5594 quo
2742 5524 2844 5580 soli
2874 5522 2973 5578 viri
3004 5520 3237 5601 degunt;
3266 5516 3394 5575 hinc
3413 5531 3514 5571 tm-

1926 5611 2091 5663 drona
2119 5598 2421 5657 formatum.
2460 5598 2622 5651 BoLL.

2000 5678 2025 5715 δ
2066 5675 2327 5746 deft-cisse.
