4018 6354
482 306 547 362 sa
1053 302 1110 360 s.
1156 299 1479 358 cneconn
1522 297 1734 353 MAGNI
1780 297 1958 364 vna,
2003 300 2084 355 At

2192 339 2202 352 .
2249 300 2513 355 JOANNE
2559 301 2876 354 [ΗΜὩΧΟ.
2926 299 3051 352 ΗΒ.
3097 299 3158 355 Il.

3674 303 3696 356 ε
3708 305 3775 359 130

485 421 689 490 ingredi
721 420 938 476 minime
957 428 1225 490 poterant,
1259 428 1313 474 et
1340 419 1656 474 suavitatem
1687 416 1893 470 mirifici
1925 417 2056 470 odo-
2091 417 2138 477 Α
2168 418 2480 484 roboratus,
2534 433 2631 487 per
2680 415 2914 470 Etherii
2979 415 3310 470 Arelatensis
3358 413 3526 482 vatis,
3571 431 3778 486 perque

483 513 557 567 ris
587 513 887 566 trahebant.
925 513 1016 566 Die
1042 527 1169 564 vero
1193 511 1294 564 alia
1344 511 1394 562 in
1443 524 1503 562 ea
1533 507 1803 574 lampades
1833 507 1948 561 sine
1995 507 2077 560 lu-

483 604 628 658 mine
653 610 780 656 sunt
797 616 1056 656 accensm.
1083 599 1207 653 Post
1234 611 1436 667 paucos
1459 597 1651 649 iterum
1681 595 1793 648 dies
1815 610 1954 659 cum,
1983 609 2077 648 ex-

485 694 643 762 pletis
671 693 950 747 missarum
974 686 1566 754 solemniis,exstinctis
1592 684 1949 753 lampadibus,
1983 699 2076 740 cu-

484 796 598 843 stos
655 802 720 840 ex
769 785 956 839 eadem
1009 792 1034 820 ⁸
1091 781 1316 834 ecclesia
1373 792 1623 846 egressus
1682 777 1905 841 fuisset,
1956 784 2077 846 post

484 879 756 951 paululum
780 875 1013 938 intravit,
1031 880 1086 926 et
1109 871 1381 942 lampades
1396 885 1528 939 quas
1547 868 1881 924 exstinxerat
1898 868 2078 921 lucen-

487 981 566 1024 tes
594 967 815 1038 reperit,
849 981 981 1034 quas
1010 963 1341 1031 negligenter
1389 959 1713 1014 exstinxiSse
1743 972 1800 1012 se
1826 957 2072 1016 credidit,

484 1071 646 1126 atque
669 1072 762 1110 eas
786 1055 896 1123 jam
926 1054 1207 1111 sollicitius
1231 1051 1519 1118 exstinxit,
1567 1051 1655 1120 qui
1688 1049 1873 1104 exiens
1902 1048 2079 1103 eccle-

481 1150 615 1204 siam
641 1147 854 1202 clausit.
887 1146 991 1201 Sci
1024 1153 1144 1214 post
1170 1144 1423 1198 horarum
1445 1141 1607 1194 trium
1624 1139 1853 1211 spatium
1872 1151 2078 1206 regres-

475 1257 596 1303 sus,
630 1240 871 1295 lucentes
900 1236 1171 1306 lampales
1195 1249 1332 1303 quas
1373 1231 1704 1288 exstinxerat
1746 1229 1975 1292 invenit,
2022 1235 2080 1281 ut

483 1331 735 1387 videlicet
765 1345 832 1384 ex
862 1329 979 1398 ipso
1021 1326 1220 1381 lumine
1241 1332 1428 1393 aperte
1456 1323 1796 1382 claresceret,
1830 1319 1953 1387 quia
1985 1333 2081 1387 per

481 1427 700 1479 beatum
731 1421 1050 1492 Gregorium
1095 1418 1244 1473 locus
1274 1416 1365 1470 ille
1401 1415 1470 1470 de
1517 1412 1754 1469 tenebris
1799 1411 1868 1465 ad
1907 1411 2078 1466 lucem

484 1515 742 1570 venisset.

562 1604 650 1658 55.
682 1603 788 1657 Sed
816 1618 936 1657 cum
985 1598 1276 1668 Gregorius
1323 1611 1422 1666 pro
1469 1593 1850 1650 convertendis
1895 1591 2080 1660 Anglis

485 1694 809 1759 Saxonibus,
837 1688 1286 1759 quemadmodum
1313 1689 1365 1741 in
1398 1684 1722 1739 monachatu
1750 1698 1849 1736 suo
1879 1697 2080 1753 propo-

2142 516 2148 523 '
2179 509 2408 563 aliorum
2438 510 2812 579 episcoporum
2842 507 3044 571 Galli:e,
3097 521 3392 577 regumque
3433 508 3632 576 quibus
3681 524 3778 563 eos

2178 600 2450 669 piissimus
2477 600 2636 655 Pater
2662 600 2890 670 pr0priis
2920 599 3111 654 litteris
3133 590 3562 663 commendarat,
3596 599 3778 668 hospi-

2182 691 2283 756 tia,
2328 690 2657 744 Britanniam
2687 691 2872 760 petiit,
2924 699 2978 744 et
3007 689 3074 743 ad
3127 699 3152 737 8
3198 689 3541 745 Edelbcrtum
3593 707 3779 760 regem

2178 781 2591 837 Cantuariorum
2644 783 2897 848 veniens,
2929 783 3024 836 Dei
3071 793 3402 852 cooperante
3428 785 3634 852 gratia,
3670 799 3777 839 non

2178 877 2352 930 solum
2396 873 2666 928 licentiam
2712 874 3070 944 praedicandi,
3100 891 3288 929 verum
3318 875 3484 929 etiam
3519 875 3697 931 vietus
3727 886 3782 930 et

2180 980 2487 1019 mansrones
2510 965 2562 1018 in
2593 965 2812 1019 civitate
2846 965 3260 1032 Dorovernensi,
3310 981 3432 1035 qua:
3462 974 3580 1020 erat
3629 969 3780 1035 regni

2180 1059 2297 1127 ejus
2322 1059 2656 1128 metropolis,
2689 1059 2841 1114 facile
2870 1059 3194 1129 impetravit.
3224 1059 3301 1112 Ad
3331 1074 3492 1128 quam
3523 1058 3781 1127 Augusti-

2180 1165 2280 1204 nus
2304 1165 2426 1204 cum
2454 1149 2647 1212 sociis,
2693 1148 2915 1219 przelata
2945 1163 3108 1202 cruce
3127 1190 3140 1212 ,
3191 1163 3286 1202 seu
3316 1147 3615 1205 Salvatoris
3645 1149 3779 1202 ima.

2176 1241 2335 1309 gine,
2369 1241 2808 1311 appropinquans
2827 1239 3054 1306 cecinit,
3096 1241 3281 1294 dicens
3312 1257 3324 1292 :
3365 1258 3383 1290 ‹
3419 1240 3785 1309 Deprecamur

2181 1341 2267 1396 te,
2301 1328 2554 1399 Domine,
2587 1335 2640 1387 in
2689 1333 2834 1387 omni
2865 1332 3232 1388 misericordia
3277 1340 3388 1396 tua,
3422 1339 3480 1386 ut
3509 1329 3785 1387 auferatur

2179 1423 2329 1479 furor
2357 1431 2480 1479 tuus
2507 1425 2694 1492 iraque
2717 1432 2808 1478 tua
2837 1439 2866 1476 a
2893 1423 3112 1478 civitate
3132 1423 3254 1489 ista,
3280 1430 3335 1476 et
3355 1437 3385 1476 a
3408 1421 3572 1479 domo
3594 1433 3782 1477 sancta

2181 1524 2294 1581 tua,
2318 1518 2570 1585 quoniam
2597 1514 2954 1585 peccavimus.
2988 1533 3005 1565 ι
3033 1512 3456 1568 Prmdicantibns
3476 1521 3657 1567 autem
3680 1514 3780 1574 eis,

2182 1615 2237 1660 et
2266 1606 2318 1659 in
2346 1607 2564 1660 nomine
2591 1604 2716 1659 Jesu
2769 1604 3024 1659 miracula
3054 1602 3374 1657 facientibus
3397 1645 3409 1664 ,
3435 1602 3784 1657 crediderunt

2182 1697 2368 1762 multi,
2401 1705 2457 1750 et
2491 1695 2747 1766 baptizati
2795 1705 2952 1759 sunt,
3001 1695 3260 1748 mirantes
3305 1692 3611 1747 innocentis
3662 1693 3784 1746 vita:

485 1793 702 1849 sucrat,
753 1782 982 1837 assiduis
1011 1779 1396 1848 cogitationum
1425 1775 1673 1829 ﬂuctibus
1720 1773 1746 1812 δ
1776 1783 2078 1842 urgeretur,

2192 1789 2604 1857 simplicitatem,
2631 1786 3164 1856 complectentesque
3181 1783 3515 1839 dulcedinem
3546 1784 3786 1840 caelestis

485 1890 612 1930 mox
643 1873 762 1936 ubi,
793 1870 1050 1926 Ecclesiae
1074 1877 1217 1922 statu
1261 1865 1562 1935 composito
1581 1903 1594 1926 ,
1632 1875 1653 1902 ε
1684 1871 1937 1932 quartum
1979 1863 2082 1931 55

484 1967 565 2023 sui
616 1963 959 2035 pontificatus
1005 1975 1204 2015 annum
1253 1959 1505 2022 intravit,
1557 1954 1910 2025 Augustinum
1961 1970 2083 2008 eum

485 2057 604 2111 aliis
633 2055 822 2109 domus
847 2067 957 2108 suae
1009 2049 1034 2088 ἀ
1087 2049 1402 2105 monasterii
1445 2047 1724 2102 monachis
1770 2046 1821 2100 in
1868 2045 2083 2099 Britan-

485 2149 628 2203 niam
657 2143 1060 2212 evangelizandi
1085 2142 1255 2211 gratia
1285 2141 1593 2196 destinavit.
1633 2149 1656 2177 ε
1689 2137 1789 2204 Qui
1823 2146 2084 2205 suscepta:

487 2236 972 2311 peregrinationis,
1036 2241 1160 2303 post
1207 2234 1322 2288 dies
1387 2232 1623 2299 aliquot,
1698 2229 1855 2283 inerti
1923 2226 2083 2281 taedio

487 2327 836 2401 praegravati,
887 2325 1065 2379 redire
1091 2323 1309 2378 domum
1341 2323 1518 2392 potius
1566 2337 1726 2391 quam
1775 2318 2080 2380 barbaram,

488 2425 683 2487 feram,
742 2419 1181 2486 incredulamque
1227 2425 1476 2485 gentem,
1523 2416 1684 2483 cujus
1732 2428 1801 2468 ne
1845 2412 2080 2479 linguam

489 2515 702 2586 quidem
734 2512 1121 2581 intelligerent,
1166 2509 1318 2564 adire
1365 2508 1741 2564 decreverunt.
1774 2505 1883 2560 Nec
1911 2519 2080 2569 mora,

491 2609 879 2679 Augustinum,
931 2619 1094 2673 quem
1141 2603 1220 2657 eis
1265 2601 1578 2671 episcopum
1635 2594 2080 2659 consecrandum,

490 2703 535 2758 si
586 2702 654 2756 ab
697 2699 880 2768 Anglis
923 2697 1332 2765 exciperentur,
1385 2691 1689 2756 indixerat,
1739 2689 1964 2743 Romam
1995 2701 2084 2740 re-

491 2795 742 2858 mittunt,
789 2803 1062 2844 summum
1124 2784 1408 2857 praesulem
1454 2783 1813 2853 deprecantes
1865 2788 1924 2833 ut
1973 2787 2084 2831 tam

491 2883 846 2947 laboriosam,
880 2889 990 2935 tam
1013 2879 1308 2943 incertam,
1354 2885 1572 2946 tamque
1603 2873 1960 2944 periculosam
1993 2885 2086 2939 pe.—

491 2975 909 3045 regrinationem
949 2971 1052 3027 sibi
1097 2985 1268 3040 nuper
1313 2968 1620 3038 impositam
1665 2970 1998 3025 removeret,
2031 2970 2086 3038 et

491 3068 554 3122 ad
579 3082 709 3122 suos
749 3064 948 3121 reverti
998 3063 1354 3132 permitteret.
1404 3059 1609 3125 Quibus
1656 3055 1745 3110 ille
1790 3053 2082 3122 rescripsit,

491 3157 676 3212 dicens
710 3174 722 3208 :

567 3267 656 3322 5t.
697 3287 714 3318 ι
751 3265 1042 3334 Gregorius
1071 3263 1374 3333 episcopus,
1415 3272 1605 3314 servus
1642 3268 1924 3311 servorum
1965 3251 2083 3316 Dei,

493 3361 661 3416 servis
689 3358 897 3413 Domini
928 3357 1097 3411 nostri
1123 3355 1251 3410 Jesu
1277 3353 1498 3408 Christi.
1533 3350 1668 3418 Quia
1695 3348 1884 3403 melius
1913 3346 2089 3401 fuerat

493 3454 634 3510 bona
661 3467 767 3506 non
798 3449 1055 3518 incipere,
1081 3461 1241 3518 quam
1284 3445 1352 3498 ab
1376 3443 1460 3499 liis
1485 3457 1606 3512 qua:
1633 3452 1808 3512 coepta
1837 3447 1962 3495 sunt
1990 3454 2088 3494 co-

494 3545 752 3615 gitatione
783 3551 1077 3598 retrorsum
1107 3538 1286 3594 redire
1305 3579 1318 3602 ,
1349 3550 1562 3592 summo
1607 3533 1786 3588 studio
1806 3574 1820 3598 ,
1854 3530 2090 3587 dilectis-

495 3637 612 3693 simi
642 3636 796 3702 Filii,
841 3639 1060 3704 oportet
1105 3639 1166 3684 nt
1209 3643 1345 3699 opus
1392 3628 1593 3682 bonum
1633 3623 1778 3695 quod
1831 3620 2086 3692 coepistis,

496 3728 790 3783 auxiliante
818 3726 1048 3780 Domino
1066 3763 1081 3787 ,
1129 3719 1467 3790 compleatis.
1519 3717 1630 3773 Nec
1657 3716 1810 3770 labor
1837 3729 1934 3768 vos
1959 3727 2088 3781 ergo

497 3823 720 3888 itineris,
741 3835 840 3875 nec
857 3817 1236 3872 maledicorum
1253 3812 1529 3866 hominum
1548 3810 1740 3878 lingua:
1751 3807 2058 3861 deterreant
2073 3823 2088 3866 ,

497 3912 587 3967 sed
617 3910 762 3966 omni
786 3905 1057 3970 instantia,
1086 3901 1342 3970 omnique
1366 3898 1596 3963 fervore,
1628 3911 1748 3966 quae
1777 3892 2087 3952 inchoastis.

497 4002 606 4058 Deo
631 4010 872 4066 auctore,
898 3995 1156 4068 peragite,
1181 3993 1411 4048 scientes
1423 3988 1565 4058 quod
1582 3987 1817 4042 laborem
1841 3999 2089 4054 magnum

497 4095 668 4163 major
695 4101 910 4147 :eternze
941 4083 1315 4142 retributionis
1357 4082 1530 4152 gloria
1575 4087 1957 4147 consequetur.
1986 4076 2094 4130 Re-

499 4187 698 4241 meanti
726 4191 904 4238 auteui
935 4178 1230 4246 Augustino
1258 4173 1549 4247 praeposito
1597 4178 1802 4238 vestro,
1831 4183 1990 4238 quem
2037 4176 2093 4222 et

500 4276 748 4330 abbatem
771 4271 923 4326 vobis
968 4265 1372 4328 constituimus,
1429 4262 1483 4316 in
1528 4259 1778 4316 omnibus
1819 4258 2096 4312 humiliter

503 4365 740 4428 obedite,
769 4361 1002 4417 scientes
1029 4356 1223 4414 vestris
1267 4354 1549 4410 animabus
1574 4367 1672 4422 per
1701 4350 1883 4406 omnia
1909 4348 2094 4419 profu-

504 4470 683 4514 turum
704 4453 961 4526 quidquid
991 4468 1021 4506 a
1069 4449 1222 4506 vobis
1271 4447 1432 4502 fuerit
1479 4447 1532 4500 in
1582 4444 1699 4514 ejus
1728 4443 2093 4500 admonitione

2186 1878 2460 1933 doctrina}.

2254 1993 2343 2048 56.
2375 1992 2716 2063 Quapropter
2736 1991 3064 2061 Augustinus
3095 1988 3280 2043 Arelas
3309 1989 3481 2056 venit,
3505 1997 3565 2044 et
3585 2004 3789 2045 secun-

2184 2082 2309 2136 dum
2331 2081 2574 2150 Gregorii
2602 2082 2902 2136 iussionem
2925 2081 2992 2136 ab
3015 2080 3041 2116 δ
3067 2079 3316 2134 Etherio
3338 2081 3620 2150 episcopus
3651 2096 3789 2136 con-

2183 2184 2444 2241 secratus,
2477 2175 2530 2229 in
2555 2174 2881 2228 Britanniam
2911 2172 3201 2236 remeavit;
3229 2170 3487 2238 illicoque
3515 2175 3612 2240 per
3639 2169 3786 2224 Lau-

2185 2265 2415 2319 rentium
2463 2264 2863 2334 presbyterum,
2914 2271 2970 2316 et
3016 2261 3231 2316 Petrum
3281 2261 3602 2316 monachum
3633 2276 3788 2332 papae

2183 2355 2444 2424 Gregorio
2472 2355 2881 2411 conversionem
2904 2353 3078 2423 gentis
3109 2353 3424 2422 Anglorum,
3453 2368 3621 2422 seque
3648 2369 3788 2408 con-

2184 2457 2452 2504 secratum
2469 2449 2722 2509 innotuit.
2743 2462 3036 2518 suggerens
3057 2456 3114 2501 ut
3140 2449 3240 2503 sibi
3263 2448 3504 2502 mitteret
3524 2448 3788 2518 plurimos

2183 2540 2336 2597 verbi
2365 2541 2656 2606 ministros,
2702 2555 2769 2595 eo
2821 2539 2964 2610 quod
3012 2555 3244 2595 messem
3290 2539 3516 2609 quidem
3561 2540 3789 2596 multam

2186 2629 2432 2697 haberet,
2463 2630 2743 2702 Operarios
2774 2638 2955 2685 autem
2985 2645 3211 2700 paucos.

2260 2722 2349 2776 57.
2383 2723 2585 2789 Quibus
2609 2721 2965 2778 relationibus
2990 2721 3283 2791 Gregorius
3311 2723 3364 2777 in
3416 2712 3633 2778 Christo
3655 2722 3787 2778 laeti-

2188 2812 2414 2876 ficatus,
2444 2814 2588 2868 misit
2631 2813 2928 2882 Augustino
2978 2813 3237 2883 plurimos
3282 2813 3431 2868 verbi
3487 2815 3785 2882 ministros,

2188 2905 2293 2976 56
2315 2906 2369 2960 in
2395 2906 2587 2974 quibus
2617 2904 2869 2975 praecipui
2899 2913 3053 2959 erant
3083 2903 3332 2968 Mellitus,
3365 2903 3567 2970 Justus,
3601 2903 3788 2968 Pauli-

2189 3004 2396 3064 nus,et
2438 2996 2452 3033 ί
2489 2994 2835 3062 Ruﬁnianus;
2884 3003 2941 3051 et
2990 3011 3088 3064 per
3133 3010 3228 3050 eos
3277 2995 3525 3052 universa
3571 3009 3693 3064 quae
3719 2994 3789 3051 ad

2189 3088 2389 3142 cultum
2431 3094 2586 3141 erant
2643 3085 2896 3141 Ecclesiae
2953 3087 3283 3150 necessaria,
3360 3102 3488 3142 vasa
3538 3087 3790 3143 videlicet

2114 3165 2160 3225 C
2190 3189 2372 3240 saera,
2405 3181 2460 3227 et
2504 3173 2822 3228 vestimenta
2869 3173 3148 3240 altarium,
3181 3186 3498 3228 ornamenta
3531 3177 3792 3230 ecclesia-

2188 3266 2344 3332 stica,
2370 3265 2691 3322 vestimenta
2713 3264 3004 3330 clericalia,
3019 3265 3391 3335 apostolorum
3413 3274 3468 3320 et
3489 3266 3790 3322 multorum

2188 3363 2496 3411 sanctorum
2524 3355 2799 3426 reliquias,
2842 3363 2897 3411 et
2940 3354 3169 3411 Codices
3197 3357 3414 3412 multos.
3463 3355 3611 3412 Misit
3651 3358 3792 3433 eiet

2189 3446 2433 3516 pallium,
2458 3446 2651 3516 jubens
2673 3455 2732 3502 ut
2756 3447 2855 3503 sub
2885 3447 3170 3517 metropoli
3219 3462 3313 3502 sua
3342 3445 3549 3503 Cantiae
3575 3448 3789 3504 duode-

2189 3537 2293 3593 cim
2322 3538 2606 3607 episcopos
2621 3537 2917 3606 ordinaret,
2949 3537 3015 3592 ad
3037 3537 3375 3593 Londoniam
3401 3546 3459 3594 et
3481 3538 3783 3596 Eburacam

2190 3631 2429 3700 singulos
2459 3632 2744 3701 episcopos
2773 3631 3032 3697 mitteret,
3066 3632 3157 3702 qui
3184 3632 3283 3688 sub
3309 3645 3368 3686 se
3391 3631 3675 3688 duodecim
3705 3634 3789 3688 ni-

2191 3721 2482 3777 hilominus
2501 3723 2784 3793 episcopos
2804 3731 3208 3787 consecrantes,
3234 3723 3450 3794 pallium
3475 3724 3542 3778 ab
3565 3732 3787 3793 aposto-

2191 3812 2291 3867 lica
2321 3811 2446 3867 sede
2467 3813 2820 3883 perciperent,
2869 3821 2924 3868 et
2952 3821 3073 3884 post
3125 3814 3402 3882 Augustini
3435 3814 3638 3869 obitum
3667 3813 3787 3886 ipse

2192 3901 2330 3956 inter
2359 3918 2452 3958 eos
2490 3904 2695 3973 primus
2719 3903 2907 3959 .baberi
2949 3904 3237 3972 debuisset,
3270 3906 3361 3974 qui
3399 3906 3549 3976 prius
3593 3922 3786 3962 conse-

2193 3993 2334 4050 crari
2374 3995 2673 4050 meruisset.
2725 3993 2984 4065 Prrecepit
3023 4011 3236 4069 quoque
3281 4006 3339 4053 ut
3390 3999 3441 4054 in
3491 3997 3784 4068 Anglorum

2193 4094 2352 4153 gente
2381 4085 2644 4141 idolorum
2675 4084 2792 4142 lana
2824 4102 2928 4142 non
2959 4087 3286 4154 destrueret,
3315 4088 3410 4144 sed
3439 4089 3783 4146 sanctificatis

2195 4179 2348 4248 aquis
2393 4193 2637 4248 respersa
2685 4178 2739 4232 in
2768 4179 3015 4234 basilicas
3062 4179 3356 4236 dedicaret.
3387 4180 3451 4234 Et
3480 4183 3604 4250 quia
3636 4185 3779 4237 sole-

2195 4269 2326 4323 bant
2352 4269 2595 4324 Saxones
2625 4269 2677 4322 in
2709 4266 2975 4324 sacrificio
3023 4269 3328 4326 daamonum
3375 4271 3540 4326 boves
3585 4272 3782 4326 multos

2196 4360 2472 4428 occidere,
2513 4359 2673 4430 jussit
2705 4369 2760 4415 ut
2790 4361 2842 4415 in
2893 4361 2979 4416 die
3007 4361 3391 4426 dedicationis,
3417 4361 3501 4416 vel
3533 4364 3782 4418 natalitiis

2197 4459 2503 4506 sanctorum
2527 4460 2843 4522 martyrum,
2875 4467 3103 4523 quorum
3129 4452 3366 4522 reliquiae
3391 4452 3498 4507 illic
3521 4468 3778 4523 poneren-

504 4548 853 4618 completum.
881 4543 1233 4612 Omnipotens
1258 4537 1402 4593 Deus
1428 4551 1524 4592 sua
1563 4551 1659 4591 vos
1688 4535 1858 4604 gratia
1903 4541 2090 4604 prote-
2121 4545 2171 4607 ι)
2199 4548 2299 4605 tur,
2330 4541 2673 4596 tabernacula
2701 4541 2803 4595 sibi
2833 4541 2974 4596 circa
3001 4541 3218 4596 easdem
3244 4541 3517 4607 ecclesias,
3570 4558 3689 4613 qua:
3715 4559 3778 4598 cx

504 4647 614 4709 gat,
651 4637 670 4676 ί
703 4644 759 4692 et
780 4634 946 4691 vestri
973 4630 1176 4688 laboris
1203 4629 1434 4684 fructum
1465 4627 1520 4682 in
1547 4635 1748 4681 :eterna
1789 4639 1876 4679 me
1919 4623 2090 4693 patria

505 4731 688 4786 videre
717 4726 1009 4791 concedat,
1059 4731 1326 4792 quatenus
1351 4726 1406 4774 et
1450 4718 1494 4773 si
1521 4717 1796 4772 vobiscum
1846 4715 2092 4770 laborare

503 4836 735 4891 nequeo,
778 4818 936 4874 simul
962 4817 1013 4871 in
1043 4814 1236 4883 gaudio
1265 4809 1635 4866 retributionis
1660 4806 1920 4872 inveniar,
1964 4807 2090 4875 quia

504 4913 752 4968 laborare
773 4909 976 4965 scilicet
1004 4905 1147 4959 volo.
1188 4922 1205 4954 ι
1243 4900 1382 4974 (Lib.
1413 4915 1483 4961 γι.
1517 4901 1668 4970 epist.
1697 4896 1809 4968 5i.)

571 5001 665 5057 35.
691 5001 785 5055 llis
814 4994 1275 5054 exhortationibus
1313 4991 1642 5060 Augustinus
1683 5003 1806 5044 cum
1836 4985 2090 5042 fratribus

580 5168 605 5196 ⁸
632 5157 805 5226 Bigot.
840 5164 894 5210 et
919 5153 1085 5218 Utie.,
1117 5149 1351 5205 basilica.

582 5227 608 5265 h
635 5228 782 5290 Mss.,
813 5234 1126 5296 argueretur.

584 5309 606 5336 ο
637 5286 1009 5361 ιιιιοζςεπῖηηι,
1054 5293 1156 5348 etsi
1205 5290 1329 5345 Mss.
1381 5287 1606 5345 Codices
1657 5286 1890 5342 habeant
1938 5302 2095 5358 quar-

507 5380 632 5422 tum.

575 5437 599 5475 ἀ
633 5437 688 5492 ιιι
715 5437 851 5506 Reg.
883 5434 1175 5496 omittitur,
1225 5429 1543 5484 monasterii.
1588 5426 1740 5484 Colb.
1784 5435 1839 5482 et
1881 5425 2088 5488 Norm.,

505 5509 826 5564 Britannias.

573 5588 602 5616 ο
636 5576 799 5636 Utic.,
846 5575 933 5643 qui
974 5575 1070 5643 iter
1106 5570 1458 5643 suscipientes.

579 5645 599 5684 τ
634 5635 1003 5707 Ειιίιένὲιιὶρη
1037 5635 1322 5696 Gussanv..
1357 5637 1578 5705 Mabill.,
1618 5646 1666 5689 et
1692 5636 1853 5690 nostri
1874 5635 2089 5707 laboris,

504 5705 998 5771 contradicentibus
1026 5711 1152 5764 Mss.
1189 5717 1243 5763 et
1273 5708 1533 5760 orationis
1571 5708 1731 5768 serie,
1765 5720 1870 5774 qua
1923 5705 2090 5773 liquet

504 5783 824 5852 Gregorium
862 5781 1064 5837 nullam
1092 5779 1193 5835 sibi
1219 5777 1415 5835 laboris
1445 5776 1718 5846 apostolici
1744 5783 1948 5844 partem
1979 5790 2088 5843 pra)

2199 4632 2336 4686 fanis
2367 4639 2711 4687 commutatae
2737 4643 2889 4696 sunt,
2939 4633 3005 4688 de
3036 4634 3200 4688 ramis
3228 4635 3480 4688 arborum
3525 4634 3776 4699 facerent,
3852 4661 3856 4664 ι

2198 4732 2254 4778 et
2281 4723 2545 4791 religiosis
2583 4722 2844 4778 conviviis
2895 4723 3266 4778 solemnitates
3293 4723 3500 4778 debitas
3541 4725 3778 4780 celebra-

2197 4823 2337 4869 rent.
2367 4813 2431 4867 Et
2455 4815 2579 4884 quia
2610 4829 2770 4884 super
2816 4814 3131 4883 quibusdam
3175 4816 3423 4884 capitulis
3459 4816 3780 4883 Augustirus

2197 4920 2320 4959 cum
2352 4906 2712 4973 interrogans,
2754 4904 2983 4973 qualiter
3009 4904 3293 4973 episcopus
3339 4920 3460 4958 cum
3508 4905 3620 4958 suis
3656 4922 3776 4959 con-

2196 4995 2398 5052 versari
2425 4995 2647 5051 deberet
2665 4994 2890 5059 clericis,
2919 4983 3219 5063 requisivit,
3246 5000 3436 5051 docth
3459 4995 3776 5048 humillimus

2197 5147 2458 5202 modestia
2506 5147 2741 5202 tribuere
2773 5163 2787 5200 :
2815 5156 3064 5217 quatenus
3109 5146 3206 5199 etsi
3243 5145 3498 5200 vobiscum
3545 5146 3776 5200 laborare

2196 5235 2406 5272 nequeo.

2261 5236 2537 5342 (slsufloemet.
2569 5301 2689 5341 cum
2717 5285 2888 5356 Bigot.
2922 5295 2978 5341 et
3000 5284 3176 5352 Colb.,
3227 5284 3582 5353 Editbermm,
3619 5283 3797 5350 Utic..'

2194 5357 2538 5412 Adelbertum.

2267 5428 2291 5464 ιι
2324 5427 2631 5496 Legendum
2687 5425 2934 5497 Virgilio,
2976 5429 3067 5495 qui
3110 5435 3273 5497 tnnc__
3289 5425 3621 5481 Arelatensis
3667 5434 3774 5480 erat

2191 5495 2494 5580 episcopus:
2522 5495 2947 5580 .{Etherin's'_vero
2972 5497 3211 5580 Ltrgilun.
3237 5495 3416 5550 Errori
3443 5499 3776 5554 occasionem

2193 5565 2419 5638 phebuit
2445 5568 2606 5632 Beda,
2631 5568 2675 5638 ili.
2705 5565 2913 5638 ιιίιίεῑ.1
2946 5583 2993 5622 c.
3027 5567 3113 5622 9.7.

2271 5637 2286 5676 ί
2340 5639 2576 5706 Andcg.,
2624 5637 2825 5708 Eruﬁn.
2875 5637 3050 5703 Utic.,
3102 5637 3341 5707 Ruﬁnus.
3382 5635 3548 5705 Reg,
3595 5633 3774 5707 Ruﬁn-

2191 5725 2306 5764 ητις.
