4018 6316
227 279 319 325 1’)!

821 276 876 328 S.
920 271 1245 327 CltEGUlill
1286 268 1497 324 MAle
1543 267 1723 332 VllA,
1769 267 1969 322 AUCT.
2014 270 2279 323 JOANNE
2319 270 2634 326 DlACONO.
2677 270 2806 327 LIB.
2852 272 2911 327 ll.

3406 272 3508 330 162

224 389 367 443 inter
397 398 587 443 czctera
627 388 703 441 sic
746 386 1016 455 rescripsit
1050 403 1062 437 :
1100 404 1116 435 ι
1156 382 1291 449 Quia
1341 391 1427 435 tua
1479 381 1811 445 fraternitas,
1843 383 1894 443 Α
1920 392 2141 452 gantur;
2175 385 2269 440 sed
2295 387 2464 442 adhuc
2492 388 2611 442 illos
2642 389 2942 460 ne0phytos
2966 389 3278 457 existentes,
3320 394 3510 461 saepis-

222 478 537 533 monasterii
569 475 759 543 regulis
784 474 1012 539 erudita,
1045 489 1289 529 seorsum
1316 474 1497 527 vivere
1520 488 1629 525 non
1654 472 1817 527 debet

231 585 263 623 a
306 569 517 622 clericis
562 565 669 621 suis
690 607 704 631 ,
754 565 805 618 in
836 564 1075 617 Ecclesia
1109 562 1401 630 Anglorum
1426 600 1439 623 ,
1474 578 1593 630 qua:
1623 577 1815 631 nuper,

225 669 445 713 auctore
496 659 634 721 Deo,
680 657 743 710 ad
775 665 799 693 α
832 656 990 710 ﬁdem
1031 654 1292 724 perducta
1323 662 1440 713 est,
1496 653 1634 707 hanc
1662 652 1821 706 debet

222 748 683 802 conversationem
734 746 1040 809 instituere,
1082 760 1201 813 qua:
1246 743 1299 796 in
1350 742 1503 796 initio
1550 743 1819 797 nascentis

220 839 469 893 Ecclesia:
499 837 593 892 fuit
620 839 860 908 patribus
888 838 1107 901 nostris,
1138 837 1188 889 in
1220 836 1415 904 quibus
1437 835 1611 888 nullus
1630 850 1815 888 eorum

218 946 285 984 ex
315 931 397 985 his
425 946 543 999 qua:
573 931 920 1000 possidebant
970 928 1172 998 aliquid
1221 944 1374 982 suum
1417 942 1535 981 esse
1583 927 1810 990 dicebat,

215 1023 311 1077 sed
341 1032 497 1077 erant
520 1023 624 1077 illis
653 1023 833 1078 omnia
862 1023 1189 1077 communia.
1231 1041 1248 1072 ι
1280 1019 1411 1074 Cum
1437 1034 1539 1074 una
1568 1020 1638 1072 sit
1661 1018 1810 1084 ﬁdes,

217 1128 317 1166 cur
343 1128 505 1183 super
552 1114 836 1168 missarum
871 1113 1234 1167 celebratione
1268 1111 1538 1166 Gallicana
1573 1108 1810 1163 Ecclesia

218 1204 459 1259 Romana
508 1204 784 1260 discordet
842 1204 1141 1273 Augustino
1208 1203 1464 1272 qurerenti
1520 1202 1811 1269 Gregorius

216 1294 335 1347 ait:
374 1312 391 1344 ι
428 1294 587 1348 Novit
617 1304 705 1347 tua
754 1293 1063 1348 fraternitas
1102 1293 1355 1347 Romanae
1403 1291 1653 1345 Ecclesia:
1682 1306 1809 1344 con-

212 1384 577 1450 suetudinem,
613 1386 662 1438 in
690 1399 793 1453 qua
834 1398 895 1437 se
925 1383 1164 1437 meminit
1208 1382 1515 1435 cnutritam.
1546 1379 1647 1433 Sed
1679 1378 1807 1432 mihi

210 1474 394 1543 placet
425 1484 484 1529 ut
535 1476 652 1530 sive
701 1476 753 1528 in
782 1474 1021 1528 Romana
1047 1515 1062 1541 ,
1093 1474 1202 1527 sive
1223 1471 1274 1524 in
1305 1472 1541 1539 qualibet
1571 1469 1807 1524 Ecclesia

207 1568 419 1636 aliquid
450 1568 721 1634 invenisti,
752 1567 893 1635 quod
924 1567 1039 1634 plus
1088 1562 1441 1631 omnipotenti
1476 1562 1586 1614 Deo
1637 1562 1809 1631 possit

204 1661 464 1726 placere,
497 1660 719 1713 sollicite
765 1657 962 1723 eligas,
1015 1666 1069 1708 et
1112 1653 1163 1707 in
1199 1653 1492 1719 Anglorum
1544 1652 1804 1718 Ecclesia,

1918 476 2053 530 sime
2091 492 2187 530 eos
2228 478 2375 547 prius
2402 478 2584 535 illicita
2615 480 2812 534 docere
2844 478 2861 518 τ
2897 482 3095 546 vitare,
3146 491 3201 535 et
3240 482 3416 538 verbis
3446 499 3512 542 ac

1922 568 2181 636 exemplis
2212 570 2503 633 instruere,
2552 580 2606 623 et
2634 586 2751 639 qua:
2780 582 2902 639 post
2932 572 2997 627 de
3029 574 3225 628 talibus
3268 576 3506 641 egerint,

1923 660 2318 714 rationabi'iter
2362 677 2428 716 ae
2477 660 2705 715 fideliter
2751 664 3037 719 excludere
3084 675 3321 735 oportet.
3375 666 3507 721 Nam

1915 748 2067 817 juxta
2100 750 2215 818 Apo
2249 752 2438 814 tolum,
2465 752 2558 820 qui
2585 753 2659 805 ait
2687 770 2698 804 :
2735 751 2843 805 Lac
2871 754 3008 808 vobis
3030 764 3202 825 potum
3231 758 3371 819 dedi,
3406 776 3507 811 non

1918 857 2084 894 eseam
2119 842 2184 909 (I
2211 840 2329 896 Cor.
2364 859 2448 908 ut,
2484 843 2583 911 2),
2618 853 2640 890 ε
2668 845 2767 898 ista
2796 844 2900 899 illis
2920 846 3096 909 modo,
3131 862 3235 901 non
3260 850 3505 917 posteris,

1918 938 1976 985 ut
2009 931 2284 995 (raeﬁxum
2327 943 2440 998 est,
2486 934 2819 1003 temporibus
2850 937 3075 989 tenenda
3108 934 3131 972 ιλ
3165 938 3509 1003 indulsimus,

1917 1038 1985 1075 ne
2015 1023 2211 1075 bonum
2244 1024 2385 1091 quod
2420 1023 2626 1076 inﬁrma
2659 1025 2835 1077 adhuc
2868 1026 3049 1080 radice
3079 1027 3373 1094 plantatum
3397 1037 3508 1081 erat

1923 1111 1936 1147 ί
1968 1120 2265 1171 erueretnr,
2300 1112 2392 1166 sed
2422 1122 2659 1179 ereptum
2684 1114 3076 1182 aliquantulum
3103 1113 3425 1179 ﬁrmaretur,
3457 1129 3513 1170 et

1912 1217 2083 1270 usque
2108 1201 2172 1255 ad
2195 1201 2582 1271 perfectionem
2602 1202 3017 1257 custodiretum
3051 1204 3189 1272 (Lib.
3219 1222 3325 1267 xw,
3357 1210 3508 1274 epist.

1912 1296 2033 1362 ult.)
2063 1294 2188 1347 llrec
2216 1308 2344 1363 ergo
2368 1292 2566 1347 idcirco
2590 1293 2999 1361 perstringenda
3024 1296 3228 1360 curavi,
3259 1305 3315 1347 nt
3337 1297 3391 1348 hi
3420 1296 3511 1363 qui

1914 1387 2206 1441 occasione
2257 1399 2410 1439 nova:
2461 1384 2879 1453 dispensationis
2936 1384 3117 1439 illicita
3170 1386 3508 1442 matrimonia

1910 1477 2268 1540 contrahunt,
2319 1475 2738 1529 eruditissimum
2786 1490 2981 1545 papam
3030 1475 3345 1544 Gregorium
3397 1491 3505 1530 non

1911 1567 2233 1635 regulariter
2270 1574 2474 1634 quarta:
2510 1565 2871 1633 generationis
2911 1565 3157 1635 copulam
3203 1566 3503 1632 censuisse,

1910 1658 2020 1712 imo
2053 1656 2335 1711 venialiter
2364 1657 2628 1726 simulque
2667 1658 3041 1725 temporaliter
3068 1658 3377 1727 permisisse
3405 1674 3501 1713 co-

202 1765 337 1819 qua:
362 1752 536 1804 adhuc
565 1764 697 1802 nova
720 1756 799 1800 est
828 1746 891 1799 ad
925 1745 1112 1811 ﬁdem,
1160 1746 1496 1799 institutione
1536 1747 1806 1817 praecipua
1845 1753 1884 1810 Β
1910 1758 2192 1818 gunscant.
2238 1749 2399 1817 Cujz‘s
2433 1750 2684 1804 nimirum
2715 1750 2965 1818 precibus
2999 1750 3138 1804 Deus
3169 1751 3503 1818 omnipotens

204 1856 329 1907 qua:
353 1839 422 1893 de
452 1841 632 1893 multis
672 1837 925 1891 Ecclesiis
952 1837 1204 1905 colligere
1250 1838 1509 1907 potuisti,
1540 1836 1807 1893 infundas.

209 1935 325 1987 Non
376 1934 521 1986 enim
565 1950 663 2001 pro
694 1932 822 1985 locis
870 1947 986 1994 res,
1039 1932 1135 1985 sed
1168 1947 1266 1998 pro
1317 1933 1473 1985 bonis
1504 1932 1662 1985 rebus
1694 1934 1809 1987 loca

210 2024 437 2079 amanda
484 2033 626 2077 sunt.
660 2023 739 2077 Ex
767 2023 989 2091 singulis
1030 2038 1159 2091 ergo
1200 2023 1501 2092 quibusque
1533 2022 1807 2087 Ecclesiis,

211 2132 329 2185 qua:
356 2116 472 2185 pia,
507 2131 625 2183 qua:
656 2115 907 2183 religiosa
930 2156 943 2177 ,
976 2129 1094 2184 qum
1123 2123 1269 2169 recta
1300 2123 1453 2179 sunt,
1508 2115 1703 2183 eligas,
1755 2124 1810 2169 et

211 2204 323 2259 ha:c
351 2205 502 2272 quasi
532 2205 583 2258 in
613 2205 831 2259 vasculo
861 2204 1123 2267 collecta,
1154 2204 1294 2273 apud
1326 2204 1619 2272 Anglorum
1652 2220 1807 2259 men-

209 2314 324 2355 sam
357 2300 409 2353 in
454 2297 894 2351 consuetudinem
939 2306 1137 2350 vertas.
1180 2316 1198 2347 ›
1234 2296 1593 2364 Interrogatus
1641 2296 1807 2350 etiam

210 2390 479 2460 quomodo
526 2404 591 2443 ea
639 2403 759 2457 qua:
789 2388 931 2443 fures
960 2388 1027 2442 de
1066 2388 1308 2443 ecclesiis
1336 2388 1657 2443 abstulerint
1685 2389 1806 2443 red-

210 2481 342 2537 dere
367 2481 631 2543 debeant,
664 2480 976 2534 mitissimus
1006 2479 1165 2533 Pater
1197 2496 1209 2532 :
1249 2499 1267 2531 ι
1301 2480 1473 2544 Absit,
1508 2480 1712 2549 inquit,
1745 2488 1806 2533 ut

209 2571 438 2626 ecclesia
484 2586 608 2625 cum
654 2579 945 2638 augmento
992 2570 1217 2639 recipiat
1266 2570 1410 2639 quod
1459 2570 1527 2624 de
1576 2572 1807 2625 terrenis

211 2664 369 2725 rebus
414 2662 628 2716 videtur
656 2662 933 2723 amittere,
980 2670 1035 2716 et
1079 2662 1223 2715 lucra
1271 2676 1407 2715 vana
1451 2663 1747 2730 requirere.
1782 2681 1799 2713 ι

211 2754 351 2808 Sane
374 2754 665 2823 requisitas
691 2754 759 2808 ab
808 2753 997 2807 eodem
1030 2752 1326 2821 Augustino
1356 2768 1526 2820 usque
1567 2752 1638 2805 ad
1666 2768 1805 2820 quo-

213 2854 315 2899 tam
341 2844 741 2912 generationem
767 2842 953 2897 lideles
975 2844 1208 2897 debeant
1227 2843 1488 2911 copulari,
1515 2842 1808 2911 Gregorius

210 2937 599 3007 dispensatorie
626 2936 703 2991 sic
749 2936 1061 3005 rescripsit:
1102 2954 1119 2986 ι
1156 2934 1409 3001 Quzcdam
1459 2945 1673 2989 terrena
1721 2936 1807 2989 lex

212 3033 261 3084 in
295 3030 537 3083 Romana
568 3028 839 3097 republica
864 3028 1127 3097 permittit
1153 3036 1214 3080 ut
1239 3028 1352 3081 sive
1378 3028 1539 3081 frater
1554 3037 1608 3081 ct
1628 3044 1801 3090 soror,

1917 1852 2122 1897 tantam
2156 1844 2453 1910 Augustino
2484 1844 2709 1912 ejusque
2748 1842 2909 1897 sociis
2941 1842 3305 1897 faciendorum
3332 1844 3505 1910 signo.

1914 1951 2032 1987 rum
2061 1936 2287 2002 gratiam
2312 1935 2562 1998 contulit,
2596 1944 2651 1988 ut
2680 1934 2898 1988 verbum
2933 1935 3052 1987 vit:e
3081 1935 3223 2001 quod
3254 1950 3350 1988 ore
3376 1948 3507 2003 prae»

1914 2024 2168 2079 dicabant
2183 2026 2454 2092 signorum
2470 2024 2707 2079 efﬁcacia
2727 2025 2884 2079 conli~
2901 2034 3128 2079 marent.
3149 2024 3296 2079 Unde
3311 2025 3505 2079 factum

1907 2127 1992 2171 est
2016 2126 2073 2170 ut
2095 2117 2281 2185 paucis
2305 2116 2644 2170 elabentibus
2666 2120 2839 2181 annis,
2866 2118 3030 2171 etiam
3054 2119 3233 2171 czeteri
3260 2116 3505 2171 Saxonia:

1908 2222 2067 2276 reges
2104 2207 2169 2261 ad
2211 2206 2408 2261 Christi
2450 2207 2661 2262 Domini
2709 2207 2867 2263 ﬁdem
2913 2223 3011 2277 per
3057 2208 3352 2277 discipulos
3390 2207 3507 2277 ejus

1910 2298 2249 2352 accederent.

1983 2389 2070 2441 ει).
2114 2387 2189 2443 De
2218 2388 2369 2456 cujus
2407 2389 2581 2459 gentis
2610 2389 2999 2454 conversione,
3042 2388 3308 2459 simulque
3337 2390 3503 2444 mira-

1910 2480 2148 2535 Culurum
2180 2481 2434 2549 prodigiis
2464 2496 2582 2551 qua:
2610 2481 2804 2535 ibidem
2836 2479 3071 2543 ﬁebant,
3114 2480 3184 2533 ita
3216 2478 3504 2549 Gregorius

1910 2569 1962 2622 in
2005 2570 2152 2623 libris
2189 2570 2481 2624 Moralihus
2522 2572 2801 2639 perhibet,
2834 2572 3019 2626 dicens
3049 2590 3061 2624 :
3102 2590 3119 2622 ι
3156 2570 3297 2626 Ecce
3327 2572 3503 2639 lingua

1911 2660 2236 2725 Britannite,
2265 2677 2385 2731 qua:
2418 2663 2548 2716 nihil
2589 2662 2729 2717 aliud
2764 2670 2987 2716 noverat
3026 2677 3186 2730 quam
3218 2662 3504 2717 barbarum

1910 2751 2188 2815 frendere,
2235 2754 2546 2819 jamdudum
2586 2756 2638 2809 in
2681 2754 2773 2808 Dei
2812 2753 3059 2809 laudibus
3091 2753 3313 2807 Hebraea
3344 2754 3507 2821 carpit

1910 2841 2074 2895 verba
2105 2856 2383 2896 resonare.
2428 2842 2564 2897 Ecce
2593 2843 2865 2911 quondam
2908 2843 3179 2907 tumidus,
3220 2843 3330 2911 jam
3375 2842 3504 2895 sub-

1911 2942 2113 2988 stratus
2141 2943 2447 2987 sanctorum
2478 2934 2703 3002 pedibus
2750 2934 2915 2988 servit
2959 2930 3234 2996 Oceanus,
3285 2930 3506 2999 ejusque

1911 3022 2171 3075 barbaros
2195 3032 2389 3086 motus,
2417 3038 2555 3091 quos
2579 3024 2777 3076 terreni
2802 3023 3069 3091 principes
3092 3022 3345 3076 edomare
3365 3022 3505 3077 ferro

212 3136 301 3175 seu
333 3120 561 3174 duorum
593 3122 813 3174 lratrum
845 3133 1243 3187 germanorum,
1284 3119 1368 3172 vel
1401 3119 1620 3172 duarum
1652 3137 1800 3174 Suro-
1835 3121 1877 3181 C
1912 3111 2298 3179 neQUivcrant,
2346 3112 2445 3166 hos
2474 3128 2572 3182 pro
2601 3113 2779 3167 divina
2826 3113 3116 3168 formidine
3158 3116 3503 3171 sacerdotum

213 3226 326 3264 rum
358 3211 495 3266 lilius
521 3220 578 3265 et
607 3209 712 3265 ﬁlia
742 3210 1087 3265 misceantur.
1132 3208 1238 3263 Sed
1264 3210 1637 3278 experimento
1660 3210 1799 3264 didi-

212 3304 379 3359 cimus
405 3318 473 3358 ex
504 3304 595 3357 tali
640 3302 892 3372 conjugio
938 3302 1181 3356 sobolem
1230 3316 1339 3355 non
1383 3318 1542 3371 posse
1588 3318 1804 3358 succre-

212 3412 386 3464 scere,
403 3396 427 3434 ιι
441 3405 496 3451 et
510 3413 665 3451 sacra
691 3397 773 3450 lex
785 3396 1037 3466 prohibet
1056 3398 1390 3464 cognationis
1414 3398 1800 3468 turpitudinem

214 3487 472 3540 revelare.
510 3484 661 3542 Unde
683 3498 902 3540 necesse
922 3493 1005 3540 est
1052 3493 1111 3539 ut
1152 3486 1262 3554 jam
1294 3487 1468 3552 tertia,
1504 3489 1586 3541 vel
1611 3497 1800 3556 quarta

215 3578 558 3645 generatione
582 3577 859 3645 generatio
890 3575 1125 3629 ﬁdelium
1156 3575 1379 3630 licenter
1406 3576 1507 3630 sibi
1528 3577 1673 3644 jungi
1715 3576 1802 3631 de-

213 3670 357 3722 beat.
408 3666 539 3720 Nam
572 3677 596 3705 ο
646 3666 699 3720 in
762 3666 1028 3732 secunda,
1077 3666 1180 3735 57
1226 3682 1385 3735 quam
1429 3667 1797 3735 prmdiximus,

212 3756 523 3810 omnimodo
564 3756 723 3810 debet
769 3755 1055 3809 abstinere.
1115 3774 1134 3806 ι
1189 3754 1327 3826 (Lib.
1377 3771 1458 3819 χι,
1493 3757 1643 3824 epist.
1686 3755 1801 3826 64.)

280 3845 373 3902 58.
398 3846 594 3901 Verum
622 3852 741 3914 post
764 3844 987 3899 multum
1010 3845 1270 3913 temporis
1292 3859 1320 3897 a
1346 3843 1523 3899 Felice
1547 3844 1803 3901 Messana:

214 3938 411 3994 Sicilia:
439 3937 666 4008 pncsule
708 3937 996 4005 requisitos
1026 3946 1205 3991 utrum
1235 3936 1532 4005 Augustino
1562 3938 1802 4006 scripsis-

215 4037 296 4085 set
328 4037 385 4081 ut
416 4028 707 4098 Anglorum
734 4036 921 4095 quarta
943 4028 1291 4096 generatione
1320 4034 1597 4081 contracta
1622 4028 1804 4082 matri-

215 4120 397 4174 monia
425 4118 644 4173 minime
672 4118 1023 4181 solverentur,
1062 4118 1387 4172 humillimus
1420 4117 1576 4171 Pater
1600 4116 1803 4187 Grego-

215 4209 329 4263 rius
378 4209 516 4261 inter
560 4216 758 4261 ctetera
801 4207 960 4261 talem
989 4207 1224 4262 reddidit
1250 4209 1514 4263 rationem
1547 4227 1561 4263 :
1599 4228 1617 4260 ι
1652 4209 1801 4275 Quod

216 4302 407 4370 scripsi
428 4301 742 4368 Augustino,
768 4300 1062 4369 Anglorum
1086 4301 1260 4368 gentis
1280 4301 1555 4371 episcopo,
1584 4303 1803 4356 alumno

216 4393 500 4459 videlicet,
528 4390 554 4429 δ
585 4403 644 4447 ιιι
670 4393 985 4448 recordatus
1005 4408 1093 4455 es,
1121 4401 1242 4454 tuo,
1275 4394 1341 4447 de
1366 4396 1639 4463 sanguinis
1668 4412 1800 4450 con-

1907 3217 2003 3257 ora
2029 3203 2361 3271 simplicibus
2388 3204 2567 3258 verbis
2590 3204 2756 3272 ligant
2779 3223 2792 3270 ;
2817 3214 2869 3259 et
2891 3205 2980 3274 qui
3002 3212 3247 3260 catervas
3265 3221 3505 3274 pugnan-

1908 3295 2037 3347 tium
2070 3294 2293 3349 inﬁdelis
2323 3310 2661 3365 nequaquam
2690 3304 2976 3359 metuerat,
3014 3295 3124 3364 jam
3157 3313 3296 3351 nunc
3329 3297 3503 3353 ﬁdelis

1905 3386 2184 3440 humifium
2214 3387 2423 3455 linguas
2447 3387 2617 3441 timet.
2650 3387 2779 3453 Quia
2808 3388 2949 3442 enim
2975 3389 3243 3458 perceptis
3268 3389 3503 3443 cmlesti-

1904 3477 2003 3531 bus
2028 3478 2229 3542 verbis,
2261 3478 2681 3533 clarescentibus
2702 3494 2918 3549 quoque
2939 3480 3228 3543 miraculis,
3262 3483 3431 3535 virtus
3453 3482 3502 3537 ei

1905 3568 2099 3623 divina:
2148 3570 2473 3637 cognitionis
2529 3570 2857 3639 infumlitur,
2915 3571 3156 3639 ejusdem
3208 3573 3502 3627 divinitatis

1906 3668 2120 3713 terrore
2150 3658 2485 3725 refrenatur;
2526 3670 2584 3714 ut
2616 3676 2778 3729 prave
2815 3675 2973 3729 agere
3002 3670 3202 3715 metuat
3228 3703 3242 3729 ,
3282 3677 3346 3717 ac
3377 3663 3502 3721 totis

1904 3751 2185 3805 desideriis
2232 3750 2295 3803 ad
2339 3753 2655 3804 a‘tcrnitatis
2696 3753 2924 3820 gratiam
2969 3753 3251 3819 pervenire
3294 3766 3500 3806 (⁵011011-

1903 3841 2094 3909 piscat.
2136 3859 2153 3891 ι
2193 3840 2349 3909 (Lib.
2385 3857 2526 3894 xxvu
2559 3842 2720 3904 Man,
2755 3858 2807 3893 n.
2839 3840 2964 3911 2|.)
3000 3841 3223 3911 Eulogio
3250 3858 3501 3911 quoque,

1906 3927 2224 3997 patriarcha:
2268 3927 2662 3995 Alexandrino,
2692 3928 2760 3982 de
2788 3929 3031 3983 doctrina
3062 3945 3171 3984 sua:
3213 3929 3501 3999 Ecclesiae,

1905 4019 2259 4073 conversione
2323 4019 2739 4087 haereticorum,
2798 4020 3203 4089 concordiaque
3261 4020 3501 4077 ﬁdelium

1907 4110 2208 4180 plausibilia
2240 4110 2516 4173 referenti,
2549 4108 2843 4179 Gregorius
2867 4110 2938 4164 ita
2961 4112 3234 4181 rescripsu
3264 4130 3277 4165 :
3312 4131 3330 4163 ι
3358 4112 3500 4179 Quo—

1907 4202 2049 4256 niam
2082 4202 2133 4255 in
2162 4202 2316 4256 bonis
2347 4216 2466 4271 qua:
2495 4203 2673 4271 agitis,
2710 4203 2823 4257 scio
2854 4204 2997 4271 quod
3029 4213 3082 4257 et
3112 4206 3231 4259 aliis
3261 4220 3498 4274 congau-

1903 4291 2071 4354 detis,
2106 4300 2295 4347 vestra:
2323 4308 2538 4361 quoque
2565 4293 2671 4364 58
2700 4293 2886 4362 gratia:
2917 4296 3085 4349 vicem
3120 4296 3292 4351 reddo
3312 4336 3328 4361 ,
3373 4297 3498 4366 quia

1906 4381 2031 4437 dum
2072 4396 2203 4451 gens
2248 4384 2575 4451 Anglorum,
2623 4386 2675 4439 in
2722 4386 2905 4439 mundi
2947 4388 3145 4455 angulo
3188 4390 3393 4457 posita,
3444 4390 3497 4444 in

222 4485 513 4550 iunctione,
539 4485 637 4554 ipsi
659 4493 713 4539 et
737 4484 1024 4553 Anglorum
1044 4487 1212 4553 genti,
1234 4500 1350 4553 qua:
1369 4502 1537 4556 nuper
1552 4487 1617 4541 ad
1641 4488 1673 4538 ﬁ
1695 4489 1796 4543 lem

1911 4472 2052 4526 cultu
2082 4472 2344 4541 lignorum
2373 4490 2437 4529 ac
2464 4475 2696 4544 lapidum
2722 4476 2923 4547 perﬁda
2953 4494 3093 4533 nunc
3123 4496 3292 4550 usque
3319 4497 3496 4536 rema-

226 4582 461 4637 renerat,
499 4583 521 4611 ε
545 4588 615 4628 ne
643 4588 673 4627 a
702 4573 844 4627 bono
870 4573 1013 4642 quod
1040 4582 1277 4643 cmperat
1302 4575 1587 4630 metuendo
1618 4586 1796 4632 auste-

220 4667 362 4720 riora
389 4664 683 4729 recederet,
713 4665 1017 4733 specialiter
1036 4672 1089 4718 et
1116 4680 1221 4718 non
1250 4667 1569 4733 generaliter
1590 4671 1797 4723 cteteris

216 4774 302 4812 me
332 4758 611 4828 scripsisse
651 4772 962 4825 cognoscas.
1010 4756 1160 4811 Unde
1189 4766 1244 4810 et
1285 4758 1410 4811 mihi
1440 4759 1591 4812 testis
1621 4761 1795 4815 omnis

216 4848 461 4903 Romana
490 4847 679 4901 civitas
721 4845 926 4908 existit,
977 4861 1076 4900 nec
1121 4861 1183 4900 ea
1224 4846 1520 4901 intentione
1551 4847 1663 4902 lucc
1692 4849 1797 4904 illis

213 4940 431 5007 scriptis
460 4936 725 5000 mandavi,
758 4945 815 4989 ut
836 4944 1115 5004 postquam
1139 4935 1289 4988 ﬁrma
1316 4935 1493 4990 radice
1518 4936 1713 4990 fuerint
1744 4939 1793 4992 in

213 5030 321 5083 ﬁde
351 5028 589 5091 solidati,
631 5028 675 5082 si
717 5026 849 5079 infra
876 5041 1145 5094 propriam
1170 5026 1683 5092 consanguinitatem
1713 5028 1798 5081 in-

213 5122 361 5175 vtnti
402 5119 625 5182 fuerint,
675 5134 782 5172 non
824 5125 1167 5186 separentur,
1219 5126 1311 5170 aut
1352 5118 1483 5171 infra
1530 5118 1800 5173 afﬁnitatis

210 5215 438 5277 lineam,
469 5212 525 5267 id
554 5219 639 5268 est
662 5226 830 5280 usque
852 5210 920 5264 ad
944 5211 1222 5280 septimam
1251 5213 1653 5279 generationem
1675 5213 1800 5283 jun-

284 5338 310 5365 ⁸
364 5328 605 5395 Vulgati,
645 5340 888 5395 conversa
929 5332 1035 5378 est.»

284 5399 310 5437 δ
333 5390 681 5451 Ηιιξοίιεείιηι
733 5396 783 5448 in
814 5394 987 5459 B‘got.
1020 5401 1070 5446 et
1100 5390 1261 5453 Utic.,
1293 5394 1379 5447 ubi
1424 5404 1546 5463 post
1574 5413 1799 5451 succres-

211 5478 326 5524 cere
349 5468 656 5521 immediate
679 5465 916 5531 sequitur
951 5480 962 5514 :
992 5464 1126 5515 unde
1148 5502 1161 5521 ,
1198 5471 1302 5515 etc.

284 5551 307 5578 ε
338 5536 524 5590 Nortu.
550 5580 564 5601 ,
618 5530 799 5588 nantia
840 5533 1085 5585 secunda.
1121 5530 1421 5598 Andegav.,
1456 5550 1573 5586 nam
1614 5553 1798 5590 secun-

248 5627 351 5664 am.

281 5681 306 5716 α
341 5676 563 5731 Plurimi
598 5674 764 5732 Edit.,
810 5682 865 5724 nt
900 5671 1141 5724 recordor
1180 5680 1372 5725 nostra.
1424 5673 1555 5740 Ipsis
1600 5676 1796 5730 sufl'ra-

220 5756 410 5815 gautur
450 5746 605 5802 Golb.
640 5754 694 5799 et
744 5743 872 5811 Reg.
906 5740 1190 5811 Sequimur
1228 5750 1334 5795 tres
1374 5742 1496 5797 Mss.
1532 5744 1711 5801 Nortn.
1747 5758 1800 5801 et

1907 4573 2092 4628 neret,
2130 4581 2194 4619 ex
2240 4576 2427 4621 vestrm
2456 4568 2584 4621 mihi
2616 4570 2881 4625 orationis
2911 4570 3179 4639 adjutorio
3212 4573 3409 4639 placuit
3438 4581 3498 4625 ut

1904 4658 1967 4710 ad
1995 4673 2111 4712 eam
2142 4662 2455 4715 monasterii
2487 4662 2590 4716 mei
2624 4662 2944 4717 monachum
2976 4664 3027 4717 in
3059 4664 3495 4733 prtcdicationem

1904 4751 2301 4815 ttansmittere,
2351 4752 2460 4806 Deo
2493 4762 2739 4818 auctore,
2774 4755 3114 4821 debuissem;
3154 4758 3276 4825 qui,
3310 4758 3431 4810 data
3466 4774 3494 4811 a

1905 4853 1991 4893 me
2040 4840 2289 4903 licentia,
2348 4856 2376 4894 a
2434 4842 2843 4897 Germaniarum
2892 4846 3162 4913 episcopis
3210 4847 3496 4915 episcopus

1903 4926 2103 4992 factus,
2156 4946 2275 4984 cum
2331 4947 2516 4986 eorum
2564 4949 2778 5003 quoque
2826 4935 3032 4991 solatiis
3080 4936 3143 4987 ad
3186 4935 3493 5002 praedictam

1905 5027 2117 5084 gentem
2149 5020 2199 5073 in
2235 5022 2391 5075 linem
2432 5022 2613 5075 mundi
2645 5022 2933 5090 perductus
2968 5031 3067 5075 est.
3112 5022 3174 5073 Et
3200 5022 3221 5090 j
3244 5038 3311 5075 «ιιι
3355 5040 3495 5079 nunc

1906 5107 1973 5163 de
2007 5109 2124 5178 ejus
2158 5111 2329 5166 salute
2358 5121 2412 5167 et
2440 5127 2606 5182 opere
2644 5113 2711 5164 ad
2756 5128 2851 5165 nos
2882 5112 3080 5180 scripta
3111 5116 3493 5183 pervenerunt,

1905 5201 2028 5267 quia
2070 5204 2232 5257 tantis
2262 5205 2562 5268 miraculis,
2610 5204 2696 5258 vel
2726 5204 2869 5273 ipse,
2916 5204 2999 5257 vel
3035 5203 3089 5257 hi
3131 5205 3221 5274 qui
3265 5220 3384 5260 cum
3426 5222 3493 5262 co

1908 5308 2150 5365 Bolland.
2184 5312 2319 5367 Edit.

1982 5390 2004 5452 (ξ
2038 5381 2261 5452 Torum,
2294 5400 2356 5435 ne
2383 5384 2444 5435 ab
2472 5400 2573 5435 uno
2603 5384 2757 5452 quod.

1984 5448 2002 5486 ί
2035 5450 2200 5521 Abest
2230 5452 2389 5504 citare
2418 5468 2445 5504 τι
2475 5448 2680 5513 ΝυιΊιι..
2714 5452 2845 5521 Reg.
2878 5462 2927 5507 et
2958 5454 3110 5511 Culb.

1982 5529 2005 5567 8
2037 5520 2262 5588 Andeg.,
2292 5522 2385 5573 ita.

1980 5587 2006 5626 δ
2041 5587 2202 5650 Utic.,
2231 5591 2530 5644 indiximus.

1988 5659 2002 5697 ί
2036 5661 2264 5729 Audeg.,
2293 5677 2410 5715 cum
2438 5662 2590 5719 Colb.
2621 5678 2673 5717 et
2705 5666 2908 5735 Num,
2939 5680 3257 5729 eximeretur.

3584 4435 3599 4523 ξ

3586 4564 3600 4583 .
