4018 6320
526 257 621 311 103

1115 253 1169 310 S.
1212 251 1539 309 GREGORH
1581 248 1791 303 MAle
1838 247 2017 309 \‘lTA,
2063 242 2264 299 AUtlT.
2308 241 2567 296 .lllAN’NE
2608 237 2923 293 DIACONO.
2969 237 3095 292 LIB.
3139 238 3202 294 11.

3707 237 3808 290 itit

519 368 816 427 transmissi
842 377 996 437 sunt,
1028 367 1079 421 in
1108 380 1141 436 g
1162 375 1266 422 tute
1294 365 1485 421 eadem
1510 368 1827 421 coruscant,
1861 367 1918 410 ut
1946 358 2094 428 Apo-
2125 364 2171 418 Λ
2201 354 2502 422 sigillasset,
2535 350 2721 419 legatis
2748 348 2972 416 largitus
2994 354 3098 402 cst.
3128 347 3209 401 Illi
3236 356 3522 416 susceptas
3544 346 3806 414 reliquias

519 466 780 523 stolarum
809 464 1036 519 virtutes
1076 462 1129 516 in
1169 460 1334 529 signis
1364 471 1484 527 qua:
1516 454 1777 511 exhibent
1805 450 2002 505 imitari
2032 449 2113 503 vi-

521 556 769 611 deantur.
812 553 870 608 In
899 551 1244 609 solemnitate
1272 556 1451 603 autem
1478 544 1761 600 dominica:
1790 540 2112 603 nativitatis,

524 662 647 717 qum
676 656 700 683 ο
734 646 902 715 prima
933 642 1223 698 in‘dictione
1253 643 1523 693 transacta
1553 642 1668 698 est,
1710 633 1992 703 plusquam
2021 629 2118 685 de-

524 752 642 791 cem
671 734 836 789 millia
868 732 1022 800 Angli
1045 731 1112 784 ab
1135 728 1327 783 eodem
1357 724 1587 780 nuntiati
1615 731 1741 780 sunt
1761 722 1925 777 fratre
1947 728 2003 776 et
2023 735 2116 775 co-

529 828 791 896 episcopo
821 831 1007 878 nostro
1048 818 1325 890 baptizati.
1374 816 1527 883 Quod
1556 816 1756 871 idcirco
1786 812 2025 878 narravi,
2058 820 2117 866 ut

529 914 869 984 cognoscatis
894 910 1021 979 quid
1050 911 1102 963 in
1125 908 1489 962 Alexandrino
1514 906 1720 976 populo
1739 902 2036 971 loquendo,
2062 908 2118 955 et

529 1004 654 1073 quid
698 1004 750 1055 in
796 1000 982 1055 mundi
1026 998 1222 1054 finibus
1264 998 1420 1067 agitis
1460 995 1687 1051 orando.
1728 993 1935 1048 Vestra:
1972 992 2114 1045 enim

532 1094 808 1149 orationes
834 1104 959 1149 sunt
981 1092 1033 1147 in
1064 1092 1185 1147 loco
1212 1091 1301 1145 ubi
1329 1106 1435 1145 nou
1463 1089 1624 1153 estis,
1668 1100 1893 1155 quarum
1922 1098 2117 1153 opera-

532 1184 707 1238 tiones
748 1190 949 1241 sancta:
995 1188 1361 1235 monstrantur
1388 1178 1441 1233 in
1481 1192 1546 1233 eo
1572 1176 1723 1241 loco,
1771 1174 1861 1229 ubi
1905 1173 2055 1229 estis.
2092 1190 2110 1224 ι

532 1271 690 1342 (Lib.
722 1288 836 1337 vnt,
867 1272 1018 1341 epist.
1051 1268 1168 1341 50.)

602 1364 690 1418 40.
751 1363 1106 1418 Nihilominus
1154 1362 1330 1417 eidem
1383 1359 1679 1431 Augustino
1716 1374 1877 1430 super
1914 1356 2117 1415 eisdem

533 1452 802 1509 miraculis
831 1454 971 1508 inter
1010 1453 1112 1507 alia
1149 1454 1369 1518 scribit,
1417 1453 1667 1521 inquiens
1713 1470 1726 1505 :
1784 1470 1803 1503 ‹
1838 1451 1965 1505 Scio
1991 1450 2118 1519 quia

534 1545 874 1615 omnipotens
910 1543 1051 1599 Deus
1084 1559 1182 1614 per
1208 1543 1549 1617 dilectionem
1581 1549 1728 1595 tuam
1772 1541 1824 1595 in
1866 1549 2115 1608 gentem,

537 1638 563 1675 ι’
594 1652 754 1706 quant
784 1637 908 1705 eligi
938 1637 1137 1702 voluit,
1175 1649 1363 1701 magna
1392 1631 1651 1687 miracula
1680 1631 1935 1687 ostendit.
1969 1629 2121 1686 Unde

2214 446 2562 500 veneratione
2590 455 2827 510 congrua
2858 438 3195 502 deferentes,
3247 446 3535 507 postquam
3562 438 3805 505 quasdam

2215 535 2425 588 iiineris
2463 531 2707 585 milliaria
2752 535 3237 597 consumpserunt,
3287 525 3451 581 stulte
3493 540 3553 581 se
3601 534 3806 581 tantum

2216 622 2470 677 viaticum
2515 619 2815 675 confecisse
2864 630 3202 671 murmurare
3250 625 3562 686 coeperunt,
3612 617 3660 670 si
3714 632 3806 672 ne-

2216 714 2391 769 sciant
2442 719 2620 766 utrum
2670 717 2981 763 sanctorum
3030 723 3155 762 ossa
3203 724 3272 762 an
3321 708 3490 775 magis
3540 723 3733 763 carnes
3779 726 3806 763 a

2218 805 2464 860 ltomano
2523 800 2780 872 pontiﬁce
2838 799 3221 869 suscepissent.
3288 798 3474 868 Itaque
3535 802 3807 856 communi

2218 895 2478 960 consilio,
2522 900 2733 948 remoto
2758 891 3052 961 pontiﬁcali
3096 890 3407 959 signaculo,
3448 892 3810 961 reseratisque

2220 989 2531 1061 pyxidibus,
2577 985 2867 1056 particulas
2912 983 3135 1038 brandei
3183 994 3524 1052 repererunt.
3570 984 3695 1039 Mox
3744 985 3807 1039 ad

2221 1081 2368 1134 urbis
2390 1078 2586 1133 mtenia
2613 1091 2734 1131 cum
2765 1075 2947 1130 lurore
2976 1074 3142 1129 nimio
3179 1083 3511 1130 revertentes
3534 1115 3549 1139 ,
3590 1091 3690 1144 per
3727 1092 3809 1129 ar-

2220 1172 2593 1228 chidiaconum
2610 1185 2639 1223 a
2661 1168 2924 1236 Gregorio
2940 1167 3155 1223 delusos
3173 1167 3356 1232 fuisse,
3380 1176 3437 1221 ut
3453 1183 3549 1237 pro
3572 1168 3809 1235 reliquis

2220 1263 2381 1316 vilem
2422 1275 2660 1330 pannum
2707 1259 3069 1327 susciperent,
3120 1256 3370 1315 flebiliter
3416 1259 3807 1327 querebantur,

2219 1353 2463 1409 dicentes
2491 1350 2741 1408 dominos
2766 1364 2892 1407 suos
2922 1348 3296 1421 pulcherrimis
3317 1350 3495 1421 palliis
3515 1350 3807 1418 abundare,

2221 1462 2285 1502 ac
2314 1462 2412 1516 per
2446 1446 2550 1499 hoc
2589 1444 2955 1498 Romanorum
2989 1443 3180 1498 vilibus
3208 1443 3460 1497 brandeis
3490 1458 3599 1497 non
3628 1457 3808 1511 egere.

2223 1538 2383 1592 Forte
2406 1550 2531 1591 tunc
2556 1534 2848 1604 Gregorius
2878 1535 3159 1589 missarum
3192 1534 3450 1589 solemnia
3480 1535 3808 1591 celebrabat.

2223 1630 2425 1696 Quibus
2452 1628 2680 1698 expletis
2704 1668 2721 1696 ,
2760 1627 2827 1681 ab
2852 1626 3053 1681 eisdem
3085 1627 3271 1696 legatis
3301 1626 3598 1681 brandeum
3628 1642 3809 1683 coram

536 1739 757 1782 necesse
794 1732 877 1780 est
908 1732 967 1778 ut
1004 1723 1070 1778 de
1098 1722 1288 1778 eodem
1321 1722 1464 1777 dono
1508 1720 1748 1787 caelesti,
1792 1729 1849 1774 et
1885 1720 2121 1775 timendo
2156 1737 2199 1794 Β
2225 1722 2431 1777 cunctis
2451 1721 2737 1791 recipiens,
2760 1735 2924 1789 super
2943 1719 3112 1773 altare
3134 1719 3459 1788 composuit,
3489 1733 3659 1787 seque
3694 1734 3812 1773 cum

538 1816 800 1885 gaudeas,
848 1824 904 1869 et
948 1812 1231 1885 gaudendo
1280 1813 1628 1882 pertimescas
1666 1810 1942 1881 :gaudeas
1978 1810 2127 1866 vide-

538 1906 702 1973 licet,
750 1905 874 1977 quia
905 1905 1198 1975 Anglorum
1224 1904 1416 1958 animae
1445 1918 1543 1973 per
1570 1904 1839 1958 exteriora
1867 1902 2124 1958 miracula

537 1997 605 2051 ad
657 1996 967 2052 interiorem
1024 1996 1247 2063 gratiam
1297 1994 1715 2063 pertrahuntur;
1773 1994 2126 2063 pertimescas

538 2104 687 2151 vero,
720 2104 786 2141 ne
814 2087 954 2142 inter
981 2087 1135 2155 signa
1159 2101 1276 2156 quae
1303 2083 1434 2139 fiunt
1457 2084 1698 2141 inﬁrmus
1725 2084 1936 2140 animus
1962 2085 2015 2138 in
2040 2084 2125 2139 sui

540 2177 957 2251 praesumptione
985 2192 1044 2231 se
1069 2176 1278 2244 elevet,
1311 2184 1367 2228 ut
1397 2174 1535 2229 unde
1563 2173 1707 2230 foras
1741 2190 1836 2246 per
1862 2175 2125 2229 honorem

542 2266 768 2332 tollitur,
803 2267 926 2320 inde
956 2283 1050 2336 per
1079 2266 1291 2320 inamm
1318 2265 1542 2335 gloriam
1574 2266 1717 2319 intus
1747 2265 1931 2332 cadat,
1958 2273 2063 2319 etc.
2102 2283 2120 2315 ι

546 2358 696 2431 (Lib.
728 2376 801 2423 XI,
834 2359 982 2429 epist.
1014 2356 1130 2426 28.)

617 2449 707 2503 41.
749 2449 877 2515 Quae
905 2455 1084 2503 autem
1123 2447 1189 2501 de
1217 2445 1459 2515 Gregorii
1502 2445 1772 2500 miraculis
1799 2460 1962 2515 penits
2005 2459 2127 2499 eas-

546 2540 667 2594 dem
701 2540 988 2608 Anglnrum
1028 2538 1294 2594 Ecclesias
1326 2538 1483 2604 vu'go
1514 2538 1786 2605 leguntur,
1832 2535 2129 2590 omittenda

543 2645 653 2685 non
683 2630 937 2697 arbitror,
969 2645 1035 2683 ne
1059 2629 1282 2683 studiosi
1309 2628 1527 2682 lectoris
1548 2629 1778 2695 animus,
1808 2636 1899 2680 aut
1918 2627 2133 2681 defrau-

549 2722 707 2777 dassc
760 2721 1139 2791 pertinaciter,
1182 2728 1272 2773 aut
1314 2721 1647 2789 negligenter
1685 2719 2007 2788 praeteriisse
2046 2733 2133 2774 me

552 2823 576 2853 ε
595 2813 955 2882 cognitionem
970 2827 1259 2881 congruam
1283 2814 1602 2883 suspicetur.
1622 2811 1865 2866 Matrona
1892 2812 2132 2882 quaedam

547 2900 707 2959 beato
734 2900 1019 2975 Gregorio,
1050 2918 1148 2973 per
1176 2904 1438 2958 stationes
1467 2903 1707 2973 publicas
1733 2902 2016 2958 missarum
2041 2917 2101 2955 so
2124 2932 2130 2938 -

547 2990 744 3047 lemnia
787 2992 1114 3058 celebranti,
1165 2992 1351 3048 so‘itas
1388 2993 1688 3048 oblationes
1715 2991 2002 3046 obtulerat.
2036 2989 2132 3045 Cui

2226 1811 2474 1866 omnibus
2522 1810 2577 1864 in
2618 1809 2919 1864 orationem
2958 1807 3132 1872 dedit,
3184 1814 3242 1861 ut
3286 1807 3427 1862 Deus
3470 1809 3814 1879 omnipotens

2226 1910 2405 1955 utrum
2435 1898 2579 1970 quod
2606 1914 2638 1952 a
2662 1898 2935 1954 liminibus
2963 1898 3329 1967 apostolorum
3359 1898 3425 1953 de
3449 1912 3603 1952 more
3633 1908 3815 1953 trans-

2226 1991 2447 2046 missum
2474 1998 2555 2046 est
2592 2005 2691 2061 pro
2720 1990 2962 2060 reliquiis
2990 1998 3285 2060 martyrum
3313 1990 3559 2045 venerari
3590 1990 3816 2047 deberet

2227 2082 2552 2151 quantocius
2592 2080 2873 2135 indicaret.
2920 2079 3123 2134 Deinde
3168 2066 3239 2133 ab
3279 2080 3523 2135 oratione
3562 2092 3813 2148 surgens.

2232 2173 2539 2231 incredulos
2561 2172 2767 2241 legatos
2787 2172 3007 2241 propius
3027 2158 3206 2227 astare
3227 2172 3500 2241 praecepit.
3529 2171 3816 2227 Cultellmn

2229 2265 2402 2332 petiit,
2431 2273 2455 2302 ο
2486 2279 2638 2319 more
2682 2262 3006 2317 sanctissimi
3048 2277 3198 2332 papa:
3245 2261 3469 2327 Leonis,
3520 2262 3816 2317 brandeum

2229 2360 2473 2427 pupugit,
2501 2358 2566 2411 de
2591 2356 2744 2426 cujus
2766 2356 3145 2426 punctionibus
3170 2358 3386 2425 sanguis
3412 2359 3661 2427 protinus
3682 2374 3815 2412 ema-

2231 2450 2396 2503 navit.
2429 2448 2546 2515 Quo
2573 2448 2833 2502 miraculo
2863 2457 2969 2501 tam
2993 2448 3153 2517 legati
3181 2448 3411 2516 confusi,
3441 2464 3604 2519 quam
3632 2466 3817 2505 omnes

2232 2540 2325 2609 qui
2355 2540 2579 2593 aderant
2607 2538 2927 2604 tremetacti,
2957 2538 3108 2607 jussu
3137 2537 3385 2607 Gregorii
3414 2556 3537 2596 cum
3568 2556 3636 2596 eo
3668 2551 3817 2598 terra!

2233 2632 2486 2703 prostrati
2531 2640 2675 2694 sunt,
2732 2645 2834 2685 nec
2881 2640 3007 2686 ante
3049 2632 3116 2686 ab
3158 2632 3404 2686 oratione
3451 2642 3819 2703 cessaverunt,

2234 2738 2391 2794 quam
2422 2730 2615 2778 cuncta
2644 2720 3007 2777 brandeorum
3035 2720 3298 2777 foramina
3322 2721 3576 2778 divinitus
3605 2724 3819 2780 claude-

2235 2822 2442 2869 rentur.

2308 2904 2393 2960 i5.
2426 2903 2651 2970 Quidam
2675 2912 2934 2973 prmterea
2957 2902 3182 2960 divitum
3212 2903 3600 2970 Romanorum,
3634 2905 3821 2963 relicta

2235 2994 2492 3063 conjuge,
2545 2996 2721 3050 fuerat
2769 3010 2799 3047 a
2849 2995 3094 3052 Romano
3141 2998 3396 3066 pontiﬁce
3440 2998 3820 3055 communium

548 3092 674 3152 post
706 3082 957 3152 mysteria
989 3081 1280 3137 traditurus
1302 3122 1320 3151 ,
1358 3098 1478 3135 cum
1516 3081 1720 3136 diceret
1749 3097 1763 3132 ί
1790 3078 1997 3148 Corpus
2022 3077 2130 3130 00·
2161 3094 2207 3156 c
2237 3088 2493 3158 privatus.
2520 3086 2672 3151 Quod
2701 3085 2791 3139 ille
2821 3086 3199 3141 molestissime
3228 3087 3421 3153 ferens,
3454 3096 3511 3142 et
3535 3090 3822 3145 auctorita-

548 3172 679 3226 mini
723 3172 889 3227 nostri
933 3169 1063 3226 Jesu
1105 3170 1301 3225 Christi
1345 3176 1631 3225 conservet
1673 3167 1904 3221 animam
1945 3173 2125 3229 tuam,

547 3259 746 3316 lasciva
775 3261 1008 3315 subrisit.
1048 3260 1142 3315 llle
1178 3260 1434 3315 continuo
1479 3258 1757 3312 dexteram
1787 3255 1854 3308 ab
1888 3255 2005 3323 ejus
2034 3269 2129 3308 ore

547 3360 895 3416 convertens,
945 3359 1153 3421 partem
1194 3352 1339 3403 illam
1389 3347 1643 3403 dominici
1689 3347 1930 3416 corporis
1967 3360 2130 3415 super

548 3440 719 3498 altare
759 3442 1030 3513 deposuit.
1072 3440 1310 3509 Explttis
1341 3453 1469 3492 vero
1508 3437 1790 3492 missarum
1817 3436 2091 3490 solemniis
2112 3476 2128 3503 ,

548 3541 847 3587 matronam
894 3546 1075 3586 coram
1124 3529 1323 3598 populo
1370 3525 1638 3595 inquisivit
1684 3542 1843 3595 quam
1892 3526 1962 3581 ob
2014 3541 2128 3581 rem

547 3635 745 3691 corpus
783 3620 1108 3674 dominicum
1150 3623 1466 3685 susceptura
1494 3614 1669 3669 ridere
1710 3615 2125 3685 prmsumpserit.

546 3711 616 3765 At
648 3713 734 3766 illa
759 3710 848 3764 diu
880 3708 1187 3770 mussitans,
1217 3707 1433 3762 tandem
1464 3706 1729 3776 prorupit,
1760 3707 1884 3776 quia
1915 3722 2126 3776 panem,

546 3801 827 3870 inquiens,
866 3813 1024 3867 quem
1054 3797 1285 3866 propriis
1317 3798 1564 3853 manibus
1592 3812 1678 3852 me
1707 3796 1897 3853 fecisse
1925 3811 2129 3866 cogno-

545 3907 750 3959 veram,
778 3898 834 3945 tu
865 3904 1059 3959 corpus
1088 3889 1418 3945 dominicum
1449 3890 1789 3963 perhibebas.
1820 3890 1969 3945 Tunc
1994 3888 2131 3946 Gre-

545 3985 748 4053 gorius,
779 3996 876 4051 pro
906 3981 1283 4037 incredulitate
1313 3982 1572 4047 mulieris,
1605 3997 1725 4037 cum
1755 3990 1867 4038 tota
1893 3981 2048 4053 plebe
2073 3996 2133 4038 se

547 4076 600 4131 in
631 4075 931 4131 orationem
964 4074 1282 4143 prostravit;
1323 4083 1377 4129 et
1416 4083 1537 4144 post
1570 4075 1843 4144 paululum
1872 4089 2127 4149 surgens,

546 4162 861 4233 particulam
886 4163 1038 4232 panis
1060 4177 1218 4232 quam
1240 4178 1403 4233 super
1424 4164 1595 4218 altare
1621 4172 1894 4233 posuerat,
1914 4178 2132 4218 carnem

546 4252 740 4308 factam
769 4254 968 4321 reperit
998 4271 1010 4305 :
1053 4267 1215 4321 quam
1247 4268 1427 4308 coram
1458 4254 1667 4308 cunctis
1704 4254 1987 4309 incredula:
2018 4268 2132 4308 m1-

548 4353 716 4399 tronm
737 4344 1130 4409 demonstrans,
1159 4344 1228 4399 ad
1248 4345 1576 4399 credulitatis
1596 4346 1821 4414 gratiam
1851 4354 1959 4399 tam
1987 4347 2131 4401 illam

546 4447 803 4488 revocare
844 4435 1050 4502 potuit,
1100 4449 1260 4504 quam
1303 4442 1471 4490 totum
1518 4435 1773 4507 populum
1813 4437 2131 4493 conﬁrmare

548 4525 771 4580 curavit.
829 4525 1031 4581 Rursus
1078 4526 1259 4594 itaque
1310 4526 1362 4579 in
1412 4528 1714 4582 orationem
1760 4542 1879 4581 cum
1927 4528 2129 4583 eisdem

549 4626 890 4685 prostratus,
963 4618 1139 4672 carnis
1217 4618 1440 4671 frustum
1507 4618 1556 4671 in
1624 4618 1777 4688 panis
1839 4619 2130 4689 primordia

548 4711 879 4765 reformavit.

626 4800 708 4854 59..
740 4801 857 4853 Alio
879 4808 1094 4869 quoque
1121 4810 1365 4871 tempore
1387 4803 1467 4856 vir
1500 4803 1588 4858 Dei
1620 4804 1942 4873 Gregorius,
1974 4806 2134 4860 mira-

484 4924 487 4925 ν
548 4892 727 4946 culum
752 4907 889 4961 pene
910 4893 1033 4946 huic
1055 4894 1226 4948 simile
1248 4897 1593 4963 perpetravit.
1624 4896 1751 4949 Nam
1773 4912 1913 4963 cum,
1944 4907 2131 4966 peten-

549 4982 691 5035 tibus
731 4981 1043 5050 quibusdam
1074 4983 1494 5038 occidentalibus
1525 5000 1619 5054 per
1659 4985 1862 5054 legatos
1883 5025 1897 5049 ,
1937 4987 2044 5057 59
2074 4988 2127 5041 in

546 5072 769 5141 singulis
812 5073 1099 5145 pyxidibus
1127 5076 1225 5130 sub
1260 5077 1564 5130 nominibus
1593 5078 1881 5146 petitorum
1925 5087 2125 5148 martyr

548 5178 668 5217 rum
699 5161 722 5199 ά
763 5164 1059 5219 brandeum
1098 5166 1259 5222 solito
1298 5181 1450 5221 more
1488 5166 1852 5233 concludens,
1899 5167 2130 5238 desuper

620 5303 646 5366 ξ
681 5292 841 5366 υῐξςῖη
874 5311 984 5366 qua:
1011 5296 1107 5349 hac
1135 5297 1321 5366 prima.

620 5312 646 5330 -
683 5312 841 5356 uuc.,
908 5312 984 5348 ua:
1011 5312 1107 5349 nae
1135 5314 1321 5366 prima.

617 5362 643 5401 ι’
670 5364 846 5441 Golb.,
874 5312 1091 5441 Ziemet.
1119 5382 1181 5441 ac
1202 5368 1402 5441 Dignt.,
1432 5368 1772 5441 quam_elegit,
1800 5377 1855 5421 ut
1876 5370 2051 5441 rolnit.

619 5443 641 5471 ε
675 5434 904 5499 Audeg.,
944 5438 1225 5506 cognitioni
1262 5434 1520 5509 congrum.
1562 5434 1803 5505 Getnet.,
1843 5440 2122 5509 cognitioni

619 5520 795 5555 narua.
828 5503 941 5555 Bia.
965 5516 1016 5555 et
1045 5511 1058 5555 l
1092 5508 1205 5555 tic..
1236 5510 1524 5555 connilimte
1551 5524 1797 5555 mnnrtta.

539 5519 795 5572 congrua.
828 5511 941 5574 Big.
965 5516 1016 5559 et
1045 5511 1058 5555 t
1092 5511 1205 5570 tic.,
1236 5511 1524 5575 cognitione
1551 5524 1797 5578 congrua.

546 5640 584 5647 __
616 5572 643 5607 ά
672 5571 728 5647 In
758 5571 911 5626 Coll).
930 5583 994 5647 et
1015 5574 1202 5647 iNorm.
1245 5590 1457 5646 semper
1484 5580 1758 5640 scribitur,
1806 5578 2110 5647 prandenm.

545 5640 876 5718 Brandeutn.
926 5642 1127 5718 lsidoro
1156 5640 1408 5718 zonarum
1436 5662 1629 5718 genus,
1680 5640 1851 5702 velum
1882 5658 1965 5702 est
2003 5665 2109 5718 quo

543 5725 742 5782 corpus
756 5708 1012 5784 defuncti,
1026 5714 1110 5771 vel
1139 5728 1301 5770 sacra:
1315 5708 1554 5783 reliq'uita
1585 5708 1851 5785 teguntur.
1876 5708 2099 5776 litantis.

2232 3184 2339 3231 tem
2371 3160 2507 3229 tanti
2537 3174 2806 3247 pontiﬁcis
2830 3189 3093 3229 evacuare
3132 3190 3239 3230 non
3270 3177 3599 3246 prmvalens,
3636 3195 3821 3250 mago-

2230 3280 2347 3321 rum
2396 3263 2646 3332 suffragia
2696 3264 2995 3333 requisivit.
3056 3265 3187 3332 Qui,
3248 3268 3457 3335 magnis
3509 3271 3822 3325 muneribus

2230 3355 2496 3424 persuasi,
2528 3368 2688 3425 posse
2717 3369 2776 3409 se
2800 3355 2912 3410 suis
2939 3357 3265 3412 carminibus
3292 3371 3450 3426 agere
3472 3365 3551 3424 ut,
3584 3361 3823 3416 immisso

2231 3447 2474 3501 dmmone
2497 3487 2512 3514 ,
2543 3446 2728 3501 tandiu
2758 3446 2998 3502 caballus
3022 3448 3289 3517 pontiﬁcis
3316 3459 3607 3504 vexaretur
3652 3468 3821 3521 quou-

2230 3553 2365 3607 sque
2393 3552 2514 3595 eum
2538 3553 2750 3593 sessore
2778 3552 2878 3593 suo
2905 3539 3319 3609 periclitaretur,
3350 3541 3672 3598 ﬁducialiter
3699 3560 3808 3614 pro

2232 3627 2515 3683 miserunt.
2547 3626 2662 3683 ilac
2703 3628 2941 3685 incestus
2964 3628 3130 3698 judex
3144 3629 3545 3697 pollicitatione
3569 3632 3818 3695 laetatus,

2231 3733 2418 3788 magos
2452 3718 2608 3789 juxta
2645 3719 2787 3773 viam
2827 3734 2935 3787 qua
2975 3717 3216 3788 pontifex
3256 3720 3323 3775 ad
3365 3721 3655 3777 stationem
3698 3739 3818 3793 pro-

2233 3808 2471 3865 fecturus
2492 3816 2609 3864 erat
2638 3810 2691 3863 in
2715 3809 2861 3864 edito
2891 3816 3037 3863 stare
3058 3809 3317 3879 permisit,
3351 3818 3409 3865 ut
3435 3811 3619 3866 videre
3646 3821 3818 3869 trans—

2234 3910 2450 3969 euntes,
2482 3917 2592 3956 non
2621 3900 2788 3958 videri
2818 3915 2847 3954 a
2880 3902 3283 3958 transeuntibus
3312 3912 3549 3974 possent.
3582 3905 3817 3974 Cumque

2232 3994 2371 4063 magi
2407 4009 2474 4049 ex
2510 3992 2905 4063 planetatorum
2951 3994 3491 4064 mappulatorumque
3518 3997 3815 4065 processio-

2235 4084 2391 4139 nibus
2418 4099 2668 4153 magnum
2694 4084 3002 4154 pontiﬁcem
3024 4085 3421 4155 cognovissent,
3448 4086 3692 4142 immisso
3714 4088 3815 4142 dre-

2234 4192 2423 4242 mone,
2464 4186 2573 4232 tam
2620 4176 2829 4233 fortiter
2868 4177 2984 4247 ejus
3009 4194 3202 4248 equum
3231 4179 3414 4233 vexari
3448 4178 3734 4247 fecerunt,
3765 4186 3815 4233 ut

2236 4284 2506 4338 nunquam
2549 4284 2579 4322 a
2620 4260 2835 4325 sessoré
2864 4270 2986 4324 sive
3027 4286 3057 4324 a
3100 4271 3419 4327 stratoribus
3460 4274 3633 4329 teneri
3665 4289 3816 4345 posse

2235 4366 2533 4427 putaretur.
2568 4358 2716 4414 Tunc
2743 4360 3052 4427 Gregorius,
3086 4361 3359 4416 revelante
3383 4361 3585 4432 Spiritu
3609 4373 3814 4427 sancto,

2159 4467 2209 4527 Β
2236 4448 2619 4503 dmmoniacam
2640 4450 3051 4504 submissionem
3073 4464 3421 4519 cognoscens,
3445 4463 3633 4509 sancto
3649 4454 3816 4510 crucis

2233 4537 2506 4605 signaculo
2526 4575 2540 4598 ,
2585 4545 2688 4591 tam
2719 4538 2983 4593 caballum
3013 4554 3042 4593 a
3067 4542 3315 4610 praesenti
3358 4543 3508 4597 rabie
3546 4543 3813 4608 liberavit,

2233 4641 2394 4695 quam
2424 4626 2697 4684 maleﬁcos
2724 4643 2791 4683 ex
2820 4629 3026 4683 latente
3054 4630 3286 4687 culmine
3308 4631 3502 4701 jubens
3527 4633 3812 4703 deponere,

2218 4723 2492 4785 perpetua
2514 4717 2760 4772 czecitate
2798 4718 3063 4772 multavit.
3114 4719 3260 4785 Quos
3286 4730 3493 4776 reatum
3518 4739 3674 4778 suum
3699 4739 3815 4793 sug-

2235 4806 2478 4872 gesﬁone
2507 4807 2696 4862 incesti
2722 4806 2918 4876 judicis
2959 4809 3306 4877 conﬁtentes,
3352 4828 3417 4868 ac
3444 4822 3567 4883 post
3596 4817 3811 4870 multum

2237 4899 2496 4967 temporis
2521 4900 2588 4953 ad
2614 4901 2755 4955 sacri
2784 4901 3122 4969 baptismatis
3150 4904 3379 4970 gratiam
3408 4906 3708 4973 venientes,
3741 4907 3812 4960 lu—

2231 4990 2465 5044 minibus
2486 4990 2722 5060 quidem,
2758 4991 2775 5029 f
2803 5006 2872 5045 ne
2898 4993 3102 5061 magica
3132 4994 3454 5062 relegerent,
3484 4996 3711 5051 reddere
3730 5010 3813 5052 no-

2230 5080 2347 5145 luit,
2379 5096 2474 5135 eos
2502 5089 2679 5135 tamen
2709 5082 3071 5136 ecclesiastica
3094 5083 3232 5152 stipe
3261 5084 3454 5139 nutriri
3473 5085 3746 5156 prmcepit.

2300 5169 2387 5223 44.
2432 5170 2647 5238 Legitur
2670 5172 2832 5226 etiam
2862 5186 3026 5242 penes
3055 5173 3273 5228 easdem
3303 5173 3597 5244 Anglorum
3632 5174 3809 5230 Eccle-

2307 5314 2329 5341 ε
2376 5304 2602 5379 Sauc3_us
2648 5303 2967 5379 Gregorius,
3016 5307 3110 5379 lib.
3160 5322 3240 5379 tv,
3288 5308 3443 5379 epist.
3500 5307 3603 5373 '50,
3654 5309 3809 5364 refert

2230 5382 2473 5446 sanctum
2526 5372 2790 5446 Leonem,
2844 5375 2968 5429 dum
3005 5374 3175 5431 Graeci
3220 5372 3434 5446 quidam
3473 5380 3808 5446 dubitarent,

2228 5443 2525 5523 brandeum
2553 5441 2824 5528 forﬁcibus
2853 5445 3137 5513 incidisse,
3191 5441 3252 5503 et'
3292 5462 3361 5503 ex
3399 5449 3512 5518 ipsa
3551 5441 3810 5504 incisione
3840 5472 3878 5528 λ

2226 5514 2542 5579 sanguinem
2572 5513 2865 5567 effluxisse.

2303 5580 2546 5659 (‘Colbq
2581 5581 2745 5659 Reg,
2779 5582 2917 5640 Utic.
2950 5595 3002 5639 et
3030 5585 3141 5654 D'g.
3162 5625 3175 5649 ,
3207 5603 3269 5639 ne
3296 5588 3572 5659 magicam.
3602 5587 3803 5644 Gcmct.

2218 5666 2281 5709 ac
2320 5650 2479 5720 Δηὼ,
2512 5668 2575 5707 ne
2603 5656 2851 5725 magiam.
