4018 6298
180 290 263 347 105
751 295 805 348 S.
849 288 1171 347 GREGORII
1210 288 1407 347 PAP/E
1449 289 1633 350 VITA.
1678 288 1875 345 AUCT.
1919 289 2181 346 JOANNE
2224 290 2535 348 DIACONO.
2579 295 2705 351 LIB.
2749 296 2805 353 ll.

3333 306 3429 359 IOG

172 406 300 471 slus,
347 406 490 475 quod
528 404 812 475 Gregorius
838 420 934 474 per
965 405 1137 458 forum
1168 404 1418 474 Trajani,
1450 405 1595 473 quod
1623 406 1736 475 ipse
1768 409 1807 464 Α
1842 415 2065 476 propter
2107 409 2234 462 illud
2270 411 2411 479 quod
2450 414 2705 481 scriptum
2752 426 2833 470 est
2873 435 2887 475 :
2927 419 3046 475 Nisi
3077 424 3184 491 quis
3220 433 3433 481 τεηατιη

171 496 431 563 quondam
475 496 844 567 pulcherrimis
886 494 1124 551 aedificiis
1172 504 1504 560 venustarat,
1555 512 1736 565 proce-

171 583 330 651 dens,
380 585 562 655 jndicii
593 585 708 653 ejus
737 598 842 652 quo
871 584 1086 638 viduam
1116 584 1426 639 consolatus
1453 583 1629 638 fuerat
1657 600 1747 639 re-

170 676 413 729 cordatus
454 683 477 710 ο
519 686 681 742 atque
718 674 939 728 miratus
977 673 1077 729 sit:
1117 674 1258 741 quod
1299 674 1506 729 scilicet
1544 675 1678 729 sicut
1718 689 1748 727 a

168 763 426 831 prioribus
444 763 690 830 traditur,
715 763 785 817 ita
805 778 864 818 se
885 763 1067 819 habet.
1086 763 1334 830 Quodam
1354 766 1462 834 60
1482 771 1744 833 tempore,

168 852 391 922 Trajano
446 855 514 909 ad
565 855 896 909 imminentis
932 854 1062 909 belli
1099 855 1438 924 procinctum
1477 852 1748 907 festinanti

165 942 657 1008 vehementissime,
704 944 865 998 vidua
904 944 1148 1014 quaedam
1192 943 1457 1012 processit
1498 940 1748 995 flebiliter

164 1032 341 1087 dicens
367 1052 378 1085 :
410 1032 577 1087 Filius
607 1048 760 1089 meus
790 1034 1085 1099 innocens,
1120 1041 1171 1087 te
1207 1040 1467 1101 regnante
1490 1072 1503 1095 ,
1537 1045 1749 1099 perem-

1852 498 2004 565 fnerit
2034 514 2097 550 ea:
2125 514 2257 569 aqua
2282 509 2325 552 et
2356 498 2553 570 Sp’ritu
2580 515 2757 557 sancto
2784 524 2881 559 non
2906 509 3117 563 intrabit
3142 514 3195 564 in
3219 529 3432 582 regnum

1849 582 2087 637 calorum
2122 584 2298 654 (Joan.
2328 601 2403 652 tu,
2437 588 2527 655 5);
2561 590 2651 643 sed
2678 593 2991 661 simpliciter
3018 598 3230 665 dicitur,
3260 602 3325 659 ah
3352 602 3433 657 in-

1850 672 1985 728 ferni
2016 676 2357 731 solummodo
2385 678 2712 734 cruciatibus
2741 682 2986 738 liberata.
3013 686 3163 751 Quod
3186 689 3435 744 videlicet

1852 774 2030 833 potest
2063 766 2229 822 videri
2256 768 2512 822 credibile
2578 773 2773 841 quippe
2801 790 2923 827 cum
2952 776 3025 831 ita
3053 779 3225 832 valeat
3255 782 3431 835 anima

1852 854 1903 905 in
1934 854 2145 909 inferno
2175 858 2407 911 existere
2427 900 2439 923 ,
2485 867 2537 911 et
2570 860 2758 913 inferni
2790 865 3059 919 cruciatus
3090 884 3180 935 per
3211 869 3301 922 Dei
3334 872 3432 922 mi-

1849 943 2198 998 sericordiam
2231 961 2338 999 nou
2367 948 2597 1011 sentire,
2647 951 2802 1003 sicuti
2836 969 2972 1007 unus
3001 956 3255 1021 gehennte
3298 959 3433 1024 ignis

1849 1033 1990 1087 valet
2018 1049 2206 1091 omnes
2232 1046 2545 1104 peccatores
2574 1039 2776 1105 pariter
2802 1041 3073 1107 detinere,
3106 1047 3183 1100 sic
3209 1063 3303 1115 per
3334 1049 3430 1103 Dei

161 1131 279 1191 ptus
326 1132 438 1189 est;
481 1125 711 1180 obsecro
749 1133 841 1189 ut,
891 1125 1019 1192 quia
1063 1138 1185 1177 eum
1216 1123 1345 1176 mihi
1374 1120 1599 1176 reddere
1640 1136 1745 1174 non
1844 1124 2104 1191 justitiam
2143 1132 2369 1179 cunctos
2402 1142 2505 1179 non
2542 1129 2684 1182 valet
2711 1133 2988 1198 mqualitcr
3016 1150 3261 1191 exurere.
3305 1140 3435 1195 Nam

160 1212 335 1278 vales,
378 1216 695 1283 sanguinem
739 1214 859 1282 ejus
910 1214 1153 1281 legaliter
1180 1212 1451 1266 vindicare
1493 1209 1742 1277 digneris.

158 1299 398 1370 Cumque
428 1302 697 1371 Trajanus
719 1344 733 1368 ,
786 1301 832 1355 si
880 1316 1045 1356 sanus
1087 1307 1447 1354 reverteretur
1472 1312 1501 1350 a
1530 1297 1743 1367 praelia,

159 1394 297 1449 hunc
337 1410 396 1448 se
425 1395 823 1449 vindicaturum
846 1408 944 1462 per
970 1392 1147 1447 omnia
1179 1391 1559 1459 responderet,
1590 1388 1744 1441 vidua

153 1482 292 1536 dixit
319 1500 332 1535 :
364 1484 420 1537 Si
454 1484 587 1538 tuin
610 1483 795 1553 praelia
824 1491 1061 1537 mortuus
1090 1478 1271 1544 fueris,
1306 1480 1425 1547 quis
1452 1477 1578 1530 mihi
1609 1492 1747 1546 prce-

152 1574 317 1629 stabit
346 1576 369 1628 ἲ
401 1574 669 1644 Trajanus
706 1573 836 1626 dixit
877 1590 889 1623 :
930 1572 1023 1625 llle
1052 1570 1140 1639 qui
1169 1580 1291 1637 post
1320 1583 1405 1623 me
1434 1567 1742 1637 imperabit.

163 1662 343 1718 Vidua
365 1665 400 1719 d
423 1666 500 1718 xit
526 1682 537 1716 :
569 1663 635 1716 Et
660 1648 750 1715 tibi
772 1660 898 1729 quid
924 1659 1182 1729 proderit,
1211 1659 1256 1712 si
1277 1658 1415 1713 alter
1435 1656 1565 1712 mihi
1590 1657 1747 1727 justi-

1849 1213 2263 1283 uniuscujusque
2280 1227 2538 1284 quantum
2564 1220 2756 1273 meruit
2772 1222 2945 1291 culpa,
2964 1224 3109 1291 justo
3127 1226 3433 1297 Deijudicio

1849 1310 2056 1355 tantum
2082 1303 2340 1357 sentietur
2362 1314 2416 1359 et
2445 1322 2620 1374 pmna.

1920 1389 2007 1444 45.
2051 1392 2405 1448 Nihilominus
2445 1411 2507 1449 ex
2550 1396 2685 1450 libro
2713 1397 2799 1464 qui
2841 1414 2868 1450 a
2906 1397 3103 1454 Graecis
3130 1402 3309 1473 λειμὼν
3350 1406 3430 1458 di-

1850 1480 2008 1549 citur,
2038 1498 2065 1535 a
2096 1480 2299 1536 Latinis
2327 1500 2455 1538 vero
2486 1484 2799 1555 intelligitur
2815 1505 3046 1559 campus,
3081 1491 3160 1546 vel
3188 1504 3428 1559 pratum,

1852 1580 2153 1641 prazceptor
2192 1588 2344 1626 meus
2382 1574 2521 1628 inter
2559 1576 2662 1629 alia
2698 1585 2813 1631 toto
2856 1579 2986 1633 orbe
3023 1578 3134 1647 jam
3165 1580 3431 1640 dilfamata

1852 1663 2107 1718 miracula
2132 1664 2518 1733 interpretatus
2539 1675 2643 1735 est,
2674 1668 2803 1721 mihi
2832 1669 3073 1725 scribens
3100 1689 3113 1725 :
3141 1674 3244 1743 ει
3268 1672 3431 1729 Euar-

154 1754 290 1807 tiam
324 1754 550 1808 fecerit?
597 1751 856 1818 Trajanus
896 1747 1175 1817 respondit
1208 1765 1220 1801 :
1254 1746 1449 1817 Utique
1479 1748 1630 1802 nihil.
1674 1747 1745 1802 Et
1774 1763 1821 1821 Β
1851 1754 1991 1807 ravit
2039 1755 2196 1809 nobis
2238 1756 2546 1827 presbyter,
2598 1759 2817 1813 nomine
2860 1758 3080 1830 Petrus,
3130 1763 3198 1818 de
3241 1773 3432 1819 sancto
3470 1746 3473 1753 V

159 1842 320 1895 vidua
348 1858 359 1892 :
386 1840 598 1906 Nonne,
622 1838 813 1908 inquit,
836 1837 1029 1893 melius
1056 1837 1154 1892 tibi
1179 1845 1263 1893 est
1282 1846 1342 1892 ut
1362 1846 1419 1893 tu
1442 1838 1571 1892 mihi
1590 1837 1748 1906 justi-

156 1934 278 1985 tiam
311 1930 501 1992 facias,
534 1938 587 1983 et
611 1938 667 1983 tu
694 1944 792 1998 pro
820 1929 925 1983 hoc
954 1929 1259 1983 mercedem
1292 1937 1444 1983 tuam
1474 1928 1707 1997 recipias
1726 1965 1740 1989 ,

157 2035 311 2090 quam
340 2020 495 2073 alteri
523 2020 661 2072 hanc
686 2019 1056 2073 transmittas?
1081 2017 1231 2073 Tunc
1254 2018 1516 2086 Trajanus
1538 2017 1747 2071 ratione

155 2114 356 2184 pariter
398 2112 707 2181 pietateque
736 2119 1073 2177 commotus,
1123 2125 1262 2179 equo
1290 2109 1604 2173 descendit,
1647 2125 1748 2165 nec

158 2216 283 2259 ante
313 2204 563 2259 discessit
592 2218 752 2272 quam
772 2202 1031 2273 judicium
1052 2203 1225 2257 vidua:
1255 2218 1354 2274 per
1375 2210 1547 2258 semet
1570 2202 1746 2257 immi-

156 2309 293 2349 nens
324 2293 651 2363 prolligaret.
684 2293 855 2361 Hujus
886 2308 1015 2364 ergo
1056 2294 1522 2350 mansuetudinem
1549 2292 1745 2362 judicis

153 2394 399 2440 asserunt
424 2384 743 2453 Gregorium
770 2383 1116 2439 recordatum
1142 2384 1211 2437 ad
1238 2384 1411 2438 sancti
1440 2384 1585 2437 Petri
1614 2397 1745 2451 apo-

153 2476 278 2531 διοΙί
301 2476 576 2530 basilicam
598 2475 937 2546 pervenisse;
971 2475 1149 2544 ibique
1172 2474 1356 2528 tandiu
1378 2489 1540 2543 super
1561 2489 1745 2528 errore

158 2578 263 2621 tam
318 2568 723 2624 clementissimi
781 2568 1041 2637 principis
1092 2567 1407 2634 deflevisse,
1464 2583 1745 2637 quousque

157 2673 477 2728 responsum
508 2658 756 2727 sequenti
785 2665 947 2713 nocte
975 2659 1235 2728 cepisset,
1283 2674 1343 2712 se
1386 2674 1484 2727 pro
1514 2657 1745 2726 Trajano

159 2748 327 2804 fuisse
366 2748 638 2813 auditum,
689 2755 899 2802 tantum
940 2763 1040 2817 pro
1084 2748 1232 2801 nullo
1274 2747 1497 2801 ulterius
1536 2760 1747 2815 pagano

157 2855 349 2909 preces
372 2839 690 2894 effunderet.
722 2838 828 2893 Sed
854 2855 973 2894 cum
997 2840 1063 2893 de
1089 2838 1459 2909 superioribus
1478 2839 1745 2894 miraculis

159 2930 527 2985 Romanorum
556 2931 627 2986 sit
650 2946 809 2986 nemo
838 2932 930 3000 qui
959 2931 1189 2995 dubitet,
1214 2930 1281 2985 de
1308 2930 1411 2985 hoc
1435 2930 1577 3000 quod
1607 2931 1747 3000 apud

157 3022 402 3077 Saxones
427 3023 638 3093 legitur,
668 3023 825 3092 hujus
849 3023 1099 3092 precibus
1122 3022 1339 3091 Trajani
1366 3020 1394 3060 ι’
1426 3023 1658 3077 animam
1681 3024 1748 3078 ab

1850 1842 2111 1913 Gregorio
2142 1860 2277 1913 papa
2310 1844 2554 1901 Romano
2581 1847 2758 1912 (illinc
2785 1849 2925 1902 enim
2958 1859 3073 1904 erat
3103 1854 3432 1908 reverendis-

1850 1935 2017 1988 simus
2042 1935 2131 1989 hic
2151 1936 2452 2004 presbyter)
2483 1954 2494 1987 :
2526 1935 2593 2001 ls,
2612 1937 2782 2006 inquit
2807 1937 2982 2008 (Prat.
3018 1942 3187 2005 spirit.
3219 1941 3432 2009 c.192l,

1849 2020 2069 2076 effectus
2097 2036 2235 2091 papa
2255 2062 2267 2085 ,
2298 2022 2589 2076 mdificavit
2628 2026 3015 2079 monasterium
3046 2028 3284 2082 virorum
3316 2045 3431 2085 ma-

1848 2128 2043 2182 gnum,
2091 2121 2146 2167 et
2187 2112 2335 2167 dedit
2374 2113 2683 2169 mandatum
2724 2123 2780 2169 ut
2820 2117 2997 2171 nullus
3046 2120 3431 2177 monachorum

1849 2207 2123 2273 proprium
2154 2202 2355 2273 aliquid
2393 2204 2618 2258 haberet
2649 2220 2817 2273 usque
2846 2206 2912 2260 ad
2949 2222 3111 2261 unum
3144 2219 3165 2246 ο
3191 2210 3429 2264 obolum.

1847 2296 2037 2350 Frater
2065 2309 2191 2364 ergo
2222 2295 2290 2350 de
2319 2297 2649 2350 monasterio
2688 2296 2915 2351 habebat
2950 2298 3167 2353 fratrem
3210 2301 3430 2356 saecula-

1847 2403 1980 2452 rem,
2010 2396 2065 2442 et
2085 2388 2375 2458 postulavit
2401 2403 2545 2452 eum,
2572 2386 2793 2441 dicens:
2826 2388 3075 2444 Casulam
3100 2406 3205 2445 non
3235 2392 3429 2457 habeo,

1846 2480 1940 2533 sed
1982 2479 2068 2534 fac
2111 2480 2457 2545 charitatem,
2514 2495 2632 2533 eme
2682 2480 2836 2535 mihi.
2870 2480 3003 2534 Dicit
3056 2482 3106 2536 ei
3160 2482 3430 2539 saecularis

1850 2568 2013 2624 frater
2056 2587 2069 2622 :
2114 2569 2251 2624 Ecce
2289 2570 2389 2623 tria
2436 2572 2755 2625 numismata
2784 2573 3108 2642 suscipiens,
3142 2591 3428 2644 compara,

1848 2656 2064 2739 dqualis
2095 2660 2189 2713 tibi
2222 2660 2421 2729 placet.
2447 2660 2694 2729 Acceptis
2724 2662 2905 2731 itaque
2937 2665 3229 2719 monachus
3260 2666 3429 2720 tribus

1850 2749 2289 2813 numismatihus,
2320 2751 2481 2805 habet
2511 2766 2574 2804 ea
2602 2752 2742 2820 apud
2771 2767 2849 2806 se.
2884 2753 3033 2808 Alius
3061 2764 3241 2809 autem
3272 2754 3430 2811 frater

1850 2836 2037 2891 videns
2060 2852 2184 2891 eum
2213 2838 2499 2892 habentem
2526 2840 2627 2893 tria
2656 2841 2978 2893 numismata
2996 2880 3009 2903 ,
3050 2856 3277 2911 pergens
3300 2859 3436 2898 nun.

1851 2926 2005 2981 tiavit
2034 2927 2234 2982 abbati.
2269 2929 2450 2983 Ahbas
2478 2944 2607 2982 vero
2638 2930 2879 2995 audiens,
2914 2933 3096 2985 retulit
3122 2931 3432 2989 beatissimo

1848 3032 2020 3086 papae.
2056 3017 2403 3073 Beatissimus
2448 3028 2627 3074 autem
2671 3020 2962 3088 Gregorius
2991 3022 3203 3077 discens
3235 3024 3336 3078 hoc
3368 3026 3431 3079 ab

158 3115 353 3169 inferni
382 3115 711 3170 cruciatibus
740 3115 1025 3169 liberatam
1046 3154 1060 3179 ,
1092 3114 1162 3169 ob
1192 3113 1244 3168 id
1274 3115 1355 3168 vel
1384 3114 1614 3183 maxime
1643 3113 1744 3168 du-
1775 3136 1819 3198 ρ
1851 3109 2065 3171 abbate,
2091 3111 2391 3177 segregavit
2413 3124 2533 3165 eum
2556 3126 2585 3164 a
2605 3112 2999 3175 communione,
3032 3122 3285 3181 tanquam
3308 3130 3430 3170 eum

158 3205 321 3260 hitari
360 3205 606 3269 videtur,
639 3204 783 3273 quod
816 3211 994 3259 tantus
1020 3202 1213 3257 doctor
1241 3217 1576 3272 nequaquam
1609 3217 1748 3271 prte-

157 3304 397 3351 sumeret
420 3311 519 3366 pro
537 3309 747 3365 pagano
774 3310 995 3365 prorsus
1019 3309 1205 3359 orare;
1237 3295 1328 3363 qui
1359 3301 1550 3363 quarto
1576 3293 1752 3350 Dialo-

159 3397 350 3452 gorum
367 3400 585 3439 suorum
603 3384 741 3439 libro
755 3384 998 3438 docuerit
1019 3383 1265 3438 eamdem
1286 3398 1503 3439 causam
1520 3399 1637 3439 esse
1652 3399 1749 3439 cur

160 3488 269 3527 non
294 3483 482 3529 oretur
510 3490 539 3527 a
569 3475 768 3529 sanctis
797 3474 851 3527 in
882 3472 1061 3527 futuro
1087 3472 1289 3542 judicio
1318 3489 1417 3543 pro
1445 3474 1747 3543 peccatori-

159 3564 257 3619 bus
283 3574 491 3620 azterno
517 3566 639 3634 igne
658 3564 955 3629 damnatis;
982 3579 1100 3633 qua:
1127 3579 1269 3619 nunc
1290 3565 1452 3618 etiam
1477 3578 1640 3618 causa
1665 3571 1748 3618 est

160 3664 218 3709 ut
254 3671 363 3710 non
404 3664 562 3711 orent
586 3656 758 3710 sancti
797 3655 1043 3709 homines
1078 3670 1177 3724 pro
1207 3656 1513 3709 hominibus
1556 3655 1746 3709 inﬁde-

160 3744 302 3798 libus
331 3745 616 3814 impiisque
645 3744 935 3810 defunctis;
981 3760 1088 3799 non
1120 3744 1460 3799 advertentes
1488 3746 1611 3814 quia
1638 3760 1746 3799 non

164 3833 365 3902 legitur
391 3850 491 3904 pro
523 3834 751 3904 Trajano
774 3833 1088 3903 Gregorium
1117 3848 1388 3899 exorasse,
1418 3833 1513 3888 sed
1542 3840 1747 3887 tantum

161 3923 394 3980 ﬂevisse.
423 3923 517 3978 Sic
546 3924 687 3978 enim
709 3939 831 3979 cum
861 3938 967 3978 non
991 3924 1227 3978 oraverit
1254 3923 1564 3991 Gregorius,
1598 3922 1749 3991 plan-

160 4014 335 4083 gendo
381 4014 561 4084 potuit
605 4014 873 4081 exaudiri,
922 4014 1080 4068 sicuti
1122 4013 1334 4085 Moyses
1363 4029 1484 4068 cum
1514 4013 1747 4068 dolendo

159 4112 399 4165 taceret,
433 4105 606 4172 potuit
632 4104 891 4159 clamasse
920 4103 1106 4167 videri,
1139 4104 1225 4158 cui
1256 4103 1515 4158 Dominus
1546 4104 1748 4158 tacenti

158 4194 313 4247 labiis
341 4212 353 4245 :
389 4192 527 4257 Quid
549 4195 768 4258 clamas,
803 4195 1003 4264 inquit,
1033 4195 1101 4248 ad
1130 4211 1209 4248 me
1238 4192 1443 4264 (Exod.
1479 4210 1587 4261 xlv,
1618 4193 1748 4261 ιδῃ

160 4283 424 4338 Nimirum
452 4285 594 4340 Deus
615 4286 956 4355 omnipotens
981 4285 1142 4340 corda
1171 4299 1436 4352 renesque
1456 4292 1746 4352 scrutatur,

160 4385 211 4428 et
234 4373 548 4443 frequenter
567 4390 631 4429 ea
659 4375 906 4430 misertus
931 4372 1197 4441 concedit,
1229 4387 1347 4443 quae
1370 4374 1532 4427 homo
1558 4388 1747 4443 quam-

1853 3200 1943 3268 qui
1964 3200 2201 3253 solverat
2222 3203 2458 3269 regu'am
2486 3200 2814 3256 monaSterii.
2844 3202 3006 3270 Igitur
3022 3212 3143 3272 post
3162 3204 3432 3262 modicum

1853 3290 2110 3360 temporis
2140 3291 2367 3345 moritur
2396 3290 2561 3347 frater
2586 3302 2895 3364 segregatus
2914 3336 2927 3360 ,
2972 3296 3241 3351 nesciente
3271 3313 3429 3367 papa.

1851 3379 1980 3435 Post
2005 3380 2141 3435 duos
2169 3396 2299 3450 ergo
2326 3391 2418 3435 aut
2447 3393 2555 3437 tres
2576 3383 2691 3438 dies
2719 3399 2946 3455 pergens
2975 3386 3138 3441 abbas
3168 3388 3430 3442 nuntiavit

1849 3470 1898 3523 ei
1921 3470 2048 3539 quia
2078 3470 2242 3525 frater
2269 3471 2552 3540 requievit.
2585 3473 2641 3527 lu
2672 3473 2775 3528 hoc
2800 3474 2981 3543 itaque
3008 3491 3114 3530 non
3140 3477 3432 3532 mediocri-

1850 3568 1933 3613 ter
1958 3560 2202 3615 tristatus
2230 3570 2333 3626 est,
2380 3563 2503 3630 quia
2544 3571 2829 3633 antequam
2859 3566 3035 3621 exiret
3062 3566 3131 3620 de
3156 3566 3258 3621 hac
3300 3568 3430 3633 vita,

1850 3664 1955 3702 non
1985 3649 2144 3703 solvit
2172 3666 2295 3705 eum
2324 3651 2391 3706 ab
2419 3654 2989 3709 excommunicatiouis
3018 3665 3039 3691 θ
3070 3656 3343 3723 epitimio;
3375 3666 3432 3710 et

1849 3739 2089 3793 scribens
2116 3742 2417 3795 orationem
2442 3742 2493 3795 in
2516 3744 2771 3812 pyctatio.
2804 3744 2950 3797 dedit
2973 3744 3060 3797 uni
3081 3743 3430 3800 diaconorum

1848 3842 2097 3895 suorum,
2138 3829 2331 3896 jubens
2362 3832 2411 3884 ei
2453 3832 2561 3893 ire,
2604 3840 2659 3885 et
2699 3846 2862 3899 super
2902 3833 3119 3889 fratrem
3152 3835 3255 3903 legi
3283 3852 3425 3892 eam.

1849 3915 1979 3970 Erat
2009 3926 2186 3971 autem
2214 3919 2388 3973 oratio
2419 3920 2632 3975 solvens
2659 3921 2725 3974 ab
2753 3924 3307 3978 excommunicatione
3335 3926 3431 3980 de-

1848 4003 2109 4061 functum.
2152 4006 2312 4061 Vadit
2357 4022 2484 4077 ergo
2522 4009 2799 4072 diaconus,
2840 4009 2978 4063 sicut
3016 4020 3338 4081 praeceptum
3377 4014 3430 4068 ei

1847 4094 2041 4161 fuerat,
2074 4105 2128 4151 et
2156 4112 2317 4165 super
2340 4098 2599 4152 tumulum
2628 4098 2808 4154 fratris
2832 4100 2962 4169 legit
2984 4106 3296 4172 pyctatium,
3331 4106 3430 4159 ha-

1846 4189 1981 4244 bens
2022 4189 2345 4243 orationem.
2387 4188 2453 4242 Et
2484 4191 2595 4258 ipsa
2637 4198 2797 4245 nocte
2840 4191 2971 4245 vidit
3011 4193 3177 4248 abbas
3204 4193 3429 4250 fratrem

1849 4279 1995 4333 illum
2022 4277 2361 4345 defunctum,
2405 4287 2463 4334 et
2497 4280 2629 4334 dixit
2656 4281 2706 4335 ei
2738 4297 2754 4335 :
2783 4280 2900 4336 Non
2929 4297 2990 4339 es
3017 4294 3288 4351 mortuus,
3322 4286 3431 4341 fra-

1850 4372 1964 4425 ter?
2009 4370 2102 4425 llle
2149 4370 2454 4439 respondit,
2486 4371 2667 4426 etiam.
2722 4369 2787 4427 Et
2835 4373 3027 4428 iterum
3081 4375 3432 4446 interrogavit

160 4462 244 4517 vis
269 4470 332 4516 ut
352 4464 583 4518 carnalis
604 4464 889 4529 desideret,
921 4471 1096 4517 tamen
1116 4471 1299 4532 petere
1322 4478 1425 4518 non
1448 4465 1743 4532 prmsumit.
1783 4503 1828 4561 D
1852 4476 1973 4516 eum
2000 4461 2163 4515 abbas
2187 4478 2200 4512 :
2234 4459 2333 4515 Ubi
2357 4476 2479 4517 eras
2502 4475 2669 4530 usque
2696 4462 2890 4518 hodie?
2916 4464 3209 4534 Respondit
3234 4466 3432 4523 frater?

162 4549 315 4607 Unde
370 4552 655 4609 Psalmista
710 4573 722 4606 :
776 4553 1102 4608 Desiderium
1148 4570 1429 4624 pauperum
1484 4555 1744 4608 exaudivit

159 4641 414 4697 Dominus
436 4685 452 4710 ,
482 4654 530 4697 et
559 4646 814 4698 desideria
855 4646 1026 4698 cordis
1054 4661 1231 4699 eorum
1259 4646 1452 4699 audivit
1484 4647 1626 4699 auris
1658 4655 1743 4699 tua

160 4736 179 4802 (
196 4734 349 4788 Psal.
382 4752 470 4790 xtx
491 4778 505 4801 ,
539 4736 649 4804 i7).
683 4735 749 4790 Et
778 4737 1071 4791 notandum
1099 4735 1225 4803 quia
1250 4750 1355 4789 non
1387 4735 1581 4805 legitur
1608 4735 1744 4790 Gre-

157 4827 299 4893 gorii
329 4828 579 4896 precibus
604 4828 818 4895 Trajani
849 4828 1024 4881 anima
1068 4825 1135 4879 ab
1163 4825 1369 4879 inferno
1393 4826 1644 4887 liberata,
1692 4834 1747 4879 et

158 4916 213 4968 in
240 4917 494 4985 paradiso
516 4919 770 4987 reposita,
796 4917 939 4987 quod
961 4916 1181 4972 omnino
1205 4915 1515 4971 incredibile
1538 4915 1746 4969 videtur

230 5039 255 5066 α
290 5029 435 5097 Βέ.,
466 5033 735 5085 miseratus
758 5035 841 5086 sit.

228 5099 257 5137 ³
288 5098 479 5172 ϐοιιξηῄ
502 5101 702 5172 ᾼηίιθς.
730 5111 783 5154 et
810 5103 1013 5166 Norm.,
1047 5102 1263 5172 Trajani
1292 5100 1584 5153 anima.....
1614 5100 1742 5153 libe-

160 5178 358 5223 rata...
389 5169 624 5223 dubitare
645 5172 895 5224 videntur.

238 5252 261 5279 ε
304 5238 560 5294 Nonnulli
594 5241 731 5294 Edili
760 5252 813 5294 et
841 5241 985 5305 Mss,
1016 5241 1242 5296 obuium.

234 5310 263 5381 εί
307 5307 523 5381 Gemet.
552 5326 613 5365 ac
642 5310 836 5378 Bigot.,
865 5312 1108 5381 quidquid
1134 5310 1223 5381 tibi
1249 5309 1633 5381 placet.__Porro
1659 5326 1749 5364 ca-

156 5380 277 5434 snla
322 5380 489 5434 vestis
516 5394 612 5433 seu
644 5381 819 5435 tunica
849 5389 929 5434 est
966 5379 1348 5435 monachorum
1370 5422 1384 5443 ,
1430 5379 1553 5434 licet
1594 5381 1751 5447 vulgo

152 5458 409 5521 sumatur
438 5465 545 5521 pro
567 5452 746 5521 casula
776 5451 1099 5521 presbyteri,
1121 5450 1187 5504 de
1201 5449 1559 5521 qua_nota_nda
1588 5450 1750 5504 verba

136 5514 351 5587 lynodi
380 5514 480 5574 sub
505 5514 862 5573 Carlomanno
886 5514 1077 5574 habita:
1103 5514 1234 5573 ann:
1263 5518 1364 5571 74⁸2
1390 5535 1402 5571 :
1428 5518 1751 5571 Decrevimus

153 5605 360 5657 quoque
394 5597 461 5651 με
484 5587 767 5657 presbyteri
795 5594 868 5642 vel
910 5590 1116 5643 diaconi
1156 5606 1259 5643 non
1298 5590 1459 5657 sagis,
1502 5588 1748 5641 [uicorum

155 5672 323 5721 more,
368 5658 462 5710 sed
488 5657 678 5709 casulis
722 5667 950 5720 utantur,
994 5669 1097 5711 ritu
1139 5673 1397 5711 servarunt
1436 5657 1553 5719 Dei,
1591 5658 1641 5708 id
1668 5666 1749 5711 est

158 5726 574 5781 monachorum.
612 5725 835 5778 MABILL.
866 5727 919 5778 ln
952 5726 1111 5802 Erato
1139 5742 1222 5797 sp.
1252 5728 1444 5797 legitur
1465 5745 1473 5778 :
1498 5725 1745 5778 Tunicam

578 5819 843 5877 Ρηιιοι.
882 5820 1133 5880 LXXV.

1856 4556 2021 4619 Vere,
2070 4554 2283 4608 domine
2304 4593 2318 4619 ,
2354 4554 2407 4607 in
2436 4554 2707 4617 custodia,
2760 4562 2815 4609 et
2836 4570 3009 4626 usque
3034 4556 3149 4611 heri
3179 4572 3284 4611 non
3310 4573 3433 4614 sum

1848 4646 2143 4701 absolulus.
2186 4644 2381 4698 Notum
2413 4646 2591 4712 itaque
2623 4644 2817 4699 factum
2848 4658 2927 4700 est
2951 4648 3199 4702 omnibus
3226 4662 3347 4716 quta
3378 4649 3433 4706 in

1848 4737 1977 4791 hora
2004 4753 2107 4807 qua
2139 4737 2398 4791 diaconus
2426 4738 2723 4792 nationem
2755 4738 2887 4792 dixit
2914 4753 3075 4807 super
3103 4740 3429 4808 sepulcrum,

1848 4829 1899 4881 in
1924 4842 1987 4881 ea
2017 4829 2148 4883 hora
2179 4827 2459 4882 absolutus
2498 4834 2581 4881 est
2627 4826 2695 4881 ab
2738 4828 3328 4894 excommunicatione,
3377 4834 3431 4884 et

1849 4917 2073 4972 liberata
2101 4927 2183 4973 est
2217 4916 2238 4956 ί
2272 4932 2302 4971 a
2332 4916 2698 4971 dominatione
2728 4918 2906 4971 anima
2937 4917 3072 4986 ejus.
3447 4938 3455 4985 ι

1855 5049 1954 5085 non
1989 5034 2169 5088 habeo.
2213 5033 2426 5094 Greece,
2467 5035 2719 5097 καμίσιον.
2753 5030 3110 5097 Hieronymus
3156 5027 3315 5095 epist.
3365 5027 3433 5082 ad

1860 5086 2135 5158 Fabiolam
2158 5086 2175 5156 ﬁ:
2203 5086 2384 5157 solent
2417 5086 2716 5153 'militantes
2758 5086 3151 5149 habere'lineas
3193 5086 3393 5149 tunicas
3417 5139 3433 5161 ,

1855 5189 1980 5242 quas
2023 5174 2264 5226 camisias
2302 5179 2503 5225 rorant.
2538 5168 2809 5242 _l.~_idorus_,
2842 5167 2878 5219 l.
2923 5181 3031 5242 δικ.
3063 5164 3229 5242 Qrig.,
3257 5178 3303 5242 c.
3336 5164 3430 5242 2},

1856 5234 2096 5294 camisias
2124 5243 2374 5309 appellat,
2408 5239 2550 5307 quod
2582 5238 2635 5289 in
2664 5236 2758 5309 his
2770 5235 3063 5309 dormimus
3090 5234 3349 5309 iuncamis,

1857 5320 1940 5364 est
1964 5312 2013 5363 in
2036 5303 2218 5369 stratis
2246 5303 2459 5363 nostris.
2484 5304 2722 5364 Consule
2743 5304 3117 5373 anmasticon
3146 5303 3430 5373 Rosveydi.

1858 5379 1951 5433 Est
1974 5389 2151 5433 autem
2181 5396 2331 5432 cama
2357 5379 2516 5432 etiam
2548 5374 2709 5431 hodie
2738 5371 2985 5442 Hispanis
3012 5372 3201 5439 lectus,
3233 5371 3429 5428 cubile.

1855 5448 2121 5503 Βοιιιιιιι).
3164 5484 3167 5487 ‹

1929 5529 1951 5555 θ
1994 5518 2311 5583 Epitimium,
2354 5516 2518 5571 multa
2549 5512 2933 5575 ecclesiastica.
2983 5512 3303 5583 Pyctacium,
3351 5519 3437 5567 tau

1852 5588 2004 5641 bel’m
2035 5586 2321 5640 litterarim.
2357 5586 2579 5644 Mantua
3448 5634 3449 5637 η

1930 5658 1947 5695 ι
1991 5657 2311 5725 Purgatorii.
2347 5673 2454 5711 non
2483 5658 2669 5715 inferni
2701 5676 2713 5713 :
2742 5656 2866 5713 vide
2898 5663 3050 5710 notas
3080 5653 3132 5707 in
3165 5652 3338 5705 Vitam
3368 5648 3420 5708 St

1853 5728 1909 5782 Ρ.
1946 5728 2165 5789 chd,
2200 5743 2245 5782 c.
2275 5727 2361 5778 2'5.
