4018 6308
563 244 659 302 107

1147 240 1201 296 S.
1246 239 1569 297 CREGORH
1610 242 1808 297 ΡΑΡιιΕ
1854 243 2031 308 VITA,
2079 243 2280 301 AUCT.
2322 243 2582 301 JOANNE
2625 245 2935 302 DIACONO.
2980 246 3108 302 LIB.
3152 248 3219 303 ll.
3731 254 3822 312 108

628 354 717 409 46.
740 353 904 423 Igitur
930 352 1218 422 Gregorius
1238 368 1346 408 non
1369 354 1540 408 solum
1570 354 1809 409 Saxones
1832 353 1884 406 in
1908 330 2141 423 propriis
2167 355 2424 437 A'missis
2452 357 2502 410 ei
2533 357 2763 411 relaxari
2794 357 3026 424 debeat;
3057 358 3104 413 si
3136 366 3247 415 tres
3279 358 3361 415 vel
3392 367 3643 431 quatuor,
3695 379 3822 424 unus

559 444 777 500 sedibus
804 452 1213 499 commanentes
1240 442 1454 498 Christo
1484 443 1710 498 Domino
1734 441 2022 504 dedicavit,
2049 457 2143 495 ve—

559 548 680 587 rum
709 532 870 588 etiam
897 546 1097 602 pueros
1125 547 1309 587 eorum
1338 546 1437 601 per
1470 540 1683 586 exteras
1707 532 1955 599 regiones
1981 530 2143 585 diffu-

563 640 673 691 sos,
720 624 831 679 suis
859 624 1049 693 pretiis
1074 637 1396 691 comparans
1424 621 1747 689 annualiter,
1780 621 1845 677 ad
1873 621 2144 690 cognitio—

564 730 689 770 nem
732 714 854 769 ﬁdei
887 712 1209 768 deducebat.
1259 709 1412 764 Unde
1446 709 1743 764 Candidum
1771 710 2143 781 presbyterum

561 808 886 867 commonet,
938 799 1163 853 dicens:
1222 817 1240 849 ι
1278 797 1534 867 Pergens,
1592 798 1887 853 auxiliante
1918 798 2145 854 Domino

562 894 676 949 Deo
705 900 888 948 nostro
913 889 1040 945 Jesu
1069 888 1304 956 Christo,
1327 888 1394 943 a‘d
1416 889 1795 959 patrimonium
1817 889 1962 959 quod
1982 897 2065 946 est
2092 891 2147 944 in

560 984 747 1038 Galliis
774 980 1198 1050 gubernandum,
1230 980 1477 1035 volumus
1506 988 1566 1034 ut
1593 979 1813 1035 dilectio
1841 987 1932 1034 tua
1962 995 2029 1035 ex
2057 996 2147 1037 so-

558 1074 683 1129 lidis
702 1087 838 1142 quos
859 1070 1130 1141 acceperit
1158 1071 1478 1125 vestimenta
1502 1085 1821 1140 pauperum,
1843 1070 1929 1125 vel
1951 1086 2148 1141 pueros

557 1164 782 1233 Anglos,
828 1163 919 1232 qui
945 1169 1069 1217 sunt
1097 1162 1165 1216 ah
1197 1161 1352 1216 annis
1380 1161 1569 1215 decem
1597 1168 1653 1215 et
1680 1169 1908 1230 septem,
1941 1162 2025 1216 vel
2052 1161 2148 1217 de-

560 1270 678 1310 cem
709 1262 764 1309 et
809 1260 956 1319 octo,
1006 1259 1065 1305 ut
1090 1251 1144 1305 in
1190 1251 1533 1305 monasteriis
1562 1250 1672 1305 dati
1702 1250 1812 1305 Deo
1842 1250 2147 1320 proficiant,

559 1353 858 1416 comparet,
886 1352 1152 1413 quatenus
1174 1342 1329 1397 solidi
1355 1340 1670 1407 Galliarum,
1695 1342 1785 1411 qui
1809 1344 1861 1395 in
1884 1350 2025 1396 terra
2050 1357 2150 1397 n0-

562 1446 675 1493 stra
704 1435 931 1508 expendi
953 1450 1060 1489 non
1088 1440 1333 1504 possunt,
1365 1432 1506 1501 apud
1534 1432 1713 1487 locum
1743 1432 2018 1502 proprium
2046 1432 2152 1486 uti-

562 1528 685 1582 liter
704 1525 1096 1595 expendantur.
1122 1523 1178 1577 Si
1203 1522 1330 1590 quid
1354 1536 1486 1577 vero
1509 1521 1576 1576 de
1598 1522 1836 1591 pecuniis
1860 1522 2146 1588 redituum,

562 1630 681 1685 quae
701 1614 947 1670 dicuntur
970 1621 997 1649 ι
1019 1611 1231 1679 ablatae,
1259 1611 1502 1679 recipere
1522 1609 1783 1679 potueris,
1808 1624 1874 1664 ex
1901 1610 1982 1666 his
2010 1625 2149 1680 quo-

2246 443 2449 501 solidus
2470 447 2773 513 relaxetur;
2797 448 2841 502 si
2864 447 2991 516 quid
3016 448 3263 518 amplius,
3284 449 3393 518 jam
3413 449 3565 519 juxta
3588 454 3820 511 eumdem

2247 533 2463 587 modum
2484 535 2644 590 debet
2670 538 2934 592 relaxatio
2965 538 3099 604 fieri,
3130 539 3217 594 vel
3242 548 3391 595 certe
3410 540 3564 609 juxta
3590 544 3729 612 quod
3756 546 3822 601 di-

2248 625 2406 680 lectio
2434 635 2523 681 tua
2548 630 2823 697 praevidet,
2853 641 2914 684 ut
2941 641 2996 686 et
3026 633 3078 687 ei
3108 635 3445 689 convertitur
3472 651 3608 691 onus
3638 638 3823 696 releve-

2248 722 2357 782 tur,
2379 723 2435 769 et
2454 718 2822 774 ecclesiastica
2852 722 3055 777 utilitas
3087 739 3193 778 non
3220 726 3371 792 gravi
3399 726 3680 796 dispendio
3710 745 3822 799 pre-

2248 814 2440 861 matur.
2472 808 2582 865 Nec
2629 810 2733 865 hoc
2778 811 3040 868 inutiliter
3084 812 3332 880 facimus,
3377 817 3423 875 si
3456 833 3554 887 pro
3597 819 3825 878 levandis

2249 900 2566 969 pensionum
2595 902 2849 958 oneribus
2876 917 2973 959 eos
3000 904 3065 958 ad
3109 905 3303 961 Christi
3332 908 3558 976 gratiam
3591 910 3822 977 perduci-

2250 1007 2390 1056 mus,
2409 994 2534 1061 quia
2557 1002 2612 1049 et
2640 994 2685 1049 si
2716 996 2818 1065 ipsi
2844 998 3021 1053 minus
3044 998 3273 1055 fideliter
3301 1003 3546 1069 veniunt,
3574 1002 3627 1056 hi
3658 1012 3824 1059 tamen

2249 1084 2342 1152 qui
2368 1083 2436 1138 de
2464 1085 2541 1138 eis
2572 1086 2681 1140 nati
2711 1087 2927 1153 fuerint,
2955 1087 3065 1157 jam
3096 1089 3305 1147 ﬁdelius
3332 1092 3697 1162 baptizantur.
3728 1096 3823 1150 Aut

2252 1173 2398 1242 ipsos
2448 1186 2596 1241 ergo,
2639 1183 2732 1228 aut
2779 1175 2915 1233 ﬁlios
2946 1174 3134 1233 eorum
3164 1179 3458 1247 lucramur,
3490 1190 3546 1237 et
3576 1182 3698 1238 ideo
3725 1200 3821 1241 non

2250 1272 2334 1319 est
2353 1278 2513 1334 grave
2552 1267 2809 1336 quidquid
2842 1269 2908 1325 de
2938 1271 3196 1339 pensione
3226 1288 3323 1342 pro
3351 1272 3569 1331 Christo
3600 1275 3820 1331 dimitti-

2251 1371 2389 1410 mus.
2427 1375 2443 1408 ι
2483 1356 2622 1426 (Lib.
2654 1376 2709 1427 v,
2751 1361 2902 1431 epist.
2935 1361 3015 1433 8.)

2320 1447 2407 1501 b9.
2450 1447 2736 1506 Enimvero
2792 1460 2900 1507 tam
2931 1454 3342 1526 levigationibus
3370 1458 3648 1517 dationum
3674 1476 3823 1532 quam

2253 1539 2696 1607 promissionibus
2716 1544 2867 1611 regni
2887 1544 3147 1601 cmlorum
3170 1547 3336 1604 Judaei
3366 1566 3464 1621 per
3483 1551 3691 1610 diversa
3717 1555 3825 1612 loca

2253 1630 2321 1685 ad
2349 1630 2644 1701 Christum,
2674 1649 2833 1703 quem
2860 1644 3043 1705 patres
3070 1653 3256 1693 eorum
3281 1653 3629 1711 negaverant,
3654 1647 3828 1703 vestire

562 1720 667 1775 εἰυθ
693 1704 1011 1759 “summm
1053 1714 1351 1771 Paupemm
1398 1713 1714 1799 compara}?
1758 1707 1814 1755 ῖθ
1858 1701 2148 1802 Vf’lumusj
2184 1723 2228 1782 Β
2254 1730 2554 1792 coeperunt.
2586 1701 2790 1791 Quibus
2808 1742 2931 1780 cum
2958 1727 3129 1782 salute
3158 1730 3350 1785 animas
3371 1733 3690 1789 vestimenta
3711 1752 3829 1805 quo-

560 1795 666 1860 vel,
708 1794 846 1849 sicut
872 1790 1081 1861 praefati
1111 1803 1315 1852 sumus,
1348 1801 1546 1857 pueros
1568 1787 1659 1857 qui
1690 1787 1741 1842 in
1764 1788 2152 1859 omnipotentis

560 1875 655 1942 Dei
670 1884 887 1942 servitio
902 1881 1209 1954 proficiant.
1243 1880 1348 1935 Sed
1376 1879 1501 1949 quia
1528 1881 1722 1950 pagani
1750 1888 1896 1950 sunt,
1923 1882 2013 1951 qui
2044 1882 2152 1938 illic

564 1974 794 2036 inveniri
816 1958 1063 2049 possunt,
1084 1976 1211 2030 volo
1226 1982 1287 2029 ut
1307 1988 1427 2029 cum
1457 1974 1537 2029 eis
1566 1975 1849 2047 presbyter
1881 1978 2152 2033 transmit-

562 2078 726 2134 tatur,
741 2083 809 2124 ne
822 2067 948 2137 quid
970 2064 1303 2136 aegritudinis
1325 2065 1601 2134 contingat
1622 2065 1675 2120 in
1692 2065 1798 2131 via,
1816 2076 2124 2137 utquosmo

562 2164 763 2219 rituros
786 2159 1337 2231 conspexeritdebeat
1355 2158 1649 2228 baptizare.
1664 2176 1682 2210 ι
1706 2157 1935 2229 (Lib.vr,
1957 2177 2039 2231 ep.
2069 2160 2150 2231 7.)

610 2275 720 2330 .47.
741 2275 850 2345 62
870 2271 1129 2327 Sardiniae
1146 2284 1360 2340 quoque
1378 2269 1611 2325 rusticos
1630 2269 1949 2327 mitissimus
1969 2280 2151 2326 rector

563 2364 854 2436 Gregorius
875 2363 931 2417 in
953 2376 1139 2417 errore
1162 2360 1191 2400 δ
1220 2360 1498 2416 vetustatis
1518 2359 1656 2416 adeo
1678 2374 1994 2430 permanere
2021 2376 2151 2416 con-

561 2457 758 2525 doluit,
780 2462 840 2512 ut
866 2454 1179 2510 Ianuarium
1202 2452 1563 2507 Caralitanum
1594 2452 1905 2522 episcopum
1929 2466 2027 2521 pro
2056 2466 2150 2505 ne-

562 2549 834 2620 gl’gentiis
861 2545 1213 2617 increpando,
1252 2544 1395 2598 inter
1422 2551 1619 2599 cietera
1647 2543 1849 2599 scribat
1882 2561 1895 2596 :
1937 2561 1955 2594 ‹
1992 2543 2151 2598 Acci-

563 2642 640 2695 dit
669 2639 814 2694 aliud
841 2637 1002 2694 valde
1030 2637 1335 2706 lugendum,
1366 2635 1491 2703 quia
1533 2635 1681 2704 ipsos
1719 2634 1967 2699 rusticos,
2014 2647 2151 2702 quos

564 2732 728 2788 habet
762 2729 1004 2785 Ecclesia
1046 2740 1186 2782 nunc
1222 2739 1392 2793 usque
1433 2725 1486 2778 in
1528 2723 1844 2779 inﬁdelitate
1870 2738 2153 2778 remanere

563 2819 888 2890 negligentia
918 2816 1265 2872 fraternitatis
1294 2822 1487 2871 vestrae
1516 2814 1777 2885 permisit.
1810 2812 1878 2867 Et
1905 2813 2033 2882 quid
2058 2828 2154 2868 vos

564 2911 830 2966 admoneo
858 2917 917 2963 ut
955 2906 1023 2965 ad
1062 2906 1346 2962 Dominum
1377 2912 1667 2960 extraneos
1711 2904 2009 2968 adducatis,
2060 2904 2151 2973 qui

565 3009 776 3059 vestros
804 3000 871 3054 ab
898 2997 1213 3052 inﬁdelitate
1240 2995 1507 3064 negligitis
1531 2994 1840 3062 corrigere?
1869 2991 2023 3048 Unde
2052 3007 2150 3047 ne-

2253 1826 2360 1880 que
2388 1812 2721 1883 baptizandis
2741 1814 2939 1870 habilia
2968 1817 3301 1875 conferebat.
3328 1818 3479 1878 Unde
3502 1823 3732 1881 Fantino
3750 1826 3830 1907 de-

2254 1901 2452 1957 fensori
2484 1920 2497 1956 :
2537 1921 2556 1955 ι
2594 1903 2840 1970 Domina,
2873 1906 3069 1975 inquit,
3098 1908 3367 1964 abbatissa
3390 1915 3699 1969 monasterii
3721 1906 3830 1970 san-

2221 2047 2227 2053 ,
2254 1993 2326 2047 cti
2355 1991 2634 2062 Stephani,
2666 1994 2810 2064 quod
2837 1994 2890 2048 in
2918 1995 3266 2067 Agrige:;tino
3290 2008 3373 2055 est
3402 2002 3674 2059 territorio
3700 2020 3830 2061 con-

2254 2083 2518 2149 stitutum,
2540 2083 2833 2153 indicante,
2854 2087 3220 2156 comperimus
3234 2089 3429 2145 multos
3447 2089 3752 2148 Judaaorum
3769 2095 3832 2150 ad

2254 2174 2602 2228 christianam
2654 2172 2834 2243 ﬁdem,
2889 2176 3067 2232 divina
3122 2180 3296 2247 gratia
3350 2181 3672 2253 inspirante,
3702 2185 3832 2241 velle

2253 2264 2517 2330 converti,
2544 2264 2640 2319 sed
2665 2280 2784 2321 esse
2805 2268 3166 2323 necessarium
3196 2279 3253 2325 ut
3280 2271 3475 2342 aliquis
3504 2274 3632 2330 illuc
3654 2291 3721 2331 ex
3747 2293 3833 2332 no.

2251 2362 2365 2409 stro
2393 2355 2651 2411 mandato
2688 2356 2881 2412 debeat
2925 2358 3212 2428 proﬁcisci.
3261 2361 3495 2421 Proinde
3541 2367 3704 2438 hujus
3745 2370 3832 2425 tlbi

2253 2446 2591 2502 auctoritatis
2621 2455 2808 2502 tenore
2836 2450 3175 2519 praecipimus
3204 2462 3282 2522 ut,
3315 2457 3464 2511 omni
3493 2460 3833 2515 excusatione

2251 2544 2537 2602 summota,
2561 2537 2625 2591 ad
2648 2539 2957 2607 praedictum
2976 2540 3150 2596 locum
3172 2558 3414 2614 pergere,
3437 2557 3493 2603 et
3512 2550 3832 2606 desiderium

2253 2642 2441 2682 eorum
2490 2629 2617 2695 tuis,
2648 2628 2759 2687 Deo
2789 2632 3042 2703 propitio,
3086 2634 3553 2694 adhortationibus
3581 2640 3835 2711 adjuvare

2252 2715 2491 2774 festines.
2549 2717 2752 2785 Quibus
2790 2730 2970 2777 tamen
2998 2724 3043 2777 si
3073 2724 3289 2794 longum
3321 2727 3407 2781 vel
3435 2729 3587 2785 triste
3618 2732 3728 2801 63
3758 2732 3834 2785 vi-

2252 2808 2412 2864 detur
2456 2806 2480 2846 ά
2532 2810 2928 2867 solemnitatem
2973 2816 3239 2872 sustinere
3278 2818 3604 2887 paschalem,
3643 2830 3701 2876 et
3747 2837 3836 2877 eos

2256 2916 2401 2955 nunc
2430 2900 2498 2956 ad
2528 2901 2797 2971 baptisma
2836 2903 3092 2962 festinare
3119 2910 3433 2977 cognoscis,
3465 2926 3552 2976 ne,
3577 2913 3728 2982 quod
3751 2913 3836 2968 ab-

2252 2991 2344 3058 sit,
2367 2990 2523 3059 longa
2548 2991 2735 3047 dilatio
2756 3009 2941 3048 eorum
2968 3004 3114 3051 retro
3144 2999 3313 3065 possit
3333 3000 3542 3056 animos
3562 3017 3838 3066 revocare.

567 3099 717 3148 cessa
743 3096 826 3145 est
852 3104 950 3143 vos
992 3102 1090 3157 per
1114 3087 1295 3142 omnia
1335 3086 1389 3139 in
1418 3099 1605 3141 eorum
1634 3082 1989 3139 conversione
2015 3082 2149 3150 vigi-
2177 3090 2221 3149 ς
2251 3093 2373 3133 cum
2418 3080 2671 3149 episcopo
2698 3082 2802 3136 loci
2831 3082 2998 3151 ipsius
3025 3084 3275 3152 loquere,
3325 3095 3384 3140 ut
3413 3090 3738 3156 pmnitentia
3780 3105 3837 3145 ac

564 3181 701 3237 lare.
744 3179 877 3234 Nam
923 3179 967 3233 si
997 3177 1284 3247 cujuslibet
1331 3174 1568 3245 episcopi
1611 3173 1664 3226 in
1692 3171 1938 3227 Sardinia
1980 3171 2149 3225 insula

567 3281 832 3342 paganum
860 3268 1119 3323 rusticum
1161 3265 1401 3321 invenire
1429 3270 1681 3332 potuero,
1713 3261 1767 3315 in
1798 3260 1986 3315 eodem
2034 3261 2153 3330 epi-

565 3375 733 3432 scopo
761 3358 973 3416 fortiter
1000 3356 1314 3413 vindicabo.
1341 3351 1459 3407 .lam
1497 3366 1626 3407 vero
1653 3352 1696 3407 si
1727 3351 1959 3405 rusticus
1987 3357 2151 3405 tantae

567 3452 728 3508 fuerit
754 3449 991 3522 perﬁdia:
1025 3456 1080 3503 ct
1107 3443 1482 3501 obstinationis
1505 3441 1772 3503 inventus,
1798 3446 1858 3493 ut
1878 3439 1946 3494 ad
1968 3438 2154 3494 Domi-

567 3560 695 3600 num
706 3543 893 3599 venire
906 3540 1127 3595 minime
1143 3534 1467 3597 consentiat,
1502 3539 1653 3586 tanto
1679 3531 1956 3603 pensionis
1982 3545 2150 3586 onere

569 3633 873 3703 gravandus
893 3638 1003 3698 est,
1029 3638 1089 3683 ut
1116 3628 1231 3695 ipsa
1261 3622 1562 3679 exactionis
1581 3636 1691 3677 suae
1712 3636 1871 3690 pcena
1901 3622 2146 3691 compel-

569 3725 713 3781 latur
750 3723 819 3778 ad
849 3717 1228 3776 rectitudinem
1255 3713 1531 3768 festinare.
1565 3731 1584 3766 ι
1615 3711 1772 3785 (Lib.
1814 3728 1894 3780 iv,
1921 3730 2003 3783 ep.
2034 3712 2152 3783 26.)

640 3814 729 3868 48.
759 3809 911 3878 Quod
938 3822 1061 3862 cum
1087 3802 1380 3873 Gregorius
1407 3801 1678 3859 fructuose
1704 3803 1967 3873 simulque
2003 3802 2148 3857 salu-

568 3907 737 3965 briter
764 3905 818 3959 in
860 3897 1119 3954 Sardinia;
1147 3895 1376 3952 rusticos
1415 3895 1748 3965 processisse
1775 3901 2150 3962 cognosceret,

569 3998 733 4054 etiam
754 3994 809 4047 in
832 3987 1048 4044 Iudaeos
1072 3987 1516 4058 patrimoniorum
1548 4000 1767 4039 suorum
1794 3984 2022 4040 rusticos
2046 4000 2152 4039 non

568 4082 898 4142 dissimiliter
933 4087 1017 4133 est
1058 4086 1285 4134 conatus
1322 4075 1641 4131 extendere.
1688 4074 1843 4129 Unde
1885 4074 2155 4146 Cypriane

569 4176 801 4233 diacono
827 4156 1247 4235 scribit,dicens
1278 4185 1292 4220 :
1330 4185 1349 4219 ι
1382 4165 1634 4221 Pervenit
1655 4164 1725 4219 ad
1772 4179 1859 4219 me
1906 4179 2024 4221 esse
2049 4164 2157 4221 lle-

568 4268 744 4324 brmos
788 4264 847 4318 in
890 4260 1322 4332 possessionibus
1358 4269 1379 4296 ο
1414 4257 1631 4321 nostris,
1674 4256 1766 4325 qui
1795 4258 2038 4313 converti
2087 4258 2157 4313 ad

571 4359 744 4414 Deum
786 4352 1090 4409 nullatenus
1123 4350 1331 4406 volunt.
1382 4347 1487 4403 Sed
1526 4347 1739 4401 videtur
1780 4347 1910 4401 mihi
1954 4355 2013 4401 ut
2058 4362 2156 4418 per

2252 3171 2576 3226 abstinentia
2616 3173 2970 3241 quadraginta
2999 3175 3206 3229 dierum
3238 3176 3457 3244 indicta,
3493 3189 3587 3233 aut
3610 3182 3708 3237 die
3738 3181 3838 3238 Do-

2254 3262 2471 3327 minico,
2516 3272 2611 3317 aut
2637 3264 2680 3318 si
2710 3263 3062 3319 celeberrima
3091 3265 3349 3321 festivitas
3378 3267 3624 3325 fortassis
3654 3287 3839 3329 occur-

2252 3353 2401 3417 rerit,
2426 3367 2540 3418 eos,
2558 3353 2956 3429 (omnipotentis
2977 3353 3072 3409 Dei
3097 3356 3469 3412 misericordia
3496 3368 3835 3432 protegente,

2252 3443 2517 3511 baptizet;
2549 3430 2671 3512 quia
2696 3452 2750 3498 et
2780 3445 3039 3514 temporis
3067 3447 3301 3515 qualitas
3330 3456 3557 3519 propter
3576 3430 3705 3508 eam
3725 3468 3838 3523 quae

2253 3533 2353 3587 sibi
2375 3533 2618 3588 imminet
2644 3534 2851 3589 cladem
2872 3535 3099 3604 impellit
3119 3545 3177 3591 ut
3196 3536 3457 3594 desideria
3486 3554 3677 3597 eorum
3698 3544 3840 3599 nulls

2252 3622 2484 3677 debeant
2521 3622 2779 3678 dilatione
2818 3623 3042 3679 differri.
3092 3625 3453 3698 Quoscunque
3494 3645 3622 3686 vero
3652 3648 3724 3687 ex
3765 3634 3839 3689 eis

2253 3727 2537 3783 pauperes,
2570 3721 2626 3767 et
2654 3713 2721 3767 ad
2742 3720 2948 3769 vestem
2978 3715 3079 3769 sibi
3118 3716 3399 3772 emendant
3443 3735 3553 3774 non
3590 3721 3839 3779 sufficere

2255 3816 2414 3871 posse
2448 3816 2764 3871 cognosces,
2796 3813 2850 3859 te
2877 3806 2954 3860 eis
2978 3814 3205 3874 vestem,
3237 3822 3399 3877 quam
3422 3810 3489 3865 ad
3513 3810 3838 3881 baptismum

2256 3894 2511 3959 habeant,
2542 3909 2858 3966 comparare
2885 3897 3133 3953 volumus
3167 3914 3231 3955 ac
3258 3901 3520 3970 pra-bere,
3555 3903 3609 3957 in
3646 3906 3840 3974 quibus

2257 3983 2485 4052 pretium
2532 3985 2677 4053 quod
2706 3985 2919 4040 dederis
2963 3987 3068 4042 tuis
3096 3989 3311 4045 noveris
3340 3990 3638 4047 rationibus
3670 3995 3838 4063 impu-

2258 4071 2496 4126 tandum.
2522 4071 2581 4127 Si
2600 4088 2732 4128 vero
2750 4082 2995 4129 sanctum
3010 4077 3215 4132 Pascha
3231 4078 3488 4147 elegerint
3501 4092 3837 4152 exspectare,

2258 4163 2450 4217 iterum
2474 4178 2596 4218 cum
2625 4164 2881 4235 episcopo
2903 4165 3125 4235 loquere
3153 4177 3212 4222 ut
3241 4169 3404 4225 modo
3444 4171 3663 4239 quidem
3691 4184 3835 4231 cate-

2257 4252 2508 4308 chumeni
2535 4253 2683 4321 ﬁant,
2715 4263 2877 4324 atque
2904 4255 2971 4309 ad
3016 4272 3112 4311 eos
3148 4257 3455 4329 frequenter
3482 4262 3726 4328 accedat,
3750 4256 3838 4333 ge;

2259 4351 2449 4413 ratque
2476 4345 2889 4401 sollicitudinem
2918 4356 2975 4402 et
3006 4348 3216 4406 animos
3243 4365 3431 4406 eorum
3470 4353 3838 4412 admonitione

572 4463 763 4507 omnes
786 4445 1155 4518 possessiones
1182 4443 1236 4497 in
1264 4442 1457 4510 quibus
1486 4440 1587 4509 ipsi
1613 4439 1822 4495 Hebraei
1868 4455 1988 4496 esse
2031 4456 2155 4496 nos-
2189 4450 2231 4507 ι)
2258 4448 2365 4487 suae
2392 4434 2781 4492 adhortationis
2806 4438 3096 4505 accendat;
3128 4448 3152 4478 ο
3185 4448 3243 4495 ut
3268 4450 3473 4511 quanto
3496 4458 3616 4513 quae
3646 4461 3835 4517 exspe-

578 4546 791 4605 cuntur,
820 4535 1076 4608 epistolas
1103 4532 1465 4588 transmittere
1486 4531 1704 4595 debeas,
1732 4531 1811 4585 eis
1830 4544 1897 4584 ex
1922 4544 2008 4585 me
2030 4545 2151 4600 spe-

577 4632 785 4688 cialiter
823 4628 1143 4700 promittens
1166 4624 1311 4693 quod
1337 4624 1641 4693 quicunque
1670 4622 1736 4676 ad
1760 4636 1948 4677 verum
1968 4621 2151 4676 Domi-

574 4737 703 4783 num
728 4720 895 4775 Deum
942 4724 1184 4773 nostrum
1209 4713 1390 4769 Jesum
1419 4712 1693 4767 Christum
1720 4725 1789 4765 ex
1818 4711 1897 4766 eis
1926 4725 2155 4766 conver-

574 4828 666 4869 sus
710 4809 887 4874 fuerit,
936 4822 1074 4863 onus
1110 4804 1464 4876 possessionis
1506 4802 1624 4872 ejus
1666 4817 1735 4857 ex
1778 4802 1954 4871 aliqua
2000 4810 2153 4871 parte

575 4901 938 4957 imminuetur.
969 4896 1124 4964 Quod
1143 4897 1216 4950 ita
1239 4908 1455 4964 quoque
1475 4892 1588 4948 ﬁeri
1619 4893 1762 4955 volo,
1787 4899 1846 4947 ut
1872 4892 1916 4946 si
1946 4893 2066 4960 quis
2086 4908 2151 4946 ex

576 4993 654 5046 eis
681 5004 974 5047 conversus
997 4988 1178 5053 fuerit,
1210 4986 1257 5041 si
1297 4985 1452 5040 solidi
1482 4983 1796 5052 pensionem
1827 4983 2009 5048 habet,
2044 4991 2152 5036 tre-

651 5172 679 5239 τι
712 5160 909 5239 ξίφει
931 5162 1165 5239 (semen,
1196 5154 1411 5239 oblata.
1641 5223 1692 5239 μ
1726 5222 1764 5239 η
1986 5236 1995 5239 Δ
2070 5228 2099 5239 4,

647 5231 676 5269 b
712 5222 909 5284 Mibill.
942 5238 997 5284 et
1020 5225 1306 5289 Gussanv.,
1354 5238 1561 5279 necnon
1607 5223 1695 5277 ali
1726 5222 1886 5293 Editi,
1918 5228 2151 5280 vetustis-

574 5318 727 5358 srmo.

648 5370 827 5447 7_Big.
858 5377 914 5424 et
944 5365 1207 5447 nonnulli,
1232 5365 1431 5447 oesth
1503 5433 1543 5447 ᾗ
1611 5433 1624 5447 ι
1693 5435 1703 5445 ,
1812 5435 1869 5447 __
1971 5437 2000 5447 Α.

644 5442 671 5479 ἀ
708 5433 959 5497 Solemne
990 5438 1086 5491 fuit
1111 5437 1380 5506 quondam
1420 5438 1472 5489 in
1502 5433 1738 5506 Ecclesia
1768 5443 1827 5506 ut
1856 5435 2153 5505 baptismus

573 5512 688 5569 sola
718 5508 1028 5587 Paschatis.
1060 5504 1146 5562 vel
1173 5504 1521 5587 Pentecostes
1548 5505 1729 5587 vigilia
1785 5504 2153 5587 frequentare:

576 5592 681 5637 tur.
712 5578 814 5647 Qui
838 5593 958 5632 mos
988 5592 1092 5631 non
1122 5575 1294 5647 solum
1320 5575 1388 5629 ad
1414 5573 1595 5647 Caroli
1619 5574 1687 5627 M.
1716 5584 1958 5647 tempora
1986 5577 2157 5644 viguit

574 5654 629 5711 in
670 5644 909 5705 Ecclesia
939 5647 1153 5713 Gallic.,
1181 5645 1276 5698 sed
1319 5660 1486 5714 usque
1507 5644 1573 5698 ad
1598 5646 1851 5701 saeculum
1876 5661 1930 5701 ιι
1964 5647 2156 5714 perdu-

580 5722 723 5777 rivit.
748 5718 881 5774 Nam
909 5718 964 5772 in
992 5715 1159 5773 Cone.
1194 5714 1447 5771 Rothom.
1480 5731 1603 5770 ann.
1642 5714 1795 5781 1072,
1829 5716 1969 5785 apud
2018 5716 2148 5770 0rd.

1128 5824 1155 5847 Δ

2261 4530 2438 4577 ctatur
2490 4524 2774 4592 elongatur
2822 4525 3102 4592 festivitas,
3147 4536 3297 4583 tanto
3340 4545 3400 4586 se
3446 4546 3753 4602 praeparare
3788 4544 3839 4591 et

2261 4627 2380 4666 eam
2398 4613 2665 4670 desiderio
2680 4616 2907 4671 ferventi
2936 4617 3167 4673 debeant
3191 4616 3458 4676 sustinere
3504 4641 3522 4674 ι
3560 4620 3705 4696 (Lib.
3732 4641 3839 4692 vm,

2260 4706 2411 4773 epist.
2441 4705 2556 4776 25.)
2596 4706 2730 4762 ltem
2756 4706 2936 4774 Petro,
2970 4710 3228 4781 episcopo
3256 4712 3509 4780 Corsicae,
3533 4715 3679 4771 inter
3700 4718 3836 4772 alia:

2268 4815 2286 4845 ι
2323 4795 2726 4867 Tansmisimus,
2758 4801 2852 4865 ait,
2875 4801 3196 4859 fraternitati
3215 4810 3322 4859 tum
3349 4806 3739 4875 quinquaginta
3763 4825 3840 4863 so~

2261 4889 2397 4946 lidos
2433 4890 2501 4945 ad
2528 4892 2845 4947 vestimenta
2866 4909 3052 4949 eorum
3080 4895 3172 4965 qui
3200 4896 3507 4966 baptizandi
3542 4908 3668 4954 sunt
3695 4916 3839 4955 com.

2261 4981 2516 5047 paranda.
2553 5000 2573 5035 ›
2610 4982 2747 5050 (Lib.
2780 5000 2885 5049 vm,
2919 5001 3000 5054 ep.
3032 4986 3095 5053 ι.)

2260 5159 2507 5242 Yitalem,
2539 5162 2575 5216 l.
2604 5162 3000 5242 [ubist-Eccl”
3025 5180 3077 5235 p.
3097 5164 3221 5242 529,
3244 5170 3498 5242 statuitur
3518 5187 3582 5225 ne
3603 5174 3840 5242 generale

2260 5231 2552 5309 baptisma”
2573 5234 2676 5309 nisi
2721 5232 2966 5309 Sabbato‘
3002 5231 3215 5309 p'aschte
3264 5248 3315 5309 et
3362 5231 3686 5309 Pentecostes
3724 5243 3837 5309 ﬁat.

2259 5298 2485 5374 Munna,
2513 5300 2676 5369 Cujus
2702 5298 3128 5359 observationem
3161 5307 3546 5374 longiusculam
3576 5298 3839 5363 exscribe-

2257 5384 2317 5447 re
2347 5370 2669 5447 ex__i_ntegro
2709 5387 2815 5447 non
2848 5376 3170 5447 vacat,_e_tsi
3214 5370 3427 5443 dignam
3472 5391 3591 5445 quae
3634 5377 3841 5447 legatur

2260 5438 2551 5511 tnta._Yide
2580 5438 2695 5511 not.
2724 5440 2793 5495 ad
2822 5443 2977 5511 epist.
3005 5443 3076 5497 25
3102 5444 3193 5511 ιιι),
3228 5438 3336 5500 νιῖι.

2286 5550 2287 5553 η
2333 5517 2356 5545 ο
2387 5508 2510 5586 _Big.
2532 5517 2597 5586 et
2624 5508 2870 5586 Gemetu—
2888 5522 2943 5565 ut
2971 5509 3521 5585 quanto'exspectatur
3550 5518 3840 5586 elonqamr-

2257 5594 2351 5648 que
2375 5580 2646 5657 festivitas.
2673 5581 2900 5652 Andeg.,
2930 5580 2991 5636 ut
3023 5593 3213 5652 quanto
3236 5580 3351 5655 qua:
3370 5580 3839 5657 exspectata'elon-

2258 5659 2410 5718 gatur
2436 5652 2703 5719 festivitas.
