4018 6320
215 264 308 321 109

786 260 842 317 S.
880 256 1210 316 GREGORII
1252 254 1452 312 PAPIE
1497 250 1678 318 “TA,
1720 248 1922 307 AUCT.
1967 246 2227 305 JOANNE
2264 244 2581 303 DIACONO.
2622 248 2748 303 LIB.
2793 248 2853 302 ll.

3364 248 3468 306 ΗΟ

254 375 368 431 .50.
419 374 769 431 Nihilominus
798 388 894 441 pro
927 372 1248 426 Arianorum
1280 368 1512 438 parvulis
1541 366 1663 421 fidei
1692 379 1785 419 ea-
1815 364 1862 421 Α
1893 368 2093 427 mterna
2122 360 2228 413 vita
2262 358 2635 429 Redemptoris
2682 362 2849 415 nostri
2890 362 3061 430 gratia
3086 375 3472 428 compensante

211 461 425 520 tholiae
454 462 746 525 sociandis,
789 459 1079 525 Gregorius
1104 457 1389 527 pastoralis
1418 470 1561 511 cura:
1588 454 1787 508 sollici-

212 553 451 607 tudinem
477 564 693 621 prorsus
723 548 980 604 extendit.
1011 547 1353 617 Quapropter
1378 543 1644 598 universis
1672 543 1791 610 epi-

210 645 390 713 scopis
433 641 597 696 ltalite
636 640 895 703 scribens,
938 638 1014 692 ait
1045 655 1061 691 :
1113 655 1131 688 ι
1168 636 1434 702 Quoniam
1469 632 1793 687 nefandissi-

210 748 329 787 mus
355 731 639 786 Autharith
669 733 722 785 in
752 731 853 785 hac
878 743 998 799 quae
1028 742 1200 797 nuper
1238 736 1262 763 ι
1309 724 1525 794 expleta
1570 731 1652 778 est
1694 720 1796 775 Pa-

206 822 376 877 schali
400 820 690 878 festivitate
718 818 1192 888 Langobardorum
1222 816 1360 871 filios
1400 816 1451 868 in
1479 813 1579 868 fide
1607 814 1795 867 catho-

208 909 314 964 lica
352 909 610 979 baptizari
649 908 955 978 prohibuit,
1003 921 1104 976 pro
1148 920 1252 973 qua
1282 904 1437 973 culpa
1466 917 1586 957 eum
1615 901 1789 954 divina

208 997 460 1067 Majestas
486 997 765 1062 exstinxit,
812 1004 871 1050 ut
916 995 1316 1051 solemnitatem
1354 992 1381 1055 ἓν
1414 991 1631 1046 Pascha:
1659 991 1792 1044 alte-

206 1090 321 1143 rius
344 1105 450 1143 non
480 1089 710 1153 videret,
742 1096 980 1143 vestram
1010 1084 1402 1141 fraternitatem
1448 1081 1603 1136 decet
1653 1096 1788 1134 cun-

203 1188 326 1234 ctos
349 1196 444 1249 per
471 1179 591 1235 loca
623 1186 801 1233 vestra
831 1176 1214 1245 Langobardos
1242 1173 1549 1235 admonere,
1577 1177 1635 1224 ut
1663 1169 1788 1239 quia

202 1268 403 1337 ubique
422 1268 600 1336 gravis
627 1265 931 1321 mortalitas
963 1264 1223 1328 imminet,
1249 1260 1471 1316 eosdem
1502 1260 1636 1314 filios
1663 1272 1789 1313 suos

204 1357 259 1411 in
286 1356 488 1413 Ariana
510 1358 707 1413 hatresi
731 1357 1035 1425 baptizatos
1060 1354 1124 1408 ad
1144 1351 1461 1408 catholicam
1484 1349 1639 1403 fidem
1668 1363 1792 1403 con-

199 1446 425 1514 cilient,
464 1456 734 1517 quatenus
771 1447 904 1500 iram
947 1459 1109 1512 super
1143 1456 1238 1495 eos
1268 1437 1656 1507 omnipotentis
1694 1435 1788 1489 llei

196 1537 446 1608 placent.
462 1558 481 1591 ι
510 1539 643 1594 Item
669 1549 689 1575 ο
718 1535 994 1603 Prtejecto,
1017 1532 1265 1600 episcopo
1287 1526 1589 1582 Narniensi:
1621 1544 1637 1577 ί
1660 1524 1787 1580 Per-

193 1629 362 1683 venit
392 1628 465 1684 ad
492 1644 611 1691 nos,
640 1624 872 1696 peccatis
898 1619 1322 1682 imminentibus,
1352 1617 1405 1670 in
1445 1616 1659 1671 civitate
1692 1630 1786 1670 ve-

1892 452 2140 522 recipias.
2175 470 2192 502 »
2223 448 2360 519 (Lib.
2392 467 2464 515 xi,
2492 470 2571 522 ep.
2603 452 2717 523 27.)

1967 541 2054 595 52.
2087 541 2214 598 Haec
2243 542 2456 613 quidem
2484 540 2770 611 Gregorius
2812 545 2953 599 intra
2982 546 3067 600 vel
3094 555 3252 602 extra
3279 549 3468 603 urbem

1894 629 2071 686 studio
2100 632 2314 701 pietatis
2335 631 2593 685 exercuit.
2619 629 2880 685 Caeterum
2909 630 3139 689 Probum
3162 636 3469 704 religiosum

1895 721 2142 775 abbatem
2165 737 2285 776 cum
2305 720 2489 775 multis
2509 720 2747 790 pecuniis
2761 719 3143 792 Jerosolymam
3159 723 3467 792 destinavit,

1893 811 2044 879 cujus
2066 811 2317 866 instantia
2337 810 2645 865 venerabile
2667 811 3055 867 xenodochium
3076 816 3371 884 constituit,
3393 829 3469 881 et,

1892 906 2001 952 tam
2032 900 2103 953 ibi
2134 914 2294 967 quam
2325 899 2378 952 in
2405 909 2591 953 monte
2620 901 2746 954 Sina
2776 916 2941 969 penes
2968 902 3238 972 Arabiam,
3264 907 3359 962 Dei
3388 908 3468 962 fa-

1891 987 2049 1042 mulis
2074 988 2173 1041 sub
2192 987 2453 1053 regimine
2474 989 2697 1042 Palladii
2722 990 3047 1052 constitutis,
3080 994 3371 1062 quotidiani
3394 999 3473 1052 vi-

1890 1085 2008 1130 ctus
2037 1084 2091 1130 et
2116 1078 2421 1131 vestimenti
2451 1078 2661 1146 copiam
2689 1080 2927 1146 quandiu
2948 1082 3132 1138 vivere
3168 1087 3344 1153 putuit
3380 1102 3478 1143 an-

1888 1166 2120 1221 nualiter
2146 1166 2361 1220 mittere
2383 1168 2713 1235 procuravit.
3088 1228 3107 1242 .

1960 1252 2047 1311 53.
2077 1254 2431 1309 Nihilominus
2456 1270 2556 1323 per
2578 1255 2817 1311 diversas
2835 1258 3141 1326 provincias
3168 1276 3268 1330 pro
3296 1273 3478 1322 custo-

1890 1341 1975 1396 dia
2009 1356 2175 1397 sacrm
2204 1342 2500 1412 religionis,
2528 1344 2797 1413 rebusque
2820 1360 3116 1415 pauperum
3137 1357 3355 1407 strenue
3374 1368 3475 1421 gu-

1888 1433 2199 1500 bernandis,
2245 1429 2500 1488 Ecclesia:
2544 1450 2651 1488 sum
2682 1435 2826 1490 viros
2876 1436 3187 1505 industrios,
3236 1450 3477 1499 rectores

1890 1525 2333 1595 patrimoniorum
2368 1525 2574 1580 ascivit.
2617 1526 2674 1581 ln
2704 1527 2897 1596 quibus
2927 1526 3251 1600 Cyprianum
3288 1533 3475 1588 diaco-

1892 1630 2022 1668 num
2054 1614 2359 1683 patrimonii
2388 1614 2572 1681 Siculi,
2603 1614 2987 1672 Pantaleonem
3017 1619 3283 1674 notarium
3312 1620 3474 1693 Syra—

191 1724 319 1772 stra
346 1719 727 1774 mortalitatem
749 1713 969 1768 omnino
988 1710 1238 1779 grassari,
1260 1722 1378 1777 quae
1398 1723 1484 1763 res
1511 1723 1611 1764 nos
1633 1708 1791 1763 nimis
1826 1713 1868 1771 Β
1895 1705 2104 1773 cusani,
2133 1704 2422 1758 Fantinum
2450 1705 2787 1761 defensorem
2816 1706 3202 1777 Panormitani,
3228 1710 3475 1782 Sergium

193 1806 435 1860 addixit.
488 1803 845 1870 Quamobrem
878 1800 1174 1855 salutantes
1201 1798 1593 1854 fraternitatem
1620 1807 1789 1863 tuam,

198 1895 598 1951 instantissime
638 1891 927 1947 suademus
973 1898 1033 1945 ut
1070 1905 1101 1944 a
1138 1889 1645 1961 Langobardorum,
1682 1891 1796 1945 sive

201 1987 600 2051 Romanorum,
625 1985 713 2053 qui
737 1984 789 2037 in
818 1983 1009 2039 eodem
1038 1983 1161 2038 loco
1184 1983 1404 2051 degunt,
1429 1982 1796 2037 admonitione

202 2078 355 2132 nulla
380 2078 604 2143 ratione
631 2076 872 2143 cessetis,
901 2082 956 2130 et
986 2074 1220 2129 maxime
1246 2089 1276 2128 a
1298 2074 1576 2142 gentilium
1604 2082 1659 2129 et
1687 2074 1797 2128 ha:-

202 2168 519 2233 reticorum,
549 2175 607 2221 ut
629 2165 695 2220 ad
723 2181 909 2220 veram
937 2173 1253 2235 rectamque
1281 2163 1439 2219 fidem
1466 2164 1793 2220 catholicam

201 2264 609 2311 convertantur.
623 2254 711 2308 Sic
728 2254 872 2308 enim
896 2262 988 2308 aut
1000 2252 1176 2308 divina
1197 2252 1559 2308 misericordia
1580 2268 1679 2323 pro
1699 2268 1794 2309 sua

205 2345 394 2400 forsan
416 2347 492 2401 eis
513 2345 883 2410 conversione,
910 2344 1038 2398 etin
1066 2344 1165 2398 hac
1183 2344 1293 2399 vita
1313 2343 1614 2410 subveniet,
1638 2352 1730 2397 aut
1750 2343 1796 2399 si

202 2451 304 2490 eos
320 2436 549 2505 migrare
568 2434 874 2501 contigerit,
889 2449 919 2486 a
940 2434 1068 2498 suis,
1085 2432 1229 2503 quod
1249 2441 1305 2487 et
1324 2433 1491 2501 magis
1505 2433 1797 2502 optandum

203 2536 325 2590 est,
352 2534 627 2581 transeunt
665 2525 993 2580 facinoribus
1027 2524 1277 2579 absoluti.
1307 2542 1327 2575 ›
1352 2522 1489 2593 (Lib.
1514 2539 1571 2590 ιι,
1600 2541 1681 2593 ep.
1714 2523 1795 2593 2.)

280 2619 375 2675 51.
398 2619 563 2687 Igitur
583 2616 1029 2688 prudentissimus
1047 2614 1427 2686 paterfamilias
1448 2615 1643 2670 Christi
1666 2614 1799 2671 Gre—

208 2712 400 2779 gorius
438 2709 658 2777 singulis
700 2707 960 2763 diaconiis
1000 2706 1088 2761 vel
1128 2705 1478 2761 xenodochiis
1507 2706 1649 2759 viros
1684 2704 1801 2760 ido«

209 2820 352 2859 neos
378 2802 671 2873 deputavit,
722 2814 859 2869 quos
900 2799 1083 2865 etiam,
1116 2805 1174 2851 ut
1201 2798 1463 2862 securius,
1496 2798 1604 2851 imo
1647 2812 1802 2865 saga-

210 2895 334 2949 cius
362 2893 416 2946 in
442 2906 603 2962 opere
623 2890 835 2960 pietatis
863 2904 929 2945 ac
947 2888 1328 2943 misericordiae
1355 2887 1680 2949 laborarent,
1705 2887 1800 2940 liu-

211 2983 452 3053 iusmodi
481 2982 767 3054 privilegiis
792 2981 1114 3036 muniendos
1134 2994 1255 3035 esse
1278 2980 1516 3034 decrevit
1546 2996 1559 3032 :
1600 2997 1619 3030 ε
1650 2979 1801 3034 Licet

1896 1796 2232 1853 defensorem
2269 1796 2627 1864 Calabritani,
2660 1798 2961 1854 Romanum
2992 1802 3260 1856 notarium
3298 1803 3477 1873 Apuli,

1898 1890 2227 1944 Benenatum
2258 1889 2596 1945 defensorem
2632 1889 2942 1956 Samnitici,
2974 1892 3319 1950 Anthemium
3348 1897 3479 1952 sub-

1897 1982 2184 2039 diaconum
2226 1980 2595 2050 Neapolitani,
2632 1979 2851 2037 Petrum
2891 1982 3276 2039 subdiaconum
3315 1985 3479 2041 Cam-

1898 2073 2043 2143 pani,
2068 2071 2363 2126 Candidum
2391 2070 2729 2127 defensorem
2753 2071 2933 2139 Tusci,
2956 2072 3208 2129 Urbicum
3233 2076 3481 2133 defenso-

1897 2178 2009 2219 rem
2040 2160 2243 2226 Sabini,
2291 2158 2544 2230 Optatum
2587 2161 2926 2217 defensorem
2957 2162 3207 2230 Nursini,
3251 2165 3481 2221 Benedi-

1898 2262 2042 2310 ctum
2065 2252 2083 2291 ι
2107 2253 2378 2307 notarium
2398 2252 2737 2307 defensorem
2752 2254 3086 2320 Carseolani,
3104 2255 3334 2312 Felicem
3356 2260 3483 2314 sub-

1898 2345 2179 2400 diaconum
2194 2342 2396 2413 Appite,
2420 2342 2720 2397 Castorium
2734 2343 3117 2398 chartularium
3132 2344 3481 2416 Ravennatis,

1898 2434 2201 2489 Castorium
2232 2433 2499 2488 notarium
2529 2432 2807 2499 llistriani,
2856 2435 3148 2502 Antonium
3192 2439 3483 2495 subdiaco-

1898 2538 2027 2577 num
2078 2521 2397 2577 Dalmatiani
2424 2564 2440 2590 ,
2484 2521 2748 2578 Joannem
2796 2525 3064 2579 notarium
3117 2536 3142 2574 Β
3186 2527 3482 2599 lllyricani,

1900 2612 2282 2684 Symmachum
2316 2612 2655 2668 defensorem
2686 2612 2970 2681 Sardinim,
2999 2616 3335 2673 Bonifacium
3383 2635 3485 2675 no-

1902 2703 2098 2757 tarium
2140 2702 2441 2768 Corsicani,
2491 2703 2875 2759 Pantaleonem
2918 2708 3183 2761 notarium
3234 2709 3482 2779 Liguriae,

1906 2792 2289 2863 Hieronymum
2301 2792 2636 2847 defensorem
2656 2794 2867 2863 Alpium
2877 2795 3196 2865 Cottiarum,
3224 2799 3488 2867 Hilarium

1904 2883 2174 2936 notarium
2213 2881 2629 2947 Germaniciani,
2681 2891 2737 2937 et
2785 2884 3078 2940 Candidum
3116 2890 3490 2959 presbyterum

1905 2976 2328 3045 Gallicani._ll:ec
2348 2987 2525 3032 autem
2546 2977 2987 3048 prudentissimus
3009 2979 3166 3036 Pater
3178 2981 3488 3052 Gregorius,

211 3090 313 3129 eos
343 3074 433 3141 qui
475 3073 560 3142 pia
591 3071 886 3126 intentione
924 3069 1299 3125 sollicitudinis
1324 3084 1508 3125 curam
1539 3070 1799 3125 debilibus
1828 3075 1871 3134 υ
1904 3086 2014 3125 ηοη
2042 3069 2215 3123 solum
2246 3068 2300 3121 in
2330 3067 2590 3133 Romana,
2623 3068 2719 3123 sed
2748 3076 2804 3123 et
2828 3083 2926 3138 per
2952 3070 3193 3126 diversas
3220 3071 3490 3132 Ecclesias

212 3180 280 3237 ac
338 3164 519 3232 egenis
572 3161 901 3232 impendunt,
940 3160 1049 3231 6.74.
1095 3175 1191 3215 sua
1241 3159 1380 3229 apud
1410 3173 1597 3214 omnes
1624 3160 1800 3214 valeat

214 3253 359 3309 tueri
384 3253 623 3319 devotio,
659 3251 848 3305 melius
879 3259 1056 3304 tamen
1085 3259 1169 3305 est
1195 3250 1239 3305 si
1272 3264 1371 3319 pro
1397 3249 1579 3317 quiete
1607 3264 1704 3303 sua
1732 3249 1799 3303 dc

214 3344 302 3399 bis
334 3344 533 3399 fuerint
561 3343 748 3397 muniti
787 3357 904 3412 quae
929 3341 1214 3411 gesserint,
1243 3355 1312 3395 ne
1335 3339 1459 3394 inde
1487 3339 1565 3394 eis
1594 3340 1801 3409 inquie-

214 3437 421 3492 tudinis
461 3437 678 3492 occasio
724 3434 865 3489 unde
905 3435 1073 3503 magis
1120 3432 1373 3488 laudandi
1421 3439 1545 3488 sunt
1573 3433 1795 3487 oriatur.

215 3528 358 3595 Quia
379 3528 539 3597 igitur
559 3536 614 3581 te
639 3527 810 3581 virum
835 3523 858 3562 ἀ
884 3524 1211 3593 religiosum,
1233 3524 1545 3579 intentionis
1566 3531 1669 3577 tum
1694 3531 1802 3579 stu-

215 3621 309 3674 dio
355 3617 665 3688 provocati,
714 3616 911 3671 mensis
945 3629 1242 3684 pauperum
1271 3612 1585 3669 exhibenda:
1613 3612 1801 3667 diaco-
1830 3662 1833 3665 λ

184 3762 187 3771 ⁴
218 3712 325 3765 nia:
353 3710 612 3777 elegimus
640 3705 1086 3777 praeponendum,
1119 3721 1187 3760 ne
1215 3719 1319 3774 qua
1351 3704 1443 3759 tibi
1472 3718 1537 3759 ex
1568 3702 1672 3756 hac
1700 3718 1799 3756 na-

219 3811 405 3856 scatur
442 3797 905 3854 administratione
950 3795 1213 3860 dubietas,
1257 3794 1361 3849 hac
1402 3799 1454 3847 te
1505 3791 1801 3848 munitione

218 3890 598 3961 prospeximus
644 3887 985 3953 fulciendum,
1036 3886 1424 3942 constituentes
1472 3891 1531 3938 ut
1575 3882 1641 3937 de
1696 3883 1801 3937 hoc

216 3982 364 4052 quod
394 3980 461 4034 ad
482 3994 693 4033 mensas
714 3992 1005 4049 pauperum
1026 3977 1111 4032 vel
1131 3975 1391 4030 diaconim
1417 3973 1801 4050 exhibitionem

218 4070 536 4143 percepisti,
567 4070 675 4124 sive
702 4068 932 4124 subinde
952 4067 1260 4138 perceperis
1290 4065 1637 4135 erogandum,
1668 4064 1802 4118 nulli

218 4175 456 4229 unquam
484 4160 778 4222 hominum,
803 4158 1042 4227 quolibet
1071 4158 1230 4212 modo
1260 4172 1356 4211 seu
1377 4156 1610 4225 ingenio,
1639 4168 1802 4223 coga-

217 4253 291 4306 ris
321 4265 528 4320 ponere
570 4250 853 4315 rationem,
887 4248 969 4303 vel
1016 4248 1247 4316 aliquam
1275 4248 1472 4302 debeas
1500 4245 1801 4301 molestiam

218 4345 505 4401 sustinere.
539 4342 644 4398 Sed
673 4343 795 4411 quia
816 4342 890 4396 ita
911 4341 1157 4396 humanis
1187 4349 1240 4396 te
1268 4340 1516 4396 omnibus
1534 4354 1665 4394 esse
1693 4353 1794 4395 vo-

1904 3158 2286 3231 perpetualiter
2305 3159 2639 3214 observanda
2659 3162 2931 3215 censebat.
2954 3160 3103 3217 Unde
3120 3161 3371 3225 Januario
3387 3166 3489 3225 Ca—

1901 3254 2129 3309 ralitano
2163 3250 2423 3320 episcopo
2447 3250 2587 3305 inter
2613 3258 2806 3305 caetera
2837 3253 3041 3316 scribit,
3074 3254 3257 3309 dicens
3285 3273 3297 3308 :
3338 3275 3356 3308 ι
3395 3254 3487 3311 ln-

1902 3344 2135 3399 dicatum
2169 3349 2251 3397 est
2278 3340 2434 3397 nobis
2459 3340 2624 3412 quod,
2652 3341 2803 3397 laicis
2828 3344 3146 3413 quibusdam
3176 3360 3358 3400 curam
3386 3362 3486 3402 ve-

1901 3433 1999 3490 stri
2019 3432 2327 3503 patrimonii
2355 3432 2772 3498 committentes,
2800 3434 3142 3505 postmodum
3173 3436 3281 3508 65
3311 3437 3364 3491 in
3395 3453 3488 3493 ru-

1902 3524 2155 3583 sticorum
2184 3533 2487 3578 vestrorum
2530 3523 3037 3593 depraedationibns,
3068 3534 3228 3595 atque
3257 3544 3353 3600 per
3380 3530 3486 3586 hoc

1903 3614 2395 3681 cxfatigationibus,
2427 3614 2624 3683 fuerint
2643 3615 2977 3684 deprehensi,
3014 3613 3043 3653 ιι
3063 3625 3119 3671 et
3141 3618 3367 3674 reddere
3395 3635 3485 3675 res

1902 3720 2035 3775 quas
2064 3705 2378 3761 indecenter
2402 3707 2656 3772 retinent,
2690 3707 2901 3762 habitas
2929 3709 3081 3776 quasi
3103 3724 3214 3763 sua:
3242 3710 3485 3772 ditionis.

1902 3799 2101 3867 quippe
2122 3806 2314 3852 vestra:
2336 3813 2444 3852 non
2465 3798 2727 3867 suppositi
2742 3798 3003 3853 curationi
3027 3807 3374 3868 postponunt,
3398 3817 3488 3855 vo-

1903 3889 2090 3957 bisque
2122 3887 2419 3956 despiciant
2446 3896 2659 3941 actuum
2682 3902 2898 3941 suorum
2947 3888 3171 3942 reddere
3198 3889 3485 3945 rationem.

1904 3976 2057 4044 Quod
2079 3978 2124 4031 si
2148 3978 2221 4031 ita
2252 3983 2349 4040 cst,
2380 3977 2623 4031 districte
2649 3992 2679 4030 a
2703 3977 2857 4032 vobis
2881 3977 3074 4031 discuti
3103 3981 3375 4047 convenit,
3403 3990 3488 4037 at—.

1904 4084 2009 4139 que
2054 4070 2194 4124 inter
2239 4084 2333 4124 eos
2378 4067 2735 4137 Ecelesimque
2770 4076 2959 4121 vestra:
3005 4068 3231 4123 rusticos
3267 4085 3487 4126 causam

1904 4160 2201 4217 examinari
2227 4159 2494 4225 subtilius,
2539 4167 2598 4213 nt
2622 4157 2877 4227 quidquid
2911 4159 2961 4212 in
2987 4158 3067 4213 eis
3108 4158 3267 4214 fuerit
3288 4160 3487 4217 fraudis

1904 4252 2177 4305 inventum
2201 4265 2321 4304 cum
2344 4264 2501 4318 paena
2533 4249 2737 4316 legibus
2764 4254 2961 4302 statuta
2991 4247 3221 4303 reddere
3248 4251 3487 4320 compel-

1904 4342 2099 4395 lantur.
2136 4340 2213 4395 De
2250 4346 2447 4395 caetero
2478 4354 2605 4393 vero
2646 4338 2939 4393 cavendum
2969 4352 3001 4391 a
3030 4337 3365 4394 fraternitate
3392 4355 3486 4396 ve-

219 4438 394 4511 lumus
407 4434 708 4509 rationibus
725 4433 1133 4509 absolutum,_ut
1152 4433 1263 4487 Deo
1284 4439 1471 4503 nostro
1488 4430 1554 4486 de
1574 4431 1656 4484 his
1676 4444 1796 4498 qua:
1827 4432 1875 4491 D
1899 4441 2009 4487 stra
2048 4440 2162 4496 est,
2196 4446 2262 4486 ne
2294 4430 2634 4485 saecularibus
2663 4429 2808 4493 viris,
2841 4436 3002 4498 atque
3032 4444 3139 4484 non
3169 4431 3269 4485 sub
3296 4432 3485 4499 regula

219 4527 312 4580 tibi
342 4525 710 4581 commisimus
732 4524 994 4578 rationem
1017 4532 1069 4577 te
1088 4522 1303 4577 noveris
1324 4521 1644 4592 positurum,
1672 4520 1801 4574 hor—

221 4627 392 4672 tamur
424 4624 484 4670 ut
515 4616 634 4670 fidei
659 4616 712 4670 in
747 4623 798 4670 te
820 4615 1101 4671 sinceritas
1130 4615 1329 4685 vigeat,
1359 4614 1427 4668 sit
1452 4625 1604 4667 mens
1626 4613 1678 4666 in
1707 4626 1797 4666 re-

219 4709 314 4762 bus
335 4708 614 4772 intentior,
644 4721 772 4761 cura
799 4706 1135 4776 propensior,
1167 4714 1190 4742 ο
1218 4704 1452 4759 studium
1472 4702 1795 4772 vigilantius,

219 4798 432 4852 devotio
472 4797 688 4861 clarior,
731 4796 988 4867 exhibitio
1031 4793 1321 4862 efficacior,
1348 4800 1614 4861 quatenus
1644 4791 1791 4861 dum,

218 4889 398 4943 divino
418 4889 567 4957 jutus
594 4887 813 4951 auxilio,
842 4888 948 4942 hoc
975 4901 1110 4956 opus
1135 4886 1363 4941 solerter
1381 4883 1706 4954 impleveris,
1737 4890 1796 4937 et

221 4980 291 5031 illi
322 4996 421 5049 pro
463 4979 655 5048 quibus
692 4976 1102 5031 sollicitudinem
1131 4975 1272 5043 geris
1299 4973 1459 5028 studii
1492 4972 1568 5026 tui
1597 4971 1793 5025 solatio

218 5072 422 5126 utiliter
450 5069 813 5125 consolentur.
846 5078 900 5122 et
948 5076 1003 5122 tu
1044 5065 1307 5121 mercedis
1334 5073 1438 5119 tua:
1488 5063 1687 5117 bonum
1741 5062 1792 5114 in

289 5211 314 5240 ι
351 5201 499 5257 f‘orb
528 5239 543 5265 ,
567 5200 763 5268 Bigot.,
786 5198 996 5254 Gemet.
1017 5207 1074 5253 et
1097 5197 1609 5268 Andegqexemptg;
1632 5208 1793 5263 quam

216 5271 504 5327 lectitnem
530 5262 878 5322 'annotarunt
905 5268 958 5322 in
987 5281 1154 5336 marg.
1186 5267 1385 5321 Mabill.
1428 5262 1498 5317 et
1526 5262 1792 5317 Gussanv.

218 5340 273 5395 ln
300 5341 461 5409 Reg.,
494 5339 692 5409 Exorta
718 5346 817 5409 est.
955 5406 966 5409 _
996 5406 1010 5409 _
1087 5407 1096 5409 _
1172 5366 1177 5369 >
1230 5406 1239 5409 _
1270 5402 1272 5406 _

286 5410 312 5448 δ
350 5401 607 5464 lta'Mss.
652 5406 840 5473 nostri,
872 5406 969 5461 etsi
996 5406 1189 5476 legitur
1228 5402 1282 5460 in
1312 5403 1547 5469 Excusis,
1580 5401 1803 5456 Pascha:

216 5481 450 5536 Ulterius.

289 5563 309 5588 ε
354 5549 490 5613 Reg.
522 5555 579 5603 et
608 5546 772 5610 Utic.,
804 5544 1065 5614 Profecto.

286 5618 312 5657 ⁸
350 5618 407 5674 1η
439 5609 611 5685 Utic.,
635 5609 795 5685 super
820 5609 1115 5685 rili'giosum
1144 5613 1335 5685 legitur
1361 5613 1635 5669 Joannem.

292 5699 313 5727 ο
354 5688 416 5745 In
448 5684 601 5745 Utic.
621 5684 832 5742 additur
856 5684 1088 5740 voluntas
1114 5684 1415 5755 promptior.

1915 4523 1928 4562 ί
1957 4532 2139 4578 nostra
2164 4520 2808 4591 degentibus,eujuslibet
2836 4534 2923 4575 res
2952 4519 3206 4575 Ecclesia:
3232 4523 3484 4576 commit-

1904 4624 2107 4681 tantur,
2132 4615 2225 4668 sed
2249 4612 2487 4682 probatis
2509 4611 2576 4665 de
2607 4619 2785 4664 vestro
2813 4608 2992 4664 officio
3013 4610 3249 4675 clericis;
3283 4611 3335 4663 in
3360 4610 3483 4679 qui-

1902 4709 2000 4761 bus
2026 4707 2069 4760 si
2099 4705 2226 4775 quid
2258 4704 2479 4773 reperiri
2508 4704 2707 4773 poterit
2733 4702 3032 4772 pravitatis,
3064 4711 3124 4757 ut
3155 4703 3208 4756 in
3257 4702 3485 4757 subditis

1900 4796 2187 4851 emendare
2221 4793 2367 4862 quod
2405 4793 2585 4848 illicite
2612 4802 2818 4861 gestum
2847 4792 3005 4848 fuerit
3023 4794 3263 4857 valeatis,
3293 4794 3305 4841 i
3338 4806 3480 4859 quos

1852 4910 1865 4921 ο
1898 4888 2147 4942 videlicet
2169 4887 2310 4955 apud
2336 4902 2429 4940 vos
2461 4886 2673 4940 habitus
2701 4886 2783 4939 sui
2810 4884 3045 4939 officium
3074 4882 3244 4949 magis
3269 4895 3471 4935 conve-

1900 4980 2010 5033 niat
2036 4993 2196 5046 quam
2224 4985 2461 5031 excuset.
2500 4995 2517 5027 ι
2558 4974 2694 5044 (Lib.
2726 4992 2782 5041 x,
2804 4992 2884 5044 ep.
2916 4973 3029 5037 65.)

1971 5070 2057 5122 5f.
2089 5067 2305 5135 Singula
2334 5064 2685 5119 ecclesiastici
2710 5062 2844 5131 juris
2876 5060 3070 5123 officia,
3103 5057 3325 5124 singulis
3352 5059 3479 5128 qui-

1976 5189 1994 5228 ΐ
2036 5188 2201 5242 Abest
2227 5186 2485 5240 notarium
2511 5199 2540 5236 a
2563 5182 2745 5235 Norm.
2777 5189 2832 5233 et
2858 5178 3060 5231 Turon.

1973 5271 1997 5307 ις
2040 5258 2205 5319 Utic.,
2243 5255 2500 5308 Joannem
2542 5252 2801 5304 notarium
2840 5246 3221 5302 Corsicani.....
3266 5246 3458 5318 Bonifa

1902 5346 2151 5382 cmm.....
2185 5322 2498 5392 Illyriciani.

1974 5397 2001 5433 ιι
2041 5395 2168 5448 Post
2197 5384 2495 5463 deprehensi
2529 5389 2580 5441 in
2623 5388 2761 5457 plur.
2793 5386 2918 5443 Mss.
2952 5385 3259 5441 immediate
3286 5384 3479 5456 legitur

1904 5466 2102 5540 quod_s_i
2127 5465 2201 5515 ita
2223 5470 2318 5514 est.

1981 5536 1997 5573 ί
2042 5534 2251 5595 Norm.;
2278 5536 2465 5582 vestra.

1981 5608 1993 5655 i
2042 5603 2239 5665 Valic.,
2287 5598 2466 5654 MahiI.
2498 5606 2551 5665 et
2575 5597 2860 5664 Gnssanv.,
2891 5614 3103 5667 qtto.....
3133 5597 3299 5667 magis
3343 5612 3482 5667 com-

1906 5675 2125 5731 mendet.
2157 5670 2409 5726 Cedimus
2440 5668 2560 5726 Mss.
2611 5678 2663 5725 et
2709 5666 2933 5726 aliorum
2963 5668 3098 5724 Edit.
3133 5666 3479 5725 multitudini.
