4018 6316
514 257 610 312 ill

1105 256 1158 310 S.
1202 249 1525 309 GREGORII
1568 248 1767 304 ΡΑΡιΕ
1810 246 1991 314 VITA,
2034 244 2233 302 AUCT.
2276 246 2534 302 JOANNE
2575 246 2889 337 DlACONO.
2930 248 3057 306 LIB.
3100 248 3163 305 il.

3671 254 3776 311 ΗΞ

508 378 717 445 busque
741 388 981 444 personis
1008 370 1313 439 singillatim
1343 366 1603 425 committi
1625 364 1821 420 debere
1842 361 2081 431 jubebat,
2115 364 2162 424 Α
2191 361 2369 414 deant.
2403 359 2605 426 Quibus
2632 377 2738 415 non
2769 361 3040 416 modicum
3084 360 3454 430 condolcntes,
3498 363 3774 423 decessori

509 479 756 522 asserens
793 463 917 530 quia
966 462 1102 515 sicut
1130 462 1184 513 in
1232 475 1338 513 uno
1377 470 1604 525 corpore
1648 455 1814 508 multa
1845 454 2085 508 membra

506 557 790 619 habemus,
821 553 998 607 omnia
1026 559 1202 605 autem
1232 549 1470 604 membra
1496 562 1600 601 non
1628 545 1873 601 eumdem
1905 552 2082 599 actum

511 648 709 702 habent
732 644 907 717 (Rom.
932 643 1051 713 xu),
1079 642 1151 696 ita
1174 642 1225 694 in
1248 638 1494 694 Ecclesia:
1515 652 1763 707 corpore,
1792 636 2084 692 secundum

511 738 798 793 veridicam
822 736 970 789 Pauli
992 731 1402 797 sentcntiam,‘in
1426 744 1533 784 uno
1554 729 1851 797 eodemque
1873 729 2082 799 spiritu,

512 829 601 882 alii
622 826 1001 882 conferendum
1029 821 1233 875 esthoc
1256 818 1506 883 ofﬁcium,
1533 819 1621 873 alii
1645 819 2084 873 committendum

513 926 595 972 est
621 915 793 980 istud;
820 926 990 981 neque
1011 911 1125 978 uni,
1147 910 1539 978 quantumlibet
1566 910 1873 963 exercitatae
1900 923 2086 977 perso-

512 1022 611 1071 nae,
645 1020 751 1060 uno
781 1012 1023 1071 tempore
1051 1000 1275 1054 duarum
1300 1016 1481 1055 rerum
1506 1000 1679 1055 cilicia
1703 999 2083 1054 committenda

510 1101 652 1156 sunt,
681 1092 805 1161 quia
832 1092 877 1145 si
899 1098 1073 1146 totum
1096 1105 1290 1159 corpus
1319 1090 1525 1152 oculus,
1549 1089 1637 1143 ubi
1664 1088 1909 1142 auditus?
1938 1087 2088 1142 Sicut

511 1184 655 1239 enim
680 1183 927 1237 varietas
952 1183 1315 1236 membrorum
1348 1196 1442 1250 per
1469 1180 1677 1234 diversa
1706 1176 1880 1232 officia
1911 1185 1966 1232 et
1994 1194 2085 1232 ro-

422 1301 430 1311 ο
508 1276 611 1330 bur
638 1274 883 1344 corporis
922 1281 1120 1340 servat,
1152 1281 1205 1327 et
1233 1270 1682 1342 pulchritudinem
1716 1277 2083 1339 repraesentat,

510 1368 585 1422 ita
612 1367 843 1421 varietas
867 1378 1220 1434 personarum
1248 1377 1341 1432 per
1359 1362 1569 1417 diversa
1598 1360 1941 1414 nihilominus
1966 1357 2086 1413 offr—

511 1458 595 1513 cia
618 1456 920 1515 distributa,
953 1461 1007 1509 et
1028 1453 1410 1519 fortitudinem,
1443 1459 1498 1506 et
1522 1458 1855 1505 venustatem
1887 1456 2086 1503 sanctm

513 1548 609 1604 Dei
639 1546 890 1601 Ecclesim
911 1542 1232 1599 manifestat.
1265 1541 1332 1595 Et
1351 1543 1489 1598 sicut
1512 1540 1821 1596 indecorum
1851 1546 1933 1594 est
1955 1546 2011 1593 ut
2033 1538 2085 1592 in

514 1651 742 1706 corpore
782 1637 1018 1689 humano
1058 1633 1282 1687 alterum
1311 1631 1610 1686 membrum
1645 1628 1870 1683 alterius
1898 1626 2087 1697 funga-

512 1737 601 1783 tur
644 1726 841 1790 ofiicio,
875 1725 947 1779 ita
992 1723 1244 1777 nimirum
1272 1722 1494 1776 noxium
1523 1721 1789 1791 simulque
1836 1720 2087 1788 turpissi-

512 1831 675 1883 mum,
707 1817 750 1872 si
777 1815 983 1884 singula
1012 1830 1189 1870 rerum
1232 1813 1529 1868 ministeria
1572 1811 1817 1882 personis
1858 1810 2083 1866 totidem

513 1921 621 1963 non
646 1905 843 1961 iuerint
871 1905 1175 1959 distributa.
1200 1902 1336 1958 Hinc
1359 1901 1600 1971 estquod
1629 1899 1948 1969 quibusdam
1975 1915 2087 1953 am-

512 1996 739 2063 biliosis,
764 1996 903 2050 sicut
922 1995 974 2048 in
994 1994 1105 2049 suis
1120 1992 1331 2055 litteris,
1350 2005 1483 2061 quas
1506 2004 1606 2059 ego
1620 1989 1795 2044 studio
1814 1989 2091 2045 brevitatis

512 2087 690 2155 omisi,
712 2086 909 2157 poterit
927 2084 1173 2147 inveniri,
1204 2082 1590 2138 moderationis
1611 2082 1758 2137 frena
1779 2082 2091 2150 frequenter

514 2176 788 2245 imposuit.
824 2173 975 2229 Unde
1006 2172 1290 2229 Anthemio
1318 2173 1650 2228 subdiacono
1676 2188 1776 2243 pro
1802 2171 2090 2227 Paschasio

514 2265 786 2333 episcopo,
830 2262 920 2331 qui
949 2276 1046 2332 per
1068 2261 1412 2330 semetipsum
1441 2261 1655 2316 sibimet
1676 2260 1850 2329 major
1877 2260 2087 2325 domus,

515 2362 568 2410 et
599 2354 965 2410 vicedominus
1008 2354 1371 2421 permanebat,
1424 2353 1564 2407 inter
1590 2360 1783 2408 caetera
1815 2354 2088 2423 prtecepit,

516 2445 701 2500 dicens
735 2462 747 2496 :
795 2463 813 2495 ι
849 2444 1106 2498 Volumus
1131 2450 1309 2495 autem
1350 2451 1409 2495 ut
1436 2441 1601 2496 frater
1632 2451 1812 2496 noster
1852 2440 2089 2497 Pascha-

517 2537 629 2591 sius
667 2544 723 2591 et
764 2534 1159 2591 vicedominum
1188 2534 1290 2589 sibi
1319 2534 1569 2602 ordinet,
1604 2542 1658 2589 et
1704 2536 1962 2604 majorem
1990 2535 2088 2590 do-

516 2642 653 2691 mus,
696 2634 957 2694 quatenus
984 2626 1179 2695 possit,
1225 2627 1310 2680 vel
1364 2626 1664 2696 hospitibus
1702 2629 2088 2697 supervenien-

516 2718 654 2773 tibus
684 2719 767 2772 vel
806 2717 1013 2785 causis,
1053 2732 1171 2787 qute
1201 2719 1481 2783 eveniunt,
1523 2702 1751 2773 idoneus
1780 2726 1835 2773 et
1874 2727 2092 2788 paratus

517 2808 765 2863 exitere.
799 2807 853 2864 Si
883 2823 1013 2863 vero
1043 2809 1130 2863 vel
1161 2808 1517 2877 negligentem
1547 2823 1667 2862 eum
1698 2810 1978 2879 prospicis,
2004 2810 2091 2865 vel

518 2912 578 2955 ea
607 2915 727 2969 quae
762 2899 987 2955 dicimus
1015 2900 1238 2971 implere
1279 2900 1637 2967 diﬂ‘erentem,
1690 2902 1869 2956 omnis
1915 2901 2090 2957 clerus

517 2990 631 3059 ejus
658 2989 901 3045 adhiberi
928 2988 1106 3056 debet,
1138 2997 1199 3042 ut
1227 2989 1496 3044 communi
1524 2990 1749 3043 consilio
1771 2990 1869 3059 ipsi
1891 2991 2089 3059 eligant

2188 456 2370 503 vestro
2398 449 2602 504 litteras
2630 451 2893 518 misimus,
2927 461 2984 505 ut
3012 451 3115 507 hoc
3141 452 3437 509 emendare
3465 469 3562 523 per
3589 457 3774 512 omnia

2190 538 2485 596 debuisset.
2525 540 2631 595 Sed
2668 541 2919 609 quoniam
2950 541 3072 595 vita:
3109 548 3189 595 est
3221 544 3451 599 termino
3486 546 3649 601 citius
3679 562 3774 603 oc-

2189 622 2443 705 cdpatus,
2485 647 2553 687 ne
2592 633 2695 687 hoc
2732 648 2867 687 onus
2906 634 3245 688 monasteriis
3285 643 3622 701 remaneret,
3666 638 3804 694 fra-.

2190 723 2426 779 ternitati
2454 729 2644 776 vestra:
2672 722 2858 777 eadem
2890 737 2991 777 nos
3028 724 3308 793 scripsisse
3353 726 3664 783 recolimus.
3701 728 3770 783 Et

2189 816 2332 885 quia,
2381 822 2439 867 ut
2466 812 2847 881 comperimus,
2893 812 2947 865 in
2994 812 3153 880 hujus
3182 814 3259 869 rei
3288 815 3550 870 hactenus
3578 832 3764 874 corre-

2189 905 2369 959 ctione
2393 910 2659 957 cessatum
2701 910 2803 967 est,
2839 902 2951 956 haec
2980 902 3047 955 ad
3074 916 3171 957 vos
3200 903 3397 957 iterum
3426 906 3769 973 praevidimus

2188 996 2386 1065 scripta
2411 994 2659 1062 dirigere.
2684 992 2972 1048 Hortamur
2994 1006 3122 1062 ergo
3152 1001 3226 1060 ut,
3254 997 3403 1050 omni
3422 1012 3576 1052 mora
3597 1002 3772 1055 omni—

2188 1098 2293 1153 que
2343 1083 2689 1138 excusatione
2735 1082 3001 1147 submota,
3061 1082 3132 1135 ita
3176 1085 3505 1139 monasteria
3558 1087 3674 1156 ipsa
3702 1089 3771 1145 ab

2190 1173 2453 1242 ejusmodi
2473 1169 2732 1226 studeatis
2754 1172 3063 1240 gravamine
3082 1172 3346 1236 relevare,
3368 1183 3635 1243 quatenus
3656 1179 3772 1232 nul-

2189 1270 2293 1323 lam
2323 1267 2579 1336 deinceps
2607 1266 2659 1320 in
2688 1267 2767 1320 eis
2812 1266 3013 1332 clerici,
3044 1268 3129 1321 vel
3159 1266 3211 1320 hi
3241 1268 3333 1335 qui
3375 1269 3429 1322 in
3467 1283 3622 1325 sacro
3649 1281 3773 1326 sunt

2190 1356 2376 1412 ordine
2411 1354 2706 1421 constituti,
2738 1354 2807 1409 ob
2834 1354 2979 1408 aliud
3010 1355 3265 1423 habeant,
3298 1355 3400 1410 nisi
3426 1357 3618 1412 orandi
3648 1366 3769 1413 tan-

2192 1446 2469 1501 tummodo
2495 1460 2679 1511 causa,
2707 1445 2994 1501 accedendi
3024 1445 3316 1511 licentiam,
3344 1454 3438 1501 aut
3464 1447 3509 1503 si
3537 1446 3676 1503 forte
3704 1449 3775 1504 ad

2190 1537 2491 1607 peragenda
2520 1551 2675 1591 sacra
2719 1536 3002 1591 missarum
3032 1536 3230 1591 fuerint
3259 1537 3467 1592 invitati
3494 1540 3771 1610 mysteria.

2191 1629 2295 1685 Sed
2321 1644 2409 1693 ne,
2448 1629 2534 1683 vel
2562 1644 2662 1698 pro
2697 1627 2981 1696 cujuslibet
3008 1629 3257 1683 monachi
3289 1638 3380 1683 aut
3401 1630 3612 1688 abbatis
3642 1645 3773 1703 pro-

2123 1733 2170 1792 B
2194 1723 2428 1777 motione
2456 1737 2593 1777 onus
2615 1721 2832 1790 aliquod
2858 1721 3084 1775 fortasse
3106 1721 3423 1786 sustineant,
3447 1723 3774 1780 studendum

2192 1814 2346 1869 nobis
2392 1821 2475 1868 est
2503 1820 2560 1867 ut
2588 1812 2634 1866 si
2678 1812 2941 1881 quiSpiam
2982 1811 3233 1866 abbatum
3263 1821 3355 1866 aut
3382 1814 3776 1871 monachorum

2192 1920 2259 1959 ex
2287 1918 2607 1974 quocunque
2652 1903 2987 1958 monasterio
3012 1900 3041 1939 δ
3091 1902 3157 1955 ad
3196 1902 3481 1958 clericatus
3532 1904 3777 1961 ofﬁcium

2192 1994 2277 2050 vel
2306 1994 2546 2050 ordinem
2576 2008 2788 2048 sacrum
2812 1995 3121 2060 accesserit,
3149 2008 3256 2048 non
3287 1994 3391 2049 illic
3412 1996 3645 2065 aliquam
3677 1998 3793 2054 ha-r

2192 2087 2336 2153 beat,
2361 2095 2419 2140 ut
2440 2086 2689 2151 diximus,
2718 2084 2943 2141 ulterius
2963 2094 3305 2154 potestatem,
3337 2101 3403 2142 ne
3424 2091 3778 2155 monasteria,

2192 2178 2349 2248 hujus
2374 2179 2675 2233 occasionis
2697 2178 2979 2241 velamine,
3005 2194 3067 2233 ea
3091 2195 3210 2248 quae
3238 2180 3585 2249 prohibemus
3610 2184 3778 2237 susti-

2193 2283 2322 2323 nere
2350 2283 2515 2322 onera
2542 2267 2953 2338 compellantur.
2982 2266 3105 2323 Haec
3135 2269 3313 2336 itaque
3332 2272 3511 2325 omnia
3531 2272 3778 2339 vigilanti

2192 2373 2321 2411 cura
2361 2355 2651 2411 emendare
2694 2355 2804 2424 jam
2852 2357 3089 2411 secundo
3144 2359 3471 2413 commonita
3518 2361 3780 2417 sanctitas

2192 2455 2369 2502 vestra
2399 2461 2506 2501 non
2556 2443 2786 2511 differat,
2834 2460 2903 2501 ne
2944 2446 2988 2500 si
3017 2453 3141 2515 post
3187 2447 3291 2502 hoc
3319 2448 3649 2519 negligentes
3678 2465 3776 2505 vos

2191 2552 2327 2601 esse,
2358 2535 2502 2605 quod
2530 2551 2639 2590 non
2681 2535 2975 2603 credimus,
3015 2536 3359 2602 senserimus,
3392 2538 3549 2594 aliter
3587 2555 3777 2595 mona-

2192 2627 2477 2682 steriorum
2501 2625 2667 2695 quieti
2682 2626 2992 2695 prospicere
3007 2626 3413 2696 compellamur.
3437 2629 3569 2683 Nam
3587 2638 3775 2685 notum

2192 2720 2345 2776 vobis
2365 2720 2436 2774 sit
2461 2719 2585 2789 quia
2617 2725 2777 2772 tantae
2804 2718 3110 2773 necessitati
3132 2733 3409 2777 servortun
3434 2720 3528 2775 Dei
3549 2734 3781 2789 congreo

2189 2813 2457 2880 gationem
2485 2810 2711 2880 amplius
2736 2809 3015 2880 subjacere
3042 2826 3147 2865 non
3182 2811 3432 2882 patimur.
3464 2831 3483 2864 ι
3518 2811 3657 2877 (Lib.
3680 2827 3777 2876 vn,

2188 2920 2271 2970 ep.
2302 2901 2414 2971 45.)
2445 2901 2581 2955 Item
2603 2900 2927 2955 Maximiano
2970 2900 3227 2971 episcopo
3275 2901 3615 2972 Syracusano
3651 2914 3777 2972 post

2190 2995 2365 3061 aliqua
2398 3010 2412 3045 :
2465 3011 2483 3042 ‹
2513 2991 2881 3061 Presbyteros,
2924 2992 3203 3057 diaconos.
3236 2999 3567 3062 ceterosque
3589 2992 3780 3063 cujus-

519 3097 743 3153 quorum
782 3080 1118 3152 personread
1148 3096 1210 3135 ea
1251 3095 1370 3147 quae
1394 3080 1733 3149 praediximus
1759 3082 1974 3135 valeant
1997 3097 2085 3136 or-
2112 3094 2161 3155 ε
2192 3085 2317 3138 libet
2346 3083 2548 3138 ordinis
2586 3083 2830 3147 clericos,
2861 3083 2953 3150 qui
2983 3082 3034 3135 in
3061 3082 3327 3137 ‘Ecclesiis
3352 3098 3571 3153 quoquo
3613 3086 3785 3140 modo

518 3176 704 3230 dinari.
740 3195 757 3227 ι
801 3174 937 3245 (Lib.
972 3190 1044 3239 χι,
1077 3191 1157 3243 ep.
1187 3173 1300 3239 71.)
1334 3172 1466 3227 Item
1497 3172 1896 3228 Ravennatibus
1926 3174 2083 3227 cleri-

519 3268 611 3332 cis,
637 3265 703 3319 ad
730 3264 1176 3321 monasteriorum
1197 3261 1455 3331 regimina
1484 3262 1789 3332 importune
1819 3262 2087 3317 tendenti-

520 3356 633 3421 bus,
678 3355 896 3417 restitit,
942 3351 1135 3407 Joanni
1180 3350 1475 3404 Ravennati
1523 3350 1779 3418 episcopo
1807 3351 2085 3405 scribens:

524 3466 541 3498 ι
580 3446 830 3501 Pervenit
849 3443 917 3498 ad
938 3458 1024 3497 me
1044 3441 1187 3510 quod
1215 3450 1241 3478 λ
1270 3442 1321 3494 in
1347 3440 1600 3496 Ecclesiis
1624 3441 1970 3497 fraternitatis
1992 3452 2095 3499 tum

520 3536 694 3603 aliqua
725 3536 843 3589 loca
872 3532 1070 3587 dudum
1099 3532 1441 3586 monasteriis
1469 3543 1783 3588 consecrata
1815 3550 1955 3590 nunc
1996 3538 2092 3590 ha-

521 3624 749 3679 bitacula
778 3622 1124 3686 clericorum,
1157 3628 1251 3675 aut
1287 3621 1447 3675 etiam
1478 3621 1737 3677 laicorum
1780 3623 1918 3677 facta
1946 3634 2090 3692 sunt,

522 3717 753 3784 dumque
783 3712 837 3767 hi
865 3712 956 3779 qui
995 3718 1121 3765 sunt
1148 3710 1200 3765 in
1227 3709 1477 3766 Ecclesiis
1516 3710 1722 3780 fingunt
1758 3726 1817 3769 se
1846 3713 2095 3783 religiose

522 3804 732 3867 vivere,
760 3801 1098 3856 monasteriis
1126 3801 1364 3871 praeponi
1392 3810 1671 3872 appetunt,
1702 3811 1757 3858 et
1783 3818 1882 3873 per
1908 3821 2093 3861 eorum

522 3892 689 3948 vitam
718 3891 1040 3946 monasteria
1078 3891 1442 3946 destruuntur.
1474 3891 1642 3948 Nemo
1669 3896 1867 3951 etenim
1893 3904 2094 3966 potest,

523 3991 578 4040 et
598 3982 978 4040 ecclesiasticis
1000 3983 1271 4052 obsequiis
1290 3983 1580 4049 deservire,
1611 3983 1721 4054 66
1745 3993 1799 4039 et
1828 3986 1880 4039 in
1909 4002 2098 4041 mona-

521 4075 673 4131 ehica
694 4074 877 4143 regula
896 4074 1140 4128 ordinate
1159 4074 1470 4143 persistere,
1496 4081 1553 4128 ut
1576 4074 1689 4143 ipse
1710 4075 2095 4131 districtionem

521 4169 831 4225 monasterii
859 4177 1040 4223 teneat
1059 4167 1150 4236 qui
1179 4168 1421 4236 quotidie
1450 4170 1503 4222 in
1530 4169 1826 4245 ministerio
1851 4173 2099 4229 ecclesia-

521 4261 659 4317 stico
680 4260 887 4327 cogitur
912 4271 1249 4327 permanere.
1282 4255 1512 4313 Proinde
1542 4258 1845 4318 fraternitas
1874 4273 1962 4318 tua
1993 4266 2097 4320 hoc

524 4353 764 4422 quolibet
788 4352 841 4406 in
884 4349 1004 4403 loco
1031 4349 1227 4403 factum
1255 4357 1357 4415 est,
1390 4350 1677 4405 eluendare
1706 4350 1942 4419 festinet,
1971 4357 2094 4424 quia

2192 3173 2449 3235 militant,
2480 3172 2703 3226 abbates
2726 3171 2839 3226 fieri
2862 3187 2958 3241 per
2977 3172 3301 3226 monasteria
3333 3188 3439 3227 non
3462 3176 3781 3243 permittas;

2190 3262 2284 3317 sed
2306 3270 2400 3317 aut
2426 3262 2625 3318 omissa
2654 3261 2941 3318 clericatus
2968 3262 3175 3329 militia,
3206 3264 3539 3319 monachicis
3559 3281 3785 3335 promo-

2191 3360 2417 3406 veantur
2446 3351 2760 3417 ordinibus;
2797 3360 2891 3405 aut
2918 3352 2963 3406 si
2996 3352 3047 3406 in
3082 3353 3290 3407 abbatis
3311 3353 3432 3410 loco
3461 3370 3787 3424 permanere

2194 3441 2559 3506 decreverint,
2598 3441 2885 3498 clericatus
2914 3442 3220 3499 nullatenus
3268 3445 3655 3514 permittantur
3683 3448 3783 3502 ha-

2195 3532 2322 3586 bere
2370 3532 2636 3586 militiam.
2685 3532 2829 3587 Satis
2875 3533 3016 3588 enim
3062 3533 3412 3601 incongruum
3459 3544 3541 3590 est
3581 3538 3628 3592 si
3655 3554 3779 3594 cum

2196 3637 2359 3677 unum
2388 3638 2456 3677 ex
2486 3622 2569 3677 his
2599 3638 2696 3694 pro
2725 3622 2809 3677 sui
2839 3623 3207 3691 magnitudine
3228 3624 3510 3693 diligenter
3530 3628 3650 3695 quis
3671 3644 3779 3685 non

2196 3717 2366 3786 possit
2396 3717 2633 3786 explere,
2665 3717 2733 3771 ad
2761 3725 3049 3786 utrumque
3086 3718 3359 3787 judicetur
3396 3719 3644 3790 idoneus,
3675 3723 3780 3777 sica

2196 3823 2301 3879 que
2348 3808 2574 3863 invicem
2604 3817 2660 3863 et
2688 3808 3083 3864 ecclesiasticus
3113 3808 3247 3863 ordo
3275 3809 3399 3863 vita:
3430 3811 3779 3877 monachicae,

2197 3907 2253 3955 et
2278 3898 2654 3956 ecclesiasticis
2682 3898 3002 3953 utilitatibus
3027 3911 3049 3938 ο
3081 3898 3264 3969 regula
3304 3901 3659 3958 monachatus
3688 3903 3779 3957 imo

2200 3990 2463 4060 pcdiatur.
2496 4009 2514 4043 ι
2545 3989 2682 4060 (Lib.
2717 4007 2789 4058 tv,
2814 4007 2893 4061 ep.
2923 3990 3034 4059 ll.)

2269 4080 2355 4136 55.
2376 4081 2617 4148 Qualiter
2638 4096 2770 4136 sane
2791 4080 3082 4149 Gregorius
3098 4096 3195 4151 per
3214 4092 3594 4152 procuratores
3613 4085 3779 4141 eccle

2199 4172 2534 4228 siasticorum
2571 4172 3039 4242 patrimoniorum,
3079 4172 3226 4228 velut
3254 4174 3423 4243 Argus
3447 4176 3665 4244 quidam
3695 4177 3775 4231 lu-

2201 4262 2617 4329 minosissimus,
2653 4277 2751 4331 per
2774 4262 2937 4317 totius
2963 4262 3147 4317 mundi
3177 4263 3511 4321 latitudinem
3540 4280 3651 4320 sua:
3680 4282 3775 4337 pa-

2202 4354 2412 4409 storalis
2436 4351 2808 4409 sollicitudinis
2835 4354 3019 4409 oculos
3041 4354 3446 4422 circumtulerit,
3486 4373 3595 4413 non
3625 4360 3693 4414 ab
3720 4373 3778 4414 re

525 4456 627 4509 ego
652 4440 798 4495 nullo
834 4438 995 4493 modo
1026 4438 1202 4507 patior
1240 4446 1298 4491 ut
1338 4438 1455 4493 loca
1482 4454 1631 4494 sacra
1658 4456 1755 4510 per
1778 4444 2091 4499 clericorum
2122 4450 2172 4507 ι)
2199 4444 2420 4498 forsitan
2468 4444 2710 4499 duxerim
2759 4445 3244 4514 perstringendum.
3293 4447 3381 4501 Ait
3408 4448 3549 4502 enim
3581 4449 3636 4504 in
3660 4450 3776 4519 epi-

524 4531 780 4586 ambitum
811 4528 1171 4583 destruantur.
1204 4547 1222 4580 ι
1279 4528 1417 4599 (Lib.
1448 4545 1502 4596 v,
1532 4547 1613 4599 ep.
1643 4530 1721 4601 1.)
1766 4533 1899 4598 Item
1936 4535 2097 4590 Mari-

526 4622 686 4675 niano
713 4620 964 4688 episcopo
994 4618 1261 4672 Ravenna:
1292 4636 1304 4670 :
1363 4637 1381 4669 ί
1410 4619 1615 4674 Dudum
1645 4621 1713 4675 ad
1760 4637 1859 4677 nos
1900 4624 2096 4679 multo-

525 4728 645 4767 rum
674 4710 935 4766 relatione
986 4716 1303 4777 pervenerat
1353 4718 1673 4765 monasteria
1723 4710 1775 4764 in
1827 4711 2095 4767 Ravennae

526 4802 768 4871 partibus
791 4800 1079 4855 constituta
1101 4798 1320 4852 omnino
1343 4798 1655 4854 clericorum
1676 4809 1976 4857 vestrorum
1997 4803 2093 4858 do—

527 4892 691 4947 minio
721 4891 1059 4961 priegravari,
1106 4892 1181 4947 ita
1219 4900 1277 4947 ut
1314 4893 1595 4948 occasione
1631 4895 1783 4962 quasi
1824 4896 2095 4962 regimims

527 5000 610 5051 ea,
644 4984 787 5054 quod
816 4984 919 5038 dici
947 4997 1108 5051 grave
1155 4991 1262 5050 est,
1307 4984 1453 5039 velut
1490 4984 1542 5038 in
1573 4986 1902 5054 prOprietate
1929 4988 2100 5055 possi-

524 5231 572 5285 Μ
600 5171 625 5198 η
664 5160 915 5216 Nonnulli
958 5159 1172 5227 Excusi,
1200 5162 1254 5213 in
1300 5157 1554 5213 Ecclesia.
1603 5159 2102 5219 Contradicentibus

580 5246 652 5285 ss.

580 5246 652 5285 SS.

598 5300 625 5337 ι’
663 5300 728 5353 Et
757 5309 933 5354 tamen
963 5298 1406 5368 Gregoriusjpse,
1440 5298 1492 5351 in
1541 5298 1732 5353 litteris
1757 5300 1822 5354 ad
1852 5299 2099 5356 Urbicum

526 5371 674 5433 abb.,
708 5370 797 5424 lib.
825 5385 897 5429 ιι,
932 5366 1092 5438 epist;
1113 5368 1215 5438 49ης
1255 5366 1517 5431 Volumus,
1550 5368 1737 5436 inquit,
1766 5378 1821 5422 ut
1843 5369 2097 5427 Domitius

525 5440 785 5509 presbyter
806 5437 1107 5509 abbas’esse
1131 5437 1409 5509 Lucusiani
1428 5439 1727 5509 monasterii
1749 5439 1945 5493 debeat.
1975 5440 2101 5497 Cer-

526 5520 579 5563 te
602 5510 653 5563 in
678 5507 847 5564 Gallia
869 5510 1023 5577 pauci
1046 5507 1329 5561 admodum
1357 5507 1577 5562 abbates
1598 5510 1886 5563 sacerdotii
1906 5526 2098 5577 exper-

528 5589 608 5632 tes
636 5580 741 5633 huc
759 5587 1001 5646 tempore
1022 5586 1196 5639 erant,
1224 5578 1331 5647 imo
1356 5584 1409 5630 et
1434 5579 1700 5631 monachi.
1722 5578 1852 5633 Vide
1874 5580 2097 5647 primam

528 5649 697 5703 sancti
728 5647 999 5702 Maximini
1030 5647 1237 5701 abbatis
1267 5646 1590 5701 Mitiacensis
1618 5647 1801 5713 vitam,
1833 5646 1979 5704 num.
2010 5651 2095 5703 16.

528 5718 696 5781 Quam
744 5730 870 5785 ergo
907 5717 994 5771 hic
1036 5716 1329 5784 praescribit
1362 5714 1677 5784 Gregorius,
1718 5718 1962 5787 specialis
1998 5735 2096 5789 pro

2198 4537 2337 4591 stola
2360 4535 2645 4589 Anthemio
2668 4534 2999 4590 subdiacono
3035 4553 3047 4589 :
3080 4554 3098 4588 t
3130 4535 3363 4591 Discenti
3392 4537 3487 4592 tibi
3516 4539 3776 4595 mandavi.-

2200 4640 2335 4689 mus,
2361 4631 2415 4677 et
2434 4622 2773 4692 postmodum
2804 4624 3084 4694 praeceptis
3111 4626 3217 4696 67
3243 4626 3665 4683 discurrentibus
3694 4629 3776 4682 in-

2201 4716 2437 4773 iunxisse
2462 4729 2549 4769 me
2574 4715 2813 4776 memini,
2840 4724 2900 4771 ut
2928 4732 3110 4771 curam
3132 4732 3428 4788 pauperum
3458 4733 3696 4789 gereres,
3725 4731 3779 4779 et

2201 4809 2243 4863 si
2274 4821 2409 4875 quos
2445 4807 2555 4862 illic
2597 4820 2755 4874 egere
2785 4823 3158 4877 cognosceres,
3214 4811 3426 4880 scriptis
3455 4814 3779 4868 recurrenti-

2201 4899 2299 4951 bus
2342 4897 2637 4965 indicares;
2677 4907 2731 4953 et
2757 4900 2844 4953 vix
2876 4899 2943 4954 de
2972 4903 3159 4970 paucis
3204 4902 3318 4957 haec
3349 4902 3527 4958 facere
3555 4906 3776 4960 curasti.

2205 4988 2336 5043 Volo
2366 4998 2543 5044 autem
2574 4988 2598 5025 τί
2631 4999 2687 5044 ut
2715 4990 2923 5045 domnae
2954 4990 3196 5057 Pateriae,
3231 4993 3352 5047 thite
3381 5009 3533 5060 mete,
3569 5011 3695 5051 mox
3722 5004 3779 5050 ut

2203 5165 2323 5220 loco
2351 5165 2443 5220 illo
2472 5165 2783 5221 constitutio
2811 5173 2910 5231 est,
2949 5166 3014 5220 ad
3044 5167 3432 5221 retundendam
3462 5168 3781 5226 clericorurn

2204 5235 2544 5304 monasteriis
2571 5235 2887 5290 inbiantium
2917 5236 3281 5304 cupiditatem.
3303 5236 3493 5291 ΜΑΒιι.

2281 5315 2303 5343 ε
2348 5303 2838 5376 υιίοηειῼεωθῑη
2879 5303 3064 5376 regula
3101 5306 3468 5360 monachorum
3512 5308 3779 5376 impediat.

2203 5374 2377 5445 Bigot_.
2399 5381 2471 5445 et
2486 5372 2919 5445 Andeg.,feguia
2944 5372 3226 5445 monachos
3261 5377 3525 5445 impediat.

2273 5445 2298 5480 ά
2337 5442 2495 5507 Editi,
2526 5459 2646 5500 cum
2691 5442 2817 5497 Mss:
2870 5443 3027 5512 Reg.,
3076 5444 3228 5499 Colb.
3280 5442 3341 5499 et
3382 5446 3553 5499 beata:
3601 5445 3785 5501 Maria

2204 5514 2398 5579 l’aris.,
2426 5513 2623 5567 habent
2648 5522 2742 5568 aut
2764 5512 3072 5568 Patericlu'a:
3097 5531 3240 5578 mew,
3275 5523 3367 5569 aut
3396 5515 3779 5580 Patriarchie;

2203 5585 2293 5637 sed
2324 5583 2513 5653 melius
2539 5583 2747 5653 in_Mss.
2779 5582 3010 5651 Andeg.,
3039 5584 3269 5649 Gcmet.,
3303 5586 3479 5653 Bigot.
3506 5625 3520 5650 ,
3554 5584 3695 5641 Utic.
3726 5595 3784 5640 et

2204 5654 2283 5725 al.
2307 5652 2529 5721 legitur,
2577 5651 2805 5705 Pateria:
2834 5653 2985 5725 tltim,
3017 5654 3121 5709 hoc
3151 5664 3264 5725 est,
3314 5651 3486 5711 amita:
3534 5671 3694 5723 mea;
3729 5656 3785 5711 id

2204 5723 2343 5778 enim
2370 5731 2525 5779 sonat
2550 5738 2650 5779 vox
2680 5734 2849 5790 graeca
2877 5722 3002 5776 t/u‘a.
