  <div class='ocr_page' id='page_1' title='image "/cluster/home/n/w/nwhite01/storage/ocr_20150623/75/uva.x000827087/064.png"; bbox 0 0 4018 6296; ppageno 0'>
   <div class='ocr_carea' id='block_1_1' title="bbox 218 292 321 349">
    <p class='ocr_par' dir='ltr' id='par_1_1' title="bbox 218 292 321 349">
     <span class='ocr_line' id='line_1_1' title="bbox 218 292 321 349; baseline -0.019 -1"><span class='ocrx_word' id='word_1_1' title='bbox 218 292 321 349; x_wconf 76' lang='grc' dir='ltr'><strong>Ηδ</strong></span> 
     </span>
    </p>
   </div>
   <div class='ocr_carea' id='block_1_2' title="bbox 800 286 2899 359">
    <p class='ocr_par' dir='ltr' id='par_1_2' title="bbox 800 286 2899 359">
     <span class='ocr_line' id='line_1_2' title="bbox 800 286 2899 359; baseline 0.004 -16"><span class='ocrx_word' id='word_1_2' title='bbox 800 292 886 349; x_wconf 81' lang='lat' dir='ltr'><strong>.S.</strong></span> <span class='ocrx_word' id='word_1_3' title='bbox 934 291 1262 349; x_wconf 79' lang='lat' dir='ltr'><strong>GREGORl-l</strong></span> <span class='ocrx_word' id='word_1_4' title='bbox 1302 289 1505 350; x_wconf 62' lang='lat' dir='ltr'><strong>PAPIE</strong></span> <span class='ocrx_word' id='word_1_5' title='bbox 1548 290 1731 356; x_wconf 80' lang='lat' dir='ltr'><strong>VITA,</strong></span> <span class='ocrx_word' id='word_1_6' title='bbox 1774 286 1973 344; x_wconf 83' lang='lat' dir='ltr'><strong>AUCT.</strong></span> <span class='ocrx_word' id='word_1_7' title='bbox 2014 287 2278 344; x_wconf 73' lang='lat' dir='ltr'><strong>JOANNE</strong></span> <span class='ocrx_word' id='word_1_8' title='bbox 2316 288 2627 359; x_wconf 83' lang='lat' dir='ltr'><strong>DIACONO,</strong></span> <span class='ocrx_word' id='word_1_9' title='bbox 2669 293 2794 349; x_wconf 83' lang='lat' dir='ltr'><strong>LIB.</strong></span> <span class='ocrx_word' id='word_1_10' title='bbox 2837 294 2899 351; x_wconf 78' lang='lat' dir='ltr'><strong>II.</strong></span> 
     </span>
    </p>
   </div>
   <div class='ocr_carea' id='block_1_3' title="bbox 3384 298 3486 356">
    <p class='ocr_par' dir='ltr' id='par_1_3' title="bbox 3384 298 3486 356">
     <span class='ocr_line' id='line_1_3' title="bbox 3384 298 3486 356; baseline 0.01 -2"><span class='ocrx_word' id='word_1_11' title='bbox 3384 298 3486 356; x_wconf 69' lang='grc' dir='ltr'><strong>ιιι</strong></span> 
     </span>
    </p>
   </div>
   <div class='ocr_carea' id='block_1_4' title="bbox 218 401 3488 478">
    <p class='ocr_par' dir='ltr' id='par_1_4' title="bbox 218 401 3488 478">
     <span class='ocr_line' id='line_1_4' title="bbox 218 401 3488 478; baseline 0.001 -15"><span class='ocrx_word' id='word_1_12' title='bbox 218 417 541 478; x_wconf 65' lang='lat' dir='ltr'><strong>praesentem</strong></span> <span class='ocrx_word' id='word_1_13' title='bbox 556 407 846 477; x_wconf 90' lang='lat' dir='ltr'><strong>jussioncm</strong></span> <span class='ocrx_word' id='word_1_14' title='bbox 859 407 1178 476; x_wconf 80' lang='lat' dir='ltr'><strong>susceperis,</strong></span> <span class='ocrx_word' id='word_1_15' title='bbox 1197 405 1391 462; x_wconf 72' lang='lat' dir='ltr'><strong>offeras</strong></span> <span class='ocrx_word' id='word_1_16' title='bbox 1407 407 1473 460; x_wconf 88' lang='lat' dir='ltr'><strong>ad</strong></span> <span class='ocrx_word' id='word_1_17' title='bbox 1492 405 1802 461; x_wconf 89' lang='lat' dir='ltr'><strong>calciarium</strong></span> <span class='ocrx_word' id='word_1_18' title='bbox 1835 401 1886 462; x_wconf 84' lang='lat' dir='ltr'><strong>A</strong></span> <span class='ocrx_word' id='word_1_19' title='bbox 1910 401 2281 468; x_wconf 80' lang='lat' dir='ltr'><strong>constitutum,</strong></span> <span class='ocrx_word' id='word_1_20' title='bbox 2317 403 2585 461; x_wconf 79' lang='lat' dir='ltr'><strong>indicante</strong></span> <span class='ocrx_word' id='word_1_21' title='bbox 2612 408 2956 475; x_wconf 73' lang='lat' dir='ltr'><strong>prtesentium</strong></span> <span class='ocrx_word' id='word_1_22' title='bbox 3003 408 3283 478; x_wconf 89' lang='lat' dir='ltr'><strong>portitore,</strong></span> <span class='ocrx_word' id='word_1_23' title='bbox 3313 417 3488 468; x_wconf 82' lang='lat' dir='ltr'><strong>victus</strong></span> 
     </span>
    </p>
   </div>
   <div class='ocr_carea' id='block_1_5' title="bbox 222 496 1803 568">
    <p class='ocr_par' dir='ltr' id='par_1_5' title="bbox 222 496 1803 568">
     <span class='ocr_line' id='line_1_5' title="bbox 222 496 1803 568; baseline -0.004 -15"><span class='ocrx_word' id='word_1_24' title='bbox 222 513 511 568; x_wconf 85' lang='lat' dir='ltr'><strong>puerorum</strong></span> <span class='ocrx_word' id='word_1_25' title='bbox 538 497 735 555; x_wconf 82' lang='lat' dir='ltr'><strong>solidos</strong></span> <span class='ocrx_word' id='word_1_26' title='bbox 761 506 787 534; x_wconf 77' lang='grc' dir='ltr'>ι</span> <span class='ocrx_word' id='word_1_27' title='bbox 809 497 1158 567; x_wconf 70' lang='lat' dir='ltr'><strong>quadraginta</strong></span> <span class='ocrx_word' id='word_1_28' title='bbox 1184 506 1238 551; x_wconf 93' lang='lat' dir='ltr'><strong>et</strong></span> <span class='ocrx_word' id='word_1_29' title='bbox 1261 497 1421 553; x_wconf 88' lang='lat' dir='ltr'><strong>tritici</strong></span> <span class='ocrx_word' id='word_1_30' title='bbox 1444 496 1653 552; x_wconf 88' lang='lat' dir='ltr'><strong>modios</strong></span> <span class='ocrx_word' id='word_1_31' title='bbox 1674 509 1803 564; x_wconf 87' lang='lat' dir='ltr'><strong>qua-</strong></span> 
     </span>
    </p>
   </div>
   <div class='ocr_carea' id='block_1_6' title="bbox 220 585 1813 659">
    <p class='ocr_par' dir='ltr' id='par_1_6' title="bbox 220 585 1813 659">
     <span class='ocr_line' id='line_1_6' title="bbox 220 585 1813 659; baseline -0.004 -14"><span class='ocrx_word' id='word_1_32' title='bbox 220 590 561 659; x_wconf 84' lang='lat' dir='ltr'><strong>dringentos;</strong></span> <span class='ocrx_word' id='word_1_33' title='bbox 590 589 800 644; x_wconf 71' lang='lat' dir='ltr'><strong>domnre</strong></span> <span class='ocrx_word' id='word_1_34' title='bbox 829 587 1103 655; x_wconf 69' lang='lat' dir='ltr'><strong>Palatinae,</strong></span> <span class='ocrx_word' id='word_1_35' title='bbox 1128 588 1331 644; x_wconf 63' lang='lat' dir='ltr'><strong>relictae</strong></span> <span class='ocrx_word' id='word_1_36' title='bbox 1374 587 1580 655; x_wconf 88' lang='lat' dir='ltr'><strong>Urbici,</strong></span> <span class='ocrx_word' id='word_1_37' title='bbox 1612 585 1813 642; x_wconf 90' lang='lat' dir='ltr'><strong>solidos</strong></span> 
     </span>
    </p>
   </div>
   <div class='ocr_carea' id='block_1_7' title="bbox 222 676 1806 749">
    <p class='ocr_par' dir='ltr' id='par_1_7' title="bbox 222 676 1806 749">
     <span class='ocr_line' id='line_1_7' title="bbox 222 676 1806 749; baseline -0.004 -14"><span class='ocrx_word' id='word_1_38' title='bbox 222 680 409 749; x_wconf 87' lang='lat' dir='ltr'><strong>viginti</strong></span> <span class='ocrx_word' id='word_1_39' title='bbox 433 687 486 735; x_wconf 88' lang='lat' dir='ltr'><strong>et</strong></span> <span class='ocrx_word' id='word_1_40' title='bbox 513 679 674 734; x_wconf 86' lang='lat' dir='ltr'><strong>tritici</strong></span> <span class='ocrx_word' id='word_1_41' title='bbox 698 678 904 734; x_wconf 89' lang='lat' dir='ltr'><strong>modios</strong></span> <span class='ocrx_word' id='word_1_42' title='bbox 923 686 1229 745; x_wconf 88' lang='lat' dir='ltr'><strong>trecentos;</strong></span> <span class='ocrx_word' id='word_1_43' title='bbox 1258 678 1471 733; x_wconf 73' lang='lat' dir='ltr'><strong>domnae</strong></span> <span class='ocrx_word' id='word_1_44' title='bbox 1498 676 1526 715; x_wconf 70' lang='grc' dir='ltr'>δ</span> <span class='ocrx_word' id='word_1_45' title='bbox 1556 676 1806 736; x_wconf 67' lang='lat' dir='ltr'><strong>Vivianae,</strong></span> 
     </span>
    </p>
   </div>
   <div class='ocr_carea' id='block_1_8' title="bbox 222 768 1813 849">
    <p class='ocr_par' dir='ltr' id='par_1_8' title="bbox 222 768 1813 849">
     <span class='ocr_line' id='line_1_8' title="bbox 222 768 1813 849; baseline -0.004 -22"><span class='ocrx_word' id='word_1_46' title='bbox 222 771 418 827; x_wconf 77' lang='lat' dir='ltr'><strong>relictae</strong></span> <span class='ocrx_word' id='word_1_47' title='bbox 430 771 643 837; x_wconf 87' lang='lat' dir='ltr'><strong>Felicis,</strong></span> <span class='ocrx_word' id='word_1_48' title='bbox 659 771 861 826; x_wconf 87' lang='lat' dir='ltr'><strong>solidos</strong></span> <span class='ocrx_word' id='word_1_49' title='bbox 873 770 1064 839; x_wconf 77' lang='lat' dir='ltr'><strong>viginti</strong></span> <span class='ocrx_word' id='word_1_50' title='bbox 1078 778 1134 824; x_wconf 93' lang='lat' dir='ltr'><strong>et</strong></span> <span class='ocrx_word' id='word_1_51' title='bbox 1147 770 1307 824; x_wconf 86' lang='lat' dir='ltr'><strong>tritici</strong></span> <span class='ocrx_word' id='word_1_52' title='bbox 1321 768 1531 824; x_wconf 89' lang='lat' dir='ltr'><strong>modios</strong></span> <span class='ocrx_word' id='word_1_53' title='bbox 1543 775 1813 849; x_wconf 76' lang='lat' dir='ltr'><strong>trecentos</strong></span> 
     </span>
    </p>
   </div>
   <div class='ocr_carea' id='block_1_9' title="bbox 220 857 1811 929">
    <p class='ocr_par' dir='ltr' id='par_1_9' title="bbox 220 857 1811 929">
     <span class='ocr_line' id='line_1_9' title="bbox 220 857 1811 929; baseline -0.005 -13"><span class='ocrx_word' id='word_1_54' title='bbox 220 862 312 928; x_wconf 89' lang='lat' dir='ltr'><strong>qui</strong></span> <span class='ocrx_word' id='word_1_55' title='bbox 325 875 513 916; x_wconf 91' lang='lat' dir='ltr'><strong>omnes</strong></span> <span class='ocrx_word' id='word_1_56' title='bbox 526 861 687 916; x_wconf 87' lang='lat' dir='ltr'><strong>simul</strong></span> <span class='ocrx_word' id='word_1_57' title='bbox 700 860 974 929; x_wconf 80' lang='lat' dir='ltr'><strong>octoginta</strong></span> <span class='ocrx_word' id='word_1_58' title='bbox 989 858 1145 915; x_wconf 89' lang='lat' dir='ltr'><strong>solidi</strong></span> <span class='ocrx_word' id='word_1_59' title='bbox 1160 859 1211 914; x_wconf 92' lang='lat' dir='ltr'><strong>in</strong></span> <span class='ocrx_word' id='word_1_60' title='bbox 1226 859 1330 913; x_wconf 92' lang='lat' dir='ltr'><strong>tuis</strong></span> <span class='ocrx_word' id='word_1_61' title='bbox 1342 858 1636 914; x_wconf 83' lang='lat' dir='ltr'><strong>rationibus</strong></span> <span class='ocrx_word' id='word_1_62' title='bbox 1647 857 1811 924; x_wconf 84' lang='lat' dir='ltr'><strong>impu-</strong></span> 
     </span>
    </p>
   </div>
   <div class='ocr_carea' id='block_1_10' title="bbox 223 949 1810 1024">
    <p class='ocr_par' dir='ltr' id='par_1_10' title="bbox 223 949 1810 1024">
     <span class='ocr_line' id='line_1_10' title="bbox 223 949 1810 1024; baseline -0.003 -17"><span class='ocrx_word' id='word_1_63' title='bbox 223 952 704 1009; x_wconf 85' lang='lat' dir='ltr'><strong>tentur.Summam</strong></span> <span class='ocrx_word' id='word_1_64' title='bbox 719 969 851 1010; x_wconf 92' lang='lat' dir='ltr'><strong>vero</strong></span> <span class='ocrx_word' id='word_1_65' title='bbox 872 952 1149 1024; x_wconf 91' lang='lat' dir='ltr'><strong>pensionis</strong></span> <span class='ocrx_word' id='word_1_66' title='bbox 1169 953 1268 1008; x_wconf 87' lang='lat' dir='ltr'><strong>sub</strong></span> <span class='ocrx_word' id='word_1_67' title='bbox 1290 951 1631 1007; x_wconf 85' lang='lat' dir='ltr'><strong>festinatione</strong></span> <span class='ocrx_word' id='word_1_68' title='bbox 1652 949 1810 1003; x_wconf 89' lang='lat' dir='ltr'><strong>addu-</strong></span> 
     </span>
    </p>
   </div>
   <div class='ocr_carea' id='block_1_11' title="bbox 220 1043 1807 1115">
    <p class='ocr_par' dir='ltr' id='par_1_11' title="bbox 220 1043 1807 1115">
     <span class='ocr_line' id='line_1_11' title="bbox 220 1043 1807 1115; baseline -0.003 -17"><span class='ocrx_word' id='word_1_69' title='bbox 220 1044 353 1111; x_wconf 88' lang='lat' dir='ltr'><strong>cito,</strong></span> <span class='ocrx_word' id='word_1_70' title='bbox 376 1051 433 1100; x_wconf 90' lang='lat' dir='ltr'><strong>et</strong></span> <span class='ocrx_word' id='word_1_71' title='bbox 448 1043 514 1099; x_wconf 90' lang='lat' dir='ltr'><strong>ad</strong></span> <span class='ocrx_word' id='word_1_72' title='bbox 529 1044 845 1115; x_wconf 85' lang='lat' dir='ltr'><strong>paschalem</strong></span> <span class='ocrx_word' id='word_1_73' title='bbox 862 1045 1027 1111; x_wconf 90' lang='lat' dir='ltr'><strong>diem,</strong></span> <span class='ocrx_word' id='word_1_74' title='bbox 1044 1043 1273 1100; x_wconf 82' lang='lat' dir='ltr'><strong>Domino</strong></span> <span class='ocrx_word' id='word_1_75' title='bbox 1295 1043 1600 1108; x_wconf 79' lang='lat' dir='ltr'><strong>auxiliante,</strong></span> <span class='ocrx_word' id='word_1_76' title='bbox 1618 1054 1807 1096; x_wconf 88' lang='lat' dir='ltr'><strong>occur—</strong></span> 
     </span>
    </p>
   </div>
   <div class='ocr_carea' id='block_1_12' title="bbox 225 1129 1808 1205">
    <p class='ocr_par' dir='ltr' id='par_1_12' title="bbox 225 1129 1808 1205">
     <span class='ocr_line' id='line_1_12' title="bbox 225 1129 1808 1205; baseline -0.003 -17"><span class='ocrx_word' id='word_1_77' title='bbox 225 1132 349 1188; x_wconf 86' lang='lat' dir='ltr'><strong>rito.</strong></span> <span class='ocrx_word' id='word_1_78' title='bbox 378 1152 398 1186; x_wconf 74' lang='grc'><strong>)</strong></span> <span class='ocrx_word' id='word_1_79' title='bbox 419 1132 557 1205; x_wconf 85' lang='lat' dir='ltr'><strong>(Lib.</strong></span> <span class='ocrx_word' id='word_1_80' title='bbox 579 1151 615 1199; x_wconf 81' lang='grc' dir='ltr'><strong>ι,</strong></span> <span class='ocrx_word' id='word_1_81' title='bbox 645 1152 729 1204; x_wconf 77' lang='lat' dir='ltr'><strong>ep.</strong></span> <span class='ocrx_word' id='word_1_82' title='bbox 747 1134 1233 1202; x_wconf 77' lang='lat' dir='ltr'><strong>59.)Itemeidem:</strong></span> <span class='ocrx_word' id='word_1_83' title='bbox 1262 1134 1628 1189; x_wconf 70' lang='lat' dir='ltr'><strong>«lnsinuatum</strong></span> <span class='ocrx_word' id='word_1_84' title='bbox 1654 1129 1808 1184; x_wconf 91' lang='lat' dir='ltr'><strong>nobis</strong></span> 
     </span>
    </p>
   </div>
   <div class='ocr_carea' id='block_1_13' title="bbox 222 1218 1807 1293">
    <p class='ocr_par' dir='ltr' id='par_1_13' title="bbox 222 1218 1807 1293">
     <span class='ocr_line' id='line_1_13' title="bbox 222 1218 1807 1293; baseline -0.002 -18"><span class='ocrx_word' id='word_1_85' title='bbox 222 1228 309 1275; x_wconf 85' lang='lat' dir='ltr'><strong>cst</strong></span> <span class='ocrx_word' id='word_1_86' title='bbox 322 1222 543 1279; x_wconf 87' lang='lat' dir='ltr'><strong>ancillas</strong></span> <span class='ocrx_word' id='word_1_87' title='bbox 554 1222 770 1278; x_wconf 82' lang='lat' dir='ltr'><strong>Domini</strong></span> <span class='ocrx_word' id='word_1_88' title='bbox 784 1223 1045 1293; x_wconf 87' lang='lat' dir='ltr'><strong>quasdam</strong></span> <span class='ocrx_word' id='word_1_89' title='bbox 1064 1222 1283 1279; x_wconf 64' lang='lat' dir='ltr'><strong>Nolana:</strong></span> <span class='ocrx_word' id='word_1_90' title='bbox 1302 1222 1552 1284; x_wconf 81' lang='lat' dir='ltr'><strong>civitatis,</strong></span> <span class='ocrx_word' id='word_1_91' title='bbox 1584 1221 1637 1274; x_wconf 90' lang='lat' dir='ltr'><strong>in</strong></span> <span class='ocrx_word' id='word_1_92' title='bbox 1666 1218 1807 1273; x_wconf 81' lang='lat' dir='ltr'><strong>Abo—</strong></span> 
     </span>
    </p>
   </div>
   <div class='ocr_carea' id='block_1_14' title="bbox 224 1309 1807 1379">
    <p class='ocr_par' dir='ltr' id='par_1_14' title="bbox 224 1309 1807 1379">
     <span class='ocr_line' id='line_1_14' title="bbox 224 1309 1807 1379; baseline 0 -16"><span class='ocrx_word' id='word_1_93' title='bbox 224 1309 412 1365; x_wconf 82' lang='lat' dir='ltr'><strong>ridana</strong></span> <span class='ocrx_word' id='word_1_94' title='bbox 441 1310 606 1367; x_wconf 87' lang='lat' dir='ltr'><strong>domo</strong></span> <span class='ocrx_word' id='word_1_95' title='bbox 636 1322 1068 1379; x_wconf 75' lang='lat' dir='ltr'><strong>wmmancntes,</strong></span> <span class='ocrx_word' id='word_1_96' title='bbox 1099 1313 1317 1368; x_wconf 91' lang='lat' dir='ltr'><strong>nimiam</strong></span> <span class='ocrx_word' id='word_1_97' title='bbox 1355 1313 1531 1367; x_wconf 90' lang='lat' dir='ltr'><strong>vietus</strong></span> <span class='ocrx_word' id='word_1_98' title='bbox 1559 1310 1807 1365; x_wconf 83' lang='lat' dir='ltr'><strong>vestitus-</strong></span> 
     </span>
    </p>
   </div>
   <div class='ocr_carea' id='block_1_15' title="bbox 222 1401 1809 1475">
    <p class='ocr_par' dir='ltr' id='par_1_15' title="bbox 222 1401 1809 1475">
     <span class='ocr_line' id='line_1_15' title="bbox 222 1401 1809 1475; baseline -0.003 -16"><span class='ocrx_word' id='word_1_99' title='bbox 222 1418 330 1472; x_wconf 88' lang='lat' dir='ltr'><strong>que</strong></span> <span class='ocrx_word' id='word_1_100' title='bbox 354 1407 638 1475; x_wconf 81' lang='lat' dir='ltr'><strong>penuriam</strong></span> <span class='ocrx_word' id='word_1_101' title='bbox 659 1409 944 1464; x_wconf 87' lang='lat' dir='ltr'><strong>sustinere.</strong></span> <span class='ocrx_word' id='word_1_102' title='bbox 969 1406 1169 1474; x_wconf 84' lang='lat' dir='ltr'><strong>Quibus</strong></span> <span class='ocrx_word' id='word_1_103' title='bbox 1189 1421 1256 1462; x_wconf 87' lang='lat' dir='ltr'><strong>ex</strong></span> <span class='ocrx_word' id='word_1_104' title='bbox 1276 1413 1544 1475; x_wconf 74' lang='lat' dir='ltr'><strong>prmcepto</strong></span> <span class='ocrx_word' id='word_1_105' title='bbox 1568 1402 1662 1457; x_wconf 90' lang='lat' dir='ltr'><strong>Dei</strong></span> <span class='ocrx_word' id='word_1_106' title='bbox 1688 1401 1809 1458; x_wconf 87' lang='lat' dir='ltr'><strong>sub-</strong></span> 
     </span>
    </p>
   </div>
   <div class='ocr_carea' id='block_1_16' title="bbox 223 1496 1807 1568">
    <p class='ocr_par' dir='ltr' id='par_1_16' title="bbox 223 1496 1807 1568">
     <span class='ocr_line' id='line_1_16' title="bbox 223 1496 1807 1568; baseline 0.001 -19"><span class='ocrx_word' id='word_1_107' title='bbox 223 1496 414 1552; x_wconf 85' lang='lat' dir='ltr'><strong>venire</strong></span> <span class='ocrx_word' id='word_1_108' title='bbox 435 1512 537 1553; x_wconf 91' lang='lat' dir='ltr'><strong>nos</strong></span> <span class='ocrx_word' id='word_1_109' title='bbox 556 1500 829 1568; x_wconf 81' lang='lat' dir='ltr'><strong>convenit,</strong></span> <span class='ocrx_word' id='word_1_110' title='bbox 847 1507 902 1554; x_wconf 90' lang='lat' dir='ltr'><strong>et</strong></span> <span class='ocrx_word' id='word_1_111' title='bbox 923 1498 1155 1567; x_wconf 84' lang='lat' dir='ltr'><strong>inopiam</strong></span> <span class='ocrx_word' id='word_1_112' title='bbox 1175 1511 1379 1561; x_wconf 89' lang='lat' dir='ltr'><strong>earum,</strong></span> <span class='ocrx_word' id='word_1_113' title='bbox 1405 1502 1662 1565; x_wconf 87' lang='lat' dir='ltr'><strong>quantum</strong></span> <span class='ocrx_word' id='word_1_114' title='bbox 1686 1508 1807 1563; x_wconf 90' lang='lat' dir='ltr'><strong>pos-</strong></span> 
     </span>
    </p>
   </div>
   <div class='ocr_carea' id='block_1_17' title="bbox 206 1582 1808 1655">
    <p class='ocr_par' dir='ltr' id='par_1_17' title="bbox 206 1582 1808 1655">
     <span class='ocr_line' id='line_1_17' title="bbox 206 1582 1808 1655; baseline 0.001 -15"><span class='ocrx_word' id='word_1_115' title='bbox 206 1598 438 1651; x_wconf 77' lang='lat' dir='ltr'><strong>sumus,</strong></span> <span class='ocrx_word' id='word_1_116' title='bbox 462 1586 700 1643; x_wconf 86' lang='lat' dir='ltr'><strong>donante</strong></span> <span class='ocrx_word' id='word_1_117' title='bbox 724 1587 969 1652; x_wconf 90' lang='lat' dir='ltr'><strong>Domino,</strong></span> <span class='ocrx_word' id='word_1_118' title='bbox 998 1585 1295 1641; x_wconf 90' lang='lat' dir='ltr'><strong>sublevare.</strong></span> <span class='ocrx_word' id='word_1_119' title='bbox 1328 1582 1620 1655; x_wconf 88' lang='lat' dir='ltr'><strong>Propterea</strong></span> <span class='ocrx_word' id='word_1_120' title='bbox 1643 1599 1808 1654; x_wconf 79' lang='lat' dir='ltr'><strong>expe-</strong></span> 
     </span>
    </p>
   </div>
   <div class='ocr_carea' id='block_1_18' title="bbox 222 1674 1808 1748">
    <p class='ocr_par' dir='ltr' id='par_1_18' title="bbox 222 1674 1808 1748">
     <span class='ocr_line' id='line_1_18' title="bbox 222 1674 1808 1748; baseline 0.001 -19"><span class='ocrx_word' id='word_1_121' title='bbox 222 1674 443 1733; x_wconf 68' lang='lat' dir='ltr'><strong>rientia:</strong></span> <span class='ocrx_word' id='word_1_122' title='bbox 488 1686 594 1734; x_wconf 85' lang='lat' dir='ltr'><strong>tuae</strong></span> <span class='ocrx_word' id='word_1_123' title='bbox 642 1678 887 1748; x_wconf 65' lang='lat' dir='ltr'><strong>praesenti</strong></span> <span class='ocrx_word' id='word_1_124' title='bbox 933 1677 1170 1746; x_wconf 89' lang='lat' dir='ltr'><strong>jussione</strong></span> <span class='ocrx_word' id='word_1_125' title='bbox 1206 1676 1578 1733; x_wconf 80' lang='lat' dir='ltr'><strong>mandavimus</strong></span> <span class='ocrx_word' id='word_1_126' title='bbox 1621 1678 1808 1732; x_wconf 87' lang='lat' dir='ltr'><strong>uthac</strong></span> 
     </span>
    </p>
   </div>
   <div class='ocr_carea' id='block_1_19' title="bbox 1912 491 3487 572">
    <p class='ocr_par' dir='ltr' id='par_1_19' title="bbox 1912 491 3487 572">
     <span class='ocr_line' id='line_1_19' title="bbox 1912 491 3487 572; baseline 0.01 -27"><span class='ocrx_word' id='word_1_127' title='bbox 1912 491 2111 547; x_wconf 88' lang='lat' dir='ltr'><strong>habere</strong></span> <span class='ocrx_word' id='word_1_128' title='bbox 2155 496 2529 551; x_wconf 84' lang='lat' dir='ltr'><strong>necessitatem</strong></span> <span class='ocrx_word' id='word_1_129' title='bbox 2554 498 2852 556; x_wconf 85' lang='lat' dir='ltr'><strong>didicimus.</strong></span> <span class='ocrx_word' id='word_1_130' title='bbox 2893 499 3126 569; x_wconf 90' lang='lat' dir='ltr'><strong>Ideoque</strong></span> <span class='ocrx_word' id='word_1_131' title='bbox 3152 502 3487 572; x_wconf 77' lang='lat' dir='ltr'><strong>experientia</strong></span> 
     </span>
    </p>
   </div>
   <div class='ocr_carea' id='block_1_20' title="bbox 1914 583 3484 661">
    <p class='ocr_par' dir='ltr' id='par_1_20' title="bbox 1914 583 3484 661">
     <span class='ocr_line' id='line_1_20' title="bbox 1914 583 3484 661; baseline 0.008 -23"><span class='ocrx_word' id='word_1_132' title='bbox 1914 592 2003 639; x_wconf 89' lang='lat' dir='ltr'><strong>tua</strong></span> <span class='ocrx_word' id='word_1_133' title='bbox 2030 584 2139 655; x_wconf 76' lang='lat'><strong>68</strong></span> <span class='ocrx_word' id='word_1_134' title='bbox 2165 583 2449 654; x_wconf 79' lang='lat' dir='ltr'><strong>diligenter</strong></span> <span class='ocrx_word' id='word_1_135' title='bbox 2468 589 2720 658; x_wconf 85' lang='lat' dir='ltr'><strong>invigilet,</strong></span> <span class='ocrx_word' id='word_1_136' title='bbox 2746 602 2805 646; x_wconf 92' lang='lat' dir='ltr'><strong>ut</strong></span> <span class='ocrx_word' id='word_1_137' title='bbox 2832 593 2878 647; x_wconf 97' lang='lat' dir='ltr'><strong>si</strong></span> <span class='ocrx_word' id='word_1_138' title='bbox 2907 593 3143 661; x_wconf 88' lang='lat' dir='ltr'><strong>ejusdem</strong></span> <span class='ocrx_word' id='word_1_139' title='bbox 3172 594 3275 650; x_wconf 93' lang='lat' dir='ltr'><strong>loci</strong></span> <span class='ocrx_word' id='word_1_140' title='bbox 3295 610 3484 651; x_wconf 86' lang='lat' dir='ltr'><strong>mona-</strong></span> 
     </span>
    </p>
   </div>
   <div class='ocr_carea' id='block_1_21' title="bbox 1913 678 3489 754">
    <p class='ocr_par' dir='ltr' id='par_1_21' title="bbox 1913 678 3489 754">
     <span class='ocr_line' id='line_1_21' title="bbox 1913 678 3489 754; baseline 0.007 -22"><span class='ocrx_word' id='word_1_141' title='bbox 1913 678 2043 733; x_wconf 87' lang='lat' dir='ltr'><strong>chos</strong></span> <span class='ocrx_word' id='word_1_142' title='bbox 2058 680 2197 735; x_wconf 83' lang='lat' dir='ltr'><strong>bene</strong></span> <span class='ocrx_word' id='word_1_143' title='bbox 2216 693 2276 736; x_wconf 89' lang='lat' dir='ltr'><strong>se</strong></span> <span class='ocrx_word' id='word_1_144' title='bbox 2292 688 2523 736; x_wconf 82' lang='lat' dir='ltr'><strong>tractare</strong></span> <span class='ocrx_word' id='word_1_145' title='bbox 2542 685 2874 750; x_wconf 84' lang='lat' dir='ltr'><strong>cognoveris,</strong></span> <span class='ocrx_word' id='word_1_146' title='bbox 2898 683 2951 738; x_wconf 81' lang='lat' dir='ltr'><strong>ir.</strong></span> <span class='ocrx_word' id='word_1_147' title='bbox 2969 686 3160 754; x_wconf 87' lang='lat' dir='ltr'><strong>quibus</strong></span> <span class='ocrx_word' id='word_1_148' title='bbox 3181 701 3275 741; x_wconf 89' lang='lat' dir='ltr'><strong>eos</strong></span> <span class='ocrx_word' id='word_1_149' title='bbox 3295 701 3489 743; x_wconf 88' lang='lat' dir='ltr'><strong>neces-</strong></span> 
     </span>
    </p>
   </div>
   <div class='ocr_carea' id='block_1_22' title="bbox 1911 770 3485 846">
    <p class='ocr_par' dir='ltr' id='par_1_22' title="bbox 1911 770 3485 846">
     <span class='ocr_line' id='line_1_22' title="bbox 1911 770 3485 846; baseline 0.008 -22"><span class='ocrx_word' id='word_1_150' title='bbox 1911 770 2123 825; x_wconf 89' lang='lat' dir='ltr'><strong>sitatem</strong></span> <span class='ocrx_word' id='word_1_151' title='bbox 2164 772 2368 828; x_wconf 89' lang='lat' dir='ltr'><strong>habere</strong></span> <span class='ocrx_word' id='word_1_152' title='bbox 2401 773 2681 829; x_wconf 83' lang='lat' dir='ltr'><strong>manifesta</strong></span> <span class='ocrx_word' id='word_1_153' title='bbox 2726 776 2953 831; x_wconf 87' lang='lat' dir='ltr'><strong>veritate</strong></span> <span class='ocrx_word' id='word_1_154' title='bbox 2976 779 3226 846; x_wconf 89' lang='lat' dir='ltr'><strong>patuerit,</strong></span> <span class='ocrx_word' id='word_1_155' title='bbox 3252 780 3331 835; x_wconf 90' lang='lat' dir='ltr'><strong>eis</strong></span> <span class='ocrx_word' id='word_1_156' title='bbox 3357 781 3485 835; x_wconf 88' lang='lat' dir='ltr'><strong>sub-</strong></span> 
     </span>
    </p>
   </div>
   <div class='ocr_carea' id='block_1_23' title="bbox 1910 859 3483 932">
    <p class='ocr_par' dir='ltr' id='par_1_23' title="bbox 1910 859 3483 932">
     <span class='ocr_line' id='line_1_23' title="bbox 1910 859 3483 932; baseline 0.008 -22"><span class='ocrx_word' id='word_1_157' title='bbox 1910 860 2111 925; x_wconf 88' lang='lat' dir='ltr'><strong>venire,</strong></span> <span class='ocrx_word' id='word_1_158' title='bbox 2143 859 2245 915; x_wconf 88' lang='lat' dir='ltr'><strong>hac</strong></span> <span class='ocrx_word' id='word_1_159' title='bbox 2280 863 2605 916; x_wconf 82' lang='lat' dir='ltr'><strong>auctoritate</strong></span> <span class='ocrx_word' id='word_1_160' title='bbox 2631 861 2901 932; x_wconf 69' lang='lat' dir='ltr'><strong>suffultus,</strong></span> <span class='ocrx_word' id='word_1_161' title='bbox 2928 865 3098 920; x_wconf 92' lang='lat' dir='ltr'><strong>modis</strong></span> <span class='ocrx_word' id='word_1_162' title='bbox 3134 868 3378 923; x_wconf 91' lang='lat' dir='ltr'><strong>omnibus</strong></span> <span class='ocrx_word' id='word_1_163' title='bbox 3403 868 3483 923; x_wconf 80' lang='lat' dir='ltr'><strong>ie-</strong></span> 
     </span>
    </p>
   </div>
   <div class='ocr_carea' id='block_1_24' title="bbox 1908 948 3489 1025">
    <p class='ocr_par' dir='ltr' id='par_1_24' title="bbox 1908 948 3489 1025">
     <span class='ocr_line' id='line_1_24' title="bbox 1908 948 3489 1025; baseline 0.006 -23"><span class='ocrx_word' id='word_1_164' title='bbox 1908 948 2150 1013; x_wconf 88' lang='lat' dir='ltr'><strong>stinabis,</strong></span> <span class='ocrx_word' id='word_1_165' title='bbox 2181 950 2414 1005; x_wconf 87' lang='lat' dir='ltr'><strong>sciturus</strong></span> <span class='ocrx_word' id='word_1_166' title='bbox 2442 952 2542 1007; x_wconf 88' lang='lat' dir='ltr'><strong>tuis</strong></span> <span class='ocrx_word' id='word_1_167' title='bbox 2562 966 2680 1007; x_wconf 90' lang='lat' dir='ltr'><strong>esse</strong></span> <span class='ocrx_word' id='word_1_168' title='bbox 2708 954 3005 1009; x_wconf 82' lang='lat' dir='ltr'><strong>rationibus</strong></span> <span class='ocrx_word' id='word_1_169' title='bbox 3034 956 3287 1025; x_wconf 88' lang='lat' dir='ltr'><strong>quidquid</strong></span> <span class='ocrx_word' id='word_1_170' title='bbox 3308 971 3489 1012; x_wconf 71' lang='lat' dir='ltr'><strong>nostra</strong></span> 
     </span>
    </p>
   </div>
   <div class='ocr_carea' id='block_1_25' title="bbox 1908 1038 3489 1111">
    <p class='ocr_par' dir='ltr' id='par_1_25' title="bbox 1908 1038 3489 1111">
     <span class='ocr_line' id='line_1_25' title="bbox 1908 1038 3489 1111; baseline 0.006 -19"><span class='ocrx_word' id='word_1_171' title='bbox 1908 1038 2269 1108; x_wconf 80' lang='lat' dir='ltr'><strong>praeceptione</strong></span> <span class='ocrx_word' id='word_1_172' title='bbox 2296 1040 2587 1109; x_wconf 79' lang='lat' dir='ltr'><strong>praebueris</strong></span> <span class='ocrx_word' id='word_1_173' title='bbox 2604 1041 2995 1111; x_wconf 88' lang='lat' dir='ltr'><strong>imputandum.</strong></span> <span class='ocrx_word' id='word_1_174' title='bbox 3027 1046 3133 1102; x_wconf 90' lang='lat' dir='ltr'><strong>Sed</strong></span> <span class='ocrx_word' id='word_1_175' title='bbox 3163 1055 3217 1102; x_wconf 90' lang='lat' dir='ltr'><strong>et</strong></span> <span class='ocrx_word' id='word_1_176' title='bbox 3235 1047 3489 1103; x_wconf 85' lang='lat' dir='ltr'><strong>terrulam</strong></span> 
     </span>
    </p>
   </div>
   <div class='ocr_carea' id='block_1_26' title="bbox 1909 1129 3490 1203">
    <p class='ocr_par' dir='ltr' id='par_1_26' title="bbox 1909 1129 3490 1203">
     <span class='ocr_line' id='line_1_26' title="bbox 1909 1129 3490 1203; baseline 0.007 -20"><span class='ocrx_word' id='word_1_177' title='bbox 1909 1129 2163 1185; x_wconf 73' lang='lat' dir='ltr'><strong>Ecclesia:</strong></span> <span class='ocrx_word' id='word_1_178' title='bbox 2209 1140 2408 1185; x_wconf 70' lang='lat' dir='ltr'><strong>nostra:</strong></span> <span class='ocrx_word' id='word_1_179' title='bbox 2435 1131 2668 1186; x_wconf 87' lang='lat' dir='ltr'><strong>vicinam</strong></span> <span class='ocrx_word' id='word_1_180' title='bbox 2699 1134 2824 1199; x_wconf 88' lang='lat' dir='ltr'><strong>sibi,</strong></span> <span class='ocrx_word' id='word_1_181' title='bbox 2857 1151 3017 1203; x_wconf 89' lang='lat' dir='ltr'><strong>quam</strong></span> <span class='ocrx_word' id='word_1_182' title='bbox 3063 1138 3292 1194; x_wconf 91' lang='lat' dir='ltr'><strong>solidum</strong></span> <span class='ocrx_word' id='word_1_183' title='bbox 3324 1155 3490 1194; x_wconf 83' lang='lat' dir='ltr'><strong>unum</strong></span> 
     </span>
    </p>
   </div>
   <div class='ocr_carea' id='block_1_27' title="bbox 1909 1220 3492 1295">
    <p class='ocr_par' dir='ltr' id='par_1_27' title="bbox 1909 1220 3492 1295">
     <span class='ocr_line' id='line_1_27' title="bbox 1909 1220 3492 1295; baseline 0.007 -21"><span class='ocrx_word' id='word_1_184' title='bbox 1909 1228 1963 1274; x_wconf 94' lang='lat' dir='ltr'><strong>et</strong></span> <span class='ocrx_word' id='word_1_185' title='bbox 1987 1220 2259 1275; x_wconf 90' lang='lat' dir='ltr'><strong>tremisses</strong></span> <span class='ocrx_word' id='word_1_186' title='bbox 2285 1220 2419 1276; x_wconf 90' lang='lat' dir='ltr'><strong>duos</strong></span> <span class='ocrx_word' id='word_1_187' title='bbox 2440 1222 2704 1291; x_wconf 90' lang='lat' dir='ltr'><strong>pensitam</strong></span> <span class='ocrx_word' id='word_1_188' title='bbox 2733 1234 2999 1290; x_wconf 84' lang='lat' dir='ltr'><strong>asserunt,</strong></span> <span class='ocrx_word' id='word_1_189' title='bbox 3032 1228 3076 1281; x_wconf 87' lang='lat' dir='ltr'><strong>si</strong></span> <span class='ocrx_word' id='word_1_190' title='bbox 3105 1229 3178 1282; x_wconf 90' lang='lat' dir='ltr'><strong>ita</strong></span> <span class='ocrx_word' id='word_1_191' title='bbox 3209 1239 3308 1295; x_wconf 89' lang='lat' dir='ltr'><strong>est,</strong></span> <span class='ocrx_word' id='word_1_192' title='bbox 3338 1230 3492 1285; x_wconf 87' lang='lat' dir='ltr'><strong>libel-</strong></span> 
     </span>
    </p>
   </div>
   <div class='ocr_carea' id='block_1_28' title="bbox 1908 1311 3492 1373">
    <p class='ocr_par' dir='ltr' id='par_1_28' title="bbox 1908 1311 3492 1373">
     <span class='ocr_line' id='line_1_28' title="bbox 1908 1311 3492 1373; baseline 0.005 -8"><span class='ocrx_word' id='word_1_193' title='bbox 1908 1311 2043 1366; x_wconf 89' lang='lat' dir='ltr'><strong>lario</strong></span> <span class='ocrx_word' id='word_1_194' title='bbox 2064 1312 2279 1366; x_wconf 90' lang='lat' dir='ltr'><strong>nomine</strong></span> <span class='ocrx_word' id='word_1_195' title='bbox 2304 1312 2371 1366; x_wconf 88' lang='lat' dir='ltr'><strong>ad</strong></span> <span class='ocrx_word' id='word_1_196' title='bbox 2398 1326 2661 1366; x_wconf 88' lang='lat' dir='ltr'><strong>summam</strong></span> <span class='ocrx_word' id='word_1_197' title='bbox 2685 1311 2943 1369; x_wconf 89' lang='lat' dir='ltr'><strong>tremissis</strong></span> <span class='ocrx_word' id='word_1_198' title='bbox 2964 1314 3119 1369; x_wconf 88' lang='lat' dir='ltr'><strong>unius</strong></span> <span class='ocrx_word' id='word_1_199' title='bbox 3143 1316 3345 1372; x_wconf 89' lang='lat' dir='ltr'><strong>habere</strong></span> <span class='ocrx_word' id='word_1_200' title='bbox 3368 1334 3492 1373; x_wconf 85' lang='lat' dir='ltr'><strong>con-</strong></span> 
     </span>
    </p>
   </div>
   <div class='ocr_carea' id='block_1_29' title="bbox 1910 1401 3486 1477">
    <p class='ocr_par' dir='ltr' id='par_1_29' title="bbox 1910 1401 3486 1477">
     <span class='ocr_line' id='line_1_29' title="bbox 1910 1401 3486 1477; baseline 0.004 -20"><span class='ocrx_word' id='word_1_201' title='bbox 1910 1401 2059 1458; x_wconf 90' lang='lat' dir='ltr'><strong>cede.</strong></span> <span class='ocrx_word' id='word_1_202' title='bbox 2092 1401 2266 1458; x_wconf 87' lang='lat' dir='ltr'><strong>Studii</strong></span> <span class='ocrx_word' id='word_1_203' title='bbox 2294 1416 2423 1471; x_wconf 88' lang='lat' dir='ltr'><strong>ergo</strong></span> <span class='ocrx_word' id='word_1_204' title='bbox 2445 1403 2519 1457; x_wconf 93' lang='lat' dir='ltr'><strong>tui</strong></span> <span class='ocrx_word' id='word_1_205' title='bbox 2550 1403 2619 1458; x_wconf 95' lang='lat' dir='ltr'><strong>sit</strong></span> <span class='ocrx_word' id='word_1_206' title='bbox 2646 1403 2764 1458; x_wconf 81' lang='lat' dir='ltr'><strong>haec</strong></span> <span class='ocrx_word' id='word_1_207' title='bbox 2792 1405 2971 1459; x_wconf 89' lang='lat' dir='ltr'><strong>omnia</strong></span> <span class='ocrx_word' id='word_1_208' title='bbox 2994 1406 3063 1459; x_wconf 89' lang='lat' dir='ltr'><strong>ita</strong></span> <span class='ocrx_word' id='word_1_209' title='bbox 3095 1407 3387 1476; x_wconf 87' lang='lat' dir='ltr'><strong>complere,</strong></span> <span class='ocrx_word' id='word_1_210' title='bbox 3420 1412 3486 1477; x_wconf 90' lang='lat' dir='ltr'><strong>si,</strong></span> 
     </span>
    </p>
   </div>
   <div class='ocr_carea' id='block_1_30' title="bbox 1908 1490 3487 1562">
    <p class='ocr_par' dir='ltr' id='par_1_30' title="bbox 1908 1490 3487 1562">
     <span class='ocr_line' id='line_1_30' title="bbox 1908 1490 3487 1562; baseline 0.005 -17"><span class='ocrx_word' id='word_1_211' title='bbox 1908 1492 2046 1546; x_wconf 87' lang='lat' dir='ltr'><strong>sicut</strong></span> <span class='ocrx_word' id='word_1_212' title='bbox 2072 1490 2321 1559; x_wconf 81' lang='lat' dir='ltr'><strong>diximus,</strong></span> <span class='ocrx_word' id='word_1_213' title='bbox 2351 1491 2467 1561; x_wconf 86' lang='lat' dir='ltr'><strong>ejus</strong></span> <span class='ocrx_word' id='word_1_214' title='bbox 2488 1492 2735 1548; x_wconf 88' lang='lat' dir='ltr'><strong>monachi</strong></span> <span class='ocrx_word' id='word_1_215' title='bbox 2766 1493 2816 1547; x_wconf 91' lang='lat' dir='ltr'><strong>in</strong></span> <span class='ocrx_word' id='word_1_216' title='bbox 2841 1494 2935 1549; x_wconf 90' lang='lat' dir='ltr'><strong>Dei</strong></span> <span class='ocrx_word' id='word_1_217' title='bbox 2961 1494 3201 1562; x_wconf 88' lang='lat' dir='ltr'><strong>servitio,</strong></span> <span class='ocrx_word' id='word_1_218' title='bbox 3228 1496 3368 1552; x_wconf 89' lang='lat' dir='ltr'><strong>sicut</strong></span> <span class='ocrx_word' id='word_1_219' title='bbox 3392 1498 3487 1553; x_wconf 88' lang='lat' dir='ltr'><strong>de-</strong></span> 
     </span>
    </p>
   </div>
   <div class='ocr_carea' id='block_1_31' title="bbox 1910 1582 3490 1655">
    <p class='ocr_par' dir='ltr' id='par_1_31' title="bbox 1910 1582 3490 1655">
     <span class='ocr_line' id='line_1_31' title="bbox 1910 1582 3490 1655; baseline 0.003 -17"><span class='ocrx_word' id='word_1_220' title='bbox 1910 1590 2017 1649; x_wconf 85' lang='lat' dir='ltr'><strong>cet,</strong></span> <span class='ocrx_word' id='word_1_221' title='bbox 2047 1583 2275 1639; x_wconf 89' lang='lat' dir='ltr'><strong>solertes</strong></span> <span class='ocrx_word' id='word_1_222' title='bbox 2302 1583 2655 1653; x_wconf 90' lang='lat' dir='ltr'><strong>perstiterint.</strong></span> <span class='ocrx_word' id='word_1_223' title='bbox 2694 1602 2712 1635; x_wconf 72' lang='grc' dir='ltr'><strong><em>ι</em></strong></span> <span class='ocrx_word' id='word_1_224' title='bbox 2749 1582 2884 1655; x_wconf 90' lang='lat' dir='ltr'><strong>(Lib.</strong></span> <span class='ocrx_word' id='word_1_225' title='bbox 2920 1600 2978 1652; x_wconf 84' lang='grc' dir='ltr'><strong>ιι,</strong></span> <span class='ocrx_word' id='word_1_226' title='bbox 3016 1601 3098 1654; x_wconf 88' lang='lat' dir='ltr'><strong>ep.</strong></span> <span class='ocrx_word' id='word_1_227' title='bbox 3125 1585 3202 1655; x_wconf 81' lang='lat' dir='ltr'><strong>I.)</strong></span> <span class='ocrx_word' id='word_1_228' title='bbox 3248 1585 3382 1641; x_wconf 89' lang='lat' dir='ltr'><strong>Item</strong></span> <span class='ocrx_word' id='word_1_229' title='bbox 3410 1586 3490 1642; x_wconf 85' lang='lat' dir='ltr'><strong>ei-</strong></span> 
     </span>
    </p>
   </div>
   <div class='ocr_carea' id='block_1_32' title="bbox 1911 1674 3487 1747">
    <p class='ocr_par' dir='ltr' id='par_1_32' title="bbox 1911 1674 3487 1747">
     <span class='ocr_line' id='line_1_32' title="bbox 1911 1674 3487 1747; baseline 0.003 -19"><span class='ocrx_word' id='word_1_230' title='bbox 1911 1674 2034 1729; x_wconf 92' lang='lat' dir='ltr'><strong>dem</strong></span> <span class='ocrx_word' id='word_1_231' title='bbox 2065 1692 2077 1727; x_wconf 92' lang='lat'>:</span> <span class='ocrx_word' id='word_1_232' title='bbox 2117 1694 2134 1726; x_wconf 72' lang='grc'><strong>(</strong></span> <span class='ocrx_word' id='word_1_233' title='bbox 2169 1674 2355 1729; x_wconf 84' lang='lat' dir='ltr'><strong>Divina</strong></span> <span class='ocrx_word' id='word_1_234' title='bbox 2384 1686 2647 1746; x_wconf 71' lang='lat' dir='ltr'><strong>prmcepta</strong></span> <span class='ocrx_word' id='word_1_235' title='bbox 2677 1689 2777 1729; x_wconf 91' lang='lat' dir='ltr'><strong>nos</strong></span> <span class='ocrx_word' id='word_1_236' title='bbox 2801 1674 3091 1730; x_wconf 89' lang='lat' dir='ltr'><strong>admonent</strong></span> <span class='ocrx_word' id='word_1_237' title='bbox 3119 1676 3337 1745; x_wconf 83' lang='lat' dir='ltr'><strong>diligere</strong></span> <span class='ocrx_word' id='word_1_238' title='bbox 3364 1692 3487 1747; x_wconf 90' lang='lat' dir='ltr'><strong>pro-</strong></span> 
     </span>
    </p>
   </div>
   <div class='ocr_carea' id='block_1_33' title="bbox 221 1764 3491 1841">
    <p class='ocr_par' dir='ltr' id='par_1_33' title="bbox 221 1764 3491 1841">
     <span class='ocr_line' id='line_1_33' title="bbox 221 1764 3491 1841; baseline 0 -20"><span class='ocrx_word' id='word_1_239' title='bbox 221 1769 481 1835; x_wconf 78' lang='lat' dir='ltr'><strong>przesenti</strong></span> <span class='ocrx_word' id='word_1_240' title='bbox 507 1783 647 1822; x_wconf 87' lang='lat' dir='ltr'><strong>nona</strong></span> <span class='ocrx_word' id='word_1_241' title='bbox 678 1768 965 1825; x_wconf 87' lang='lat' dir='ltr'><strong>indictione</strong></span> <span class='ocrx_word' id='word_1_242' title='bbox 993 1767 1343 1838; x_wconf 85' lang='lat' dir='ltr'><strong>quadraginta</strong></span> <span class='ocrx_word' id='word_1_243' title='bbox 1370 1770 1424 1823; x_wconf 90' lang='lat' dir='ltr'><strong>in</strong></span> <span class='ocrx_word' id='word_1_244' title='bbox 1454 1784 1586 1824; x_wconf 89' lang='lat' dir='ltr'><strong>auro</strong></span> <span class='ocrx_word' id='word_1_245' title='bbox 1612 1770 1693 1826; x_wconf 88' lang='lat' dir='ltr'><strong>eis</strong></span> <span class='ocrx_word' id='word_1_246' title='bbox 1722 1784 1809 1825; x_wconf 87' lang='lat' dir='ltr'><strong>so-</strong></span> <span class='ocrx_word' id='word_1_247' title='bbox 1843 1764 1886 1823; x_wconf 84' lang='grc' dir='ltr'><strong>Β</strong></span> <span class='ocrx_word' id='word_1_248' title='bbox 1915 1764 2089 1819; x_wconf 81' lang='lat' dir='ltr'><strong>ximos</strong></span> <span class='ocrx_word' id='word_1_249' title='bbox 2114 1764 2254 1819; x_wconf 90' lang='lat' dir='ltr'><strong>sicut</strong></span> <span class='ocrx_word' id='word_1_250' title='bbox 2294 1765 2682 1841; x_wconf 80' lang='lat' dir='ltr'><strong>nosmetipsos;</strong></span> <span class='ocrx_word' id='word_1_251' title='bbox 2712 1773 2769 1820; x_wconf 92' lang='lat' dir='ltr'><strong>et</strong></span> <span class='ocrx_word' id='word_1_252' title='bbox 2794 1780 2915 1820; x_wconf 89' lang='lat' dir='ltr'><strong>cum</strong></span> <span class='ocrx_word' id='word_1_253' title='bbox 2946 1766 3048 1821; x_wconf 93' lang='lat' dir='ltr'><strong>hac</strong></span> <span class='ocrx_word' id='word_1_254' title='bbox 3085 1780 3180 1822; x_wconf 88' lang='lat' dir='ltr'><strong>eos</strong></span> <span class='ocrx_word' id='word_1_255' title='bbox 3214 1768 3491 1837; x_wconf 64' lang='lat' dir='ltr'><strong>praecipia-</strong></span> 
     </span>
    </p>
   </div>
   <div class='ocr_carea' id='block_1_34' title="bbox 223 1855 1811 1931">
    <p class='ocr_par' dir='ltr' id='par_1_34' title="bbox 223 1855 1811 1931">
     <span class='ocr_line' id='line_1_34' title="bbox 223 1855 1811 1931; baseline 0.005 -21"><span class='ocrx_word' id='word_1_256' title='bbox 223 1855 364 1911; x_wconf 89' lang='lat' dir='ltr'><strong>Iidos</strong></span> <span class='ocrx_word' id='word_1_257' title='bbox 383 1857 514 1913; x_wconf 89' lang='lat' dir='ltr'><strong>dare</strong></span> <span class='ocrx_word' id='word_1_258' title='bbox 540 1859 758 1927; x_wconf 84' lang='lat' dir='ltr'><strong>debeas,</strong></span> <span class='ocrx_word' id='word_1_259' title='bbox 781 1872 836 1915; x_wconf 85' lang='lat' dir='ltr'><strong>et</strong></span> <span class='ocrx_word' id='word_1_260' title='bbox 859 1862 1112 1931; x_wconf 88' lang='lat' dir='ltr'><strong>deinceps</strong></span> <span class='ocrx_word' id='word_1_261' title='bbox 1131 1862 1541 1920; x_wconf 88' lang='lat' dir='ltr'><strong>succedentibus</strong></span> <span class='ocrx_word' id='word_1_262' title='bbox 1562 1863 1811 1919; x_wconf 88' lang='lat' dir='ltr'><strong>indictio-</strong></span> 
     </span>
    </p>
   </div>
   <div class='ocr_carea' id='block_1_35' title="bbox 208 1947 1814 2023">
    <p class='ocr_par' dir='ltr' id='par_1_35' title="bbox 208 1947 1814 2023">
     <span class='ocr_line' id='line_1_35' title="bbox 208 1947 1814 2023; baseline 0.006 -23"><span class='ocrx_word' id='word_1_263' title='bbox 208 1947 384 2002; x_wconf 87' lang='lat' dir='ltr'><strong>-nibus</strong></span> <span class='ocrx_word' id='word_1_264' title='bbox 410 1963 621 2005; x_wconf 90' lang='lat' dir='ltr'><strong>annuos</strong></span> <span class='ocrx_word' id='word_1_265' title='bbox 650 1950 833 2019; x_wconf 85' lang='lat' dir='ltr'><strong>viginti</strong></span> <span class='ocrx_word' id='word_1_266' title='bbox 860 1951 1061 2008; x_wconf 91' lang='lat' dir='ltr'><strong>solidos</strong></span> <span class='ocrx_word' id='word_1_267' title='bbox 1081 1952 1409 2019; x_wconf 83' lang='lat' dir='ltr'><strong>ministrare,</strong></span> <span class='ocrx_word' id='word_1_268' title='bbox 1442 1953 1532 2023; x_wconf 89' lang='lat' dir='ltr'><strong>qui</strong></span> <span class='ocrx_word' id='word_1_269' title='bbox 1552 1954 1662 2009; x_wconf 87' lang='lat' dir='ltr'><strong>tuis</strong></span> <span class='ocrx_word' id='word_1_270' title='bbox 1690 1969 1814 2023; x_wconf 88' lang='lat' dir='ltr'><strong>pos-</strong></span> 
     </span>
    </p>
   </div>
   <div class='ocr_carea' id='block_1_36' title="bbox 226 2037 1811 2114">
    <p class='ocr_par' dir='ltr' id='par_1_36' title="bbox 226 2037 1811 2114">
     <span class='ocr_line' id='line_1_36' title="bbox 226 2037 1811 2114; baseline 0.004 -23"><span class='ocrx_word' id='word_1_271' title='bbox 226 2037 336 2092; x_wconf 85' lang='lat' dir='ltr'><strong>sint</strong></span> <span class='ocrx_word' id='word_1_272' title='bbox 360 2039 659 2096; x_wconf 79' lang='lat' dir='ltr'><strong>rationibus</strong></span> <span class='ocrx_word' id='word_1_273' title='bbox 688 2041 962 2111; x_wconf 79' lang='lat' dir='ltr'><strong>imputari.</strong></span> <span class='ocrx_word' id='word_1_274' title='bbox 1015 2041 1281 2098; x_wconf 79' lang='lat' dir='ltr'><strong>Praeterea</strong></span> <span class='ocrx_word' id='word_1_275' title='bbox 1312 2042 1555 2109; x_wconf 89' lang='lat' dir='ltr'><strong>Paulino,</strong></span> <span class='ocrx_word' id='word_1_276' title='bbox 1586 2045 1811 2114; x_wconf 88' lang='lat' dir='ltr'><strong>presby-</strong></span> 
     </span>
    </p>
   </div>
   <div class='ocr_carea' id='block_1_37' title="bbox 230 2130 1815 2201">
    <p class='ocr_par' dir='ltr' id='par_1_37' title="bbox 230 2130 1815 2201">
     <span class='ocr_line' id='line_1_37' title="bbox 230 2130 1815 2201; baseline 0.004 -19"><span class='ocrx_word' id='word_1_277' title='bbox 230 2135 349 2183; x_wconf 88' lang='lat' dir='ltr'><strong>tero</strong></span> <span class='ocrx_word' id='word_1_278' title='bbox 374 2130 687 2185; x_wconf 90' lang='lat' dir='ltr'><strong>monasterii</strong></span> <span class='ocrx_word' id='word_1_279' title='bbox 733 2132 905 2186; x_wconf 89' lang='lat' dir='ltr'><strong>sancti</strong></span> <span class='ocrx_word' id='word_1_280' title='bbox 935 2130 1163 2198; x_wconf 87' lang='lat' dir='ltr'><strong>Erasmi,</strong></span> <span class='ocrx_word' id='word_1_281' title='bbox 1196 2133 1339 2201; x_wconf 91' lang='lat' dir='ltr'><strong>quod</strong></span> <span class='ocrx_word' id='word_1_282' title='bbox 1368 2133 1421 2187; x_wconf 91' lang='lat' dir='ltr'><strong>in</strong></span> <span class='ocrx_word' id='word_1_283' title='bbox 1451 2133 1620 2188; x_wconf 86' lang='lat' dir='ltr'><strong>latere</strong></span> <span class='ocrx_word' id='word_1_284' title='bbox 1660 2148 1815 2188; x_wconf 90' lang='lat' dir='ltr'><strong>mon-</strong></span> 
     </span>
    </p>
   </div>
   <div class='ocr_carea' id='block_1_38' title="bbox 231 2216 1811 2289">
    <p class='ocr_par' dir='ltr' id='par_1_38' title="bbox 231 2216 1811 2289">
     <span class='ocr_line' id='line_1_38' title="bbox 231 2216 1811 2289; baseline 0.003 -18"><span class='ocrx_word' id='word_1_285' title='bbox 231 2216 301 2273; x_wconf 86' lang='lat' dir='ltr'><strong>tis</strong></span> <span class='ocrx_word' id='word_1_286' title='bbox 331 2227 352 2256; x_wconf 73' lang='grc' dir='ltr'>ε</span> <span class='ocrx_word' id='word_1_287' title='bbox 376 2216 613 2274; x_wconf 84' lang='lat' dir='ltr'><strong>Soractis</strong></span> <span class='ocrx_word' id='word_1_288' title='bbox 650 2221 811 2275; x_wconf 89' lang='lat' dir='ltr'><strong>situm</strong></span> <span class='ocrx_word' id='word_1_289' title='bbox 840 2229 955 2289; x_wconf 90' lang='lat' dir='ltr'><strong>est,</strong></span> <span class='ocrx_word' id='word_1_290' title='bbox 979 2221 1073 2276; x_wconf 93' lang='lat' dir='ltr'><strong>sed</strong></span> <span class='ocrx_word' id='word_1_291' title='bbox 1117 2229 1171 2275; x_wconf 86' lang='lat' dir='ltr'><strong>et</strong></span> <span class='ocrx_word' id='word_1_292' title='bbox 1199 2221 1406 2277; x_wconf 88' lang='lat' dir='ltr'><strong>duobus</strong></span> <span class='ocrx_word' id='word_1_293' title='bbox 1435 2222 1714 2277; x_wconf 84' lang='lat' dir='ltr'><strong>monachis</strong></span> <span class='ocrx_word' id='word_1_294' title='bbox 1758 2222 1811 2276; x_wconf 91' lang='lat' dir='ltr'><strong>in</strong></span> 
     </span>
    </p>
   </div>
   <div class='ocr_carea' id='block_1_39' title="bbox 232 2307 1812 2380">
    <p class='ocr_par' dir='ltr' id='par_1_39' title="bbox 232 2307 1812 2380">
     <span class='ocr_line' id='line_1_39' title="bbox 232 2307 1812 2380; baseline 0.002 -19"><span class='ocrx_word' id='word_1_295' title='bbox 232 2307 470 2363; x_wconf 83' lang='lat' dir='ltr'><strong>oratorio</strong></span> <span class='ocrx_word' id='word_1_296' title='bbox 493 2309 667 2364; x_wconf 85' lang='lat' dir='ltr'><strong>sancti</strong></span> <span class='ocrx_word' id='word_1_297' title='bbox 696 2309 1018 2379; x_wconf 78' lang='lat' dir='ltr'><strong>Archangeli</strong></span> <span class='ocrx_word' id='word_1_298' title='bbox 1046 2310 1423 2375; x_wconf 86' lang='lat' dir='ltr'><strong>servientibus,</strong></span> <span class='ocrx_word' id='word_1_299' title='bbox 1455 2310 1598 2380; x_wconf 88' lang='lat' dir='ltr'><strong>quod</strong></span> <span class='ocrx_word' id='word_1_300' title='bbox 1620 2311 1673 2365; x_wconf 94' lang='lat' dir='ltr'><strong>in</strong></span> <span class='ocrx_word' id='word_1_301' title='bbox 1706 2309 1812 2364; x_wconf 86' lang='lat' dir='ltr'><strong>Lu-</strong></span> 
     </span>
    </p>
   </div>
   <div class='ocr_carea' id='block_1_40' title="bbox 231 2397 1813 2468">
    <p class='ocr_par' dir='ltr' id='par_1_40' title="bbox 231 2397 1813 2468">
     <span class='ocr_line' id='line_1_40' title="bbox 231 2397 1813 2468; baseline 0 -15"><span class='ocrx_word' id='word_1_302' title='bbox 231 2397 444 2453; x_wconf 82' lang='lat' dir='ltr'><strong>eullano</strong></span> <span class='ocrx_word' id='word_1_303' title='bbox 464 2408 645 2454; x_wconf 88' lang='lat' dir='ltr'><strong>castro</strong></span> <span class='ocrx_word' id='word_1_304' title='bbox 663 2399 816 2468; x_wconf 85' lang='lat' dir='ltr'><strong>juxta</strong></span> <span class='ocrx_word' id='word_1_305' title='bbox 834 2401 1005 2455; x_wconf 91' lang='lat' dir='ltr'><strong>sancti</strong></span> <span class='ocrx_word' id='word_1_306' title='bbox 1027 2399 1171 2455; x_wconf 89' lang='lat' dir='ltr'><strong>Petri</strong></span> <span class='ocrx_word' id='word_1_307' title='bbox 1194 2401 1468 2456; x_wconf 89' lang='lat' dir='ltr'><strong>basilicam</strong></span> <span class='ocrx_word' id='word_1_308' title='bbox 1492 2415 1607 2455; x_wconf 91' lang='lat' dir='ltr'><strong>esse</strong></span> <span class='ocrx_word' id='word_1_309' title='bbox 1626 2399 1813 2468; x_wconf 83' lang='lat' dir='ltr'><strong>digno-</strong></span> 
     </span>
    </p>
   </div>
   <div class='ocr_carea' id='block_1_41' title="bbox 228 2487 1811 2559">
    <p class='ocr_par' dir='ltr' id='par_1_41' title="bbox 228 2487 1811 2559">
     <span class='ocr_line' id='line_1_41' title="bbox 228 2487 1811 2559; baseline 0.001 -19"><span class='ocrx_word' id='word_1_310' title='bbox 228 2487 423 2552; x_wconf 84' lang='lat' dir='ltr'><strong>scitur,</strong></span> <span class='ocrx_word' id='word_1_311' title='bbox 444 2488 598 2544; x_wconf 86' lang='lat' dir='ltr'><strong>binos</strong></span> <span class='ocrx_word' id='word_1_312' title='bbox 623 2496 678 2544; x_wconf 89' lang='lat' dir='ltr'><strong>te</strong></span> <span class='ocrx_word' id='word_1_313' title='bbox 694 2488 1067 2548; x_wconf 82' lang='lat' dir='ltr'><strong>tantummodo</strong></span> <span class='ocrx_word' id='word_1_314' title='bbox 1089 2489 1289 2544; x_wconf 92' lang='lat' dir='ltr'><strong>solidos</strong></span> <span class='ocrx_word' id='word_1_315' title='bbox 1307 2489 1436 2543; x_wconf 91' lang='lat' dir='ltr'><strong>dare</strong></span> <span class='ocrx_word' id='word_1_316' title='bbox 1457 2488 1811 2559; x_wconf 81' lang='lat' dir='ltr'><strong>praecipimus,</strong></span> 
     </span>
    </p>
   </div>
   <div class='ocr_carea' id='block_1_42' title="bbox 231 2577 1816 2650">
    <p class='ocr_par' dir='ltr' id='par_1_42' title="bbox 231 2577 1816 2650">
     <span class='ocr_line' id='line_1_42' title="bbox 231 2577 1816 2650; baseline 0.001 -19"><span class='ocrx_word' id='word_1_317' title='bbox 231 2577 327 2646; x_wconf 88' lang='lat' dir='ltr'><strong>qui</strong></span> <span class='ocrx_word' id='word_1_318' title='bbox 346 2586 400 2632; x_wconf 88' lang='lat' dir='ltr'><strong>et</strong></span> <span class='ocrx_word' id='word_1_319' title='bbox 428 2578 530 2648; x_wconf 88' lang='lat' dir='ltr'><strong>ipsi</strong></span> <span class='ocrx_word' id='word_1_320' title='bbox 558 2580 666 2635; x_wconf 91' lang='lat' dir='ltr'><strong>tuis</strong></span> <span class='ocrx_word' id='word_1_321' title='bbox 689 2580 986 2635; x_wconf 87' lang='lat' dir='ltr'><strong>rationibus</strong></span> <span class='ocrx_word' id='word_1_322' title='bbox 1014 2580 1362 2650; x_wconf 89' lang='lat' dir='ltr'><strong>imputentur.</strong></span> <span class='ocrx_word' id='word_1_323' title='bbox 1394 2579 1471 2633; x_wconf 87' lang='lat' dir='ltr'><strong>Ita</strong></span> <span class='ocrx_word' id='word_1_324' title='bbox 1499 2594 1627 2649; x_wconf 88' lang='lat' dir='ltr'><strong>ergo</strong></span> <span class='ocrx_word' id='word_1_325' title='bbox 1650 2578 1731 2634; x_wconf 83' lang='lat' dir='ltr'><strong>fac</strong></span> <span class='ocrx_word' id='word_1_326' title='bbox 1757 2588 1816 2632; x_wconf 89' lang='lat' dir='ltr'><strong>ut</strong></span> 
     </span>
    </p>
   </div>
   <div class='ocr_carea' id='block_1_43' title="bbox 233 2668 1808 2741">
    <p class='ocr_par' dir='ltr' id='par_1_43' title="bbox 233 2668 1808 2741">
     <span class='ocr_line' id='line_1_43' title="bbox 233 2668 1808 2741; baseline 0.001 -21"><span class='ocrx_word' id='word_1_327' title='bbox 233 2668 490 2737; x_wconf 73' lang='lat' dir='ltr'><strong>impensa:</strong></span> <span class='ocrx_word' id='word_1_328' title='bbox 517 2669 781 2725; x_wconf 89' lang='lat' dir='ltr'><strong>mercedis</strong></span> <span class='ocrx_word' id='word_1_329' title='bbox 810 2679 867 2724; x_wconf 91' lang='lat' dir='ltr'><strong>tu</strong></span> <span class='ocrx_word' id='word_1_330' title='bbox 894 2685 1107 2740; x_wconf 92' lang='lat' dir='ltr'><strong>quoque</strong></span> <span class='ocrx_word' id='word_1_331' title='bbox 1136 2670 1473 2741; x_wconf 89' lang='lat' dir='ltr'><strong>participium</strong></span> <span class='ocrx_word' id='word_1_332' title='bbox 1498 2670 1759 2725; x_wconf 90' lang='lat' dir='ltr'><strong>sortiaris.</strong></span> <span class='ocrx_word' id='word_1_333' title='bbox 1791 2688 1808 2721; x_wconf 72' lang='grc' dir='ltr'><strong><em>ι</em></strong></span> 
     </span>
    </p>
   </div>
   <div class='ocr_carea' id='block_1_44' title="bbox 233 2754 1816 2832">
    <p class='ocr_par' dir='ltr' id='par_1_44' title="bbox 233 2754 1816 2832">
     <span class='ocr_line' id='line_1_44' title="bbox 233 2754 1816 2832; baseline 0.004 -23"><span class='ocrx_word' id='word_1_334' title='bbox 233 2754 378 2827; x_wconf 85' lang='lat' dir='ltr'><strong>(Lib.</strong></span> <span class='ocrx_word' id='word_1_335' title='bbox 408 2775 449 2827; x_wconf 83' lang='grc' dir='ltr'><strong>ι,</strong></span> <span class='ocrx_word' id='word_1_336' title='bbox 478 2775 559 2830; x_wconf 76' lang='lat' dir='ltr'><strong>ep.</strong></span> <span class='ocrx_word' id='word_1_337' title='bbox 598 2758 714 2830; x_wconf 77' lang='grc'><strong>24.)</strong></span> <span class='ocrx_word' id='word_1_338' title='bbox 755 2759 887 2816; x_wconf 90' lang='lat' dir='ltr'><strong>Item</strong></span> <span class='ocrx_word' id='word_1_339' title='bbox 916 2762 1134 2817; x_wconf 88' lang='lat' dir='ltr'><strong>eidem:</strong></span> <span class='ocrx_word' id='word_1_340' title='bbox 1190 2780 1209 2814; x_wconf 82' lang='grc'><em>‹</em></span> <span class='ocrx_word' id='word_1_341' title='bbox 1253 2761 1306 2816; x_wconf 92' lang='lat' dir='ltr'><strong>Si</strong></span> <span class='ocrx_word' id='word_1_342' title='bbox 1348 2762 1401 2815; x_wconf 91' lang='lat' dir='ltr'><strong>in</strong></span> <span class='ocrx_word' id='word_1_343' title='bbox 1450 2763 1816 2832; x_wconf 86' lang='lat' dir='ltr'><strong>proximorum</strong></span> 
     </span>
    </p>
   </div>
   <div class='ocr_carea' id='block_1_45' title="bbox 235 2848 1819 2921">
    <p class='ocr_par' dir='ltr' id='par_1_45' title="bbox 235 2848 1819 2921">
     <span class='ocr_line' id='line_1_45' title="bbox 235 2848 1819 2921; baseline 0.003 -20"><span class='ocrx_word' id='word_1_344' title='bbox 235 2848 678 2915; x_wconf 88' lang='lat' dir='ltr'><strong>necessitatibus,</strong></span> <span class='ocrx_word' id='word_1_345' title='bbox 732 2850 913 2905; x_wconf 87' lang='lat' dir='ltr'><strong>habita</strong></span> <span class='ocrx_word' id='word_1_346' title='bbox 942 2851 1336 2921; x_wconf 89' lang='lat' dir='ltr'><strong>compassione,</strong></span> <span class='ocrx_word' id='word_1_347' title='bbox 1382 2851 1610 2920; x_wconf 90' lang='lat' dir='ltr'><strong>benigna</strong></span> <span class='ocrx_word' id='word_1_348' title='bbox 1640 2860 1819 2906; x_wconf 93' lang='lat' dir='ltr'><strong>mente</strong></span> 
     </span>
    </p>
   </div>
   <div class='ocr_carea' id='block_1_46' title="bbox 213 2940 1818 3013">
    <p class='ocr_par' dir='ltr' id='par_1_46' title="bbox 213 2940 1818 3013">
     <span class='ocr_line' id='line_1_46' title="bbox 213 2940 1818 3013; baseline 0.001 -18"><span class='ocrx_word' id='word_1_349' title='bbox 213 2940 635 3005; x_wconf 70' lang='lat' dir='ltr'><strong>concurrimus;</strong></span> <span class='ocrx_word' id='word_1_350' title='bbox 690 2943 887 2997; x_wconf 88' lang='lat' dir='ltr'><strong>nostris</strong></span> <span class='ocrx_word' id='word_1_351' title='bbox 930 2943 1286 3013; x_wconf 88' lang='lat' dir='ltr'><strong>proculdubio</strong></span> <span class='ocrx_word' id='word_1_352' title='bbox 1333 2943 1683 3012; x_wconf 86' lang='lat' dir='ltr'><strong>petitionibus</strong></span> <span class='ocrx_word' id='word_1_353' title='bbox 1709 2943 1818 2997; x_wconf 86' lang='lat' dir='ltr'><strong>cle-</strong></span> 
     </span>
    </p>
   </div>
   <div class='ocr_carea' id='block_1_47' title="bbox 235 3031 1816 3103">
    <p class='ocr_par' dir='ltr' id='par_1_47' title="bbox 235 3031 1816 3103">
     <span class='ocr_line' id='line_1_47' title="bbox 235 3031 1816 3103; baseline 0.003 -20"><span class='ocrx_word' id='word_1_354' title='bbox 235 3038 475 3085; x_wconf 82' lang='lat' dir='ltr'><strong>mentem</strong></span> <span class='ocrx_word' id='word_1_355' title='bbox 504 3031 783 3086; x_wconf 89' lang='lat' dir='ltr'><strong>Dominum</strong></span> <span class='ocrx_word' id='word_1_356' title='bbox 812 3034 1130 3103; x_wconf 88' lang='lat' dir='ltr'><strong>reperimus.</strong></span> <span class='ocrx_word' id='word_1_357' title='bbox 1165 3032 1404 3087; x_wconf 85' lang='lat' dir='ltr'><strong>Palatina</strong></span> <span class='ocrx_word' id='word_1_358' title='bbox 1436 3033 1721 3101; x_wconf 86' lang='lat' dir='ltr'><strong>siquidem,</strong></span> <span class='ocrx_word' id='word_1_359' title='bbox 1752 3034 1816 3087; x_wconf 91' lang='lat' dir='ltr'><strong>il-</strong></span> 
     </span>
    </p>
   </div>
   <div class='ocr_carea' id='block_1_48' title="bbox 1911 1846 3492 1925">
    <p class='ocr_par' dir='ltr' id='par_1_48' title="bbox 1911 1846 3492 1925">
     <span class='ocr_line' id='line_1_48' title="bbox 1911 1846 3492 1925; baseline 0.004 -18"><span class='ocrx_word' id='word_1_360' title='bbox 1911 1848 2033 1908; x_wconf 85' lang='lat' dir='ltr'><strong>mur</strong></span> <span class='ocrx_word' id='word_1_361' title='bbox 2058 1854 2321 1908; x_wconf 87' lang='lat' dir='ltr'><strong>charitate</strong></span> <span class='ocrx_word' id='word_1_362' title='bbox 2347 1854 2591 1922; x_wconf 86' lang='lat' dir='ltr'><strong>diligere,</strong></span> <span class='ocrx_word' id='word_1_363' title='bbox 2618 1862 2820 1923; x_wconf 87' lang='lat' dir='ltr'><strong>quanto</strong></span> <span class='ocrx_word' id='word_1_364' title='bbox 2850 1846 3018 1925; x_wconf 83' lang='lat' dir='ltr'><strong>magis</strong></span> <span class='ocrx_word' id='word_1_365' title='bbox 3043 1855 3299 1912; x_wconf 89' lang='lat' dir='ltr'><strong>debemus</strong></span> <span class='ocrx_word' id='word_1_366' title='bbox 3324 1857 3408 1912; x_wconf 87' lang='lat' dir='ltr'><strong>his</strong></span> <span class='ocrx_word' id='word_1_367' title='bbox 3439 1860 3492 1913; x_wconf 85' lang='lat' dir='ltr'><strong>in</strong></span> 
     </span>
    </p>
   </div>
   <div class='ocr_carea' id='block_1_49' title="bbox 1912 1936 3489 2014">
    <p class='ocr_par' dir='ltr' id='par_1_49' title="bbox 1912 1936 3489 2014">
     <span class='ocr_line' id='line_1_49' title="bbox 1912 1936 3489 2014; baseline -0.001 -12"><span class='ocrx_word' id='word_1_368' title='bbox 1912 1947 2162 2002; x_wconf 88' lang='lat' dir='ltr'><strong>subsidiis</strong></span> <span class='ocrx_word' id='word_1_369' title='bbox 2181 1948 2561 2002; x_wconf 87' lang='lat' dir='ltr'><strong>necessitatum</strong></span> <span class='ocrx_word' id='word_1_370' title='bbox 2582 1936 2877 2001; x_wconf 89' lang='lat' dir='ltr'><strong>carnalium</strong></span> <span class='ocrx_word' id='word_1_371' title='bbox 2900 1948 3199 2014; x_wconf 84' lang='lat' dir='ltr'><strong>subvenire,</strong></span> <span class='ocrx_word' id='word_1_372' title='bbox 3222 1955 3282 2002; x_wconf 92' lang='lat' dir='ltr'><strong>ut</strong></span> <span class='ocrx_word' id='word_1_373' title='bbox 3301 1963 3489 2003; x_wconf 86' lang='lat' dir='ltr'><strong>eorum</strong></span> 
     </span>
    </p>
   </div>
   <div class='ocr_carea' id='block_1_50' title="bbox 1913 2023 3493 2108">
    <p class='ocr_par' dir='ltr' id='par_1_50' title="bbox 1913 2023 3493 2108">
     <span class='ocr_line' id='line_1_50' title="bbox 1913 2023 3493 2108; baseline 0.002 -18"><span class='ocrx_word' id='word_1_374' title='bbox 1913 2037 2184 2104; x_wconf 83' lang='lat' dir='ltr'><strong>angustias</strong></span> <span class='ocrx_word' id='word_1_375' title='bbox 2204 2037 2248 2090; x_wconf 89' lang='lat' dir='ltr'><strong>si</strong></span> <span class='ocrx_word' id='word_1_376' title='bbox 2271 2051 2379 2091; x_wconf 90' lang='lat' dir='ltr'><strong>non</strong></span> <span class='ocrx_word' id='word_1_377' title='bbox 2403 2051 2470 2091; x_wconf 90' lang='lat' dir='ltr'><strong>ex</strong></span> <span class='ocrx_word' id='word_1_378' title='bbox 2494 2037 2760 2103; x_wconf 90' lang='lat' dir='ltr'><strong>omnibus,</strong></span> <span class='ocrx_word' id='word_1_379' title='bbox 2790 2038 2978 2093; x_wconf 79' lang='lat' dir='ltr'><strong>saltem</strong></span> <span class='ocrx_word' id='word_1_380' title='bbox 3002 2023 3268 2108; x_wconf 84' lang='lat' dir='ltr'><strong>aliquibus</strong></span> <span class='ocrx_word' id='word_1_381' title='bbox 3283 2046 3493 2095; x_wconf 85' lang='lat' dir='ltr'><strong>susten-</strong></span> 
     </span>
    </p>
   </div>
   <div class='ocr_carea' id='block_1_51' title="bbox 1912 2128 3491 2199">
    <p class='ocr_par' dir='ltr' id='par_1_51' title="bbox 1912 2128 3491 2199">
     <span class='ocr_line' id='line_1_51' title="bbox 1912 2128 3491 2199; baseline 0.001 -15"><span class='ocrx_word' id='word_1_382' title='bbox 1912 2129 2104 2185; x_wconf 87' lang='lat' dir='ltr'><strong>taculis</strong></span> <span class='ocrx_word' id='word_1_383' title='bbox 2130 2128 2510 2184; x_wconf 87' lang='lat' dir='ltr'><strong>sublevemus?</strong></span> <span class='ocrx_word' id='word_1_384' title='bbox 2546 2128 2813 2194; x_wconf 82' lang='lat' dir='ltr'><strong>Quoniam</strong></span> <span class='ocrx_word' id='word_1_385' title='bbox 2858 2143 2988 2199; x_wconf 90' lang='lat' dir='ltr'><strong>ergo</strong></span> <span class='ocrx_word' id='word_1_386' title='bbox 3016 2128 3182 2185; x_wconf 84' lang='lat' dir='ltr'><strong>lilium</strong></span> <span class='ocrx_word' id='word_1_387' title='bbox 3218 2130 3237 2168; x_wconf 72' lang='grc' dir='ltr'>ί</span> <span class='ocrx_word' id='word_1_388' title='bbox 3269 2131 3370 2186; x_wconf 92' lang='lat' dir='ltr'><strong>viri</strong></span> <span class='ocrx_word' id='word_1_389' title='bbox 3407 2132 3491 2187; x_wconf 93' lang='lat' dir='ltr'><strong>di-</strong></span> 
     </span>
    </p>
   </div>
   <div class='ocr_carea' id='block_1_52' title="bbox 1912 2221 3492 2294">
    <p class='ocr_par' dir='ltr' id='par_1_52' title="bbox 1912 2221 3492 2294">
     <span class='ocr_line' id='line_1_52' title="bbox 1912 2221 3492 2294; baseline 0.004 -20"><span class='ocrx_word' id='word_1_390' title='bbox 1912 2221 2155 2289; x_wconf 89' lang='lat' dir='ltr'><strong>gnissimi</strong></span> <span class='ocrx_word' id='word_1_391' title='bbox 2181 2236 2289 2276; x_wconf 88' lang='lat' dir='ltr'><strong>non</strong></span> <span class='ocrx_word' id='word_1_392' title='bbox 2311 2221 2484 2276; x_wconf 92' lang='lat' dir='ltr'><strong>solum</strong></span> <span class='ocrx_word' id='word_1_393' title='bbox 2508 2221 2800 2277; x_wconf 89' lang='lat' dir='ltr'><strong>amissione</strong></span> <span class='ocrx_word' id='word_1_394' title='bbox 2822 2223 2985 2290; x_wconf 87' lang='lat' dir='ltr'><strong>visus,</strong></span> <span class='ocrx_word' id='word_1_395' title='bbox 3013 2225 3103 2280; x_wconf 90' lang='lat' dir='ltr'><strong>sed</strong></span> <span class='ocrx_word' id='word_1_396' title='bbox 3125 2225 3288 2279; x_wconf 88' lang='lat' dir='ltr'><strong>etiam</strong></span> <span class='ocrx_word' id='word_1_397' title='bbox 3313 2225 3492 2294; x_wconf 84' lang='lat' dir='ltr'><strong>inopia</strong></span> 
     </span>
    </p>
   </div>
   <div class='ocr_carea' id='block_1_53' title="bbox 1912 2311 3493 2382">
    <p class='ocr_par' dir='ltr' id='par_1_53' title="bbox 1912 2311 3493 2382">
     <span class='ocr_line' id='line_1_53' title="bbox 1912 2311 3493 2382; baseline 0.003 -17"><span class='ocrx_word' id='word_1_398' title='bbox 1912 2312 2084 2365; x_wconf 91' lang='lat' dir='ltr'><strong>victus</strong></span> <span class='ocrx_word' id='word_1_399' title='bbox 2110 2316 2405 2379; x_wconf 88' lang='lat' dir='ltr'><strong>egestatem</strong></span> <span class='ocrx_word' id='word_1_400' title='bbox 2435 2311 2547 2380; x_wconf 89' lang='lat' dir='ltr'><strong>pati</strong></span> <span class='ocrx_word' id='word_1_401' title='bbox 2572 2314 2973 2382; x_wconf 83' lang='lat' dir='ltr'><strong>conspeximus,</strong></span> <span class='ocrx_word' id='word_1_402' title='bbox 3004 2315 3367 2370; x_wconf 87' lang='lat' dir='ltr'><strong>necessarium</strong></span> <span class='ocrx_word' id='word_1_403' title='bbox 3396 2315 3493 2369; x_wconf 83' lang='lat' dir='ltr'><strong>du-</strong></span> 
     </span>
    </p>
   </div>
   <div class='ocr_carea' id='block_1_54' title="bbox 1914 2401 3494 2473">
    <p class='ocr_par' dir='ltr' id='par_1_54' title="bbox 1914 2401 3494 2473">
     <span class='ocr_line' id='line_1_54' title="bbox 1914 2401 3494 2473; baseline 0.003 -18"><span class='ocrx_word' id='word_1_404' title='bbox 1914 2401 2108 2467; x_wconf 82' lang='lat' dir='ltr'><strong>ximus,</strong></span> <span class='ocrx_word' id='word_1_405' title='bbox 2139 2401 2194 2455; x_wconf 91' lang='lat' dir='ltr'><strong>in</strong></span> <span class='ocrx_word' id='word_1_406' title='bbox 2238 2409 2500 2470; x_wconf 87' lang='lat' dir='ltr'><strong>quantum</strong></span> <span class='ocrx_word' id='word_1_407' title='bbox 2530 2401 2858 2471; x_wconf 88' lang='lat' dir='ltr'><strong>possibilitas</strong></span> <span class='ocrx_word' id='word_1_408' title='bbox 2888 2404 3142 2473; x_wconf 88' lang='lat' dir='ltr'><strong>suppetit,</strong></span> <span class='ocrx_word' id='word_1_409' title='bbox 3175 2403 3224 2458; x_wconf 91' lang='lat' dir='ltr'><strong>ei</strong></span> <span class='ocrx_word' id='word_1_410' title='bbox 3253 2404 3494 2473; x_wconf 67' lang='lat' dir='ltr'><strong>praebere</strong></span> 
     </span>
    </p>
   </div>
   <div class='ocr_carea' id='block_1_55' title="bbox 1892 2492 3493 2565">
    <p class='ocr_par' dir='ltr' id='par_1_55' title="bbox 1892 2492 3493 2565">
     <span class='ocr_line' id='line_1_55' title="bbox 1892 2492 3493 2565; baseline 0 -17"><span class='ocrx_word' id='word_1_411' title='bbox 1892 2494 2238 2548; x_wconf 83' lang='lat' dir='ltr'><strong>consultum.</strong></span> <span class='ocrx_word' id='word_1_412' title='bbox 2274 2492 2567 2563; x_wconf 84' lang='lat' dir='ltr'><strong>Pr0pterea</strong></span> <span class='ocrx_word' id='word_1_413' title='bbox 2595 2495 2941 2564; x_wconf 80' lang='lat' dir='ltr'><strong>experientiae</strong></span> <span class='ocrx_word' id='word_1_414' title='bbox 2968 2502 3071 2549; x_wconf 68' lang='lat' dir='ltr'><strong>tum</strong></span> <span class='ocrx_word' id='word_1_415' title='bbox 3097 2495 3350 2565; x_wconf 72' lang='lat' dir='ltr'><strong>prmsenti</strong></span> <span class='ocrx_word' id='word_1_416' title='bbox 3374 2494 3493 2564; x_wconf 87' lang='lat' dir='ltr'><strong>jus-</strong></span> 
     </span>
    </p>
   </div>
   <div class='ocr_carea' id='block_1_56' title="bbox 1916 2584 3495 2657">
    <p class='ocr_par' dir='ltr' id='par_1_56' title="bbox 1916 2584 3495 2657">
     <span class='ocr_line' id='line_1_56' title="bbox 1916 2584 3495 2657; baseline 0.003 -19"><span class='ocrx_word' id='word_1_417' title='bbox 1916 2584 2069 2640; x_wconf 90' lang='lat' dir='ltr'><strong>sione</strong></span> <span class='ocrx_word' id='word_1_418' title='bbox 2094 2585 2455 2655; x_wconf 75' lang='lat' dir='ltr'><strong>prmcipimus,</strong></span> <span class='ocrx_word' id='word_1_419' title='bbox 2506 2592 2564 2639; x_wconf 90' lang='lat' dir='ltr'><strong>ut</strong></span> <span class='ocrx_word' id='word_1_420' title='bbox 2610 2586 2765 2640; x_wconf 91' lang='lat' dir='ltr'><strong>annis</strong></span> <span class='ocrx_word' id='word_1_421' title='bbox 2793 2586 3012 2656; x_wconf 89' lang='lat' dir='ltr'><strong>singulis</strong></span> <span class='ocrx_word' id='word_1_422' title='bbox 3039 2587 3221 2656; x_wconf 87' lang='lat' dir='ltr'><strong>viginti</strong></span> <span class='ocrx_word' id='word_1_423' title='bbox 3264 2594 3495 2657; x_wconf 84' lang='lat' dir='ltr'><strong>quatuor</strong></span> 
     </span>
    </p>
   </div>
   <div class='ocr_carea' id='block_1_57' title="bbox 1919 2677 3497 2747">
    <p class='ocr_par' dir='ltr' id='par_1_57' title="bbox 1919 2677 3497 2747">
     <span class='ocr_line' id='line_1_57' title="bbox 1919 2677 3497 2747; baseline 0.002 -16"><span class='ocrx_word' id='word_1_424' title='bbox 1919 2688 1943 2724; x_wconf 73' lang='grc' dir='ltr'><strong>ις</strong></span> <span class='ocrx_word' id='word_1_425' title='bbox 1975 2677 2184 2733; x_wconf 88' lang='lat' dir='ltr'><strong>modios</strong></span> <span class='ocrx_word' id='word_1_426' title='bbox 2214 2678 2397 2743; x_wconf 91' lang='lat' dir='ltr'><strong>tritici,</strong></span> <span class='ocrx_word' id='word_1_427' title='bbox 2430 2677 2564 2731; x_wconf 67' lang='lat' dir='ltr'><strong>fabre</strong></span> <span class='ocrx_word' id='word_1_428' title='bbox 2593 2692 2806 2747; x_wconf 90' lang='lat' dir='ltr'><strong>quoque</strong></span> <span class='ocrx_word' id='word_1_429' title='bbox 2835 2678 3043 2733; x_wconf 87' lang='lat' dir='ltr'><strong>modios</strong></span> <span class='ocrx_word' id='word_1_430' title='bbox 3085 2678 3393 2743; x_wconf 85' lang='lat' dir='ltr'><strong>duodecim,</strong></span> <span class='ocrx_word' id='word_1_431' title='bbox 3444 2688 3497 2734; x_wconf 83' lang='lat' dir='ltr'><strong>et</strong></span> 
     </span>
    </p>
   </div>
   <div class='ocr_carea' id='block_1_58' title="bbox 1917 2764 3499 2835">
    <p class='ocr_par' dir='ltr' id='par_1_58' title="bbox 1917 2764 3499 2835">
     <span class='ocr_line' id='line_1_58' title="bbox 1917 2764 3499 2835; baseline 0.001 -16"><span class='ocrx_word' id='word_1_432' title='bbox 1917 2766 2026 2819; x_wconf 90' lang='lat' dir='ltr'><strong>vini</strong></span> <span class='ocrx_word' id='word_1_433' title='bbox 2054 2764 2342 2821; x_wconf 88' lang='lat' dir='ltr'><strong>decimatas</strong></span> <span class='ocrx_word' id='word_1_434' title='bbox 2372 2764 2557 2834; x_wconf 89' lang='lat' dir='ltr'><strong>viginti</strong></span> <span class='ocrx_word' id='word_1_435' title='bbox 2594 2781 2693 2835; x_wconf 91' lang='lat' dir='ltr'><strong>pro</strong></span> <span class='ocrx_word' id='word_1_436' title='bbox 2729 2767 3121 2822; x_wconf 89' lang='lat' dir='ltr'><strong>sustentatione</strong></span> <span class='ocrx_word' id='word_1_437' title='bbox 3148 2767 3272 2820; x_wconf 82' lang='lat' dir='ltr'><strong>vitae</strong></span> <span class='ocrx_word' id='word_1_438' title='bbox 3300 2766 3499 2820; x_wconf 87' lang='lat' dir='ltr'><strong>debeas</strong></span> 
     </span>
    </p>
   </div>
   <div class='ocr_carea' id='block_1_59' title="bbox 1920 2855 3499 2926">
    <p class='ocr_par' dir='ltr' id='par_1_59' title="bbox 1920 2855 3499 2926">
     <span class='ocr_line' id='line_1_59' title="bbox 1920 2855 3499 2926; baseline 0.001 -15"><span class='ocrx_word' id='word_1_439' title='bbox 1920 2855 2243 2922; x_wconf 86' lang='lat' dir='ltr'><strong>ministrare,</strong></span> <span class='ocrx_word' id='word_1_440' title='bbox 2286 2855 2434 2926; x_wconf 89' lang='lat' dir='ltr'><strong>quod</strong></span> <span class='ocrx_word' id='word_1_441' title='bbox 2476 2857 2581 2911; x_wconf 89' lang='lat' dir='ltr'><strong>tuis</strong></span> <span class='ocrx_word' id='word_1_442' title='bbox 2619 2857 2961 2926; x_wconf 87' lang='lat' dir='ltr'><strong>postmodum</strong></span> <span class='ocrx_word' id='word_1_443' title='bbox 3006 2858 3177 2926; x_wconf 88' lang='lat' dir='ltr'><strong>possit</strong></span> <span class='ocrx_word' id='word_1_444' title='bbox 3202 2856 3499 2913; x_wconf 83' lang='lat' dir='ltr'><strong>rationibus</strong></span> 
     </span>
    </p>
   </div>
   <div class='ocr_carea' id='block_1_60' title="bbox 1921 2945 3502 3016">
    <p class='ocr_par' dir='ltr' id='par_1_60' title="bbox 1921 2945 3502 3016">
     <span class='ocr_line' id='line_1_60' title="bbox 1921 2945 3502 3016; baseline 0.001 -16"><span class='ocrx_word' id='word_1_445' title='bbox 1921 2946 2195 3016; x_wconf 87' lang='lat' dir='ltr'><strong>imputari.</strong></span> <span class='ocrx_word' id='word_1_446' title='bbox 2239 2945 2317 2999; x_wconf 90' lang='lat' dir='ltr'><strong>Ita</strong></span> <span class='ocrx_word' id='word_1_447' title='bbox 2347 2959 2477 3015; x_wconf 86' lang='lat' dir='ltr'><strong>ergo</strong></span> <span class='ocrx_word' id='word_1_448' title='bbox 2505 2945 2590 3000; x_wconf 85' lang='lat' dir='ltr'><strong>fac</strong></span> <span class='ocrx_word' id='word_1_449' title='bbox 2619 2954 2678 3000; x_wconf 91' lang='lat' dir='ltr'><strong>ut</strong></span> <span class='ocrx_word' id='word_1_450' title='bbox 2702 2948 3041 3014; x_wconf 77' lang='lat' dir='ltr'><strong>praesentium</strong></span> <span class='ocrx_word' id='word_1_451' title='bbox 3065 2947 3205 3001; x_wconf 90' lang='lat' dir='ltr'><strong>lator</strong></span> <span class='ocrx_word' id='word_1_452' title='bbox 3232 2945 3405 3000; x_wconf 89' lang='lat' dir='ltr'><strong>nullas</strong></span> <span class='ocrx_word' id='word_1_453' title='bbox 3433 2947 3502 3002; x_wconf 79' lang='lat' dir='ltr'><strong>de</strong></span> 
     </span>
    </p>
   </div>
   <div class='ocr_carea' id='block_1_61' title="bbox 1922 3034 3499 3107">
    <p class='ocr_par' dir='ltr' id='par_1_61' title="bbox 1922 3034 3499 3107">
     <span class='ocr_line' id='line_1_61' title="bbox 1922 3034 3499 3107; baseline 0 -16"><span class='ocrx_word' id='word_1_454' title='bbox 1922 3036 2281 3105; x_wconf 89' lang='lat' dir='ltr'><strong>percipiendis</strong></span> <span class='ocrx_word' id='word_1_455' title='bbox 2312 3035 2521 3091; x_wconf 93' lang='lat' dir='ltr'><strong>Domini</strong></span> <span class='ocrx_word' id='word_1_456' title='bbox 2550 3035 2706 3091; x_wconf 92' lang='lat' dir='ltr'><strong>donis</strong></span> <span class='ocrx_word' id='word_1_457' title='bbox 2727 3051 2905 3090; x_wconf 91' lang='lat' dir='ltr'><strong>moras</strong></span> <span class='ocrx_word' id='word_1_458' title='bbox 2926 3035 3189 3090; x_wconf 91' lang='lat' dir='ltr'><strong>sustineat</strong></span> <span class='ocrx_word' id='word_1_459' title='bbox 3216 3035 3342 3107; x_wconf 77' lang='lat' dir='ltr'><strong>[A1.,</strong></span> <span class='ocrx_word' id='word_1_460' title='bbox 3369 3034 3499 3091; x_wconf 84' lang='lat' dir='ltr'><strong>mihi</strong></span> 
     </span>
    </p>
   </div>
   <div class='ocr_carea' id='block_1_62' title="bbox 234 3119 3498 3196">
    <p class='ocr_par' dir='ltr' id='par_1_62' title="bbox 234 3119 3498 3196">
     <span class='ocr_line' id='line_1_62' title="bbox 234 3119 3498 3196; baseline 0.002 -23"><span class='ocrx_word' id='word_1_461' title='bbox 234 3119 420 3176; x_wconf 86' lang='lat' dir='ltr'><strong>lustris</strong></span> <span class='ocrx_word' id='word_1_462' title='bbox 448 3122 663 3189; x_wconf 80' lang='lat' dir='ltr'><strong>femina,</strong></span> <span class='ocrx_word' id='word_1_463' title='bbox 696 3123 950 3177; x_wconf 90' lang='lat' dir='ltr'><strong>continua</strong></span> <span class='ocrx_word' id='word_1_464' title='bbox 980 3122 1275 3178; x_wconf 86' lang='lat' dir='ltr'><strong>hostilitate</strong></span> <span class='ocrx_word' id='word_1_465' title='bbox 1302 3122 1589 3177; x_wconf 83' lang='lat' dir='ltr'><strong>insinuavit</strong></span> <span class='ocrx_word' id='word_1_466' title='bbox 1609 3137 1668 3177; x_wconf 92' lang='lat' dir='ltr'><strong>se</strong></span> <span class='ocrx_word' id='word_1_467' title='bbox 1697 3122 1813 3193; x_wconf 80' lang='lat' dir='ltr'><strong>plu-</strong></span> <span class='ocrx_word' id='word_1_468' title='bbox 1843 3119 1887 3180; x_wconf 90' lang='lat' dir='ltr'>C</span> <span class='ocrx_word' id='word_1_469' title='bbox 1919 3126 2127 3181; x_wconf 86' lang='lat' dir='ltr'><strong>nuntiet</strong></span> <span class='ocrx_word' id='word_1_470' title='bbox 2155 3124 2378 3196; x_wconf 89' lang='lat' dir='ltr'><strong>moras],</strong></span> <span class='ocrx_word' id='word_1_471' title='bbox 2410 3134 2466 3180; x_wconf 90' lang='lat' dir='ltr'><strong>et</strong></span> <span class='ocrx_word' id='word_1_472' title='bbox 2494 3134 2550 3179; x_wconf 90' lang='lat' dir='ltr'><strong>tu</strong></span> <span class='ocrx_word' id='word_1_473' title='bbox 2578 3126 2630 3180; x_wconf 92' lang='lat' dir='ltr'><strong>in</strong></span> <span class='ocrx_word' id='word_1_474' title='bbox 2655 3124 2744 3179; x_wconf 79' lang='lat' dir='ltr'><strong>di&#39;e</strong></span> <span class='ocrx_word' id='word_1_475' title='bbox 2773 3123 2985 3178; x_wconf 89' lang='lat' dir='ltr'><strong>Domini</strong></span> <span class='ocrx_word' id='word_1_476' title='bbox 3013 3125 3150 3179; x_wconf 89' lang='lat' dir='ltr'><strong>bene</strong></span> <span class='ocrx_word' id='word_1_477' title='bbox 3178 3124 3498 3193; x_wconf 70' lang='lat' dir='ltr'><strong>dispensata</strong></span> 
     </span>
    </p>
   </div>
   <div class='ocr_carea' id='block_1_63' title="bbox 230 3210 1815 3284">
    <p class='ocr_par' dir='ltr' id='par_1_63' title="bbox 230 3210 1815 3284">
     <span class='ocr_line' id='line_1_63' title="bbox 230 3210 1815 3284; baseline 0.002 -20"><span class='ocrx_word' id='word_1_478' title='bbox 230 3210 386 3266; x_wconf 83' lang='lat' dir='ltr'><strong>rimis</strong></span> <span class='ocrx_word' id='word_1_479' title='bbox 414 3213 824 3271; x_wconf 89' lang='lat' dir='ltr'><strong>necessitatibus</strong></span> <span class='ocrx_word' id='word_1_480' title='bbox 868 3214 1170 3283; x_wconf 89' lang='lat' dir='ltr'><strong>subjacerc.</strong></span> <span class='ocrx_word' id='word_1_481' title='bbox 1205 3213 1495 3284; x_wconf 79' lang='lat' dir='ltr'><strong>Propterea</strong></span> <span class='ocrx_word' id='word_1_482' title='bbox 1532 3214 1815 3283; x_wconf 79' lang='lat' dir='ltr'><strong>experien-</strong></span> 
     </span>
    </p>
   </div>
   <div class='ocr_carea' id='block_1_64' title="bbox 231 3302 1814 3374">
    <p class='ocr_par' dir='ltr' id='par_1_64' title="bbox 231 3302 1814 3374">
     <span class='ocr_line' id='line_1_64' title="bbox 231 3302 1814 3374; baseline 0.002 -19"><span class='ocrx_word' id='word_1_483' title='bbox 231 3302 322 3356; x_wconf 69' lang='lat' dir='ltr'><strong>tiae</strong></span> <span class='ocrx_word' id='word_1_484' title='bbox 370 3310 477 3357; x_wconf 79' lang='lat' dir='ltr'><strong>tua:</strong></span> <span class='ocrx_word' id='word_1_485' title='bbox 516 3305 765 3374; x_wconf 69' lang='lat' dir='ltr'><strong>praesenti</strong></span> <span class='ocrx_word' id='word_1_486' title='bbox 808 3305 1131 3360; x_wconf 88' lang='lat' dir='ltr'><strong>auctoritate</strong></span> <span class='ocrx_word' id='word_1_487' title='bbox 1168 3304 1507 3374; x_wconf 64' lang='lat' dir='ltr'><strong>praecipimus</strong></span> <span class='ocrx_word' id='word_1_488' title='bbox 1535 3312 1593 3357; x_wconf 88' lang='lat' dir='ltr'><strong>ut</strong></span> <span class='ocrx_word' id='word_1_489' title='bbox 1639 3304 1686 3358; x_wconf 91' lang='lat' dir='ltr'><strong>ei</strong></span> <span class='ocrx_word' id='word_1_490' title='bbox 1716 3319 1814 3373; x_wconf 88' lang='lat' dir='ltr'><strong>pro</strong></span> 
     </span>
    </p>
   </div>
   <div class='ocr_carea' id='block_1_65' title="bbox 227 3394 1814 3465">
    <p class='ocr_par' dir='ltr' id='par_1_65' title="bbox 227 3394 1814 3465">
     <span class='ocr_line' id='line_1_65' title="bbox 227 3394 1814 3465; baseline 0.001 -17"><span class='ocrx_word' id='word_1_491' title='bbox 227 3394 625 3450; x_wconf 87' lang='lat' dir='ltr'><strong>sustentatione</strong></span> <span class='ocrx_word' id='word_1_492' title='bbox 653 3395 769 3465; x_wconf 88' lang='lat' dir='ltr'><strong>ejus</strong></span> <span class='ocrx_word' id='word_1_493' title='bbox 807 3411 1013 3451; x_wconf 89' lang='lat' dir='ltr'><strong>annuos</strong></span> <span class='ocrx_word' id='word_1_494' title='bbox 1039 3396 1241 3451; x_wconf 87' lang='lat' dir='ltr'><strong>solidos</strong></span> <span class='ocrx_word' id='word_1_495' title='bbox 1271 3396 1485 3464; x_wconf 85' lang='lat' dir='ltr'><strong>triginta</strong></span> <span class='ocrx_word' id='word_1_496' title='bbox 1529 3394 1659 3449; x_wconf 89' lang='lat' dir='ltr'><strong>dare</strong></span> <span class='ocrx_word' id='word_1_497' title='bbox 1706 3410 1814 3450; x_wconf 89' lang='lat' dir='ltr'><strong>non</strong></span> 
     </span>
    </p>
   </div>
   <div class='ocr_carea' id='block_1_66' title="bbox 229 3485 1817 3558">
    <p class='ocr_par' dir='ltr' id='par_1_66' title="bbox 229 3485 1817 3558">
     <span class='ocr_line' id='line_1_66' title="bbox 229 3485 1817 3558; baseline 0.001 -19"><span class='ocrx_word' id='word_1_498' title='bbox 229 3485 461 3552; x_wconf 82' lang='lat' dir='ltr'><strong>diﬂ&#39;erat,</strong></span> <span class='ocrx_word' id='word_1_499' title='bbox 494 3486 586 3558; x_wconf 86' lang='lat' dir='ltr'><strong>qui</strong></span> <span class='ocrx_word' id='word_1_500' title='bbox 613 3489 718 3543; x_wconf 91' lang='lat' dir='ltr'><strong>tuis</strong></span> <span class='ocrx_word' id='word_1_501' title='bbox 745 3489 953 3557; x_wconf 86' lang='lat' dir='ltr'><strong>possint</strong></span> <span class='ocrx_word' id='word_1_502' title='bbox 1002 3489 1343 3558; x_wconf 89' lang='lat' dir='ltr'><strong>postmodum</strong></span> <span class='ocrx_word' id='word_1_503' title='bbox 1390 3489 1685 3544; x_wconf 88' lang='lat' dir='ltr'><strong>rationibus</strong></span> <span class='ocrx_word' id='word_1_504' title='bbox 1714 3488 1817 3541; x_wconf 93' lang='lat' dir='ltr'><strong>im-</strong></span> 
     </span>
    </p>
   </div>
   <div class='ocr_carea' id='block_1_67' title="bbox 230 3575 1815 3646">
    <p class='ocr_par' dir='ltr' id='par_1_67' title="bbox 230 3575 1815 3646">
     <span class='ocr_line' id='line_1_67' title="bbox 230 3575 1815 3646; baseline 0.003 -18"><span class='ocrx_word' id='word_1_505' title='bbox 230 3576 428 3644; x_wconf 78' lang='lat' dir='ltr'><strong>putari.</strong></span> <span class='ocrx_word' id='word_1_506' title='bbox 475 3575 556 3631; x_wconf 90' lang='lat' dir='ltr'><strong>Ita</strong></span> <span class='ocrx_word' id='word_1_507' title='bbox 583 3591 713 3646; x_wconf 89' lang='lat' dir='ltr'><strong>ergo</strong></span> <span class='ocrx_word' id='word_1_508' title='bbox 742 3578 827 3633; x_wconf 80' lang='lat' dir='ltr'><strong>fac</strong></span> <span class='ocrx_word' id='word_1_509' title='bbox 858 3576 883 3615; x_wconf 74' lang='grc' dir='ltr'>ἀ</span> <span class='ocrx_word' id='word_1_510' title='bbox 914 3586 971 3633; x_wconf 83' lang='grc' dir='ltr'><strong>ιιι</strong></span> <span class='ocrx_word' id='word_1_511' title='bbox 998 3586 1051 3634; x_wconf 92' lang='lat' dir='ltr'><strong>et</strong></span> <span class='ocrx_word' id='word_1_512' title='bbox 1084 3587 1139 3633; x_wconf 91' lang='lat' dir='ltr'><strong>tu</strong></span> <span class='ocrx_word' id='word_1_513' title='bbox 1167 3580 1305 3634; x_wconf 89' lang='lat' dir='ltr'><strong>bene</strong></span> <span class='ocrx_word' id='word_1_514' title='bbox 1333 3579 1645 3634; x_wconf 79' lang='lat' dir='ltr'><strong>ministratae</strong></span> <span class='ocrx_word' id='word_1_515' title='bbox 1674 3594 1815 3633; x_wconf 91' lang='lat' dir='ltr'><strong>mer-</strong></span> 
     </span>
    </p>
   </div>
   <div class='ocr_carea' id='block_1_68' title="bbox 224 3664 1814 3740">
    <p class='ocr_par' dir='ltr' id='par_1_68' title="bbox 224 3664 1814 3740">
     <span class='ocr_line' id='line_1_68' title="bbox 224 3664 1814 3740; baseline 0.001 -19"><span class='ocrx_word' id='word_1_516' title='bbox 224 3664 379 3721; x_wconf 85' lang='lat' dir='ltr'><strong>cedis</strong></span> <span class='ocrx_word' id='word_1_517' title='bbox 408 3668 751 3723; x_wconf 84' lang='lat' dir='ltr'><strong>commodum</strong></span> <span class='ocrx_word' id='word_1_518' title='bbox 782 3670 1064 3739; x_wconf 71' lang='lat' dir='ltr'><strong>percipias,</strong></span> <span class='ocrx_word' id='word_1_519' title='bbox 1100 3678 1154 3724; x_wconf 91' lang='lat' dir='ltr'><strong>et</strong></span> <span class='ocrx_word' id='word_1_520' title='bbox 1182 3678 1366 3724; x_wconf 86' lang='lat' dir='ltr'><strong>nostra</strong></span> <span class='ocrx_word' id='word_1_521' title='bbox 1413 3670 1479 3723; x_wconf 91' lang='lat' dir='ltr'><strong>ad</strong></span> <span class='ocrx_word' id='word_1_522' title='bbox 1516 3670 1814 3740; x_wconf 81' lang='lat' dir='ltr'><strong>perfectum</strong></span> 
     </span>
    </p>
   </div>
   <div class='ocr_carea' id='block_1_69' title="bbox 228 3758 1812 3830">
    <p class='ocr_par' dir='ltr' id='par_1_69' title="bbox 228 3758 1812 3830">
     <span class='ocr_line' id='line_1_69' title="bbox 228 3758 1812 3830; baseline 0.001 -19"><span class='ocrx_word' id='word_1_523' title='bbox 228 3760 499 3829; x_wconf 59' lang='lat' dir='ltr'><strong>praecepta</strong></span> <span class='ocrx_word' id='word_1_524' title='bbox 549 3760 831 3829; x_wconf 89' lang='lat' dir='ltr'><strong>perducas.</strong></span> <span class='ocrx_word' id='word_1_525' title='bbox 878 3779 897 3813; x_wconf 75' lang='grc' dir='ltr'><strong><em>ι</em></strong></span> <span class='ocrx_word' id='word_1_526' title='bbox 958 3760 1096 3830; x_wconf 83' lang='lat' dir='ltr'><strong>(Lib.</strong></span> <span class='ocrx_word' id='word_1_527' title='bbox 1143 3777 1182 3828; x_wconf 74' lang='grc' dir='ltr'><strong>ι,</strong></span> <span class='ocrx_word' id='word_1_528' title='bbox 1232 3777 1314 3830; x_wconf 81' lang='lat' dir='ltr'><strong>ep.</strong></span> <span class='ocrx_word' id='word_1_529' title='bbox 1364 3760 1453 3826; x_wconf 87' lang='lat'><strong>67,</strong></span> <span class='ocrx_word' id='word_1_530' title='bbox 1498 3760 1679 3813; x_wconf 75' lang='lat' dir='ltr'><strong>indici.</strong></span> <span class='ocrx_word' id='word_1_531' title='bbox 1734 3758 1812 3830; x_wconf 89' lang='lat'><strong>9.)</strong></span> 
     </span>
    </p>
   </div>
   <div class='ocr_carea' id='block_1_70' title="bbox 229 3845 1817 3906">
    <p class='ocr_par' dir='ltr' id='par_1_70' title="bbox 229 3845 1817 3906">
     <span class='ocr_line' id='line_1_70' title="bbox 229 3845 1817 3906; baseline 0 -5"><span class='ocrx_word' id='word_1_532' title='bbox 229 3845 362 3902; x_wconf 89' lang='lat' dir='ltr'><strong>Item</strong></span> <span class='ocrx_word' id='word_1_533' title='bbox 384 3847 547 3905; x_wconf 90' lang='lat' dir='ltr'><strong>Petro</strong></span> <span class='ocrx_word' id='word_1_534' title='bbox 575 3849 903 3906; x_wconf 79' lang='lat' dir='ltr'><strong>subdiacono</strong></span> <span class='ocrx_word' id='word_1_535' title='bbox 929 3869 941 3904; x_wconf 88' lang='lat'>:</span> <span class='ocrx_word' id='word_1_536' title='bbox 979 3869 997 3902; x_wconf 70' lang='grc' dir='ltr'>ε</span> <span class='ocrx_word' id='word_1_537' title='bbox 1025 3851 1359 3906; x_wconf 89' lang='lat' dir='ltr'><strong>lnsinuatum</strong></span> <span class='ocrx_word' id='word_1_538' title='bbox 1388 3850 1545 3905; x_wconf 90' lang='lat' dir='ltr'><strong>nobis</strong></span> <span class='ocrx_word' id='word_1_539' title='bbox 1567 3858 1649 3904; x_wconf 92' lang='lat' dir='ltr'><strong>est</strong></span> <span class='ocrx_word' id='word_1_540' title='bbox 1675 3847 1817 3902; x_wconf 83' lang='lat' dir='ltr'><strong>Mar-</strong></span> 
     </span>
    </p>
   </div>
   <div class='ocr_carea' id='block_1_71' title="bbox 228 3938 1817 4011">
    <p class='ocr_par' dir='ltr' id='par_1_71' title="bbox 228 3938 1817 4011">
     <span class='ocr_line' id='line_1_71' title="bbox 228 3938 1817 4011; baseline -0.001 -16"><span class='ocrx_word' id='word_1_541' title='bbox 228 3940 431 3995; x_wconf 81' lang='lat' dir='ltr'><strong>chlum</strong></span> <span class='ocrx_word' id='word_1_542' title='bbox 468 3940 809 3998; x_wconf 78' lang='lat' dir='ltr'><strong>Barunitame</strong></span> <span class='ocrx_word' id='word_1_543' title='bbox 838 3942 1111 4011; x_wconf 76' lang='lat' dir='ltr'><strong>Ecclesim,</strong></span> <span class='ocrx_word' id='word_1_544' title='bbox 1155 3942 1352 3997; x_wconf 86' lang='lat' dir='ltr'><strong>ibidem</strong></span> <span class='ocrx_word' id='word_1_545' title='bbox 1384 3942 1437 3996; x_wconf 94' lang='lat' dir='ltr'><strong>in</strong></span> <span class='ocrx_word' id='word_1_546' title='bbox 1466 3941 1685 3997; x_wconf 84' lang='lat' dir='ltr'><strong>civitate</strong></span> <span class='ocrx_word' id='word_1_547' title='bbox 1714 3938 1817 3994; x_wconf 90' lang='lat' dir='ltr'><strong>Pa-</strong></span> 
     </span>
    </p>
   </div>
   <div class='ocr_carea' id='block_1_72' title="bbox 226 4032 1818 4103">
    <p class='ocr_par' dir='ltr' id='par_1_72' title="bbox 226 4032 1818 4103">
     <span class='ocr_line' id='line_1_72' title="bbox 226 4032 1818 4103; baseline 0 -18"><span class='ocrx_word' id='word_1_548' title='bbox 226 4032 543 4087; x_wconf 80' lang='lat' dir='ltr'><strong>normitana</strong></span> <span class='ocrx_word' id='word_1_549' title='bbox 569 4034 621 4088; x_wconf 94' lang='lat' dir='ltr'><strong>in</strong></span> <span class='ocrx_word' id='word_1_550' title='bbox 644 4035 975 4091; x_wconf 90' lang='lat' dir='ltr'><strong>monasterio</strong></span> <span class='ocrx_word' id='word_1_551' title='bbox 1003 4036 1176 4091; x_wconf 80' lang='lat' dir='ltr'><strong>sancti</strong></span> <span class='ocrx_word' id='word_1_552' title='bbox 1206 4034 1444 4098; x_wconf 84' lang='lat' dir='ltr'><strong>Adriani,</strong></span> <span class='ocrx_word' id='word_1_553' title='bbox 1476 4035 1530 4087; x_wconf 92' lang='lat' dir='ltr'><strong>in</strong></span> <span class='ocrx_word' id='word_1_554' title='bbox 1557 4032 1818 4103; x_wconf 74' lang='lat' dir='ltr'><strong>pmniten-</strong></span> 
     </span>
    </p>
   </div>
   <div class='ocr_carea' id='block_1_73' title="bbox 228 4124 1814 4195">
    <p class='ocr_par' dir='ltr' id='par_1_73' title="bbox 228 4124 1814 4195">
     <span class='ocr_line' id='line_1_73' title="bbox 228 4124 1814 4195; baseline 0.001 -17"><span class='ocrx_word' id='word_1_555' title='bbox 228 4126 365 4178; x_wconf 85' lang='lat' dir='ltr'><strong>tiam</strong></span> <span class='ocrx_word' id='word_1_556' title='bbox 388 4125 722 4195; x_wconf 88' lang='lat' dir='ltr'><strong>deputatum,</strong></span> <span class='ocrx_word' id='word_1_557' title='bbox 748 4144 854 4183; x_wconf 91' lang='lat' dir='ltr'><strong>non</strong></span> <span class='ocrx_word' id='word_1_558' title='bbox 883 4128 1057 4183; x_wconf 89' lang='lat' dir='ltr'><strong>solum</strong></span> <span class='ocrx_word' id='word_1_559' title='bbox 1082 4128 1258 4183; x_wconf 90' lang='lat' dir='ltr'><strong>victus</strong></span> <span class='ocrx_word' id='word_1_560' title='bbox 1280 4127 1653 4182; x_wconf 87' lang='lat' dir='ltr'><strong>necessitatem</strong></span> <span class='ocrx_word' id='word_1_561' title='bbox 1683 4124 1814 4194; x_wconf 90' lang='lat' dir='ltr'><strong>pati,</strong></span> 
     </span>
    </p>
   </div>
   <div class='ocr_carea' id='block_1_74' title="bbox 226 4216 1814 4285">
    <p class='ocr_par' dir='ltr' id='par_1_74' title="bbox 226 4216 1814 4285">
     <span class='ocr_line' id='line_1_74' title="bbox 226 4216 1814 4285; baseline -0.001 -14"><span class='ocrx_word' id='word_1_562' title='bbox 226 4217 328 4272; x_wconf 90' lang='lat' dir='ltr'><strong>sed</strong></span> <span class='ocrx_word' id='word_1_563' title='bbox 348 4226 407 4273; x_wconf 87' lang='lat' dir='ltr'><strong>et</strong></span> <span class='ocrx_word' id='word_1_564' title='bbox 424 4220 681 4275; x_wconf 90' lang='lat' dir='ltr'><strong>nuditatis</strong></span> <span class='ocrx_word' id='word_1_565' title='bbox 703 4221 919 4275; x_wconf 89' lang='lat' dir='ltr'><strong>nimiam</strong></span> <span class='ocrx_word' id='word_1_566' title='bbox 945 4221 1209 4276; x_wconf 89' lang='lat' dir='ltr'><strong>sustinere</strong></span> <span class='ocrx_word' id='word_1_567' title='bbox 1231 4219 1553 4275; x_wconf 87' lang='lat' dir='ltr'><strong>molestiam.</strong></span> <span class='ocrx_word' id='word_1_568' title='bbox 1578 4216 1683 4272; x_wconf 90' lang='lat' dir='ltr'><strong>Pro</strong></span> <span class='ocrx_word' id='word_1_569' title='bbox 1710 4230 1814 4285; x_wconf 92' lang='lat' dir='ltr'><strong>qua</strong></span> 
     </span>
    </p>
   </div>
   <div class='ocr_carea' id='block_1_75' title="bbox 226 4307 1816 4379">
    <p class='ocr_par' dir='ltr' id='par_1_75' title="bbox 226 4307 1816 4379">
     <span class='ocr_line' id='line_1_75' title="bbox 226 4307 1816 4379; baseline -0.003 -16"><span class='ocrx_word' id='word_1_570' title='bbox 226 4322 291 4363; x_wconf 85' lang='lat' dir='ltr'><strong>re</strong></span> <span class='ocrx_word' id='word_1_571' title='bbox 320 4323 544 4365; x_wconf 85' lang='lat' dir='ltr'><strong>necesse</strong></span> <span class='ocrx_word' id='word_1_572' title='bbox 567 4310 825 4365; x_wconf 87' lang='lat' dir='ltr'><strong>habemus</strong></span> <span class='ocrx_word' id='word_1_573' title='bbox 853 4311 1156 4365; x_wconf 86' lang='lat' dir='ltr'><strong>strenuitati</strong></span> <span class='ocrx_word' id='word_1_574' title='bbox 1179 4317 1281 4364; x_wconf 63' lang='lat' dir='ltr'><strong>tua:</strong></span> <span class='ocrx_word' id='word_1_575' title='bbox 1305 4309 1552 4379; x_wconf 78' lang='lat' dir='ltr'><strong>praesenti</strong></span> <span class='ocrx_word' id='word_1_576' title='bbox 1574 4307 1816 4377; x_wconf 88' lang='lat' dir='ltr'><strong>jussione</strong></span> 
     </span>
    </p>
   </div>
   <div class='ocr_carea' id='block_1_76' title="bbox 226 4398 1815 4469">
    <p class='ocr_par' dir='ltr' id='par_1_76' title="bbox 226 4398 1815 4469">
     <span class='ocr_line' id='line_1_76' title="bbox 226 4398 1815 4469; baseline -0.003 -16"><span class='ocrx_word' id='word_1_577' title='bbox 226 4398 548 4468; x_wconf 72' lang='lat' dir='ltr'><strong>pmcipere,</strong></span> <span class='ocrx_word' id='word_1_578' title='bbox 577 4407 637 4453; x_wconf 91' lang='lat' dir='ltr'><strong>ut</strong></span> <span class='ocrx_word' id='word_1_579' title='bbox 657 4400 755 4469; x_wconf 92' lang='lat' dir='ltr'><strong>ipsi</strong></span> <span class='ocrx_word' id='word_1_580' title='bbox 784 4415 884 4469; x_wconf 92' lang='lat' dir='ltr'><strong>pro</strong></span> <span class='ocrx_word' id='word_1_581' title='bbox 903 4401 1048 4455; x_wconf 89' lang='lat' dir='ltr'><strong>victu</strong></span> <span class='ocrx_word' id='word_1_582' title='bbox 1076 4414 1139 4454; x_wconf 88' lang='lat' dir='ltr'><strong>ac</strong></span> <span class='ocrx_word' id='word_1_583' title='bbox 1167 4399 1513 4463; x_wconf 88' lang='lat' dir='ltr'><strong>vestimento,</strong></span> <span class='ocrx_word' id='word_1_584' title='bbox 1538 4405 1815 4465; x_wconf 90' lang='lat' dir='ltr'><strong>stratoque</strong></span> 
     </span>
    </p>
   </div>
   <div class='ocr_carea' id='block_1_77' title="bbox 1918 3214 3497 3285">
    <p class='ocr_par' dir='ltr' id='par_1_77' title="bbox 1918 3214 3497 3285">
     <span class='ocr_line' id='line_1_77' title="bbox 1918 3214 3497 3285; baseline -0.001 -14"><span class='ocrx_word' id='word_1_585' title='bbox 1918 3217 2181 3272; x_wconf 88' lang='lat' dir='ltr'><strong>mercedis</strong></span> <span class='ocrx_word' id='word_1_586' title='bbox 2206 3216 2380 3285; x_wconf 90' lang='lat' dir='ltr'><strong>possis</strong></span> <span class='ocrx_word' id='word_1_587' title='bbox 2408 3215 2675 3285; x_wconf 90' lang='lat' dir='ltr'><strong>particeps</strong></span> <span class='ocrx_word' id='word_1_588' title='bbox 2697 3214 2943 3270; x_wconf 90' lang='lat' dir='ltr'><strong>inveniri.</strong></span> <span class='ocrx_word' id='word_1_589' title='bbox 2976 3233 2995 3266; x_wconf 77' lang='grc' dir='ltr'><strong><em>ι</em></strong></span> <span class='ocrx_word' id='word_1_590' title='bbox 3035 3214 3173 3285; x_wconf 85' lang='lat' dir='ltr'><strong>(Lib.</strong></span> <span class='ocrx_word' id='word_1_591' title='bbox 3199 3229 3236 3281; x_wconf 79' lang='grc' dir='ltr'><strong>ι,</strong></span> <span class='ocrx_word' id='word_1_592' title='bbox 3266 3232 3348 3285; x_wconf 82' lang='lat' dir='ltr'><strong>ep.</strong></span> <span class='ocrx_word' id='word_1_593' title='bbox 3380 3214 3497 3283; x_wconf 77' lang='grc'><strong>46.)</strong></span> 
     </span>
    </p>
   </div>
   <div class='ocr_carea' id='block_1_78' title="bbox 1915 3304 3499 3377">
    <p class='ocr_par' dir='ltr' id='par_1_78' title="bbox 1915 3304 3499 3377">
     <span class='ocr_line' id='line_1_78' title="bbox 1915 3304 3499 3377; baseline -0.001 -15"><span class='ocrx_word' id='word_1_594' title='bbox 1915 3309 2049 3364; x_wconf 88' lang='lat' dir='ltr'><strong>Item</strong></span> <span class='ocrx_word' id='word_1_595' title='bbox 2076 3307 2383 3377; x_wconf 86' lang='lat' dir='ltr'><strong>Gregorius,</strong></span> <span class='ocrx_word' id='word_1_596' title='bbox 2413 3306 2678 3377; x_wconf 84' lang='lat' dir='ltr'><strong>Cypriane</strong></span> <span class='ocrx_word' id='word_1_597' title='bbox 2705 3306 2935 3360; x_wconf 92' lang='lat' dir='ltr'><strong>diacono</strong></span> <span class='ocrx_word' id='word_1_598' title='bbox 2961 3323 2973 3358; x_wconf 88' lang='lat'><strong>:</strong></span> <span class='ocrx_word' id='word_1_599' title='bbox 3005 3323 3022 3356; x_wconf 81' lang='grc' dir='ltr'>ι</span> <span class='ocrx_word' id='word_1_600' title='bbox 3060 3304 3285 3362; x_wconf 91' lang='lat' dir='ltr'><strong>Cosmas</strong></span> <span class='ocrx_word' id='word_1_601' title='bbox 3309 3320 3376 3360; x_wconf 89' lang='lat' dir='ltr'><strong>ex</strong></span> <span class='ocrx_word' id='word_1_602' title='bbox 3405 3319 3499 3360; x_wconf 84' lang='lat' dir='ltr'><strong>va-</strong></span> 
     </span>
    </p>
   </div>
   <div class='ocr_carea' id='block_1_79' title="bbox 1917 3394 3498 3469">
    <p class='ocr_par' dir='ltr' id='par_1_79' title="bbox 1917 3394 3498 3469">
     <span class='ocr_line' id='line_1_79' title="bbox 1917 3394 3498 3469; baseline -0.001 -14"><span class='ocrx_word' id='word_1_603' title='bbox 1917 3399 2011 3455; x_wconf 91' lang='lat' dir='ltr'><strong>riis</strong></span> <span class='ocrx_word' id='word_1_604' title='bbox 2036 3398 2396 3469; x_wconf 85' lang='lat' dir='ltr'><strong>periculorum</strong></span> <span class='ocrx_word' id='word_1_605' title='bbox 2424 3396 2861 3462; x_wconf 87' lang='lat' dir='ltr'><strong>necessitatibus,</strong></span> <span class='ocrx_word' id='word_1_606' title='bbox 2890 3395 3075 3450; x_wconf 89' lang='lat' dir='ltr'><strong>multis</strong></span> <span class='ocrx_word' id='word_1_607' title='bbox 3102 3410 3162 3450; x_wconf 89' lang='lat' dir='ltr'><strong>se</strong></span> <span class='ocrx_word' id='word_1_608' title='bbox 3190 3394 3320 3451; x_wconf 89' lang='lat' dir='ltr'><strong>dicit</strong></span> <span class='ocrx_word' id='word_1_609' title='bbox 3349 3396 3498 3452; x_wconf 85' lang='lat' dir='ltr'><strong>debi-</strong></span> 
     </span>
    </p>
   </div>
   <div class='ocr_carea' id='block_1_80' title="bbox 1918 3488 3498 3559">
    <p class='ocr_par' dir='ltr' id='par_1_80' title="bbox 1918 3488 3498 3559">
     <span class='ocr_line' id='line_1_80' title="bbox 1918 3488 3498 3559; baseline 0.001 -15"><span class='ocrx_word' id='word_1_610' title='bbox 1918 3493 1986 3548; x_wconf 91' lang='lat' dir='ltr'><strong>tis</strong></span> <span class='ocrx_word' id='word_1_611' title='bbox 2018 3492 2331 3559; x_wconf 88' lang='lat' dir='ltr'><strong>obligatum,</strong></span> <span class='ocrx_word' id='word_1_612' title='bbox 2363 3491 2437 3545; x_wconf 88' lang='lat' dir='ltr'><strong>ita</strong></span> <span class='ocrx_word' id='word_1_613' title='bbox 2469 3497 2528 3545; x_wconf 93' lang='lat' dir='ltr'><strong>ut</strong></span> <span class='ocrx_word' id='word_1_614' title='bbox 2557 3505 2655 3559; x_wconf 88' lang='lat' dir='ltr'><strong>pro</strong></span> <span class='ocrx_word' id='word_1_615' title='bbox 2685 3490 2763 3545; x_wconf 89' lang='lat' dir='ltr'><strong>eis</strong></span> <span class='ocrx_word' id='word_1_616' title='bbox 2793 3504 2823 3542; x_wconf 89' lang='lat' dir='ltr'><strong>a</strong></span> <span class='ocrx_word' id='word_1_617' title='bbox 2852 3488 3205 3544; x_wconf 90' lang='lat' dir='ltr'><strong>creditoribus</strong></span> <span class='ocrx_word' id='word_1_618' title='bbox 3233 3488 3343 3544; x_wconf 89' lang='lat' dir='ltr'><strong>suis</strong></span> <span class='ocrx_word' id='word_1_619' title='bbox 3370 3503 3498 3545; x_wconf 88' lang='lat' dir='ltr'><strong>suos</strong></span> 
     </span>
    </p>
   </div>
   <div class='ocr_carea' id='block_1_81' title="bbox 1917 3579 3499 3647">
    <p class='ocr_par' dir='ltr' id='par_1_81' title="bbox 1917 3579 3499 3647">
     <span class='ocr_line' id='line_1_81' title="bbox 1917 3579 3499 3647; baseline -0.003 -9"><span class='ocrx_word' id='word_1_620' title='bbox 1917 3584 2061 3639; x_wconf 91' lang='lat' dir='ltr'><strong>dicat</strong></span> <span class='ocrx_word' id='word_1_621' title='bbox 2089 3583 2227 3639; x_wconf 91' lang='lat' dir='ltr'><strong>Iilios</strong></span> <span class='ocrx_word' id='word_1_622' title='bbox 2257 3582 2503 3637; x_wconf 88' lang='lat' dir='ltr'><strong>detineri.</strong></span> <span class='ocrx_word' id='word_1_623' title='bbox 2548 3580 2677 3647; x_wconf 86' lang='lat' dir='ltr'><strong>Quae</strong></span> <span class='ocrx_word' id='word_1_624' title='bbox 2702 3595 2810 3645; x_wconf 90' lang='lat' dir='ltr'><strong>res,</strong></span> <span class='ocrx_word' id='word_1_625' title='bbox 2841 3580 2885 3633; x_wconf 91' lang='lat' dir='ltr'><strong>si</strong></span> <span class='ocrx_word' id='word_1_626' title='bbox 2913 3580 2987 3633; x_wconf 89' lang='lat' dir='ltr'><strong>ita</strong></span> <span class='ocrx_word' id='word_1_627' title='bbox 3015 3587 3120 3645; x_wconf 89' lang='lat' dir='ltr'><strong>est,</strong></span> <span class='ocrx_word' id='word_1_628' title='bbox 3150 3593 3249 3634; x_wconf 90' lang='lat' dir='ltr'><strong>nos</strong></span> <span class='ocrx_word' id='word_1_629' title='bbox 3277 3579 3499 3633; x_wconf 91' lang='lat' dir='ltr'><strong>omnino</strong></span> 
     </span>
    </p>
   </div>
   <div class='ocr_carea' id='block_1_82' title="bbox 1915 3670 3500 3741">
    <p class='ocr_par' dir='ltr' id='par_1_82' title="bbox 1915 3670 3500 3741">
     <span class='ocr_line' id='line_1_82' title="bbox 1915 3670 3500 3741; baseline -0.004 -10"><span class='ocrx_word' id='word_1_630' title='bbox 1915 3675 2226 3731; x_wconf 90' lang='lat' dir='ltr'><strong>commovit.</strong></span> <span class='ocrx_word' id='word_1_631' title='bbox 2254 3674 2614 3741; x_wconf 87' lang='lat' dir='ltr'><strong>Quamobrem</strong></span> <span class='ocrx_word' id='word_1_632' title='bbox 2626 3672 2905 3727; x_wconf 87' lang='lat' dir='ltr'><strong>hortamur</strong></span> <span class='ocrx_word' id='word_1_633' title='bbox 2918 3670 3258 3725; x_wconf 88' lang='lat' dir='ltr'><strong>dilectionem</strong></span> <span class='ocrx_word' id='word_1_634' title='bbox 3274 3677 3419 3723; x_wconf 89' lang='lat' dir='ltr'><strong>tuam</strong></span> <span class='ocrx_word' id='word_1_635' title='bbox 3442 3678 3500 3725; x_wconf 80' lang='lat' dir='ltr'><strong>ut</strong></span> 
     </span>
    </p>
   </div>
   <div class='ocr_carea' id='block_1_83' title="bbox 1917 3758 3502 3836">
    <p class='ocr_par' dir='ltr' id='par_1_83' title="bbox 1917 3758 3502 3836">
     <span class='ocr_line' id='line_1_83' title="bbox 1917 3758 3502 3836; baseline -0.003 -17"><span class='ocrx_word' id='word_1_636' title='bbox 1917 3766 2039 3836; x_wconf 86' lang='lat' dir='ltr'><strong>quia</strong></span> <span class='ocrx_word' id='word_1_637' title='bbox 2068 3766 2136 3821; x_wconf 89' lang='lat' dir='ltr'><strong>de</strong></span> <span class='ocrx_word' id='word_1_638' title='bbox 2162 3766 2323 3820; x_wconf 88' lang='lat' dir='ltr'><strong>rebus</strong></span> <span class='ocrx_word' id='word_1_639' title='bbox 2352 3778 2648 3834; x_wconf 89' lang='lat' dir='ltr'><strong>pauperum</strong></span> <span class='ocrx_word' id='word_1_640' title='bbox 2679 3762 2869 3817; x_wconf 87' lang='lat' dir='ltr'><strong>dandis</strong></span> <span class='ocrx_word' id='word_1_641' title='bbox 2908 3761 3103 3828; x_wconf 82' lang='lat' dir='ltr'><strong>agitur,</strong></span> <span class='ocrx_word' id='word_1_642' title='bbox 3136 3773 3357 3815; x_wconf 90' lang='lat' dir='ltr'><strong>causam</strong></span> <span class='ocrx_word' id='word_1_643' title='bbox 3385 3758 3502 3827; x_wconf 85' lang='lat' dir='ltr'><strong>ejus</strong></span> 
     </span>
    </p>
   </div>
   <div class='ocr_carea' id='block_1_84' title="bbox 1918 3852 3501 3924">
    <p class='ocr_par' dir='ltr' id='par_1_84' title="bbox 1918 3852 3501 3924">
     <span class='ocr_line' id='line_1_84' title="bbox 1918 3852 3501 3924; baseline -0.006 -8"><span class='ocrx_word' id='word_1_644' title='bbox 1918 3876 2039 3916; x_wconf 92' lang='lat' dir='ltr'><strong>cum</strong></span> <span class='ocrx_word' id='word_1_645' title='bbox 2059 3859 2355 3914; x_wconf 89' lang='lat' dir='ltr'><strong>subtilitate</strong></span> <span class='ocrx_word' id='word_1_646' title='bbox 2380 3871 2586 3913; x_wconf 89' lang='lat' dir='ltr'><strong>summa</strong></span> <span class='ocrx_word' id='word_1_647' title='bbox 2610 3855 2917 3924; x_wconf 85' lang='lat' dir='ltr'><strong>perquiras;</strong></span> <span class='ocrx_word' id='word_1_648' title='bbox 2948 3860 3000 3906; x_wconf 92' lang='lat' dir='ltr'><strong>et</strong></span> <span class='ocrx_word' id='word_1_649' title='bbox 3021 3852 3066 3906; x_wconf 88' lang='lat' dir='ltr'><strong>si</strong></span> <span class='ocrx_word' id='word_1_650' title='bbox 3090 3852 3356 3906; x_wconf 87' lang='lat' dir='ltr'><strong>inveneris</strong></span> <span class='ocrx_word' id='word_1_651' title='bbox 3377 3866 3501 3907; x_wconf 87' lang='lat' dir='ltr'><strong>eum</strong></span> 
     </span>
    </p>
   </div>
   <div class='ocr_carea' id='block_1_85' title="bbox 1919 3938 3501 4019">
    <p class='ocr_par' dir='ltr' id='par_1_85' title="bbox 1919 3938 3501 4019">
     <span class='ocr_line' id='line_1_85' title="bbox 1919 3938 3501 4019; baseline -0.007 -16"><span class='ocrx_word' id='word_1_652' title='bbox 1919 3947 2184 4019; x_wconf 62' lang='lat' dir='ltr'><strong>praedictis</strong></span> <span class='ocrx_word' id='word_1_653' title='bbox 2211 3944 2407 4001; x_wconf 87' lang='lat' dir='ltr'><strong>debitis</strong></span> <span class='ocrx_word' id='word_1_654' title='bbox 2434 3944 2699 3998; x_wconf 80' lang='lat' dir='ltr'><strong>veraciter</strong></span> <span class='ocrx_word' id='word_1_655' title='bbox 2726 3942 2816 4007; x_wconf 65' lang='lat' dir='ltr'><strong>,ita</strong></span> <span class='ocrx_word' id='word_1_656' title='bbox 2846 3940 3157 4003; x_wconf 91' lang='lat' dir='ltr'><strong>involutum,</strong></span> <span class='ocrx_word' id='word_1_657' title='bbox 3207 3946 3268 3992; x_wconf 88' lang='lat' dir='ltr'><strong>ut</strong></span> <span class='ocrx_word' id='word_1_658' title='bbox 3297 3954 3403 3993; x_wconf 88' lang='lat' dir='ltr'><strong>non</strong></span> <span class='ocrx_word' id='word_1_659' title='bbox 3431 3938 3501 3992; x_wconf 88' lang='lat' dir='ltr'><strong>sit</strong></span> 
     </span>
    </p>
   </div>
   <div class='ocr_carea' id='block_1_86' title="bbox 1919 4025 3498 4102">
    <p class='ocr_par' dir='ltr' id='par_1_86' title="bbox 1919 4025 3498 4102">
     <span class='ocr_line' id='line_1_86' title="bbox 1919 4025 3498 4102; baseline -0.008 -11"><span class='ocrx_word' id='word_1_660' title='bbox 1919 4035 2216 4092; x_wconf 88' lang='lat' dir='ltr'><strong>substantia</strong></span> <span class='ocrx_word' id='word_1_661' title='bbox 2255 4033 2396 4089; x_wconf 90' lang='lat' dir='ltr'><strong>unde</strong></span> <span class='ocrx_word' id='word_1_662' title='bbox 2424 4032 2595 4102; x_wconf 89' lang='lat' dir='ltr'><strong>possit</strong></span> <span class='ocrx_word' id='word_1_663' title='bbox 2632 4031 2745 4085; x_wconf 75' lang='lat' dir='ltr'><strong>htec</strong></span> <span class='ocrx_word' id='word_1_664' title='bbox 2780 4030 2896 4099; x_wconf 90' lang='lat' dir='ltr'><strong>ipsa</strong></span> <span class='ocrx_word' id='word_1_665' title='bbox 2924 4027 3253 4098; x_wconf 87' lang='lat' dir='ltr'><strong>persolvere,</strong></span> <span class='ocrx_word' id='word_1_666' title='bbox 3300 4025 3498 4095; x_wconf 67' lang='lat' dir='ltr'><strong>praedi-</strong></span> 
     </span>
    </p>
   </div>
   <div class='ocr_carea' id='block_1_87' title="bbox 1920 4118 3499 4194">
    <p class='ocr_par' dir='ltr' id='par_1_87' title="bbox 1920 4118 3499 4194">
     <span class='ocr_line' id='line_1_87' title="bbox 1920 4118 3499 4194; baseline -0.008 -10"><span class='ocrx_word' id='word_1_667' title='bbox 1920 4137 2037 4184; x_wconf 94' lang='lat' dir='ltr'><strong>ctos</strong></span> <span class='ocrx_word' id='word_1_668' title='bbox 2062 4126 2357 4184; x_wconf 89' lang='lat' dir='ltr'><strong>creditores</strong></span> <span class='ocrx_word' id='word_1_669' title='bbox 2386 4125 2502 4194; x_wconf 88' lang='lat' dir='ltr'><strong>ejus</strong></span> <span class='ocrx_word' id='word_1_670' title='bbox 2526 4123 2729 4189; x_wconf 88' lang='lat' dir='ltr'><strong>videas,</strong></span> <span class='ocrx_word' id='word_1_671' title='bbox 2762 4131 2816 4178; x_wconf 92' lang='lat' dir='ltr'><strong>et</strong></span> <span class='ocrx_word' id='word_1_672' title='bbox 2849 4129 3071 4192; x_wconf 90' lang='lat' dir='ltr'><strong>propter</strong></span> <span class='ocrx_word' id='word_1_673' title='bbox 3104 4118 3499 4186; x_wconf 87' lang='lat' dir='ltr'><strong>recolligendos</strong></span> 
     </span>
    </p>
   </div>
   <div class='ocr_carea' id='block_1_88' title="bbox 1922 4212 3497 4291">
    <p class='ocr_par' dir='ltr' id='par_1_88' title="bbox 1922 4212 3497 4291">
     <span class='ocr_line' id='line_1_88' title="bbox 1922 4212 3497 4291; baseline -0.004 -19"><span class='ocrx_word' id='word_1_674' title='bbox 1922 4219 2059 4275; x_wconf 81' lang='lat' dir='ltr'><strong>ﬁlios</strong></span> <span class='ocrx_word' id='word_1_675' title='bbox 2088 4218 2223 4288; x_wconf 90' lang='lat' dir='ltr'><strong>ejus,</strong></span> <span class='ocrx_word' id='word_1_676' title='bbox 2255 4223 2456 4286; x_wconf 91' lang='lat' dir='ltr'><strong>quanta</strong></span> <span class='ocrx_word' id='word_1_677' title='bbox 2489 4213 2805 4282; x_wconf 88' lang='lat' dir='ltr'><strong>cognoveris</strong></span> <span class='ocrx_word' id='word_1_678' title='bbox 2835 4212 3152 4282; x_wconf 89' lang='lat' dir='ltr'><strong>quantitate,</strong></span> <span class='ocrx_word' id='word_1_679' title='bbox 3180 4225 3497 4291; x_wconf 83' lang='lat' dir='ltr'><strong>componas.</strong></span> 
     </span>
    </p>
   </div>
   <div class='ocr_carea' id='block_1_89' title="bbox 1918 4302 3499 4381">
    <p class='ocr_par' dir='ltr' id='par_1_89' title="bbox 1918 4302 3499 4381">
     <span class='ocr_line' id='line_1_89' title="bbox 1918 4302 3499 4381; baseline -0.008 -15"><span class='ocrx_word' id='word_1_680' title='bbox 1918 4312 1986 4366; x_wconf 83' lang='lat' dir='ltr'><strong>Et</strong></span> <span class='ocrx_word' id='word_1_681' title='bbox 2026 4311 2153 4381; x_wconf 91' lang='lat' dir='ltr'><strong>quia</strong></span> <span class='ocrx_word' id='word_1_682' title='bbox 2190 4309 2322 4379; x_wconf 91' lang='lat' dir='ltr'><strong>ipse,</strong></span> <span class='ocrx_word' id='word_1_683' title='bbox 2365 4307 2502 4362; x_wconf 89' lang='lat' dir='ltr'><strong>sicut</strong></span> <span class='ocrx_word' id='word_1_684' title='bbox 2544 4304 2691 4369; x_wconf 87' lang='lat' dir='ltr'><strong>dicit,</strong></span> <span class='ocrx_word' id='word_1_685' title='bbox 2722 4318 2828 4358; x_wconf 92' lang='lat' dir='ltr'><strong>non</strong></span> <span class='ocrx_word' id='word_1_686' title='bbox 2858 4302 3021 4379; x_wconf 89' lang='lat' dir='ltr'><strong>habet</strong></span> <span class='ocrx_word' id='word_1_687' title='bbox 3050 4302 3194 4357; x_wconf 89' lang='lat' dir='ltr'><strong>unde</strong></span> <span class='ocrx_word' id='word_1_688' title='bbox 3222 4302 3499 4365; x_wconf 88' lang='lat' dir='ltr'><strong>restituat,</strong></span> 
     </span>
    </p>
   </div>
   <div class='ocr_carea' id='block_1_90' title="bbox 1917 4390 3498 4469">
    <p class='ocr_par' dir='ltr' id='par_1_90' title="bbox 1917 4390 3498 4469">
     <span class='ocr_line' id='line_1_90' title="bbox 1917 4390 3498 4469; baseline -0.006 -13"><span class='ocrx_word' id='word_1_689' title='bbox 1917 4401 1983 4456; x_wconf 88' lang='lat' dir='ltr'><strong>de</strong></span> <span class='ocrx_word' id='word_1_690' title='bbox 2011 4400 2171 4455; x_wconf 90' lang='lat' dir='ltr'><strong>rebus</strong></span> <span class='ocrx_word' id='word_1_691' title='bbox 2198 4411 2495 4469; x_wconf 85' lang='lat' dir='ltr'><strong>pauperum</strong></span> <span class='ocrx_word' id='word_1_692' title='bbox 2544 4409 2611 4449; x_wconf 80' lang='lat' dir='ltr'><strong>ex</strong></span> <span class='ocrx_word' id='word_1_693' title='bbox 2650 4392 2901 4463; x_wconf 80' lang='lat' dir='ltr'><strong>praesenti</strong></span> <span class='ocrx_word' id='word_1_694' title='bbox 2952 4399 3136 4446; x_wconf 86' lang='lat' dir='ltr'><strong>nostra</strong></span> <span class='ocrx_word' id='word_1_695' title='bbox 3174 4390 3498 4447; x_wconf 87' lang='lat' dir='ltr'><strong>auctoritate</strong></span> 
     </span>
    </p>
   </div>
   <div class='ocr_carea' id='block_1_91' title="bbox 228 4484 3498 4563">
    <p class='ocr_par' dir='ltr' id='par_1_91' title="bbox 228 4484 3498 4563">
     <span class='ocr_line' id='line_1_91' title="bbox 228 4484 3498 4563; baseline -0.002 -20"><span class='ocrx_word' id='word_1_696' title='bbox 228 4488 299 4543; x_wconf 85' lang='lat' dir='ltr'><strong>ad</strong></span> <span class='ocrx_word' id='word_1_697' title='bbox 320 4489 733 4559; x_wconf 88' lang='lat' dir='ltr'><strong>continentiam,</strong></span> <span class='ocrx_word' id='word_1_698' title='bbox 754 4506 1030 4561; x_wconf 90' lang='lat' dir='ltr'><strong>pueroque</strong></span> <span class='ocrx_word' id='word_1_699' title='bbox 1050 4490 1164 4560; x_wconf 90' lang='lat' dir='ltr'><strong>ejus</strong></span> <span class='ocrx_word' id='word_1_700' title='bbox 1192 4500 1215 4528; x_wconf 85' lang='lat'><strong><em>°</em></strong></span> <span class='ocrx_word' id='word_1_701' title='bbox 1239 4504 1531 4555; x_wconf 89' lang='lat' dir='ltr'><strong>annonam,</strong></span> <span class='ocrx_word' id='word_1_702' title='bbox 1555 4498 1809 4558; x_wconf 85' lang='lat' dir='ltr'><strong>quantam</strong></span> <span class='ocrx_word' id='word_1_703' title='bbox 1839 4486 1893 4545; x_wconf 87' lang='lat' dir='ltr'><strong>D</strong></span> <span class='ocrx_word' id='word_1_704' title='bbox 1918 4491 2183 4563; x_wconf 83' lang='lat' dir='ltr'><strong>persolve,</strong></span> <span class='ocrx_word' id='word_1_705' title='bbox 2215 4490 2391 4545; x_wconf 89' lang='lat' dir='ltr'><strong>sciens</strong></span> <span class='ocrx_word' id='word_1_706' title='bbox 2414 4486 2672 4557; x_wconf 88' lang='lat' dir='ltr'><strong>quidquid</strong></span> <span class='ocrx_word' id='word_1_707' title='bbox 2701 4485 2828 4549; x_wconf 90' lang='lat' dir='ltr'><strong>illic,</strong></span> <span class='ocrx_word' id='word_1_708' title='bbox 2861 4493 2914 4539; x_wconf 90' lang='lat' dir='ltr'><strong>te</strong></span> <span class='ocrx_word' id='word_1_709' title='bbox 2944 4485 3282 4554; x_wconf 88' lang='lat' dir='ltr'><strong>providente,</strong></span> <span class='ocrx_word' id='word_1_710' title='bbox 3312 4484 3498 4538; x_wconf 87' lang='lat' dir='ltr'><strong>datum</strong></span> 
     </span>
    </p>
   </div>
   <div class='ocr_carea' id='block_1_92' title="bbox 227 4578 1780 4652">
    <p class='ocr_par' dir='ltr' id='par_1_92' title="bbox 227 4578 1780 4652">
     <span class='ocr_line' id='line_1_92' title="bbox 227 4578 1780 4652; baseline -0.001 -16"><span class='ocrx_word' id='word_1_711' title='bbox 227 4582 573 4652; x_wconf 82' lang='lat' dir='ltr'><strong>prospexeris</strong></span> <span class='ocrx_word' id='word_1_712' title='bbox 599 4583 731 4636; x_wconf 90' lang='lat' dir='ltr'><strong>satis</strong></span> <span class='ocrx_word' id='word_1_713' title='bbox 758 4597 897 4646; x_wconf 91' lang='lat' dir='ltr'><strong>esse,</strong></span> <span class='ocrx_word' id='word_1_714' title='bbox 930 4583 1247 4647; x_wconf 90' lang='lat' dir='ltr'><strong>constituas,</strong></span> <span class='ocrx_word' id='word_1_715' title='bbox 1276 4589 1334 4635; x_wconf 90' lang='lat' dir='ltr'><strong>ut</strong></span> <span class='ocrx_word' id='word_1_716' title='bbox 1362 4580 1542 4649; x_wconf 91' lang='lat' dir='ltr'><strong>inopia</strong></span> <span class='ocrx_word' id='word_1_717' title='bbox 1568 4578 1780 4635; x_wconf 88' lang='lat' dir='ltr'><strong>nuditas</strong></span> 
     </span>
    </p>
   </div>
   <div class='ocr_carea' id='block_1_93' title="bbox 226 4667 1808 4743">
    <p class='ocr_par' dir='ltr' id='par_1_93' title="bbox 226 4667 1808 4743">
     <span class='ocr_line' id='line_1_93' title="bbox 226 4667 1808 4743; baseline -0.004 -16"><span class='ocrx_word' id='word_1_718' title='bbox 226 4686 335 4742; x_wconf 89' lang='lat' dir='ltr'><strong>que</strong></span> <span class='ocrx_word' id='word_1_719' title='bbox 370 4672 489 4741; x_wconf 87' lang='lat' dir='ltr'><strong>ejus</strong></span> <span class='ocrx_word' id='word_1_720' title='bbox 531 4672 626 4727; x_wconf 87' lang='lat' dir='ltr'><strong>tali</strong></span> <span class='ocrx_word' id='word_1_721' title='bbox 656 4672 991 4742; x_wconf 86' lang='lat' dir='ltr'><strong>providentia</strong></span> <span class='ocrx_word' id='word_1_722' title='bbox 1020 4673 1230 4743; x_wconf 88' lang='lat' dir='ltr'><strong>possint</strong></span> <span class='ocrx_word' id='word_1_723' title='bbox 1254 4671 1454 4725; x_wconf 88' lang='lat' dir='ltr'><strong>habere</strong></span> <span class='ocrx_word' id='word_1_724' title='bbox 1481 4667 1808 4733; x_wconf 88' lang='lat' dir='ltr'><strong>consultum,</strong></span> 
     </span>
    </p>
   </div>
   <div class='ocr_carea' id='block_1_94' title="bbox 226 4759 1810 4834">
    <p class='ocr_par' dir='ltr' id='par_1_94' title="bbox 226 4759 1810 4834">
     <span class='ocr_line' id='line_1_94' title="bbox 226 4759 1810 4834; baseline -0.004 -15"><span class='ocrx_word' id='word_1_725' title='bbox 226 4773 285 4819; x_wconf 88' lang='lat' dir='ltr'><strong>et</strong></span> <span class='ocrx_word' id='word_1_726' title='bbox 311 4780 377 4820; x_wconf 88' lang='lat' dir='ltr'><strong>ea</strong></span> <span class='ocrx_word' id='word_1_727' title='bbox 403 4781 523 4834; x_wconf 74' lang='lat' dir='ltr'><strong>qum</strong></span> <span class='ocrx_word' id='word_1_728' title='bbox 552 4766 727 4820; x_wconf 90' lang='lat' dir='ltr'><strong>eidem</strong></span> <span class='ocrx_word' id='word_1_729' title='bbox 759 4765 874 4821; x_wconf 91' lang='lat' dir='ltr'><strong>viro</strong></span> <span class='ocrx_word' id='word_1_730' title='bbox 918 4764 1279 4834; x_wconf 86' lang='lat' dir='ltr'><strong>deputaveris,</strong></span> <span class='ocrx_word' id='word_1_731' title='bbox 1311 4764 1417 4817; x_wconf 93' lang='lat' dir='ltr'><strong>tuis</strong></span> <span class='ocrx_word' id='word_1_732' title='bbox 1466 4759 1810 4831; x_wconf 89' lang='lat' dir='ltr'><strong>postmodum</strong></span> 
     </span>
    </p>
   </div>
   <div class='ocr_carea' id='block_1_95' title="bbox 223 4852 1808 4926">
    <p class='ocr_par' dir='ltr' id='par_1_95' title="bbox 223 4852 1808 4926">
     <span class='ocr_line' id='line_1_95' title="bbox 223 4852 1808 4926; baseline -0.006 -16"><span class='ocrx_word' id='word_1_733' title='bbox 223 4857 439 4926; x_wconf 87' lang='lat' dir='ltr'><strong>possint</strong></span> <span class='ocrx_word' id='word_1_734' title='bbox 488 4856 785 4911; x_wconf 84' lang='lat' dir='ltr'><strong>rationibus</strong></span> <span class='ocrx_word' id='word_1_735' title='bbox 828 4854 1099 4925; x_wconf 87' lang='lat' dir='ltr'><strong>imputari.</strong></span> <span class='ocrx_word' id='word_1_736' title='bbox 1149 4854 1225 4907; x_wconf 89' lang='lat' dir='ltr'><strong>[ta</strong></span> <span class='ocrx_word' id='word_1_737' title='bbox 1264 4865 1393 4921; x_wconf 90' lang='lat' dir='ltr'><strong>ergo</strong></span> <span class='ocrx_word' id='word_1_738' title='bbox 1424 4852 1508 4905; x_wconf 86' lang='lat' dir='ltr'><strong>fac</strong></span> <span class='ocrx_word' id='word_1_739' title='bbox 1537 4857 1597 4904; x_wconf 90' lang='lat' dir='ltr'><strong>ut</strong></span> <span class='ocrx_word' id='word_1_740' title='bbox 1624 4856 1679 4904; x_wconf 86' lang='lat' dir='ltr'><strong>et</strong></span> <span class='ocrx_word' id='word_1_741' title='bbox 1708 4863 1808 4902; x_wconf 89' lang='lat' dir='ltr'><strong>no-</strong></span> 
     </span>
    </p>
   </div>
   <div class='ocr_carea' id='block_1_96' title="bbox 224 4942 1811 5017">
    <p class='ocr_par' dir='ltr' id='par_1_96' title="bbox 224 4942 1811 5017">
     <span class='ocr_line' id='line_1_96' title="bbox 224 4942 1811 5017; baseline -0.005 -15"><span class='ocrx_word' id='word_1_742' title='bbox 224 4956 395 5002; x_wconf 81' lang='lat' dir='ltr'><strong>stram</strong></span> <span class='ocrx_word' id='word_1_743' title='bbox 439 4947 733 5017; x_wconf 73' lang='lat' dir='ltr'><strong>iussionem</strong></span> <span class='ocrx_word' id='word_1_744' title='bbox 784 4948 1027 5017; x_wconf 87' lang='lat' dir='ltr'><strong>impleas,</strong></span> <span class='ocrx_word' id='word_1_745' title='bbox 1073 4954 1129 5001; x_wconf 88' lang='lat' dir='ltr'><strong>et</strong></span> <span class='ocrx_word' id='word_1_746' title='bbox 1173 4956 1229 5000; x_wconf 92' lang='lat' dir='ltr'><strong>tu</strong></span> <span class='ocrx_word' id='word_1_747' title='bbox 1267 4959 1479 5015; x_wconf 83' lang='lat' dir='ltr'><strong>quoque</strong></span> <span class='ocrx_word' id='word_1_748' title='bbox 1506 4944 1612 4998; x_wconf 92' lang='lat' dir='ltr'><strong>hoc</strong></span> <span class='ocrx_word' id='word_1_749' title='bbox 1636 4942 1811 5012; x_wconf 89' lang='lat' dir='ltr'><strong>ipsum</strong></span> 
     </span>
    </p>
   </div>
   <div class='ocr_carea' id='block_1_97' title="bbox 226 5032 1813 5106">
    <p class='ocr_par' dir='ltr' id='par_1_97' title="bbox 226 5032 1813 5106">
     <span class='ocr_line' id='line_1_97' title="bbox 226 5032 1813 5106; baseline -0.005 -15"><span class='ocrx_word' id='word_1_750' title='bbox 226 5037 373 5093; x_wconf 84' lang='lat' dir='ltr'><strong>bene</strong></span> <span class='ocrx_word' id='word_1_751' title='bbox 420 5036 775 5105; x_wconf 84' lang='lat' dir='ltr'><strong>disponendo,</strong></span> <span class='ocrx_word' id='word_1_752' title='bbox 828 5038 928 5092; x_wconf 88' lang='lat' dir='ltr'><strong>hac</strong></span> <span class='ocrx_word' id='word_1_753' title='bbox 956 5038 1069 5106; x_wconf 88' lang='lat' dir='ltr'><strong>ipsa</strong></span> <span class='ocrx_word' id='word_1_754' title='bbox 1114 5034 1286 5105; x_wconf 90' lang='lat' dir='ltr'><strong>possis</strong></span> <span class='ocrx_word' id='word_1_755' title='bbox 1332 5032 1639 5104; x_wconf 89' lang='lat' dir='ltr'><strong>participari</strong></span> <span class='ocrx_word' id='word_1_756' title='bbox 1666 5046 1813 5085; x_wconf 83' lang='lat' dir='ltr'><strong>mer-</strong></span> 
     </span>
    </p>
   </div>
   <div class='ocr_carea' id='block_1_98' title="bbox 228 5116 1815 5200">
    <p class='ocr_par' dir='ltr' id='par_1_98' title="bbox 228 5116 1815 5200">
     <span class='ocr_line' id='line_1_98' title="bbox 228 5116 1815 5200; baseline -0.006 -15"><span class='ocrx_word' id='word_1_757' title='bbox 228 5131 384 5185; x_wconf 82' lang='lat' dir='ltr'><strong>cede.</strong></span> <span class='ocrx_word' id='word_1_758' title='bbox 414 5147 435 5181; x_wconf 71' lang='lat' dir='ltr'><strong>r</strong></span> <span class='ocrx_word' id='word_1_759' title='bbox 463 5128 602 5200; x_wconf 86' lang='lat' dir='ltr'><strong>(Lib.</strong></span> <span class='ocrx_word' id='word_1_760' title='bbox 638 5146 674 5196; x_wconf 86' lang='grc' dir='ltr'><strong>ι,</strong></span> <span class='ocrx_word' id='word_1_761' title='bbox 696 5147 780 5199; x_wconf 80' lang='lat' dir='ltr'><strong>ep.</strong></span> <span class='ocrx_word' id='word_1_762' title='bbox 815 5129 903 5195; x_wconf 79' lang='grc'><strong>18,</strong></span> <span class='ocrx_word' id='word_1_763' title='bbox 930 5129 1111 5182; x_wconf 85' lang='lat' dir='ltr'><strong>indict.</strong></span> <span class='ocrx_word' id='word_1_764' title='bbox 1144 5128 1222 5198; x_wconf 87' lang='lat'><strong>9.)</strong></span> <span class='ocrx_word' id='word_1_765' title='bbox 1249 5127 1380 5181; x_wconf 88' lang='lat' dir='ltr'><strong>Item</strong></span> <span class='ocrx_word' id='word_1_766' title='bbox 1403 5124 1578 5181; x_wconf 87' lang='lat' dir='ltr'><strong>eidem</strong></span> <span class='ocrx_word' id='word_1_767' title='bbox 1608 5141 1619 5175; x_wconf 89' lang='lat'><strong>:</strong></span> <span class='ocrx_word' id='word_1_768' title='bbox 1655 5116 1672 5173; x_wconf 65' lang='grc' dir='ltr'><strong><em>ἆ</em></strong></span> <span class='ocrx_word' id='word_1_769' title='bbox 1700 5122 1815 5177; x_wconf 63' lang='grc' dir='ltr'><strong>Μοη</strong></span> 
     </span>
    </p>
   </div>
   <div class='ocr_carea' id='block_1_99' title="bbox 228 5216 1840 5289">
    <p class='ocr_par' dir='ltr' id='par_1_99' title="bbox 228 5216 1840 5289">
     <span class='ocr_line' id='line_1_99' title="bbox 228 5216 1840 5289; baseline -0.004 -16"><span class='ocrx_word' id='word_1_770' title='bbox 228 5220 525 5274; x_wconf 88' lang='lat' dir='ltr'><strong>nasterium</strong></span> <span class='ocrx_word' id='word_1_771' title='bbox 573 5221 744 5275; x_wconf 87' lang='lat' dir='ltr'><strong>sancti</strong></span> <span class='ocrx_word' id='word_1_772' title='bbox 782 5220 1125 5289; x_wconf 85' lang='lat' dir='ltr'><strong>Archangeli,</strong></span> <span class='ocrx_word' id='word_1_773' title='bbox 1173 5217 1317 5288; x_wconf 90' lang='lat' dir='ltr'><strong>quod</strong></span> <span class='ocrx_word' id='word_1_774' title='bbox 1346 5217 1400 5271; x_wconf 92' lang='lat' dir='ltr'><strong>in</strong></span> <span class='ocrx_word' id='word_1_775' title='bbox 1441 5216 1678 5286; x_wconf 82' lang='lat' dir='ltr'><strong>Tropaeis</strong></span> <span class='ocrx_word' id='word_1_776' title='bbox 1732 5223 1840 5275; x_wconf 89' lang='lat' dir='ltr'><strong>est_</strong></span> 
     </span>
    </p>
   </div>
   <div class='ocr_carea' id='block_1_100' title="bbox 300 5356 997 5428">
    <p class='ocr_par' dir='ltr' id='par_1_100' title="bbox 300 5356 997 5428">
     <span class='ocr_line' id='line_1_100' title="bbox 300 5356 997 5428; baseline 0.003 -19"><span class='ocrx_word' id='word_1_777' title='bbox 300 5366 331 5428; x_wconf 66' lang='grc' dir='ltr'><strong>ξι</strong></span> <span class='ocrx_word' id='word_1_778' title='bbox 364 5356 567 5428; x_wconf 72' lang='lat' dir='ltr'><strong>Bigot.,</strong></span> <span class='ocrx_word' id='word_1_779' title='bbox 599 5357 997 5428; x_wconf 67' lang='lat' dir='ltr'><strong>quinquaginta.</strong></span> 
     </span>
    </p>
   </div>
   <div class='ocr_carea' id='block_1_101' title="bbox 299 5423 968 5490">
    <p class='ocr_par' dir='ltr' id='par_1_101' title="bbox 299 5423 968 5490">
     <span class='ocr_line' id='line_1_101' title="bbox 299 5423 968 5490; baseline 0 -10"><span class='ocrx_word' id='word_1_780' title='bbox 299 5423 325 5461; x_wconf 64' lang='grc' dir='ltr'><strong>ι’</strong></span> <span class='ocrx_word' id='word_1_781' title='bbox 364 5423 511 5481; x_wconf 80' lang='lat' dir='ltr'><strong>Idem</strong></span> <span class='ocrx_word' id='word_1_782' title='bbox 539 5423 686 5490; x_wconf 61' lang='lat' dir='ltr'><strong>cod,</strong></span> <span class='ocrx_word' id='word_1_783' title='bbox 716 5423 968 5480; x_wconf 66' lang='lat' dir='ltr'><strong>Bibihme.</strong></span> 
     </span>
    </p>
   </div>
   <div class='ocr_carea' id='block_1_102' title="bbox 300 5492 1701 5561">
    <p class='ocr_par' dir='ltr' id='par_1_102' title="bbox 300 5492 1701 5561">
     <span class='ocr_line' id='line_1_102' title="bbox 300 5492 1701 5561; baseline -0.004 -12"><span class='ocrx_word' id='word_1_784' title='bbox 300 5505 322 5532; x_wconf 70' lang='grc' dir='ltr'><em>ε</em></span> <span class='ocrx_word' id='word_1_785' title='bbox 364 5494 577 5559; x_wconf 81' lang='lat' dir='ltr'><strong>Norin.,</strong></span> <span class='ocrx_word' id='word_1_786' title='bbox 610 5504 720 5549; x_wconf 81' lang='lat' dir='ltr'><strong>tres</strong></span> <span class='ocrx_word' id='word_1_787' title='bbox 750 5495 1094 5552; x_wconf 81' lang='lat' dir='ltr'><strong>Parisienses,</strong></span> <span class='ocrx_word' id='word_1_788' title='bbox 1128 5502 1181 5548; x_wconf 91' lang='lat' dir='ltr'><strong>ct</strong></span> <span class='ocrx_word' id='word_1_789' title='bbox 1210 5494 1433 5553; x_wconf 85' lang='lat' dir='ltr'><strong>Turon..</strong></span> <span class='ocrx_word' id='word_1_790' title='bbox 1474 5492 1701 5561; x_wconf 70' lang='lat' dir='ltr'><strong>St’rapli.</strong></span> 
     </span>
    </p>
   </div>
   <div class='ocr_carea' id='block_1_103' title="bbox 295 5561 1808 5633">
    <p class='ocr_par' dir='ltr' id='par_1_103' title="bbox 295 5561 1808 5633">
     <span class='ocr_line' id='line_1_103' title="bbox 295 5561 1808 5633; baseline -0.003 -14"><span class='ocrx_word' id='word_1_791' title='bbox 295 5562 324 5601; x_wconf 64' lang='grc' dir='ltr'>ά</span> <span class='ocrx_word' id='word_1_792' title='bbox 362 5564 576 5619; x_wconf 78' lang='lat' dir='ltr'><strong>Gemet.</strong></span> <span class='ocrx_word' id='word_1_793' title='bbox 600 5580 664 5617; x_wconf 86' lang='lat' dir='ltr'><strong>ac</strong></span> <span class='ocrx_word' id='word_1_794' title='bbox 691 5564 889 5633; x_wconf 86' lang='lat' dir='ltr'><strong>Bigot.,</strong></span> <span class='ocrx_word' id='word_1_795' title='bbox 916 5575 967 5618; x_wconf 84' lang='lat' dir='ltr'><strong>ut</strong></span> <span class='ocrx_word' id='word_1_796' title='bbox 990 5575 1037 5617; x_wconf 83' lang='lat' dir='ltr'><strong>et</strong></span> <span class='ocrx_word' id='word_1_797' title='bbox 1059 5574 1105 5617; x_wconf 86' lang='lat' dir='ltr'><strong>te</strong></span> <span class='ocrx_word' id='word_1_798' title='bbox 1130 5564 1250 5618; x_wconf 77' lang='lat' dir='ltr'><strong>bene</strong></span> <span class='ocrx_word' id='word_1_799' title='bbox 1275 5566 1615 5618; x_wconf 81' lang='lat' dir='ltr'><strong>ministrante.</strong></span> <span class='ocrx_word' id='word_1_800' title='bbox 1647 5561 1808 5626; x_wconf 84' lang='lat' dir='ltr'><strong>Utic.,</strong></span> 
     </span>
    </p>
   </div>
   <div class='ocr_carea' id='block_1_104' title="bbox 230 5634 939 5687">
    <p class='ocr_par' dir='ltr' id='par_1_104' title="bbox 230 5634 939 5687">
     <span class='ocr_line' id='line_1_104' title="bbox 230 5634 939 5687; baseline 0.001 -2"><span class='ocrx_word' id='word_1_801' title='bbox 230 5643 283 5686; x_wconf 78' lang='lat' dir='ltr'><strong>ut</strong></span> <span class='ocrx_word' id='word_1_802' title='bbox 309 5644 356 5687; x_wconf 88' lang='lat' dir='ltr'><strong>et</strong></span> <span class='ocrx_word' id='word_1_803' title='bbox 380 5644 433 5686; x_wconf 82' lang='lat' dir='ltr'><strong>tu</strong></span> <span class='ocrx_word' id='word_1_804' title='bbox 462 5635 591 5687; x_wconf 83' lang='lat' dir='ltr'><strong>bene</strong></span> <span class='ocrx_word' id='word_1_805' title='bbox 618 5634 939 5686; x_wconf 79' lang='lat' dir='ltr'><strong>ministraiis.</strong></span> 
     </span>
    </p>
   </div>
   <div class='ocr_carea' id='block_1_105' title="bbox 300 5701 1810 5772">
    <p class='ocr_par' dir='ltr' id='par_1_105' title="bbox 300 5701 1810 5772">
     <span class='ocr_line' id='line_1_105' title="bbox 300 5701 1810 5772; baseline -0.002 -14"><span class='ocrx_word' id='word_1_806' title='bbox 300 5715 321 5741; x_wconf 74' lang='grc' dir='ltr'><strong>ε</strong></span> <span class='ocrx_word' id='word_1_807' title='bbox 360 5702 592 5770; x_wconf 86' lang='lat' dir='ltr'><strong>Turon.,</strong></span> <span class='ocrx_word' id='word_1_808' title='bbox 623 5701 788 5760; x_wconf 70' lang='lat' dir='ltr'><strong>Paris.</strong></span> <span class='ocrx_word' id='word_1_809' title='bbox 820 5712 873 5757; x_wconf 91' lang='lat' dir='ltr'><strong>ct</strong></span> <span class='ocrx_word' id='word_1_810' title='bbox 900 5703 1127 5772; x_wconf 69' lang='lat' dir='ltr'><strong>Andcg.,</strong></span> <span class='ocrx_word' id='word_1_811' title='bbox 1159 5722 1381 5759; x_wconf 73' lang='lat' dir='ltr'><strong>annnam</strong></span> <span class='ocrx_word' id='word_1_812' title='bbox 1416 5713 1657 5767; x_wconf 77' lang='lat' dir='ltr'><strong>quantum</strong></span> <span class='ocrx_word' id='word_1_813' title='bbox 1683 5718 1810 5762; x_wconf 71' lang='lat' dir='ltr'><strong>pro-</strong></span> 
     </span>
    </p>
   </div>
   <div class='ocr_carea' id='block_1_106' title="bbox 1917 4576 3497 4653">
    <p class='ocr_par' dir='ltr' id='par_1_106' title="bbox 1917 4576 3497 4653">
     <span class='ocr_line' id='line_1_106' title="bbox 1917 4576 3497 4653; baseline -0.01 -13"><span class='ocrx_word' id='word_1_814' title='bbox 1917 4586 2096 4651; x_wconf 80' lang='lat' dir='ltr'><strong>fuerit,</strong></span> <span class='ocrx_word' id='word_1_815' title='bbox 2144 4580 2456 4653; x_wconf 79' lang='lat' dir='ltr'><strong>patrimonii</strong></span> <span class='ocrx_word' id='word_1_816' title='bbox 2496 4579 2667 4633; x_wconf 91' lang='lat' dir='ltr'><strong>nostri</strong></span> <span class='ocrx_word' id='word_1_817' title='bbox 2708 4576 3050 4646; x_wconf 90' lang='lat' dir='ltr'><strong>pensionibus</strong></span> <span class='ocrx_word' id='word_1_818' title='bbox 3087 4589 3208 4629; x_wconf 83' lang='lat' dir='ltr'><strong>esse</strong></span> <span class='ocrx_word' id='word_1_819' title='bbox 3246 4584 3497 4641; x_wconf 79' lang='lat' dir='ltr'><strong>reputan-</strong></span> 
     </span>
    </p>
   </div>
   <div class='ocr_carea' id='block_1_107' title="bbox 1916 4650 3497 4743">
    <p class='ocr_par' dir='ltr' id='par_1_107' title="bbox 1916 4650 3497 4743">
     <span class='ocr_line' id='line_1_107' title="bbox 1916 4650 3497 4743; baseline -0.01 -13"><span class='ocrx_word' id='word_1_820' title='bbox 1916 4677 2063 4731; x_wconf 91' lang='lat' dir='ltr'><strong>dum.</strong></span> <span class='ocrx_word' id='word_1_821' title='bbox 2084 4650 2117 4727; x_wconf 11' lang='grc' dir='ltr'><strong>ν»</strong></span> <span class='ocrx_word' id='word_1_822' title='bbox 2148 4650 2294 4743; x_wconf 69' lang='lat' dir='ltr'><strong>(Lib.</strong></span> <span class='ocrx_word' id='word_1_823' title='bbox 2326 4688 2402 4737; x_wconf 86' lang='lat' dir='ltr'><strong>III,</strong></span> <span class='ocrx_word' id='word_1_824' title='bbox 2434 4688 2514 4741; x_wconf 87' lang='lat' dir='ltr'><strong>ep.</strong></span> <span class='ocrx_word' id='word_1_825' title='bbox 2544 4670 2659 4739; x_wconf 86' lang='lat'><strong>58.)</strong></span> <span class='ocrx_word' id='word_1_826' title='bbox 2689 4668 2835 4722; x_wconf 86' lang='lat' dir='ltr'><strong>Idem</strong></span> <span class='ocrx_word' id='word_1_827' title='bbox 2875 4667 3049 4721; x_wconf 80' lang='lat' dir='ltr'><strong>eidem</strong></span> <span class='ocrx_word' id='word_1_828' title='bbox 3077 4683 3089 4718; x_wconf 91' lang='lat'>:</span> <span class='ocrx_word' id='word_1_829' title='bbox 3129 4683 3147 4715; x_wconf 75' lang='grc' dir='ltr'>ι</span> <span class='ocrx_word' id='word_1_830' title='bbox 3182 4663 3346 4728; x_wconf 89' lang='lat' dir='ltr'><strong>Zeno,</strong></span> <span class='ocrx_word' id='word_1_831' title='bbox 3389 4661 3497 4715; x_wconf 81' lang='lat' dir='ltr'><strong>I&#39;ra-</strong></span> 
     </span>
    </p>
   </div>
   <div class='ocr_carea' id='block_1_108' title="bbox 1917 4752 3493 4832">
    <p class='ocr_par' dir='ltr' id='par_1_108' title="bbox 1917 4752 3493 4832">
     <span class='ocr_line' id='line_1_108' title="bbox 1917 4752 3493 4832; baseline -0.011 -13"><span class='ocrx_word' id='word_1_832' title='bbox 1917 4774 1999 4821; x_wconf 92' lang='lat' dir='ltr'><strong>ter</strong></span> <span class='ocrx_word' id='word_1_833' title='bbox 2026 4772 2081 4819; x_wconf 89' lang='lat' dir='ltr'><strong>et</strong></span> <span class='ocrx_word' id='word_1_834' title='bbox 2116 4762 2470 4832; x_wconf 90' lang='lat' dir='ltr'><strong>coepiscopus</strong></span> <span class='ocrx_word' id='word_1_835' title='bbox 2516 4767 2720 4822; x_wconf 91' lang='lat' dir='ltr'><strong>noster,</strong></span> <span class='ocrx_word' id='word_1_836' title='bbox 2750 4756 3009 4832; x_wconf 80' lang='lat' dir='ltr'><strong>quosdam</strong></span> <span class='ocrx_word' id='word_1_837' title='bbox 3055 4754 3110 4807; x_wconf 91' lang='lat' dir='ltr'><strong>in</strong></span> <span class='ocrx_word' id='word_1_838' title='bbox 3155 4752 3371 4807; x_wconf 89' lang='lat' dir='ltr'><strong>civitate</strong></span> <span class='ocrx_word' id='word_1_839' title='bbox 3398 4764 3493 4804; x_wconf 89' lang='lat' dir='ltr'><strong>sua</strong></span> 
     </span>
    </p>
   </div>
   <div class='ocr_carea' id='block_1_109' title="bbox 1916 4830 3493 4909">
    <p class='ocr_par' dir='ltr' id='par_1_109' title="bbox 1916 4830 3493 4909">
     <span class='ocr_line' id='line_1_109' title="bbox 1916 4830 3493 4909; baseline -0.01 -1"><span class='ocrx_word' id='word_1_840' title='bbox 1916 4830 2291 4909; x_wconf 80' lang='lat' dir='ltr'><strong>alimoniorum</strong></span> <span class='ocrx_word' id='word_1_841' title='bbox 2318 4850 2694 4905; x_wconf 88' lang='lat' dir='ltr'><strong>necessitatem</strong></span> <span class='ocrx_word' id='word_1_842' title='bbox 2718 4830 2951 4901; x_wconf 75' lang='lat' dir='ltr'><strong>innotuit</strong></span> <span class='ocrx_word' id='word_1_843' title='bbox 2976 4843 3260 4898; x_wconf 89' lang='lat' dir='ltr'><strong>sustinere.</strong></span> <span class='ocrx_word' id='word_1_844' title='bbox 3293 4837 3493 4904; x_wconf 85' lang='lat' dir='ltr'><strong>Quibus</strong></span> 
     </span>
    </p>
   </div>
   <div class='ocr_carea' id='block_1_110' title="bbox 1916 4928 3495 5014">
    <p class='ocr_par' dir='ltr' id='par_1_110' title="bbox 1916 4928 3495 5014">
     <span class='ocr_line' id='line_1_110' title="bbox 1916 4928 3495 5014; baseline -0.011 -15"><span class='ocrx_word' id='word_1_845' title='bbox 1916 4945 2191 5014; x_wconf 88' lang='lat' dir='ltr'><strong>quoniam,</strong></span> <span class='ocrx_word' id='word_1_846' title='bbox 2224 4951 2282 4997; x_wconf 91' lang='lat' dir='ltr'><strong>ut</strong></span> <span class='ocrx_word' id='word_1_847' title='bbox 2309 4940 2562 5011; x_wconf 89' lang='lat' dir='ltr'><strong>possibile</strong></span> <span class='ocrx_word' id='word_1_848' title='bbox 2590 4947 2692 5002; x_wconf 89' lang='lat' dir='ltr'><strong>est,</strong></span> <span class='ocrx_word' id='word_1_849' title='bbox 2722 4938 2940 5006; x_wconf 91' lang='lat' dir='ltr'><strong>aliquod</strong></span> <span class='ocrx_word' id='word_1_850' title='bbox 2960 4933 3325 4989; x_wconf 88' lang='lat' dir='ltr'><strong>desideramus</strong></span> <span class='ocrx_word' id='word_1_851' title='bbox 3355 4928 3495 4983; x_wconf 81' lang='lat' dir='ltr'><strong>ferre</strong></span> 
     </span>
    </p>
   </div>
   <div class='ocr_carea' id='block_1_111' title="bbox 1916 5017 3493 5098">
    <p class='ocr_par' dir='ltr' id='par_1_111' title="bbox 1916 5017 3493 5098">
     <span class='ocr_line' id='line_1_111' title="bbox 1916 5017 3493 5098; baseline -0.011 -9"><span class='ocrx_word' id='word_1_852' title='bbox 1916 5034 2244 5098; x_wconf 89' lang='lat' dir='ltr'><strong>consultum,</strong></span> <span class='ocrx_word' id='word_1_853' title='bbox 2270 5030 2469 5085; x_wconf 90' lang='lat' dir='ltr'><strong>idcirco</strong></span> <span class='ocrx_word' id='word_1_854' title='bbox 2490 5029 2833 5083; x_wconf 88' lang='lat' dir='ltr'><strong>dilectionem</strong></span> <span class='ocrx_word' id='word_1_855' title='bbox 2864 5032 3009 5077; x_wconf 90' lang='lat' dir='ltr'><strong>tuam</strong></span> <span class='ocrx_word' id='word_1_856' title='bbox 3039 5018 3315 5074; x_wconf 89' lang='lat' dir='ltr'><strong>antedicto</strong></span> <span class='ocrx_word' id='word_1_857' title='bbox 3340 5017 3493 5071; x_wconf 79' lang='lat' dir='ltr'><strong>fratri</strong></span> 
     </span>
    </p>
   </div>
   <div class='ocr_carea' id='block_1_112' title="bbox 1921 5112 3495 5182">
    <p class='ocr_par' dir='ltr' id='par_1_112' title="bbox 1921 5112 3495 5182">
     <span class='ocr_line' id='line_1_112' title="bbox 1921 5112 3495 5182; baseline -0.01 -4"><span class='ocrx_word' id='word_1_858' title='bbox 1921 5135 2105 5181; x_wconf 83' lang='lat' dir='ltr'><strong>nostro</strong></span> <span class='ocrx_word' id='word_1_859' title='bbox 2131 5124 2276 5179; x_wconf 85' lang='lat' dir='ltr'><strong>mille</strong></span> <span class='ocrx_word' id='word_1_860' title='bbox 2296 5121 2505 5177; x_wconf 91' lang='lat' dir='ltr'><strong>modios</strong></span> <span class='ocrx_word' id='word_1_861' title='bbox 2531 5119 2714 5182; x_wconf 90' lang='lat' dir='ltr'><strong>tritici,</strong></span> <span class='ocrx_word' id='word_1_862' title='bbox 2743 5123 2857 5180; x_wconf 89' lang='lat' dir='ltr'><strong>aut,</strong></span> <span class='ocrx_word' id='word_1_863' title='bbox 2882 5114 2926 5167; x_wconf 91' lang='lat' dir='ltr'><strong>si</strong></span> <span class='ocrx_word' id='word_1_864' title='bbox 2946 5114 3067 5182; x_wconf 91' lang='lat' dir='ltr'><strong>plus</strong></span> <span class='ocrx_word' id='word_1_865' title='bbox 3094 5112 3274 5165; x_wconf 89' lang='lat' dir='ltr'><strong>levare</strong></span> <span class='ocrx_word' id='word_1_866' title='bbox 3302 5118 3495 5180; x_wconf 84' lang='lat' dir='ltr'><strong>potue--</strong></span> 
     </span>
    </p>
   </div>
   <div class='ocr_carea' id='block_1_113' title="bbox 1916 5201 3495 5286">
    <p class='ocr_par' dir='ltr' id='par_1_113' title="bbox 1916 5201 3495 5286">
     <span class='ocr_line' id='line_1_113' title="bbox 1916 5201 3495 5286; baseline -0.009 -15"><span class='ocrx_word' id='word_1_867' title='bbox 1916 5218 2006 5285; x_wconf 89' lang='lat' dir='ltr'><strong>rit,</strong></span> <span class='ocrx_word' id='word_1_868' title='bbox 2036 5230 2205 5286; x_wconf 89' lang='lat' dir='ltr'><strong>usque</strong></span> <span class='ocrx_word' id='word_1_869' title='bbox 2233 5213 2298 5269; x_wconf 88' lang='lat' dir='ltr'><strong>ad</strong></span> <span class='ocrx_word' id='word_1_870' title='bbox 2326 5213 2432 5267; x_wconf 92' lang='lat' dir='ltr'><strong>duo</strong></span> <span class='ocrx_word' id='word_1_871' title='bbox 2462 5210 2626 5264; x_wconf 88' lang='lat' dir='ltr'><strong>millia</strong></span> <span class='ocrx_word' id='word_1_872' title='bbox 2663 5206 2877 5276; x_wconf 90' lang='lat' dir='ltr'><strong>scriptis</strong></span> <span class='ocrx_word' id='word_1_873' title='bbox 2902 5212 2957 5259; x_wconf 91' lang='lat' dir='ltr'><strong>te</strong></span> <span class='ocrx_word' id='word_1_874' title='bbox 2986 5204 3116 5259; x_wconf 89' lang='lat' dir='ltr'><strong>dare</strong></span> <span class='ocrx_word' id='word_1_875' title='bbox 3144 5201 3495 5271; x_wconf 73' lang='lat' dir='ltr'><strong>praesentibus</strong></span> 
     </span>
    </p>
   </div>
   <div class='ocr_carea' id='block_1_114' title="bbox 1918 5353 3469 5420">
    <p class='ocr_par' dir='ltr' id='par_1_114' title="bbox 1918 5353 3469 5420">
     <span class='ocr_line' id='line_1_114' title="bbox 1918 5353 3469 5420; baseline 0.011 -16"><span class='ocrx_word' id='word_1_876' title='bbox 1918 5353 2174 5420; x_wconf 53' lang='lat' dir='ltr'><strong>spexcris.</strong></span> <span class='ocrx_word' id='word_1_877' title='bbox 2219 5418 2230 5420; x_wconf 98' lang='lat'><strong>_</strong></span> <span class='ocrx_word' id='word_1_878' title='bbox 2406 5413 2417 5420; x_wconf 90' lang='lat'>_</span> <span class='ocrx_word' id='word_1_879' title='bbox 2489 5412 2580 5420; x_wconf 79' lang='lat'><strong>___</strong></span> <span class='ocrx_word' id='word_1_880' title='bbox 2658 5412 2701 5420; x_wconf 54' lang='grc' dir='ltr'>η</span> <span class='ocrx_word' id='word_1_881' title='bbox 2766 5411 2776 5420; x_wconf 89' lang='lat'><em>_</em></span> <span class='ocrx_word' id='word_1_882' title='bbox 3167 5407 3231 5420; x_wconf 57' lang='grc' dir='ltr'><strong>η..</strong></span> <span class='ocrx_word' id='word_1_883' title='bbox 3370 5404 3469 5420; x_wconf 70' lang='grc' dir='ltr'><strong>η...</strong></span> 
     </span>
    </p>
   </div>
   <div class='ocr_carea' id='block_1_115' title="bbox 1994 5404 3499 5472">
    <p class='ocr_par' dir='ltr' id='par_1_115' title="bbox 1994 5404 3499 5472">
     <span class='ocr_line' id='line_1_115' title="bbox 1994 5404 3499 5472; baseline -0.011 1"><span class='ocrx_word' id='word_1_884' title='bbox 1994 5420 2011 5457; x_wconf 71' lang='grc' dir='ltr'><em>τ</em></span> <span class='ocrx_word' id='word_1_885' title='bbox 2054 5420 2108 5472; x_wconf 90' lang='lat' dir='ltr'><strong>In</strong></span> <span class='ocrx_word' id='word_1_886' title='bbox 2140 5418 2292 5472; x_wconf 89' lang='lat' dir='ltr'><strong>Colb.</strong></span> <span class='ocrx_word' id='word_1_887' title='bbox 2322 5423 2376 5469; x_wconf 91' lang='lat' dir='ltr'><strong>et</strong></span> <span class='ocrx_word' id='word_1_888' title='bbox 2405 5413 2456 5467; x_wconf 86' lang='lat' dir='ltr'><strong>in</strong></span> <span class='ocrx_word' id='word_1_889' title='bbox 2488 5412 2627 5467; x_wconf 87' lang='lat' dir='ltr'><strong>Edit.</strong></span> <span class='ocrx_word' id='word_1_890' title='bbox 2658 5411 2831 5466; x_wconf 86' lang='lat' dir='ltr'><strong>Vatic.</strong></span> <span class='ocrx_word' id='word_1_891' title='bbox 2864 5416 2917 5463; x_wconf 90' lang='lat' dir='ltr'><strong>et</strong></span> <span class='ocrx_word' id='word_1_892' title='bbox 2944 5408 3125 5471; x_wconf 83' lang='lat' dir='ltr'><strong>Guss.,</strong></span> <span class='ocrx_word' id='word_1_893' title='bbox 3154 5407 3319 5472; x_wconf 80' lang='lat' dir='ltr'><strong>ﬁlium</strong></span> <span class='ocrx_word' id='word_1_894' title='bbox 3364 5404 3499 5458; x_wconf 78' lang='lat' dir='ltr'><strong>Fili-</strong></span> 
     </span>
    </p>
   </div>
   <div class='ocr_carea' id='block_1_116' title="bbox 1918 5473 3499 5551">
    <p class='ocr_par' dir='ltr' id='par_1_116' title="bbox 1918 5473 3499 5551">
     <span class='ocr_line' id='line_1_116' title="bbox 1918 5473 3499 5551; baseline -0.011 -8"><span class='ocrx_word' id='word_1_895' title='bbox 1918 5489 2089 5543; x_wconf 81' lang='lat' dir='ltr'><strong>moud.</strong></span> <span class='ocrx_word' id='word_1_896' title='bbox 2122 5487 2180 5540; x_wconf 92' lang='lat' dir='ltr'><strong>In</strong></span> <span class='ocrx_word' id='word_1_897' title='bbox 2217 5485 2402 5547; x_wconf 86' lang='lat' dir='ltr'><strong>Gilot.,</strong></span> <span class='ocrx_word' id='word_1_898' title='bbox 2435 5482 2599 5551; x_wconf 84' lang='lat' dir='ltr'><strong>ﬁliam</strong></span> <span class='ocrx_word' id='word_1_899' title='bbox 2640 5480 2927 5551; x_wconf 75' lang='lat' dir='ltr'><strong>Filimoud.</strong></span> <span class='ocrx_word' id='word_1_900' title='bbox 2961 5473 3499 5551; x_wconf 61' lang='lat' dir='ltr'><strong>Aptid_Boll_.,__Gedi-</strong></span> 
     </span>
    </p>
   </div>
   <div class='ocr_carea' id='block_1_117' title="bbox 1916 5546 3362 5628">
    <p class='ocr_par' dir='ltr' id='par_1_117' title="bbox 1916 5546 3362 5628">
     <span class='ocr_line' id='line_1_117' title="bbox 1916 5546 3362 5628; baseline -0.008 -15"><span class='ocrx_word' id='word_1_901' title='bbox 1916 5560 2091 5628; x_wconf 70' lang='lat' dir='ltr'><strong>staldii</strong></span> <span class='ocrx_word' id='word_1_902' title='bbox 2120 5546 2410 5628; x_wconf 65' lang='lat' dir='ltr'><strong>dignissimi</strong></span> <span class='ocrx_word' id='word_1_903' title='bbox 2435 5546 3014 5628; x_wconf 66' lang='lat' dir='ltr'><strong>ﬁlittnt._l_Jtic.,_ﬁtiuiit</strong></span> <span class='ocrx_word' id='word_1_904' title='bbox 3047 5546 3362 5601; x_wconf 79' lang='lat' dir='ltr'><strong>Odiscaic/ti.</strong></span> 
     </span>
    </p>
   </div>
   <div class='ocr_carea' id='block_1_118' title="bbox 1993 5621 2980 5693">
    <p class='ocr_par' dir='ltr' id='par_1_118' title="bbox 1993 5621 2980 5693">
     <span class='ocr_line' id='line_1_118' title="bbox 1993 5621 2980 5693; baseline -0.004 -16"><span class='ocrx_word' id='word_1_905' title='bbox 1993 5640 2014 5677; x_wconf 66' lang='grc' dir='ltr'><strong>ξς</strong></span> <span class='ocrx_word' id='word_1_906' title='bbox 2056 5621 2198 5683; x_wconf 70' lang='grc' dir='ltr'><strong>Ριιιτῖ</strong></span> <span class='ocrx_word' id='word_1_907' title='bbox 2231 5625 2375 5693; x_wconf 63' lang='lat' dir='ltr'><strong>Mss,</strong></span> <span class='ocrx_word' id='word_1_908' title='bbox 2409 5621 2601 5689; x_wconf 79' lang='lat' dir='ltr'><strong>modia,</strong></span> <span class='ocrx_word' id='word_1_909' title='bbox 2632 5623 2717 5678; x_wconf 87' lang='lat' dir='ltr'><strong>hic</strong></span> <span class='ocrx_word' id='word_1_910' title='bbox 2744 5630 2797 5676; x_wconf 91' lang='lat' dir='ltr'><strong>ct</strong></span> <span class='ocrx_word' id='word_1_911' title='bbox 2826 5621 2980 5675; x_wconf 83' lang='lat' dir='ltr'><strong>intra.</strong></span> 
     </span>
    </p>
   </div>
  </div>
