4018 6314
561 265 664 327 H5

1156 274 1212 329 S.
1255 272 1576 331 CRECORH
1620 274 1821 330 PAPAS
1866 275 2048 342 VITA,
2089 276 2292 332 AUCT.
2335 279 2595 337 JOANNE
2638 283 2944 342 DIACONO.
2989 281 3113 336 LIB.
3157 282 3216 335 ll.

3712 289 3817 342 H6

558 387 902 458 deputamus.
936 389 1222 445 Hortamur
1261 403 1390 457 ergo
1416 398 1469 442 ut
1501 391 1550 442 in
1578 391 1658 442 his
1681 387 1977 457 przebendis
2007 387 2125 441 nul-
2157 393 2207 450 Α
2235 389 2560 449 Gaudiosum
2595 398 2928 452 defensorem
2966 397 3108 452 sedis
3153 403 3368 461 nostrae,
3400 397 3490 466 qui
3533 395 3815 467 Syracusis

558 480 665 536 lam
694 497 900 536 moram
946 493 1035 536 aut
1086 483 1485 538 excusationem
1530 480 1792 545 adducas,
1844 489 2125 550 quatenus,

558 575 685 629 dum
709 584 918 643 tempus
942 575 1084 638 sinit,
1109 582 1162 627 et
1182 574 1269 626 hic
1289 587 1408 626 cum
1431 572 1523 625 Dei
1553 570 1818 638 adjutorio
1846 572 1962 625 sine
1985 571 2132 639 peri-

556 663 681 718 culo
724 663 790 716 ad
827 665 1038 734 propria
1073 676 1333 727 remeare,
1374 670 1428 714 et
1455 661 1610 715 citius
1637 662 2008 716 necessitatem
2034 677 2129 729 pa-

559 754 999 809 tientibusvaleat
1025 751 1327 805 subvenire.
1350 768 1368 801 ι
1394 748 1532 818 (Lib.
1551 766 1622 815 vi,
1639 768 1719 819 ep.
1737 750 1790 819 4,
1813 752 1995 804 ind-iet.
2019 750 2128 819 Μ.)

559 844 687 898 Item
718 843 1006 909 Gregorius
1045 840 1293 902 Eusebio.
1324 840 1574 908 religioso
1604 841 1782 895 abbati
1813 861 1824 894 :
1883 861 1901 893 ι
1937 841 2132 897 Credat

557 934 684 986 mihi
728 933 962 986 charitas
1012 939 1120 991 tua,
1172 930 1296 1000 quia
1337 930 1493 984 valde
1523 931 1868 984 contristatus
1905 947 2019 986 sum
2067 933 2132 986 de

559 1021 772 1076 tristitia
822 1028 935 1088 tua,
980 1028 1035 1074 et
1083 1028 1298 1074 caetera.
1332 1028 1358 1056 ι
1392 1019 1654 1074 Praeterea
1687 1029 1901 1075 centum
1933 1022 2133 1077 solidos

555 1124 652 1180 per
700 1108 919 1164 Petrum
968 1110 1356 1165 subdiaconum
1411 1111 1519 1179 69
1563 1109 1834 1165 dilectioni
1887 1120 1989 1164 tum
2017 1111 2131 1165 dari

555 1201 779 1257 fecimus
803 1240 819 1266 ,
859 1211 987 1271 peto
1026 1215 1160 1270 quos
1200 1209 1257 1254 ut
1312 1201 1514 1269 absque
1557 1200 1744 1268 injuria
1793 1201 2070 1269 suscipias.
2109 1221 2126 1251 ι

555 1291 694 1363 (Ub.
743 1309 803 1358 ιι,
844 1309 929 1363 ep.
964 1290 1054 1356 56,
1099 1290 1283 1345 indict.
1329 1289 1439 1361 10.)
1481 1292 1612 1345 Item
1656 1289 1944 1360 Gregorius
1989 1289 2131 1343 Can-

556 1382 683 1437 dido
739 1381 1006 1436 defensori
1041 1400 1053 1433 :
1105 1401 1122 1431 ι
1159 1381 1541 1436 Necessitatem
1587 1381 1910 1449 patientibus
1952 1380 2132 1449 ponti-

555 1473 705 1529 ficale
744 1473 992 1529 convenit
1021 1472 1206 1526 adesse
1253 1471 1565 1525 subsidium.
1608 1470 1710 1525 Pro
1737 1487 1839 1541 qua
1870 1486 1930 1526 re
1971 1485 2135 1540 expc-

553 1566 760 1627 rientia:
790 1576 894 1620 tua:
923 1566 1170 1634 praesenti
1197 1563 1517 1619 auctoritate
1542 1563 1906 1632 pmeipimus,
1945 1571 2133 1630 quate-

553 1675 654 1714 nus
679 1659 894 1724 Albino,
917 1660 1122 1728 privato
1141 1657 1445 1721 luminibus,
1466 1656 1572 1712 filio
1596 1656 1861 1724 quondam
1877 1656 1901 1693 δ
1920 1655 2132 1710 Martini

2233 480 2428 548 degere
2456 487 2852 553 comprobatur,
2883 486 3214 556 paupertatis
3240 487 3468 539 asseruit
3489 487 3670 556 inopia
3691 503 3813 543 con-

2232 572 2441 642 stringi,
2471 575 2667 632 idcirco
2705 579 3049 646 experientiae
3079 585 3180 631 tuze
3204 579 3545 648 pnesentium
3569 582 3810 635 auctori-

2234 670 2344 716 tate
2370 666 2698 732 mandamus,
2732 679 2790 722 ut
2810 684 2837 720 a
2870 669 3116 737 prmsenti
3144 669 3375 722 secunda
3399 669 3692 724 indictione
3719 686 3813 724 sex

2233 753 2432 809 solidos
2461 757 2615 811 annis
2642 759 2860 827 singulis
2889 760 2937 813 ei
2966 759 3094 812 dare
3132 774 3238 813 non
3267 758 3511 824 diﬂ’eras;
3551 768 3611 813 ut
3638 769 3694 814 et
3726 762 3812 816 ille

2233 845 2388 914 hujus
2412 849 2631 902 remedii
2654 849 2847 904 solatio
2867 851 3125 919 potiatur,
3152 859 3207 904 et
3228 859 3284 903 tu
3307 851 3449 920 quod
3474 851 3688 906 dederis
3712 852 3812 904 tuis

2234 938 2350 993 sine
2383 939 2543 993 dubio
2575 941 2788 995 noveris
2833 941 3126 995 rationibus
3172 943 3561 1011 imputandum.
3603 962 3621 994 ι
3670 941 3808 1013 (Lib.

2236 1045 2310 1096 is,
2341 1047 2421 1100 ep.
2469 1029 2556 1083 39.
2589 1032 2774 1085 indici.
2806 1030 2884 1102 ἓ.)
2913 1031 3043 1086 ltem
3084 1031 3373 1102 Gregorius
3416 1033 3692 1088 Libertino
3721 1048 3812 1088 ex-

2237 1119 2480 1187 praztori:
2514 1139 2530 1170 ι
2555 1119 2764 1187 Quanta
2788 1137 2884 1177 vos
2913 1123 3091 1176 saeculi
3122 1123 3276 1190 hujus
3306 1132 3513 1192 premat
3542 1125 3809 1193 angustia,

2236 1207 2562 1274 incognitum
2595 1225 2699 1263 non
2729 1209 3001 1264 habemus.
3033 1210 3138 1265 Sed
3164 1213 3287 1280 quia
3315 1214 3369 1266 in
3398 1228 3606 1268 summa
3641 1213 3810 1266 tribu-

2236 1297 2438 1352 latione
2482 1299 2669 1366 positis
2710 1299 2824 1353 sola
2876 1299 2902 1334 ει
2959 1308 3042 1354 est
3095 1300 3391 1355 consolatio
3443 1301 3810 1357 misericordia

2235 1384 2526 1452 Creatoris,
2579 1388 2632 1441 in
2682 1403 2805 1442 eum
2845 1403 2994 1458 spem
3024 1397 3255 1443 vestram
3303 1390 3506 1458 ponite,
3541 1390 3608 1444 ad
3637 1391 3810 1459 ipsum

2235 1488 2332 1528 vos
2383 1483 2493 1528 tota
2543 1485 2723 1530 mente
2761 1477 3086 1542 convertite,
3109 1479 3198 1546 qui
3250 1487 3303 1533 et
3340 1478 3482 1546 juste
3509 1495 3670 1548 quem
3700 1481 3810 1534 vult

2235 1563 2690 1633 permittitalfligi,
2708 1573 2762 1620 et
2782 1565 3134 1621 confidentem
3158 1569 3208 1621 in
3231 1583 3288 1623 se
3311 1569 3730 1624 misericorditer
3751 1571 3812 1624 li-

2235 1653 2462 1707 berabit.
2499 1655 2602 1723 lpsi
2627 1669 2754 1724 ergo
2783 1657 2978 1724 gratias
2999 1657 3161 1725 agite,
3183 1666 3236 1711 et
3273 1659 3539 1727 patienter
3567 1675 3810 1729 quascun-

551 1749 762 1814 coloni,
803 1748 1025 1817 singulis
1070 1748 1223 1801 annis
1277 1747 1412 1800 duos
1459 1748 1729 1802 tremisses
1776 1747 1892 1800 sine
1952 1746 2126 1814 aliqua
2164 1753 2205 1809 Β
2232 1757 2335 1811 que
2365 1745 2508 1799 illata
2538 1755 2663 1800 sunt
2707 1748 2985 1802 sustinete.
3015 1750 3120 1818 70
3146 1749 3278 1803 Nam
3306 1760 3466 1804 rectte
3505 1753 3702 1807 mentis
3730 1762 3811 1808 est

551 1837 804 1892 dilatione
861 1843 1113 1904 praestare
1170 1851 1276 1890 non
1340 1834 1587 1901 desinat,
1654 1851 1760 1889 non
1824 1835 2128 1889 dubitatura

550 1929 661 1983 suis
702 1929 802 1982 hoc
842 1928 953 1982 sine
997 1927 1158 1981 dubio
1187 1927 1484 1980 rationibus
1516 1927 1782 1993 imputari.
1817 1944 1834 1976 ›
1882 1924 2019 1994 (Lib.
2054 1942 2126 1992 ιν,

550 2036 632 2089 ep.
663 2018 778 2088 9.8.)
817 2018 946 2072 Item
975 2015 1264 2086 Gregorius
1293 2015 1519 2069 Fantino
1548 2015 1817 2070 defensori
1846 2034 1858 2068 :
1915 2034 1931 2065 ι
1970 2017 2130 2068 Lator

550 2112 894 2180 prtesentium
913 2109 1134 2165 Cosmas
1153 2107 1317 2177 Syrus
1339 2107 1389 2160 in
1420 2106 1635 2173 negotio
1655 2106 1796 2174 quod
1818 2105 2010 2173 agebat
2033 2104 2096 2158 de
2113 2135 2127 2144 -

551 2202 720 2255 bitum
761 2215 818 2255 se
847 2200 1181 2254 contraxisse
1213 2198 1498 2264 perhibuit,
1529 2197 1668 2264 quod
1700 2205 1754 2249 et
1783 2196 1962 2249 multis
1990 2195 2125 2259 aliis,

552 2301 607 2344 et
631 2289 879 2360 lacrymis
904 2289 1021 2357 ejus
1065 2287 1442 2342 attestantibus
1469 2301 1651 2339 verum
1682 2301 1800 2340 esse
1839 2286 2123 2340 credimus.

553 2378 623 2432 Et
649 2379 770 2447 quia
798 2386 1011 2433 centum
1053 2377 1435 2445 quinquaginta
1461 2375 1661 2430 solidos
1690 2375 1937 2438 debebat,
1983 2374 2128 2429 volui

554 2478 615 2524 ut
633 2470 928 2525 creditores
951 2468 1091 2522 illius
1111 2483 1231 2522 cum
1252 2481 1318 2520 eo
1341 2465 1537 2535 aliquid
1559 2466 1972 2535 paciscerentur,
1996 2479 2128 2534 quo-

553 2561 697 2615 niam
723 2569 779 2615 et
805 2561 891 2614 lex
938 2560 1100 2614 habet
1126 2560 1269 2627 quod
1312 2558 1472 2612 homo
1528 2557 1662 2611 liber
1695 2556 2000 2611 nullatenus
2029 2571 2128 2624 pro

552 2652 734 2706 debito
775 2659 1038 2714 teneatur,
1079 2650 1126 2703 si
1169 2664 1254 2703 res
1281 2648 1546 2703 defuerint
1574 2663 1691 2718 quae
1723 2648 1925 2717 possint
1955 2647 2128 2700 eidem

551 2741 733 2797 debito
781 2741 975 2796 addici.
1021 2740 1331 2795 Creditores
1377 2753 1504 2807 ergo
1534 2754 1680 2802 suos,
1714 2746 1774 2792 ut
1819 2737 2030 2805 asserit,
2062 2737 2128 2790 ad

552 2834 823 2902 octoginta
862 2833 1061 2889 solidos
1100 2833 1404 2887 consentire
1434 2831 1684 2900 possibile
1714 2839 1815 2885 est.
1863 2830 1969 2885 Sed
2003 2830 2127 2898 quia

552 2925 774 2979 multum
804 2931 886 2977 est
916 2932 974 2978 ut
1021 2939 1052 2977 a
1093 2924 1166 2978 nil
1193 2923 1424 2977 habente
1453 2923 1668 2976 homine
1696 2922 1966 2990 octoginta
1996 2921 2126 2975 soli-

462 3013 466 3017 ’
551 3014 648 3068 dos
673 3021 876 3083 petant,
908 3012 1184 3079 sexaginta
1210 3011 1302 3064 tibi
1333 3011 1533 3065 solidos
1559 3025 1654 3078 per
1680 3020 1947 3062 notarium
1977 3016 2127 3061 tuum

2232 1835 2398 1891 Deum
2428 1853 2534 1892 non
2563 1839 2735 1892 solum
2766 1839 2818 1892 in
2849 1841 3118 1908 prosperis
3146 1841 3494 1908 benedicere,
3526 1843 3619 1897 sed
3645 1844 3809 1898 etiam

2231 1925 2283 1979 in
2323 1927 2729 1982 adversitatibus
2757 1928 3086 1983 collaudarc.
3125 1928 3182 1982 In
3227 1930 3309 1985 his
3341 1931 3494 1999 igitur
3517 1947 3637 2002 qua:
3667 1935 3810 2001 pati-

2231 2015 2360 2068 mini
2391 2015 2590 2069 nullum
2619 2027 2802 2071 contra
2839 2017 3120 2071 Dominum
3152 2034 3388 2073 murmur
3431 2022 3577 2076 cordi
3623 2033 3811 2079 vestro

2232 2117 2254 2142 ε
2282 2108 2555 2175 subrepat,
2597 2108 2721 2174 quia
2750 2107 2815 2161 ad
2854 2107 2980 2175 quid
3010 2108 3112 2163 hoc
3139 2109 3365 2163 Creator
3393 2120 3573 2165 noster
3612 2128 3808 2182 opere-

2231 2203 2337 2259 tur,
2368 2195 2605 2262 ignotum
2632 2204 2730 2249 est.
2764 2195 3008 2250 Forsitan
3032 2198 3196 2264 enim,
3227 2201 3507 2267 magnifice
3534 2201 3655 2268 F.li,
3706 2204 3810 2256 ali-

2230 2287 2356 2354 quid
2375 2287 2523 2340 illum
2551 2288 2604 2340 in
2627 2287 2898 2356 prosperis
2925 2287 3127 2356 positus
3147 2287 3434 2356 offendisti,
3458 2292 3597 2346 unde
3621 2300 3671 2346 te
3698 2293 3810 2346 cle-

2231 2379 2394 2432 menti
2425 2379 2778 2433 amaritudine
2805 2379 2918 2433 vult
2945 2382 3183 2448 purgari.
3223 2379 3287 2432 Et
3316 2383 3436 2436 ideo
3469 2399 3568 2437 nec
3599 2392 3808 2453 tempo-

2229 2469 2354 2522 ralis
2380 2478 2432 2522 te
2452 2467 2660 2536 frangat
2681 2466 2918 2534 afﬂictio,
2939 2485 3037 2524 nec
3062 2485 3237 2524 rerum
3254 2470 3445 2523 damna
3463 2471 3810 2540 discrucieut,

2173 2570 2191 2590 ο
2229 2557 2351 2625 quia
2382 2557 2422 2611 si
2448 2557 2498 2610 in
2526 2558 2763 2612 adversis
2785 2560 2984 2626 gratias
3005 2557 3259 2625 referens,
3286 2559 3452 2614 Deum
3480 2561 3574 2614 tibi
3597 2563 3810 2630 patien-

2231 2648 2301 2700 tia
2332 2646 2520 2701 feceris
2544 2663 2663 2702 esse
2692 2649 3026 2717 placabilem,
3059 2659 3112 2704 et
3133 2663 3250 2718 qua:
3279 2653 3470 2706 amissa
3497 2661 3635 2717 sunt,
3667 2653 3810 2705 inul-

2231 2737 2468 2806 tiplicata
2494 2737 2803 2802 reddentur,
2837 2748 2891 2794 et
2919 2756 3079 2809 super
3104 2742 3216 2796 lnec
3236 2754 3338 2810 gau
3360 2743 3425 2795 Bia
3449 2752 3647 2796 aeterna
3670 2758 3812 2812 prte-

2230 2837 2459 2883 stantur.
2494 2828 2625 2883 Peto
2655 2843 2833 2884 autem
2876 2847 2942 2885 ne
2980 2832 3292 2900 injuriosum
3323 2833 3530 2888 ducatis
3557 2835 3697 2902 quod
3728 2836 3813 2888 vi-

2229 2921 2360 2986 ginti
2409 2936 2616 2976 annuos
2647 2923 2872 2976 vestitus
2903 2923 2968 2975 ad
3017 2939 3212 2990 pueros
3241 2933 3451 2979 vestros
3481 2940 3576 2994 per
3608 2925 3812 2979 Roma-

2232 3026 2359 3063 num
2406 3011 2741 3065 defensorem
2771 3013 3082 3079 scripsimus
3130 3015 3371 3082 prmberi,
3403 3016 3526 3082 quia
3566 3016 3633 3070 de
3661 3017 3812 3071 beati

551 3103 959 3168 transmisimus,
993 3113 1052 3155 ut
1073 3111 1125 3155 tu
1153 3117 1272 3155 cum
1301 3101 1499 3155 eisdem
1527 3100 1880 3153 creditoribus
1908 3098 2117 3151 subtili-
2154 3098 2199 3159 C
2231 3101 2375 3156 Petri
2405 3103 2647 3170 Apostoli
2677 3104 2855 3167 rebus,
2887 3104 3128 3171 quamvis
3156 3119 3318 3171 parva
3368 3108 3475 3160 sint
3515 3123 3634 3174 qum
3675 3107 3813 3163 olfe-

551 3205 631 3249 ter
658 3195 894 3262 loquaris
925 3205 945 3232 ε
977 3202 1032 3247 et
1069 3195 1330 3250 rationem
1369 3192 1591 3256 reddas,
1639 3192 1762 3259 quia
1795 3189 1960 3244 filium
2009 3190 2125 3259 ejus

549 3299 706 3356 quem
755 3291 938 3338 tenere
987 3282 1255 3344 dicuntur,
1296 3280 1586 3336 secundum
1617 3280 1761 3348 leges
1809 3288 1992 3334 tenere
2018 3296 2125 3336 non

548 3380 793 3444 possunt.
824 3369 887 3424 Et
914 3370 959 3424 si
982 3377 1160 3439 potest
1183 3368 1316 3435 fieri,
1341 3369 1408 3420 ad
1431 3368 1628 3436 aliquid
1652 3369 1825 3422 minus
1845 3383 2005 3436 quam
2029 3384 2126 3423 nos

548 3461 791 3516 dedimus
811 3459 1270 3522 condescendant;
1297 3455 1623 3524 etquidquid
1653 3456 1718 3509 de
1749 3455 1948 3509 eisdem
1967 3471 2124 3509 sexa-

547 3553 694 3620 ginta
719 3549 906 3604 solidis
949 3547 1285 3613 remanserit,
1320 3546 1417 3615 ipsi
1451 3545 1618 3610 trade,
1650 3553 1708 3598 ut
1738 3560 1856 3598 cum
1889 3543 1998 3598 ﬁlio
2027 3560 2124 3598 suo

549 3641 740 3696 exinde
771 3642 952 3694 vivere
983 3639 1177 3692 valeat.
1209 3638 1264 3691 Si
1309 3646 1486 3692 autem
1519 3637 1592 3690 nil
1622 3645 1882 3701 remanet,
1924 3637 2009 3691 vel
2054 3635 2124 3689 ad

547 3733 793 3787 eamdem
840 3731 1079 3785 debitum
1127 3731 1242 3798 ejus
1286 3745 1545 3784 summam
1594 3729 1832 3783 incidere
1861 3728 2034 3794 stude,
2068 3738 2126 3782 ut

546 3822 715 3894 possit
734 3822 833 3877 sibi
857 3821 1022 3875 libere
1045 3818 1383 3890 postmodum
1411 3819 1684 3883 laborare;
1710 3819 1812 3872 hoc
1836 3826 2011 3871 tamen
2037 3833 2126 3872 so—

545 3913 710 3968 lerter
731 3926 850 3979 age,
874 3919 949 3977 ut,
969 3910 1205 3979 acceptis
1231 3908 1435 3974 solidis,
1466 3909 1515 3962 ei
1545 3909 1841 3978 plenarium
1867 3908 2124 3962 munitio-

545 4022 666 4062 nem
688 4007 889 4075 scripto
917 4005 1254 4060 conficiant.»
1279 4002 1415 4076 (Lib.
1439 4020 1510 4069 IV,
1533 4020 1612 4072 ep.
1639 4002 1752 4073 45.)
1776 4002 1905 4057 Item
1918 4001 2124 4070 Grego-

544 4100 655 4154 rius
679 4097 922 4153 Castorio
961 4097 1209 4163 diacono,
1239 4105 1293 4150 et
1319 4095 1644 4148 chartulario
1675 4093 1963 4158 Ravennae,
1989 4095 2126 4148 inter

544 4200 739 4246 cmtera
772 4208 784 4243 :
823 4209 839 4240 ‹
868 4188 1207 4244 Valerianum
1238 4187 1581 4251 monachum,
1603 4199 1760 4253 quem
1783 4184 2123 4238 emendatum

545 4282 597 4334 in
623 4279 949 4336 monasterio
969 4279 1111 4332 beati
1131 4277 1351 4332 Joannis
1369 4278 1421 4330 in
1442 4275 1624 4330 Classe
1645 4276 1818 4345 posito
1840 4274 2122 4340 tradidisti,

546 4373 601 4425 in
630 4386 697 4425 eo
725 4385 848 4425 eum
896 4369 1224 4424 monasterio
1263 4368 1379 4422 sine
1426 4367 1588 4421 dubio
1637 4368 1881 4422 volumus
1911 4383 2123 4437 perma-

545 4474 694 4514 nere.
737 4458 1022 4523 Prieterea,
1071 4473 1138 4512 ne
1185 4472 1342 4526 quam
1388 4458 1762 4513 necessitatem
1794 4459 1845 4511 in
1875 4459 2123 4525 expensis

545 4561 636 4607 tua
666 4551 1000 4620 experientia
1027 4551 1278 4619 patiatur,
1310 4550 1376 4604 de
1401 4550 1663 4604 reditibus
1691 4558 1889 4604 sancta:
1921 4550 2122 4606 Roma-

545 4656 630 4698 nte
654 4640 923 4706 Ecclesiae,
948 4641 1037 4708 qui
1064 4640 1193 4706 illic,
1223 4647 1276 4694 te
1303 4638 1636 4707 providente,
1672 4637 1942 4707 aggregati
1973 4650 2117 4707 sunt,

545 4747 748 4789 omnes.
775 4745 1036 4800 expensas
1072 4737 1190 4783 tuas
1233 4737 1285 4782 te
1315 4727 1490 4783 facere
1512 4729 1792 4794 volumus;
1839 4738 1891 4782 et
1919 4731 1963 4782 si
1995 4731 2118 4798 quid

543 4828 887 4898 superfuerit,
912 4826 1085 4891 nobis,
1115 4841 1232 4880 cum
1262 4827 1493 4892 veneris,
1524 4825 1692 4879 defer.
1733 4845 1749 4877 ι
1787 4825 1924 4895 (Lib.
1951 4843 2000 4892 v,
2033 4844 2114 4893 ep.

545 4918 663 4988 28.)
687 4918 818 4972 item
841 4915 1130 4985 Gregorius
1152 4915 1393 4970 Romano
1422 4916 1688 4971 defensori
1717 4935 1728 4968 ε
1768 4936 1784 4968 ι
1812 4917 2120 4972 Divinorum

548 5024 646 5063 nos
669 5009 958 5064 admonent
981 5008 1192 5077 eloquia
1224 5017 1610 5077 praeceptorum
1637 5009 2013 5061 necessitatem
2039 5023 2124 5075 pa-

547 5101 804 5154 tientibus
855 5098 1274 5154 ecclesiasticum
1329 5099 1566 5166 praebere
1617 5098 1932 5152 subsidium.
1991 5099 2123 5163 Quia

549 5202 678 5258 ergo
725 5187 1102 5244 dilectissimus
1133 5187 1270 5244 filius
1313 5194 1496 5242 noster
1532 5184 1831 5256 Cyprianus
1868 5187 2128 5246 diaconus

623 5392 648 5420 ι
688 5379 918 5448 Vulgati,
945 5389 1236 5448 prapterea.

547 5461 646 5578 uo
677 5450 865 5532 .Beatae
908 5451 1084 5504 Mariae
1113 5450 1305 5518 Paris.,
1349 5449 1525 5516 Colb.,
1557 5448 1766 5505 Gemet.
1817 5464 1879 5504 ac
1924 5449 2118 5517 Bfgom

610 5538 764 5575 anni.

610 5538 764 5575 anni.

623 5601 644 5659 ἐ
682 5589 846 5659 [idem
877 5603 993 5642 cum
1025 5589 1252 5659 Andeg.,
1287 5598 1333 5642 et
1365 5591 1646 5645 rationibus
1678 5591 1881 5641 reddas.

622 5658 647 5697 ἀ
689 5657 857 5726 Bigot.
895 5669 945 5712 ct
975 5657 1208 5724 Gemet.,
1241 5661 1349 5714 sola
1379 5673 1448 5713 cst
1477 5661 1755 5714 consolatio
1783 5661 2119 5712 omnit‘rcufo-

2228 3198 2429 3255 rantur,
2453 3205 2551 3258 pro
2573 3204 2763 3258 magna
2780 3190 3152 3245 benedictione
3171 3192 3505 3261 suscipienda
3525 3203 3652 3248 sunt
3675 3210 3812 3250 sern-

2228 3294 2347 3352 per,
2375 3281 2629 3349 quoniam
2652 3287 2705 3334 et
2737 3281 2822 3334 hic
2846 3281 2994 3336 vobis
3018 3282 3218 3350 majora
3247 3283 3444 3337 valebit
3467 3285 3808 3353 impendere,

2227 3378 2282 3425 et
2317 3372 2458 3442 apud
2504 3371 2924 3441 omnipotentem
2953 3373 3118 3426 Deum
3147 3373 3408 3429 beneficia
3437 3386 3635 3430 aeterna
3667 3393 3811 3445 prce-

2227 3473 2386 3519 stare.
2426 3485 2444 3516 ›
2499 3463 2636 3534 (Lib.
2688 3482 2741 3528 x,
2774 3482 2853 3532 ep.
2887 3464 3002 3532 51.)
3045 3464 3175 3518 ltem
3220 3465 3510 3533 Gregorius
3557 3467 3811 3539 Philippo

2227 3555 2581 3625 presbytero:
2641 3574 2658 3605 ι
2695 3554 2916 3623 Suscepi
2965 3553 3220 3622 epistolas
3247 3554 3548 3611 dilectionis
3591 3565 3712 3620 tuae,
3745 3558 3807 3612 in

2227 3648 2421 3717 quibus
2436 3648 2580 3701 mihi
2609 3649 2945 3702 innotescere
2970 3647 3170 3702 curasti
3199 3647 3345 3717 quod
3374 3649 3453 3701 vir
3478 3650 3808 3704 venerabilis

2228 3739 2486 3793 Andraeas
2515 3739 2792 3809 presbyter
2819 3738 2886 3794 de
2915 3739 3016 3793 hac
3054 3739 3171 3794 luce
3191 3740 3519 3809 migraverit.
3550 3740 3624 3796 De
3649 3741 3808 3810 cujus

2228 3829 2504 3898 ereptione
2531 3829 2742 3896 gavisus
2766 3843 2881 3883 sum
2903 3869 2916 3895 ,
2959 3829 3081 3896 quia
3111 3829 3176 3882 ad
3203 3844 3267 3884 ea
3292 3844 3409 3897 qua:
3431 3844 3641 3899 semper
3664 3829 3680 3867 ί
3707 3845 3810 3884 ειε-

2227 3919 2383 3989 petiit
2424 3919 2613 3986 gaudia
2657 3927 2857 3973 aeterna
2889 3919 3149 3986 pervenit.
3184 3917 3259 3972 De
3301 3919 3484 3973 solidis
3510 3934 3658 3984 vero,
3708 3921 3804 3988 qui

2229 4025 2328 4079 pro
2357 4009 2602 4064 faciendo
2633 4008 2970 4062 xenodochio
2996 4024 3026 4062 a
3055 4007 3162 4063 tilio
3194 4015 3377 4062 nost'o
3401 4007 3578 4063 Probo
3606 4009 3806 4063 abbate

2226 4099 2572 4169 Jerosolymis
2598 4099 2770 4154 relicti
2791 4106 2933 4162 sunt,
2956 4099 3058 4153 hoc
3087 4098 3230 4166 quod
3252 4097 3600 4153 deliberatum
3630 4099 3806 4152 fuerat

2229 4195 2287 4240 ut
2333 4186 2449 4242 fieri
2489 4187 2760 4242 debuisset
2793 4187 3076 4241 immutare
3115 4202 3222 4240 non
3250 4187 3420 4256 potui,
3459 4187 3550 4241 sed
3583 4188 3806 4241 benedi-

2228 4280 2463 4334 ctionem
2491 4279 2764 4348 parvulam
2791 4279 3060 4333 sanctitati
3081 4286 3273 4332 vestrae
3297 4279 3682 4347 quinquaginta
3709 4295 3804 4334 so-

2229 4367 2366 4422 lidos
2396 4368 2685 4422 transmisi.
2723 4387 2740 4419 ι
2776 4365 2912 4437 (Lib.
2943 4382 3057 4432 xm,
3079 4383 3158 4434 ep.
3190 4365 3302 4436 29.)

2301 4457 2388 4512 56.
2433 4458 2669 4526 Longum
2699 4465 2782 4512 est
2811 4457 3073 4525 nimisque
3095 4455 3331 4521 difficile,
3360 4457 3406 4511 si
3431 4455 3805 4526 eleemosyna-

2230 4565 2347 4603 rum
2378 4548 2492 4616 ejus
2518 4548 2707 4603 saltem
2739 4546 3038 4615 hujusmodi
3067 4561 3362 4615 prosequar
3391 4547 3661 4612 actiones;
3703 4546 3805 4601 hoc

2229 4641 2463 4694 breviter
2501 4654 2704 4704 assero,
2746 4638 2867 4706 quia
2899 4647 2954 4693 et
2982 4652 3089 4691 non
3120 4636 3424 4706 petentibus
3458 4636 3596 4689 ultro
3627 4635 3805 4690 distri-

2228 4732 2360 4795 huit,
2391 4739 2445 4783 et
2471 4730 2717 4783 omnibus
2739 4729 2836 4782 sibi
2862 4727 3164 4797 petentibus
3192 4726 3434 4780 hilariter
3463 4725 3802 4778 ministravit.

2229 4818 2379 4872 Unde
2417 4816 2543 4869 Elize
2573 4817 2884 4886 presbytero
2924 4826 2978 4870 et
3021 4815 3199 4867 abbati
3231 4815 3516 4882 provinciae
3546 4812 3801 4867 Isauriae:

2233 4927 2248 4957 ι
2283 4918 2304 4953 s
2338 4906 2623 4974 Evangelia
2651 4946 2667 4969 ,
2702 4906 2908 4973 inquit,
2940 4906 3077 4959 sicut
3123 4907 3414 4961 mandastis
3439 4948 3453 4970 ,
3497 4909 3804 4962 transmisi-

2226 5012 2363 5051 mus.
2392 5015 2409 5048 ι
2447 4995 2513 5049 Ει
2542 5003 2665 5065 post
2710 5010 2877 5063 pauca
2906 5035 2917 5047 .
2954 5014 2972 5045 ι
2999 4994 3210 5049 Solidos
3243 5003 3424 5049 autem
3457 4997 3608 5050 vobis
3636 4996 3807 5050 volui-

2228 5087 2323 5142 stis
2350 5101 2448 5155 pro
2478 5084 2888 5140 necessitatibus
2927 5083 3072 5137 cellze
3106 5084 3492 5153 quinquaginta
3517 5085 3806 5138 transmitti

2228 5191 2364 5246 quos
2392 5177 2615 5233 multum
2644 5189 2762 5230 esse
2791 5174 3158 5229 existimantes
3181 5214 3195 5240 ,
3225 5189 3293 5229 ex
3322 5176 3399 5229 eis
3441 5175 3598 5230 nobis
3623 5174 3808 5229 decem

2232 5377 2324 5438 ris,
2355 5389 2462 5428 uno
2487 5374 2676 5441 verbo,
2698 5381 2759 5427 ut
2781 5373 2976 5428 dicitur
2999 5371 3380 5442 omnipotentis.

2305 5435 2328 5480 ὁ
2367 5443 2544 5508 Colb.,
2576 5435 2808 5512 Tui-om,
2838 5443 3041 5512 Andeg.
3075 5435 3293 5512 et'plur.
3334 5439 3486 5503 Mss,
3532 5435 3806 5512 subripuit.

2305 5513 2323 5551 ί
2367 5507 2564 5582 Turon.
2596 5521 2649 5567 et
2677 5507 2914 5582 Gemet.,
2943 5507 3173 5582 eipcdit.
3202 5511 3399 5582 Bigot.,
3435 5507 3734 5582 egpediunt.

2301 5593 2324 5628 α
2365 5581 2505 5637 Edit.
2542 5582 2711 5639 Vatic.
2746 5591 2800 5639 et
2828 5579 3018 5650 Guss.,'
3046 5579 3426 5636 reluctantibus
3462 5579 3618 5644 Mss,
3657 5591 3808 5634 evan.

2227 5656 2479 5725 gelistam.
