4018 6310
251 258 350 317 H7

842 254 898 309 S.
941 250 1265 310 GBEGORII
1304 221 1505 305 Pille
1548 248 1727 311 VITA,
1763 246 1963 303 AUCT.
2006 244 2268 301 JOANNE
2310 247 2630 307 DlACONO.
2675 251 2801 310 LIB.
2846 255 2907 310 ll.

3416 260 3520 314 H8

250 372 518 440 donastis,
552 382 608 426 ut
631 369 978 439 quadraginta
1002 369 1355 424 mitteremus.
1386 365 1491 421 Sed
1519 379 1584 419 ne
1607 360 1827 416 forsitan
1858 360 1902 419 Α
1935 359 2149 427 quidem
2178 360 2505 419 chartulario
2531 373 2715 422 nostro
2736 368 3372 438 narrante,eoguovim‘us
3395 372 3522 440 quia

252 472 310 522 et
336 465 443 522 hoc
469 476 627 534 grave
655 467 813 525 esset,
842 469 865 496 ε
890 459 1024 515 alios
1045 458 1200 513 nobis
1229 472 1293 512 ex
1323 456 1399 512 eis
1428 454 1601 510 adhuc
1626 454 1829 523 dignati

254 555 386 613 estis
415 552 607 622 largiri.
639 550 743 606 Sed
770 550 894 620 quia
924 564 1019 605 vos
1046 549 1203 604 valde
1225 549 1277 603 in
1300 546 1633 603 continentia
1654 552 1834 599 vestra

254 646 511 716 benignos
553 643 885 710 invenimus,
925 641 1098 697 eidem
1145 639 1469 709 benignitati
1514 638 1634 692 vice
1677 635 1836 691 simili

256 737 658 810 respondentes,
688 734 1073 805 quinquaginta
1103 731 1519 787 transmisimus.
1546 729 1614 783 Et
1637 742 1703 782 ne
1730 727 1837 781 for-

254 828 394 885 sitan
421 826 598 881 minus
638 830 816 892 esset,
861 823 999 879 alios
1047 821 1238 877 decem
1284 818 1712 889 superaddimus.
1760 815 1836 869 Ne

253 934 382 975 vero
406 926 461 975 et
484 919 589 973 hoc
613 916 794 973 adhuc
820 917 1000 972 minus
1029 921 1191 980 esset,
1222 913 1359 968 alios
1386 911 1661 966 duodecim
1686 909 1836 978 jungi

253 1008 497 1063 fecimus.
548 1004 607 1061 In
653 1005 759 1061 hoc
788 1013 968 1060 autem
997 1002 1371 1072 cognoscimus
1400 999 1714 1055 charitatem
1738 1012 1833 1051 ve-

254 1107 441 1162 stram,
473 1096 599 1167 quia
645 1096 715 1153 de
762 1096 919 1151 nobis
945 1094 1018 1148 ita
1049 1093 1386 1164 praesumitis,
1417 1092 1552 1146 sicut
1579 1104 1675 1144 vos
1702 1103 1835 1158 pra:-

254 1203 466 1245 sumere
494 1187 725 1244 debetis.
757 1206 777 1239 ›
833 1183 991 1257 (Lib.
1023 1200 1055 1239 v
1079 1224 1095 1250 ,
1144 1201 1225 1252 ep.
1284 1183 1408 1251 57.)

327 1319 414 1373 57.
455 1318 593 1375 Item
632 1319 889 1374 Juliano:
924 1336 942 1369 ι
969 1316 1165 1371 Gloriae
1207 1325 1395 1369 vestrae
1434 1315 1629 1383 scripta
1665 1311 1834 1366 susci-

254 1410 428 1482 piens,
458 1409 688 1479 legenda
720 1410 871 1473 laetus
898 1408 1103 1477 aperui,
1152 1405 1245 1460 sed
1274 1404 1439 1458 tristis
1482 1403 1714 1473 perlecta
1754 1417 1835 1456 rc-

255 1500 478 1569 plieavi.
527 1499 589 1555 ln
634 1500 940 1570 eisquippe
967 1496 1242 1552 dicebatur
1266 1492 1408 1561 quod
1439 1493 1655 1562 pudoris
1678 1507 1837 1548 causa

254 1589 423 1646 fuerit
449 1589 582 1646 mihi
609 1605 707 1645 vos
734 1604 795 1644 ea
821 1602 938 1656 quae
962 1583 1189 1641 dicenda
1214 1591 1370 1638 erant
1398 1590 1642 1652 tempore
1667 1584 1839 1639 multo

253 1682 518 1737 tacuisse.
550 1680 615 1734 Et
646 1688 847 1734 certum
878 1685 960 1731 est
983 1675 1108 1743 quia
1138 1674 1313 1728 minus
1348 1681 1585 1741 amatur,
1624 1675 1717 1745 qui
1742 1675 1837 1729 ad-

250 1770 367 1827 huc
388 1770 742 1826 erubescitur.
770 1768 983 1837 Absque
1008 1765 1168 1822 modo
1188 1766 1536 1821 contristatus
1554 1781 1695 1832 sum,
1713 1758 1839 1836 quia

258 1875 351 1915 me
380 1875 411 1913 a
442 1858 595 1914 vobis
619 1857 858 1927 comperi
886 1859 1063 1911 minus
1086 1870 1247 1924 quam
1273 1856 1664 1911 :estimavcram
1689 1872 1841 1912 ama-

256 1951 322 2006 ri.
354 1949 415 2003 In
443 1949 547 2003 hoc
576 1958 757 2001 autem
788 1947 812 1984 δ
843 1947 998 2001 valde
1048 1960 1135 2001 me
1162 1946 1451 2001 continetis
1500 1947 1546 2001 si
1583 1946 1845 2001 mercedis

256 2053 451 2095 causas
488 2037 619 2092 mihi
658 2036 874 2092 assidue
913 2035 1240 2105 providendo
1269 2036 1509 2092 studiose
1543 2037 1836 2107 requiritis.

258 2128 369 2184 Nec
397 2127 557 2183 debet
575 2142 695 2183 esse
725 2127 1061 2183 verecundiae
1090 2127 1139 2181 ei
1164 2127 1364 2196 aliquid
1392 2126 1458 2182 de
1489 2128 1841 2200 elecmosynis

260 2221 565 2289 importune
611 2219 813 2284 dicere,
844 2236 1003 2289 quem
1048 2228 1260 2275 constat
1303 2234 1411 2274 non
1456 2230 1599 2285 suas,
1645 2222 1740 2276 sed
1775 2220 1843 2276 ad

259 2310 675 2381 dispensandum
698 2324 786 2365 res
805 2324 1101 2380 pauperum
1122 2310 1338 2364 habere.
1362 2308 1438 2364 De
1461 2312 1637 2365 causis
1662 2312 1843 2380 itaque

260 2402 367 2471 71
392 2398 673 2466 mercedis,
700 2400 842 2469 apud
862 2401 1175 2470 episcopum
1196 2400 1366 2455 libere
1384 2412 1542 2467 agere
1562 2401 1841 2469 debuistis,

258 2491 474 2548 etiamsi
495 2506 675 2546 meum
699 2491 933 2545 animum
959 2488 1133 2559 qualis
1155 2489 1209 2543 in
1230 2504 1414 2544 amore
1436 2500 1620 2546 vestro
1644 2490 1845 2545 existe-

260 2591 349 2637 ret
369 2582 673 2637 nesciretis.
699 2580 987 2650 Postquam
1007 2578 1152 2634 enim
1174 2588 1228 2634 et
1248 2594 1346 2634 nos
1372 2580 1593 2634 omnino
1617 2580 1843 2649 gloriam

261 2678 501 2726 vestram
526 2670 822 2739 diligimus,
853 2678 909 2723 et
937 2668 1349 2738 dispensationis
1372 2667 1550 2723 locum
1578 2669 1631 2723 in
1660 2669 1843 2735 rebus,

260 2761 406 2817 sicut
433 2761 599 2825 scitis,
634 2774 931 2829 pauperum
958 2767 1222 2824 tenemus,
1250 2766 1450 2826 vestra,
1479 2758 1672 2826 fateor,
1702 2774 1849 2816 vere-

262 2851 459 2907 cundia
504 2850 663 2906 valde
698 2849 1018 2906 accusabilis
1055 2848 1175 2903 fuit.
1213 2849 1384 2915 Quam
1414 2849 1539 2906 ideo
1569 2858 1648 2906 tot
1674 2853 1852 2908 verbis

265 2941 599 3011 increpando
630 2942 902 3011 insequor,
943 2949 1003 2995 ut
1044 2940 1185 2996 hanc
1212 2956 1242 2994 a
1273 2941 1437 2997 corde
1466 2951 1643 2998 vestro
1672 2944 1848 2999 fundi-

266 3041 353 3088 tus
375 3032 655 3102 repellam,
681 3040 736 3087 et
758 3032 810 3086 in
832 3031 1094 3087 mercedis
1112 3046 1301 3086 causas
1322 3044 1572 3099 magnum
1599 3033 1848 3088 solatium

264 3133 459 3177 vestra:
479 3121 799 3192 provisionis
818 3120 1065 3176 habeam.
1094 3119 1421 3175 Monasterio
1445 3121 1625 3191 itaque
1644 3131 1848 3190 vestro,

266 3212 414 3281 quod
440 3226 470 3265 a
494 3210 647 3267 vobis
672 3210 727 3264 in
751 3209 1038 3267 Catanensi
1065 3211 1196 3265 urbe
1223 3218 1591 3266 constructum
1618 3220 1722 3281 est,
1755 3229 1852 3283 per

266 3300 583 3368 Adrianum,
620 3300 889 3356 notarium
917 3308 972 3355 et
998 3308 1267 3356 rectorem
1298 3301 1623 3371 patrimonii,
1657 3304 1851 3359 emissa

266 3393 525 3462 praecepti
565 3393 781 3462 pagina,
809 3392 995 3447 decem
1023 3405 1231 3447 annuos
1259 3391 1462 3447 solidos
1489 3393 1605 3447 dari
1630 3394 1855 3464 deputa—

267 3482 475 3537 vimus.‘
497 3483 646 3549 Quos
682 3482 913 3552 petimus
938 3482 1055 3537 sine
1086 3482 1277 3550 injuria
1320 3483 1539 3552 suscipi,
1581 3485 1706 3554 quia
1746 3500 1853 3540 non

268 3568 385 3624 haec
413 3568 569 3626 vobis
597 3577 784 3625 nostra
812 3569 1032 3637 oblatio,
1074 3569 1170 3625 sed
1206 3571 1377 3626 sancti
1409 3570 1553 3626 Petri
1581 3574 1855 3643 apostolo-

268 3675 389 3717 rum
432 3662 690 3734 principis
731 3662 1034 3720 benedictio
1080 3662 1320 3719 olfertur.
1351 3683 1369 3716 ι
1421 3662 1584 3735 (Lib.
1615 3681 1731 3734 xm,
1771 3684 1852 3736 ep.

270 3749 400 3821 i9.)

342 3863 437 3920 58.
478 3865 642 3930 Sane,
685 3869 812 3937 quia
852 3875 976 3923 sunt
1004 3870 1243 3926 nonnuli
1272 3871 1364 3940 qui
1393 3886 1455 3927 ea
1485 3872 1700 3942 quidem
1742 3886 1860 3942 qua:

270 3954 478 4011 habent
506 3958 782 4024 tribuunt,
827 3959 923 4014 sed
952 3959 1126 4015 aliena
1155 3975 1273 4030 qua:
1305 3978 1412 4017 non
1441 3962 1641 4017 habent
1672 3979 1862 4034 rapere

271 4060 385 4101 non
432 4046 729 4117 desistunt,
772 4057 829 4104 et
863 4049 990 4104 dum
1021 4051 1173 4107 valde
1206 4052 1376 4107 videri
1416 4054 1649 4109 munifici
1696 4069 1862 4125 appe-

272 4144 427 4201 tunt,
467 4136 732 4193 violenter
768 4139 835 4195 ab
872 4140 1192 4203 habentibus
1232 4142 1510 4210 auferunt,
1553 4158 1672 4213 quae
1711 4147 1864 4216 quasi

273 4228 701 4284 misericorditer
739 4245 845 4285 non
890 4232 1213 4288 habentibus
1246 4235 1560 4303 largiantur,
1604 4236 1737 4292 duas
1778 4237 1868 4293 hic

273 4317 523 4386 Gregorii
538 4319 796 4389 epistolas
809 4321 1006 4388 insero,
1022 4324 1216 4392 quibus
1228 4324 1563 4380 liberalitatis
1576 4327 1690 4396 ejus
1712 4328 1862 4384 inno-

1938 453 2177 506 modium
2220 467 2343 507 cum
2391 468 2497 522 quo
2546 458 2721 511 coloni
2769 456 3023 513 Ecclesia:
3077 458 3342 514 frument'a
3391 461 3521 517 dare

1939 542 2404 611 compellebantur
2443 545 2630 614 viginti
2681 558 2734 602 et
2773 548 3011 618 quinque
3048 551 3406 606 sextariorum
3435 552 3522 606 in-

1940 632 2187 699 veneris,
2234 633 2381 700 quod
2429 636 2736 691 omnimodo
2781 639 3045 693 exsecrati
3089 655 3308 707 sumus,
3358 649 3522 709 atque

1940 728 2183 782 eamdem
2222 728 2573 785 discussionis
2605 745 2819 785 causam
2854 736 2911 785 te
2947 731 3098 787 tarde
3126 731 3315 789 fecisse
3344 732 3520 795 dolui-

1939 835 2076 874 mus.
2124 817 2257 885 Quia
2303 835 2433 874 vero
2482 821 2730 876 eumdem
2780 820 3016 875 modium
3064 832 3117 877 te
3161 823 3422 893 fregisse,
3468 832 3524 878 et

1934 907 2137 976 justum
2165 906 2356 963 fecisse
2385 925 2800 978 commemoras,
2843 912 3012 980 gavisi
3034 928 3233 968 sumus.
3268 913 3375 968 Sed
3398 915 3524 984 quia

1938 996 2221 1067 pnedictus
2249 998 2608 1054 cbartularius
2637 1015 2900 1055 summam
2942 1016 3159 1071 quoque
3198 1004 3351 1058 nobis
3387 1004 3525 1081 iudi-

1938 1102 2063 1142 care
2086 1087 2289 1141 studuit
2313 1102 2431 1155 quae
2455 1089 2523 1142 de
2550 1088 2827 1145 fraudibus
2849 1092 3238 1147 conductorum
3265 1094 3405 1163 apud
3440 1110 3529 1149 ex.

1938 1176 2254 1245 perientiam
2297 1186 2443 1230 tuam
2480 1178 2590 1245 jam
2633 1180 2699 1233 de
2737 1179 2947 1235 duobus
2971 1184 3255 1238 territoriis
3292 1193 3374 1238 est
3416 1186 3528 1239 col-

1938 1269 2098 1333 lecta,
2125 1266 2265 1321 sicut
2289 1274 2340 1321 te
2369 1268 2608 1323 studiose
2640 1267 2830 1323 fecisse
2850 1310 2865 1336 ,
2898 1271 3068 1326 fracto
3099 1273 3297 1341 injusto
3326 1276 3525 1341 modio,

1938 1358 2261 1427 gaudemus;
2305 1355 2331 1394 ἀ
2373 1357 2496 1427 quia
2530 1358 2582 1411 in
2610 1358 2789 1414 futuro
2817 1360 2973 1415 nobis
3004 1361 3164 1422 etiam
3196 1363 3269 1417 ita
3299 1364 3366 1418 de
3396 1381 3526 1435 pec-

1939 1446 2073 1502 catis
2099 1446 2382 1516 pmeteritis
2410 1448 2735 1517 cogitamus,
2764 1464 2831 1503 ne
2858 1450 2901 1503 si
2927 1464 2990 1504 ea
3016 1466 3135 1520 qua:
3160 1449 3527 1509 fraudulenter

1942 1536 2301 1594 conductores
2339 1552 2370 1592 a
2399 1539 2624 1611 rusticis.
2662 1539 3029 1605 abstulerunt,
3079 1541 3147 1595 ad
3194 1557 3293 1597 nos
3337 1559 3527 1614 perve-

1942 1626 2121 1693 niant,
2157 1638 2381 1697 peccata
2411 1645 2531 1699 quae
2561 1630 2629 1685 ab
2668 1631 2795 1701 ipsis
2824 1640 3131 1702 perpetrata
3171 1642 3298 1688 sunt
3333 1636 3399 1691 ad
3429 1652 3528 1692 nos

1872 1724 1914 1782 Β
1943 1715 2243 1771 trahantur.
2272 1716 2340 1771 Et
2364 1717 2486 1773 ideo
2513 1718 2761 1775 volumus
2788 1736 2911 1774 cum
2938 1721 3084 1774 omni
3118 1720 3238 1785 fide,
3274 1724 3529 1793 omnique

1942 1805 2196 1875 puritate,
2229 1806 2569 1862 considerato
2600 1808 2793 1864 timore
2829 1810 3215 1880 omnipotentis
3249 1811 3344 1866 Dei
3374 1813 3531 1868 redu-

1943 1902 2028 1948 cta
2058 1894 2124 1949 ad
2171 1895 2489 1950 memoriam
2537 1896 2875 1952 districtione
2902 1900 3046 1953 beati
3088 1898 3233 1955 Petri
3278 1902 3529 1971 apostoli,

1944 1999 2041 2053 per
2060 2000 2495 2055 unamquamque
2521 2002 2752 2043 massam
2779 1990 3002 2046 colonos
3030 2005 3294 2062 pauperes
3318 2002 3374 2048 et
3399 1995 3529 2049 indi-

1943 2079 2131 2141 gentes
2160 2074 2549 2142 experientiam
2590 2084 2735 2130 tuam
2782 2076 3120 2146 describere,
3148 2088 3309 2149 atque
3347 2097 3411 2136 ex
3456 2084 3533 2137 eis

1942 2163 2183 2234 pecuniis
2215 2180 2333 2235 quae
2359 2166 2412 2219 in
2443 2166 2717 2222 fraudibus
2746 2176 2870 2224 sunt
2900 2170 3131 2226 inventas
3162 2187 3373 2239 vaccas,
3406 2189 3533 2229 oves

1942 2268 2244 2323 porcosqne
2272 2270 2607 2325 comparare,
2639 2265 2694 2312 et
2720 2258 2943 2328 singulis
2972 2259 3179 2316 colonis
3207 2263 3532 2332 pauperibus

1943 2359 2035 2399 eas
2063 2344 2403 2401 distribuere.
2433 2345 2587 2412 Quod
2616 2348 2796 2405 facere
2826 2357 2880 2405 te
2909 2365 3032 2406 cum
3061 2351 3290 2407 consilio
3321 2353 3415 2407 viri
3445 2368 3534 2407 re-

1941 2440 2312 2497 verendissimi
2352 2443 2535 2499 domni
2575 2443 2797 2501 Joannis
2839 2447 3081 2517 episcOpi
3126 2456 3289 2518 atque
3313 2447 3532 2506 Adriani

1943 2528 2260 2586 cbartularii
2297 2534 2467 2589 nostri
2496 2544 2552 2591 et
2578 2537 2805 2592 rectoris
2837 2538 3101 2593 volumus.
3136 2537 3191 2592 Si
3221 2546 3403 2593 autem
3442 2553 3535 2593 ne~

1944 2633 2096 2675 cesse
2144 2631 2366 2692 propter
2409 2626 2690 2683 consilium
2737 2627 2935 2694 fuerit,
2987 2630 3151 2685 etiam
3200 2631 3339 2685 illius
3382 2645 3533 2686 meus

1947 2707 2175 2766 domnus
2212 2711 2453 2772 Julianus
2481 2715 2642 2772 debet
2667 2717 2946 2787 adhiberi,
2989 2720 3065 2775 ita
3105 2728 3160 2775 ut
3201 2722 3378 2776 nullus
3405 2722 3536 2777 alius

1948 2800 2053 2855 hoc
2094 2813 2412 2871 cognoscat,
2457 2807 2556 2862 sed
2594 2809 2816 2864 omnino
2861 2819 3129 2865 secretum
3160 2812 3249 2865 sit.
3291 2814 3397 2882 72
3427 2811 3537 2867 Vos

1952 2890 2114 2960 igitur
2147 2893 2289 2962 apud
2316 2910 2411 2950 vos
2439 2905 2768 2965 pertractate
2796 2907 2979 2953 utrum
3009 2899 3062 2952 in
3091 2914 3246 2965 auro,
3291 2915 3359 2954 an
3392 2908 3540 2956 certe

1953 2983 2212 3049 pecuniis,
2243 2983 2446 3039 eisdem
2473 2986 2681 3040 colonis
2709 2988 3037 3056 pauperibus
3060 2987 3175 3041 dari
3203 2988 3391 3045 eadem
3420 3005 3541 3045 con-

1876 3069 1921 3131 C
1957 3070 2180 3125 tinentia
2206 3072 2419 3127 debeat.
2467 3073 2735 3146 Quidquid
2765 3092 2895 3131 vero
2926 3079 3284 3135 communiter
3307 3080 3541 3148 steterit,

1954 3159 2100 3229 prius
2130 3160 2580 3231 descriptionem,
2612 3165 2752 3220 sicut
2779 3165 3031 3235 praedixi,
3071 3165 3267 3233 facito,
3311 3174 3366 3223 et
3394 3177 3542 3238 posta

1954 3249 2171 3305 modum
2221 3252 2446 3322 singulis
2487 3253 2642 3322 juxta
2688 3255 3164 3337 qualitatem‘succ
3210 3260 3543 3329 paupertatis

1955 3342 2277 3399 distribuere
2306 3344 2479 3400 stude.
2513 3344 2629 3416 Ego
2658 3346 2822 3413 enim,
2856 3347 2996 3403 sicut
3027 3347 3279 3417 Magister
3306 3350 3543 3419 gentium

1959 3442 2202 3500 testatur,
2233 3435 2410 3492 habeo
2437 3438 2641 3507 omnia,
2669 3446 2724 3494 et
2751 3439 2987 3507 abundo,
3016 3455 3113 3497 nec
3141 3444 3421 3512 pecunias,
3451 3444 3545 3500 sed

1958 3526 2261 3582 mercedem
2292 3543 2475 3598 quaero
2508 3529 2684 3601 (Phil.
2716 3531 2823 3602 tv).
2854 3531 2933 3587 Ita
2962 3547 3092 3603 ergo
3122 3547 3238 3604 age,
3285 3544 3344 3590 ut
3372 3536 3426 3589 in
3456 3535 3547 3592 die

1954 3617 2140 3687 judicil
2161 3619 2227 3675 de
2248 3621 2435 3677 eadem
2457 3638 2620 3678 causa
2647 3624 2913 3681 mercedis
2934 3641 3051 3695 quae
3074 3626 3421 3695 experientiae
3445 3638 3549 3682 tua:

1961 3709 2248 3766 commissa
2287 3719 2370 3766 est
2405 3712 2539 3766 mihi
2576 3712 2806 3769 fructum
2839 3727 2999 3782 quem
3035 3714 3229 3769 feceris
3270 3714 3547 3770 ostendas.

1962 3800 2117 3867 Quod
2146 3803 2193 3856 si
2222 3818 2355 3872 pure
2383 3812 2437 3859 et
2466 3804 2696 3860 fideliter
2724 3821 2788 3861 ac
2813 3814 3033 3863 strenue
3058 3806 3255 3876 egeris,
3286 3815 3341 3861 et
3370 3806 3460 3862 hic
3489 3808 3551 3862 il-

1963 3890 2071 3944 lum
2102 3891 2155 3945 in
2184 3890 2306 3946 ﬁliis
2335 3892 2438 3948 tuis
2468 3892 2718 3962 recipies,
2767 3903 2823 3949 et
2865 3895 3209 3963 postmodum
3238 3896 3551 3953 retributio-

1966 3996 2089 4036 nem
2115 3982 2415 4052 plenariam
2443 3984 2497 4038 in
2527 3985 2716 4040 aeterni
2741 3983 2937 4055 judicis
2965 3986 3213 4042 examine
3254 3986 3498 4043 habebis.
3528 4005 3548 4039 ι

1969 4070 2121 4140 (Lib.
2154 4089 2228 4140 ιιι,
2259 4090 2339 4143 ep.
2373 4074 2464 4143 ⁵5.)

2040 4161 2169 4225 ltem
2202 4162 2340 4217 idem
2370 4162 2532 4220 Petro
2559 4164 2889 4220 subdiacono
2918 4183 2931 4218 :
2963 4185 2980 4217 ι
3008 4162 3164 4233 Quod
3190 4166 3554 4237 responsalem

1970 4259 2119 4305 tuum
2148 4252 2300 4308 tarde
2328 4252 2643 4321 dimisimus,
2676 4250 2940 4324 paschalis
2984 4255 3290 4313 festivitatis
3329 4272 3556 4327 occupa-

1971 4342 2207 4397 tionibus
2240 4344 2515 4413 implicati,
2547 4360 2668 4400 eum
2692 4342 2944 4402 relaxare
2965 4347 3122 4403 citius
3143 4349 3362 4404 minime
3388 4350 3558 4404 valui-

274 4410 458 4465 centia
506 4410 827 4466 mirabiliter
876 4413 1152 4469 doceatur.
1206 4404 1294 4470 Ᾱίῑ
1340 4418 1484 4471 enim
1534 4419 1587 4473 ἰιι
1641 4420 1867 4489 epistola
1896 4423 2109 4486 Dmus,
2162 4404 2363 4488 Causas
2412 4404 2539 4489 vel-Io
2594 4434 2650 4490 in
2707 4435 2899 4504 quibus
2958 4436 3298 4493 indicandum
3359 4440 3559 4496 curasti

277 4498 599 4554 Pantaleoni
645 4502 859 4555 notario
898 4519 912 4554 :
962 4521 981 4555 ς
1015 4502 1359 4574 Experientia
1412 4515 1543 4575 tua,
1587 4509 1730 4577 quod
1781 4511 1864 4565 vel

276 4591 440 4661 quale
466 4591 608 4661 apud
632 4594 1049 4649 sacratissimum
1077 4612 1274 4666 corpus
1298 4599 1441 4653 beati
1470 4599 1610 4655 Petri
1638 4603 1867 4671 apostoli

277 4678 655 4747 jusjurandum
677 4682 983 4750 praebuerit,
1007 4699 1213 4740 memor
1232 4696 1333 4742 est.
1361 4686 1513 4743 Unde
1536 4705 1634 4746 nos
1654 4706 1869 4760 quoque

279 4769 460 4823 securi
500 4768 848 4826 discussionis
894 4774 944 4828 ei
987 4788 1177 4830 causas
1223 4776 1277 4830 in
1322 4778 1647 4847 patrimonio
1698 4784 1870 4851 partis

281 4858 637 4929 Syracusana:
656 4864 1046 4920 commisimus.
1073 4864 1296 4937 Oportet
1318 4883 1446 4939 ergo
1470 4880 1522 4927 te
1545 4871 1700 4929 fidem
1725 4884 1868 4929 tuam

283 4953 343 5005 et
364 4949 610 5019 ejusdem
630 4953 775 5007 beati
800 4952 943 5034 Petri
972 4958 1202 5026 apostoli
1233 4960 1481 5016 timorem
1512 4979 1724 5034 semper
1752 4976 1876 5022 ante

284 5040 480 5095 oculos
517 5042 741 5106 habere,
784 5030 945 5113 atque
994 5048 1067 5101 ita
1100 5062 1261 5117 agere
1314 5058 1372 5104 ut
1427 5068 1601 5123 neque
1630 5030 1694 5108 in
1745 5071 1876 5125 pra:-

285 5132 431 5186 senti
457 5133 565 5186 vita
594 5135 665 5189 ab
704 5136 1032 5206 hominibus,
1066 5153 1239 5210 neque
1279 5142 1346 5197 ab
1385 5146 1739 5216 omnipotenti
1770 5149 1879 5204 Deo

288 5224 346 5279 in
385 5234 637 5285 extremo
661 5227 865 5298 judicio
908 5232 1087 5290 valeas
1128 5237 1467 5306 reprehendi.
1501 5252 1524 5282 α
1557 5242 1772 5300 Valerio
1816 5245 1883 5301 si-

366 5444 393 5513 ξ
432 5439 493 5513 ζιι
524 5443 786 5513 Vulgatis,
818 5448 951 5504 alios
979 5450 1170 5506 decem.

366 5505 512 5593 [ita
543 5505 695 5580 Mss.”
725 5505 1289 5593 quibusuconsentinnt
1316 5524 1588 5593 Bolland.,
1631 5525 1795 5584 Gilot.
1828 5539 1885 5587 et

297 5578 596 5663 bfabilqex
629 5578 801 5652 parte.
826 5586 883 5642 lu
906 5589 1062 5663 Guss.
1088 5601 1141 5645 ct
1169 5578 1532 5663 Vatic.,vralde
1551 5578 1883 5656 iliacae”:

313 5659 438 5719 alia,
475 5659 638 5707 ειη...
670 5671 770 5710 ηοη
802 5659 1077 5717 requiritis.

1974 4540 2159 4580 omnes
2187 4526 2455 4582 subtiliter
2481 4530 2852 4599 perquirentes
2875 4572 2891 4599 ,
2935 4532 3163 4601 qualiter
3200 4532 3562 4601 disposuimus

1974 4613 2195 4670 inferius
2224 4630 2504 4686 agnosces.
2535 4619 2895 4689 Cognovimus
2923 4623 3156 4677 rusticos
3184 4620 3440 4677 Ecclesia:
3468 4638 3563 4677 ve-

1976 4704 2255 4760 hementer
2292 4707 2344 4761 in
2391 4707 2782 4764 frumentorum
2822 4714 3007 4781 pretiis
3048 4714 3353 4783 aggravari,
3398 4714 3471 4767 ita
3502 4721 3563 4768 ut

1978 4795 2221 4851 instituta
2271 4814 2476 4854 summa
2530 4801 2609 4856 eis
2658 4802 2711 4857 in
2766 4800 3170 4873 Comparatione
3223 4804 3564 4858 abundantia:

1981 4894 2220 4956 tempore
2249 4904 2356 4943 non
2388 4899 2648 4946 servetur.
2686 4892 2752 4945 Et
2794 4894 3062 4948 voluimus
3102 4901 3159 4947 ut
3196 4893 3349 4961 juxta
3390 4894 3564 4963 pretia

1978 4978 2189 5046 publica
2222 4979 2273 5033 in
2316 4981 2462 5034 omni
2500 4990 2743 5051 tempore
2781 4984 2893 5039 sive
2933 4985 3133 5047 minus,
3182 4982 3295 5036 sive
3330 4981 3565 5051 amplius

1981 5068 2246 5125 frumenta
2296 5080 2603 5142 nascantur,
2652 5075 2706 5128 in
2755 5076 2833 5129 eis
2870 5073 3287 5143 comparationis
3315 5089 3569 5129 mensura

1983 5169 2245 5216 teneatur.
2302 5161 2590 5217 Frumenta
2641 5172 2818 5218 autem
2856 5179 2976 5233 quae
3016 5162 3295 5247 naufragio
3339 5173 3569 5236 pereunt

1983 5265 2082 5319 per
2109 5252 2287 5306 omnia
2318 5253 2564 5308 volumus
2592 5254 2852 5323 reputari,
2883 5253 2956 5307 ita
2985 5260 3187 5323 tamen,
3217 5262 3274 5308 ut
3308 5269 3339 5308 a
3376 5262 3431 5309 te
3472 5268 3564 5309 ne-

2063 5474 2084 5534 ε
2126 5462 2355 5534 Ant-leg,
2389 5463 2613 5520 Solerio.
2642 5463 2862 5527 Plurimi
2888 5467 3095 5530 Norm.,
3130 5468 3354 5524 Salaria.

2060 5532 2096 5610 dA
2127 5534 2217 5589 Sic
2248 5532 2528 5610 legendum
2568 5535 2820 5610 ex_Mss.,
2867 5538 2953 5592 ubi
2986 5537 3175 5610 Excusi
3222 5540 3418 5595 habent
3448 5542 3569 5610 quia

1988 5607 2039 5658 in
2071 5607 2243 5677 futuro
2275 5604 2419 5660 nobis
2448 5604 2675 5675 proderit
2704 5607 2775 5660 ita
2805 5610 2955 5663 etiam
2989 5609 3341 5679 conductores,
3372 5604 3480 5667 etc'.
3546 5674 3551 5677 _
