4018 6350
553 212 654 266 119

1126 207 1183 261 S.
1228 205 1551 262 CREGORII
1595 207 1794 263 ΡΑΡίΕ
1844 207 2019 273 VITA,
2064 208 2266 264 AUCT.
2308 208 2563 263 JOANNE
2608 205 2913 263 DIACONO.
2954 205 3078 261 LIB.
3122 206 3183 261 ll.
3701 213 3793 269 1Ξο

548 324 797 396 gligcntia
844 324 908 375 ad
952 321 1412 376 trasmittendum
1460 323 1681 378 minime
1723 322 1835 387 flat,
1885 335 1953 376 ne
1999 319 2123 375 dum
2152 322 2197 380 Α
2228 323 2556 390 persolvunt.
2590 321 2666 375 Ex
2697 336 2800 389 qua
2822 336 2881 377 re
2911 319 2968 373 fit
2991 328 3047 374 ut
3068 318 3356 387 dispendiis
3381 320 3795 387 gravibuscoan-

547 410 937 471 transmittendi
977 418 1184 478 tempus
1227 411 1540 478 negligitur,
1591 414 1842 467 damnum
1886 426 1952 467 ex
1993 409 2121 467 vitio

543 514 724 575 vestro
752 510 1057 573 generetur.
1102 501 1271 556 Valde
1314 511 1492 557 autem
1523 505 1765 574 iniquum
1792 513 1847 558 et
1874 502 2123 571 injustum

543 611 665 653 esse
692 593 1067 665 perspeximus
1094 600 1203 646 uta
1220 593 1432 647 rusticis
1448 594 1705 651 Ecclesia:
1731 595 1797 648 de
1822 608 1913 649 sex
1924 592 2121 647 tariati-

540 688 620 744 cis
648 685 849 754 aliquid
880 684 1198 752 accipiatur,
1244 693 1297 738 (-t
1343 685 1409 740 ad
1438 686 1695 755 majorem
1731 683 1963 738 modium
1993 681 2120 735 dare

541 772 930 845 compellantur
987 792 1150 845 quam
1204 777 1258 830 in
1313 777 1516 831 horreis
1572 772 1821 829 Ecclesia:
1876 771 2114 823 infertur.

544 866 693 921 L’nde
714 866 969 935 praesenti
991 867 1356 923 admonitione
1383 865 1716 935 prcecipimus
1742 869 1798 914 ut
1824 859 1939 928 plus
1959 872 2115 926 quam

541 958 728 1013 dccem
757 965 815 1012 et
842 969 966 1013 octo
996 958 1352 1013 sextariorum
1394 955 1631 1009 modium
1672 963 1938 1017 nunquam
1968 962 1999 1001 a
2028 963 2118 1000 ru-

542 1030 692 1107 stidis
720 1048 974 1105 Ecclesia:
1002 1048 1265 1103 frumenta
1304 1045 1535 1099 debeant
1563 1040 1748 1109 accipi,
1780 1038 1877 1092 nisi
1908 1036 2048 1092 forte
2076 1038 2118 1090 si

544 1143 671 1213 quid
701 1151 783 1197 est
810 1142 954 1210 quod
984 1148 1159 1193 nauta:
1180 1137 1331 1205 juxta
1359 1131 1800 1188 consuetudinem
1841 1143 2004 1197 super
2032 1143 2121 1181 ac-

544 1236 768 1306 cipiunt,
798 1230 939 1300 quod
970 1228 1134 1280 minui
1163 1225 1260 1293 ipsi
1287 1225 1337 1277 in
1366 1224 1593 1277 navibus
1621 1226 1961 1273 attestantur.

618 1341 636 1373 ‹
657 1319 1013 1386 Cognovimns
1040 1317 1203 1371 etiam
1248 1314 1301 1367 in
1348 1311 1611 1382 aliquibus
1641 1320 1664 1347 ⁸
1690 1310 1823 1364 locis
1855 1308 2122 1362 mansisve

540 1408 789 1466 Ecclesia:
820 1404 1157 1460 exactionem
1203 1401 1360 1457 valde
1408 1399 1811 1469 injustissimam
1861 1397 1995 1460 fieri,
2047 1397 2120 1451 ita

538 1509 597 1556 ut
622 1498 648 1536 ι’
680 1513 710 1551 a
738 1495 1079 1565 septuaginta
1119 1493 1283 1548 ternis
1311 1492 1504 1556 semis,
1543 1489 1682 1561 quod
1711 1488 1813 1543 dici
1843 1487 1993 1542 nefas
2018 1495 2119 1553 est,

538 1590 895 1648 conductores
926 1587 1228 1654 exigantur.
1260 1584 1327 1637 Et
1353 1583 1531 1638 adhuc
1560 1597 1735 1651 neque
1764 1582 1870 1636 hoc
1906 1578 2119 1644 sufiicit,

2223 420 2519 482 gustentur.
2550 409 2702 465 Unde
2742 409 3081 479 percipimus
3122 408 3376 476 pratsenti
3429 408 3784 469 admonitione

2228 502 2241 539 ί
2277 511 2334 556 ut
2359 503 2477 571 plus
2504 516 2663 569 quam
2695 500 2879 554 decem
2909 508 2962 553 et
2989 507 3112 554 octo
3136 496 3493 552 sextariorum
3534 514 3793 568 nunquam

2221 592 2489 658 exigatur,
2517 601 2571 646 et
2600 605 2761 644 omne
2790 589 2934 657 quod
2966 596 3206 642 mutuum
3251 602 3375 663 pro.
3401 587 3588 641 eadem
3643 605 3794 647 causa

2221 682 2286 734 ab
2322 682 2596 736 extraneis
2619 682 2865 749 accipere
2886 688 3155 749 poterant,
3181 694 3209 731 a
3252 687 3341 731 tua
3372 680 3697 747 experientia
3735 699 3795 739 ex

2218 773 2432 842 publico
2453 773 2628 837 detur,
2658 782 2712 826 et
2736 787 2766 825 a
2798 772 3010 826 rusticis
3034 770 3285 825 Ecclesia:
3307 770 3586 841 paulatim,
3620 781 3675 826 ut
3706 774 3795 827 ha-

2218 863 2452 930 buerint,
2488 863 2817 932 accipiatur;
2858 878 2944 927 nc,
3001 863 3127 917 dum
3178 863 3229 915 in
3275 871 3521 931 tempore
3571 879 3792 933 coangu-

2218 959 2449 1019 stantur,
2478 952 2621 1022 quod
2652 951 2730 1006 eis
2757 950 3101 1021 postmodum
3126 949 3374 1005 sufficere
3402 960 3619 1019 poterat
3646 953 3696 1007 in
3727 955 3794 1008 in-

2218 1041 2515 1107 ferendum,
2546 1042 2691 1110 prius
2718 1041 3001 1111 compulsi,
3030 1041 3185 1095 vilius
3206 1040 3461 1105 vendant,
3496 1049 3551 1096 et
3591 1043 3696 1099 hoc
3723 1045 3795 1101 eis

2220 1132 2438 1185 minime
2460 1131 2690 1186 sufficiat

2298 1241 2316 1273 ι
2354 1220 2606 1276 Pervenit
2650 1221 2811 1275 etiam
2845 1220 2912 1275 ad
2952 1236 3052 1277 nos
3081 1220 3226 1290 quod
3252 1220 3320 1274 de
3350 1221 3549 1291 nuptiis
3578 1223 3794 1276 rustico.

2223 1328 2338 1367 rum
2388 1310 2742 1366 immoderata
2782 1312 3061 1366 commoda
3091 1310 3477 1380 percipiantur.
3512 1311 3588 1366 De
3616 1312 3795 1380 quibus

2219 1403 2553 1473 pmcipimus
2599 1410 2656 1456 ut
2692 1417 2852 1457 omne
2900 1402 3243 1458 commodum
3287 1402 3594 1471 nuptiarum
3638 1404 3786 1457 unius

2222 1494 2378 1549 solidi
2403 1508 2665 1547 summam
2696 1493 3004 1549 nullatenus
3040 1493 3285 1548 excedat.
3320 1492 3377 1547 Si
3406 1494 3495 1562 qui
3523 1500 3647 1547 sunt
3672 1509 3795 1563 pau-

2223 1601 2396 1657 peres,
2426 1586 2587 1639 etiam
2616 1584 2789 1639 minus
2803 1584 2933 1640 dare
2952 1585 3167 1640 debent.
3191 1583 3248 1638 Si
3276 1584 3365 1653 qui
3396 1591 3577 1638 autem
3591 1583 3792 1645 divites,

539 1680 633 1735 sed
662 1679 879 1748 insuper
907 1662 1107 1745 aliquid
1131 1690 1199 1729 ex
1228 1688 1324 1729 usu
1366 1672 1478 1741 jam
1518 1671 1809 1727 multorum
1854 1684 2115 1725 annorum
2152 1669 2191 1728 Β
2223 1677 2424 1747 praefati
2469 1676 2623 1731 solidi
2650 1690 2914 1729 summam
2956 1675 3264 1729 nullatenus
3314 1673 3788 1742 transgrediantur.

540 1770 683 1839 exigi
723 1769 993 1825 dicuntur.
1024 1766 1192 1833 Quam
1238 1778 1352 1819 rem
1398 1764 1619 1818 omnino
1666 1761 2019 1829 detestamur,
2063 1768 2118 1815 et

539 1862 803 1934 amputari
832 1861 900 1918 de
928 1856 1244 1931 patrimonio
1289 1853 1526 1908 funditus
1556 1852 1824 1908 volumus.
1873 1849 1981 1906 Sed
2026 1858 2116 1904 tua

537 1952 870 2025 experientia
914 1950 1027 2005 sive
1063 1948 1117 2001 in
1156 1946 1284 2010 hoc,
1331 1942 1477 2012 quod
1508 1957 1601 2013 per
1628 1941 1817 1996 libram
1862 1939 2115 2009 amplius,

538 2047 652 2101 sive
678 2045 731 2098 in
760 2043 876 2098 a'iis
904 2038 1120 2094 minutis
1148 2035 1421 2100 oneribus,
1455 2042 1509 2091 et
1535 2032 1682 2103 quod
1712 2032 1853 2086 ultra
1893 2029 2117 2085 rationis

535 2132 845 2202 (equitatem
876 2145 901 2180 a
934 2124 1149 2181 rusticis
1178 2122 1455 2191 accipitur,
1488 2126 1715 2190 penset,
1753 2126 1808 2174 et
1836 2117 2017 2173 omnia
2062 2117 2116 2172 in

537 2238 801 2279 summam
840 2216 1111 2290 pensionis
1160 2214 1393 2283 redigat,
1443 2224 1465 2252 ι
1496 2221 1552 2267 et
1583 2218 1744 2280 prout
1786 2210 1929 2266 vires
1955 2211 2117 2265 rusti-

538 2326 724 2367 corum
772 2314 1020 2381 portant,
1070 2305 1385 2376 pensionem
1416 2303 1676 2371 integram
1705 2308 1760 2354 et
1799 2308 2114 2369 pensantem

534 2401 558 2439 ι¹
601 2401 667 2456 ad
715 2408 1041 2470 septuagena
1085 2398 1209 2450 vina
1236 2395 1573 2466 persolvant,
1601 2401 1656 2446 et
1686 2406 1863 2460 neque
1892 2390 2116 2458 siliquas

535 2501 691 2548 extra
714 2492 894 2555 libras,
919 2504 1094 2559 neque
1122 2488 1312 2541 libram
1340 2484 1597 2555 majorem
1628 2483 1843 2550 exigere
1863 2481 2112 2545 debeant,

535 2583 628 2637 sed
658 2596 754 2652 per
780 2579 1187 2635 aestimationem
1217 2585 1385 2637 tuam,
1418 2583 1578 2645 prout
1605 2574 1777 2627 virtus
1801 2569 2029 2636 suﬂicit,
2061 2568 2113 2622 in

532 2686 796 2729 summam
822 2668 1094 2740 pensionis
1123 2674 1350 2727 crescat,
1383 2673 1437 2719 et
1462 2665 1541 2717 sic
1571 2663 1743 2733 turpis
1771 2660 1981 2715 exactio
2015 2673 2114 2714 ne-

532 2777 804 2833 quaquam
841 2761 948 2814 fiat.
982 2759 1058 2813 Ne
1085 2773 1216 2812 vero
1245 2764 1366 2827 post
1397 2755 1599 2810 obitum
1630 2767 1809 2809 meum
1846 2751 1962 2806 ha:c
2000 2751 2115 2849 ipsa

534 2869 700 2909 onera
736 2866 855 2922 qua:
891 2864 1054 2919 super
1094 2863 1319 2918 pensum
1358 2847 1503 2900 illata
1541 2843 1934 2912 subtrahimus,
1968 2842 2113 2898 et‘in

534 2945 709 3013 capite
736 2939 1009 3012 pensionis
1030 2938 1252 2993 fecimus
1277 2951 1544 3005 crescere,
1571 2936 1765 2990 iterum
1792 2934 1847 2988 in
1871 2932 2115 3004 quolibet

2221 1768 2373 1834 Quod
2427 1766 2664 1835 nuptiale
2712 1766 3054 1820 commodum
3108 1765 3411 1820 nullatenus
3460 1765 3707 1822 volumus
3746 1765 3795 1820 in

2222 1864 2404 1912 nostra
2434 1857 2643 1911 ratione
2670 1855 2861 1925 redigi,
2892 1855 2989 1910 sed
3018 1856 3234 1911 utilitati
3264 1855 3648 1911 conductorum
3678 1870 3797 1924 pro~

2222 1946 2401 2002 ficere.

2298 2059 2316 2091 ι
2349 2038 2708 2109 Cognovimus
2734 2039 2896 2094 etiam
2927 2039 3094 2107 quod,
3121 2037 3434 2107 quibuzdam
3465 2037 3797 2092 conductori-

2218 2130 2318 2184 bus
2348 2129 2717 2193 morientibus,
2752 2138 3004 2198 parentes
3024 2128 3104 2182 sui
3130 2144 3234 2181 non
3266 2127 3647 2195 permittuntur
3676 2141 3796 2179 suc-

2219 2218 2431 2284 cedere,
2461 2217 2553 2272 sed
2583 2233 2668 2271 res
2688 2232 2874 2272 eorum
2898 2218 2962 2273 ad
2986 2233 3111 2274 usus
3132 2216 3383 2271 Ecclesia:
3398 2217 3795 2285 pertrahuntur.

2218 2308 2293 2361 De
2317 2324 2420 2378 qua
2452 2324 2509 2362 re
2534 2308 2815 2363 definimus
2856 2321 2913 2363 ut
2954 2317 3205 2378 parentes
3234 2308 3577 2361 morientium
3608 2307 3698 2375 qui
3740 2306 3790 2358 in

2218 2399 2555 2468 possessione
2594 2397 2847 2454 Eeclesim
2891 2398 3093 2467 degunt
3136 2398 3379 2452 hacredcs
3408 2398 3485 2451 eis
3513 2395 3795 2451 succedere

2217 2490 2471 2551 debeant,
2504 2504 2606 2543 nec
2634 2489 2833 2557 aliquid
2860 2490 2927 2543 de
2966 2490 3265 2544 substantia
3306 2489 3650 2542 morientium
3679 2488 3796 2541 sub.

2218 2582 2480 2634 trahatur.
2514 2578 2571 2633 Si
2602 2594 2730 2633 vero
2785 2580 2923 2633 filios
2967 2580 3221 2648 parvulos
3263 2579 3454 2647 aliquis
3498 2577 3792 2646 reliquerit,

2216 2684 2496 2740 quousque
2525 2669 2590 2723 ad
2637 2677 2850 2724 mtatem
2884 2670 3043 2722 talem
3078 2669 3293 2723 veniant
3343 2677 3400 2721 ul
3445 2666 3794 2722 substantiam

2215 2778 2364 2817 suam
2388 2775 2576 2829 regere
2598 2761 2827 2823 valeant,
2859 2775 3102 2829 personae
3128 2760 3395 2823 eligantur
3414 2765 3584 2813 cauta:
3610 2756 3796 2824 quibus

2213 2862 2495 2923 parentum
2525 2866 2711 2906 eorum
2742 2866 2827 2905 res
2857 2850 2991 2904 tradi
3020 2849 3253 2904 debeant
3275 2849 3341 2902 ad
3363 2847 3791 2903 custodiendum.

2290 2963 2308 2995 ι
2343 2943 2705 3011 Cognovimus
2720 2942 2878 2996 etiam
2906 2941 3045 3011 quod
3077 2941 3255 3009 siquis
3276 2955 3340 2994 ex
3364 2939 3560 2992 familia
3588 2937 3797 3005 culpam

532 3033 814 3095 addantur,
845 3038 899 3084 et
927 3029 1228 3083 inveniatur
1256 3042 1461 3081 summa
1491 3026 1762 3095 pensionis
1804 3023 2009 3093 augeri,
2055 3031 2111 3078 et
2135 3044 2179 3103 ε
2214 3032 2417 3097 fecerit,
2446 3048 2554 3085 non
2578 3033 2631 3084 in
2660 3031 2799 3100 ipso,
2822 3030 2915 3084 sed
2940 3031 2991 3083 in
3010 3030 3125 3096 ejus
3148 3028 3441 3082 substantia
3466 3027 3793 3080 vindicatur.

534 3139 699 3179 onera
724 3121 1043 3191 adjectionis
1068 3120 1286 3189 insuper
1313 3119 1495 3173 rustici
1527 3117 1831 3187 persolvere
1873 3116 2110 3185 compel-

530 3214 728 3275 lantur,
770 3210 1015 3265 volumus
1043 3217 1100 3262 ut
1127 3208 1430 3264 securitatis
1458 3206 1666 3261 libellos
1698 3206 1771 3259 ita
1800 3204 1867 3260 de
1893 3205 2111 3275 pensio-

533 3301 691 3355 nibus
736 3299 931 3363 facias,
966 3308 1229 3365 quatenus
1267 3297 1319 3349 in
1370 3297 1554 3367 primis
1589 3296 1693 3365 73
1732 3294 1879 3349 dicas
1907 3302 2109 3348 tantam

532 3390 845 3461 pensionem
890 3401 1322 3457 unumquemque
1351 3384 1658 3455 persolvere
1702 3383 1935 3449 debere,
1982 3385 2111 3438 inibi

530 3480 752 3550 abjectis
776 3479 1001 3547 siliquis,
1034 3487 1057 3515 ε
1091 3477 1347 3540 oleribus,
1371 3477 1453 3529 vel
1494 3476 1800 3543 granaticis.
1834 3474 1987 3541 Quod
2017 3490 2111 3528 au-

530 3581 637 3626 tem
669 3587 736 3626 ex
764 3571 846 3625 his
874 3566 1095 3623 minutis
1121 3568 1174 3620 in
1204 3582 1355 3620 usum
1385 3566 1612 3620 rectoris
1640 3565 1950 3631 accedebat,
1986 3566 2111 3620 volo

530 3669 590 3715 ut
634 3662 739 3717 hoc
774 3676 842 3715 ex
883 3656 1133 3727 prtesenti
1163 3655 1402 3724 jussione
1432 3656 1485 3709 in
1518 3670 1670 3709 usum
1717 3664 1863 3709 tuum
1908 3654 2106 3709 veniat.

529 3753 670 3807 Ante
698 3750 876 3806 omnia
914 3748 1017 3802 hoc
1052 3754 1103 3801 te
1144 3745 1390 3799 volumus
1433 3745 1661 3799 sollicite
1690 3743 2001 3810 attendere,
2044 3760 2110 3799 ne

531 3843 725 3909 injusta
754 3839 993 3911 pondera
1022 3839 1075 3892 in
1111 3837 1386 3906 exigendis
1415 3836 1760 3905 pensionibus
1799 3836 2068 3905 ponantur
2093 3854 2107 3903 ;

531 3934 627 3989 sed
655 3932 700 3987 si
735 3946 839 4000 qua
870 3931 995 3986 talia
1028 3928 1316 3993 inveneris,
1349 3927 1563 3995 frange,
1594 3935 1649 3981 et
1677 3942 1834 3991 nova,
1867 3936 1923 3980 et
1963 3936 2109 3982 recta

532 4022 829 4088 constitue;
879 4021 1005 4089 quia
1049 4028 1104 4073 et
1153 4017 1294 4071 filius
1330 4031 1482 4070 meus
1519 4015 1807 4070 Servusdei
1853 4015 2108 4072 diaconus

529 4114 639 4182 jam
673 4109 797 4164 talia
841 4109 1041 4163 invenit
1070 4122 1189 4176 quae
1236 4107 1333 4175 ipsi
1384 4105 1753 4175 displicerent,
1812 4105 1904 4160 sed
1945 4106 2109 4160 licen-

534 4204 661 4258 tiam
688 4202 803 4257 ha:c
834 4198 1149 4255 immutandi
1192 4214 1300 4252 non
1346 4196 1551 4250 habuit.
1597 4195 1769 4265 Super
1796 4195 1936 4264 justa
1978 4212 2108 4267 ergo

529 4293 785 4364 pondera,
816 4298 1010 4361 praeter
1035 4298 1261 4358 excepta
1290 4287 1307 4325 ί
1334 4296 1388 4341 ct
1414 4286 1535 4341 vilia
1558 4285 1779 4354 cibaria,
1807 4286 1936 4341 nihil
1964 4288 2105 4343 aliud

530 4386 776 4441 volumus
802 4399 833 4437 a
863 4382 1069 4438 colonis
1099 4380 1349 4435 Ecclesia:
1379 4378 1535 4447 exigi.

607 4492 623 4525 ι
660 4472 925 4526 Praeterea
954 4470 1300 4540 cognovimus
1321 4466 1466 4536 quod
1514 4466 1683 4535 prima
1715 4467 1885 4523 illatio
1919 4479 1942 4515 ε
1967 4469 2098 4523 bur-

529 4563 761 4621 dationis
788 4564 1022 4617 rusticos
1050 4571 1265 4616 nostros
1285 4560 1634 4614 vehementer
1662 4570 1928 4629 angustet,
1954 4562 2026 4616 ita
2049 4573 2106 4616 ut

527 4659 843 4730 priusquam
871 4656 1086 4709 labores
1112 4670 1237 4709 suos
1272 4652 1579 4707 venundare
1600 4654 1836 4719 valeant,
1867 4657 2104 4727 compcl-

526 4750 704 4803 lantur
755 4748 951 4801 tributa
982 4746 1308 4815 persolvere.
1350 4744 1478 4811 Qua:
1522 4745 1645 4799 dum
1685 4748 1920 4821 de‘suo,
1964 4747 2105 4803 unde

524 4839 652 4892 dare
680 4854 786 4893 non
810 4837 1025 4899 habent,
1057 4834 1081 4871 δ
1107 4836 1172 4888 ab
1202 4835 1540 4891 auetionariis
1564 4817 1788 4904 publicis
1809 4818 1986 4889 mutua
2016 4853 2103 4892 ac-

527 4930 760 4999 cipiunt,
819 4936 875 4982 et
927 4927 1110 4995 gravia
1156 4925 1436 4982 commoda
1481 4940 1549 4979 ex
1595 4925 1783 4979 eodem
1838 4926 2103 4982 benefi.-io

595 5082 619 5110 ι
650 5073 729 5142 Ita
754 5073 885 5141 Reg.
919 5080 973 5127 et
992 5071 1125 5127 Cod.
1158 5073 1326 5127 beatae
1356 5070 1535 5124 Mariae
1564 5067 1731 5124 Paris.
1784 5068 1838 5122 ln
1868 5068 2000 5124 Colb
2050 5082 2103 5125 et

526 5142 580 5196 in
606 5142 747 5196 Edit.
772 5142 950 5208 Cuss.,
979 5144 1180 5197 nwssis.

595 5210 622 5248 δ
664 5212 899 5284 Ed.,°nd
948 5215 1271 5284 septuaginta
1312 5224 1469 5284 urnas
1516 5215 1567 5284 cf
1615 5208 1783 5260 sentis.
1818 5209 2102 5284 Sequimur

523 5280 661 5361 Mss...
682 5290 794 5334 tum
824 5280 977 5335 Joan.
1005 5276 1181 5349 Diaei,
1222 5290 1332 5333 tum
1370 5276 1713 5347 epistularum
1752 5282 1923 5333 sancti
1969 5281 2097 5335 Grc-

525 5364 684 5407 Rom.

596 5430 618 5457 ο
662 5419 790 5471 Post
818 5421 1015 5489 redigat
1044 5420 1095 5473 in
1124 5418 1264 5474 Utic.
1298 5416 1490 5487 legitur
1514 5432 1526 5467 :
1553 5431 1712 5486 neque
1760 5435 1919 5474 onera
1949 5437 2100 5491 super

524 5486 710 5560 librant
746 5486 965 5560 majord.

589 5558 630 5630 ξ
658 5556 780 5621 EtL,
811 5556 880 5612 (id
906 5558 1230 5628 septuaginta:
1261 5558 1362 5630 riui
1388 5557 1596 5630 (uacuas
1624 5560 1931 5630 persolvunt.
1970 5561 2095 5630 ipsis

522 5626 881 5697 suifragantur
909 5623 1038 5685 cor.
1073 5623 1239 5686 beatae
1272 5626 1447 5681 Mari-.e
1478 5623 1645 5679 Paris.
1672 5634 1726 5681 ct
1750 5627 1881 5697 lteg.

2217 3122 2290 3175 De
2316 3135 2422 3189 qua
2450 3135 2509 3175 re
2538 3120 2874 3189 prmcipimus
2904 3127 2961 3171 ut
2989 3118 3228 3186 quisquis
3255 3116 3465 3184 culpam
3507 3116 3722 3178 fecerit,
3752 3114 3794 3167 iit

2214 3212 2332 3279 ipso
2360 3210 2597 3277 quidem,
2632 3217 2688 3261 ut
2709 3208 2924 3277 dignum
2955 3217 3059 3275 est,
3086 3205 3405 3266 vindicetur,
3440 3221 3468 3257 a
3498 3204 3792 3259 commodo

2214 3310 2393 3355 autem
2415 3300 2531 3367 ejus
2561 3299 2781 3353 omnino
2812 3299 3160 3361 abstineatur,
3194 3297 3294 3352 nisi
3320 3295 3457 3352 forte
3488 3312 3677 3366 parum
3708 3297 3801 3350 ali-

2212 3392 2361 3461 quid,
2391 3392 2532 3460 quod
2560 3393 2612 3445 in
2645 3407 2796 3447 usum
2820 3391 3153 3445 exsecutoris
3175 3390 3264 3459 qui
3286 3391 3349 3441 ad
3375 3404 3497 3443 eum
3522 3389 3799 3444 transmis-

2213 3498 2302 3537 sus
2328 3482 2485 3538 fuerit
2512 3482 2774 3551 proficere
2794 3484 2982 3551 possit.

2292 3593 2308 3624 ι
2344 3572 2708 3643 Cognovimus
2755 3574 2915 3628 etiam
2957 3574 3080 3641 quia
3118 3573 3329 3641 quoties
3359 3573 3659 3627 conductor
3697 3572 3791 3625 ali-‘
3837 3582 3849 3593 '

2211 3664 2338 3732 quid
2368 3680 2397 3717 a
2428 3665 2623 3719 colono
2653 3679 2750 3718 suo
2779 3662 2977 3732 injuste
3026 3662 3327 3725 abstulerit,
3373 3663 3476 3717 hoc
3518 3663 3737 3732 quidem
3764 3676 3790 3713 a

2212 3754 2544 3808 conductore
2572 3754 2823 3821 exigitur,
2851 3752 2949 3808 sed
2975 3756 3023 3806 ei
3057 3767 3159 3806 non
3186 3752 3429 3806 redditur
3449 3769 3479 3806 a
3509 3767 3617 3821 quo
3648 3751 3791 3805 abla-

2215 3852 2323 3896 tum
2354 3850 2456 3897 est.
2490 3843 2565 3897 De
2589 3858 2694 3911 qua
2724 3858 2783 3896 re
2806 3842 3143 3912 praecipimus
3172 3851 3229 3895 ut
3251 3842 3357 3912 74,
3383 3841 3639 3910 quidquid
3670 3841 3790 3896 vio-

2211 3932 2383 3987 lenter
2411 3933 2630 3987 cuilibet
2659 3948 2727 3987 ex
2755 3933 2954 3987 familia
2984 3932 3219 3990 ablatum
3248 3933 3423 3996 fuerit,
3477 3934 3575 4002 ipsi
3633 3937 3789 3989 resti-

2212 4034 2392 4077 tuatur
2419 4024 2506 4079 cui
2535 4024 2767 4078 ablatum
2788 4033 2893 4089 est,
2926 4032 2979 4078 et
3007 4024 3221 4110 utilitati
3264 4032 3461 4079 nostra:
3490 4041 3596 4080 non
3628 4030 3791 4096 profi-

2212 4113 2336 4179 ciat,
2371 4127 2439 4167 ne
2466 4128 2565 4167 nos
2588 4114 2687 4182 ipsi
2719 4121 2968 4168 auctores
2990 4128 3109 4170 esse
3132 4114 3399 4167 violentia:
3421 4114 3717 4171 videamur.

2287 4223 2305 4257 c
2336 4204 2606 4260 Prmterea
2637 4205 2883 4259 volumus
2904 4212 2962 4258 ut
2987 4206 3032 4260 si
3060 4206 3274 4273 quando
3318 4220 3413 4259 eos
3454 4207 3543 4273 qui
3591 4209 3787 4264 suntin

2211 4295 2470 4363 obsequio
2501 4296 2845 4364 experientia:
2890 4304 2993 4348 tua:
3036 4296 3088 4348 in
3140 4294 3405 4364 aliquibu;
3449 4296 3629 4351 causis
3672 4314 3789 4367 qua:

2140 4406 2183 4463 ι)
2210 4394 2332 4441 sunt
2360 4393 2511 4440 extra
2529 4386 2905 4453 patrimonium
2928 4385 3265 4452 transmittis,
3296 4400 3459 4453 parva
3482 4385 3694 4454 quidem
3723 4403 3786 4443 ex

2211 4480 2288 4533 eis
2317 4478 2598 4533 commoda
2630 4478 2915 4547 accipiant,
2944 4477 3037 4532 sed
3069 4487 3245 4531 tamen
3278 4478 3349 4530 ita
3378 4479 3431 4531 in
3461 4495 3649 4532 eorum
3691 4469 3785 4533 uti-

2214 4570 2417 4621 litatem
2445 4565 2746 4635 proficiant,
2767 4576 2825 4620 ut
2847 4568 2988 4621 nulla
3015 4567 3115 4621 sibi
3136 4567 3329 4621 exinde
3362 4568 3488 4622 lucri
3506 4570 3784 4624 commoda

2210 4658 2306 4710 sub
2334 4656 2514 4725 specie
2543 4665 2738 4710 nostra:
2768 4657 3011 4712 utilitatis
3055 4657 3349 4724 requirant,
3379 4658 3502 4726 quia
3536 4674 3635 4713 nos
3672 4673 3783 4713 Sac-

2210 4745 2384 4798 culum
2408 4745 2661 4799 Ecclesia
2682 4760 2749 4799 ex
2771 4746 2928 4801 lucris
2955 4747 3197 4815 turpibus
3223 4747 3469 4801 nolumus
3499 4748 3780 4816 inquinari.

2289 4854 2304 4886 ι
2338 4834 2593 4890 Jubcmus
2612 4835 2772 4889 etiam
2788 4845 2846 4889 ut
2865 4837 2969 4892 hoc
2984 4838 3312 4905 experientia
3337 4847 3424 4891 tua
3445 4855 3787 4908 summopere.

2208 4923 2493 4987 custodiat,
2536 4932 2595 4979 ut
2638 4938 2734 4995 per
2760 4924 3099 4980 commodum
3129 4926 3487 4983 conductores
3515 4946 3567 4983 m
3597 4933 3781 4985 ιηξιςεὶδ

2282 5086 2301 5147 εἴ
2334 5076 2461 5147 Mss.
2494 5078 2682 5141 nostri,
2716 5076 2973 5147 oneribus,
3004 5086 3058 5132 ct
3086 5078 3246 5147 paulo
3283 5087 3424 5146 post,
3459 5081 3708 5136 minutiis.

2283 5145 2301 5183 ί
2338 5146 2541 5208 Norm.,
2576 5156 2624 5199 et
2653 5148 2739 5200 vili
2761 5145 2891 5199 cibo.

2278 5226 2301 5289 β
2338 5214 2527 5289 Pesinu
2557 5216 2927 5289 quamﬁrustici
2947 5217 3179 5289 solvunt.
3202 5216 3335 5289 Vide
3363 5217 3537 5274 Gloss.
3571 5219 3769 5289 Cangii.

2281 5283 2556 5357 h_Antleg.,
2578 5294 2684 5357 tres
2706 5285 2872 5357 Paris,
2903 5294 2954 5357 et
2993 5286 3196 5349 Norm.,
3215 5288 3277 5338 ab
3302 5290 3622 5353 actionariis,
3638 5283 3774 5357 quod

2209 5356 2259 5407 in
2282 5354 2549 5422 plerisque
2579 5354 2701 5407 Mss.
2750 5355 3096 5423 cpistolarum
3137 5366 3331 5410 exstat.
3375 5354 3773 5412 Observandum

2208 5434 2288 5477 est
2329 5423 2862 5495 auternmblssxloan.
2897 5424 3045 5495 Diae.
3094 5424 3205 5479 fere
3249 5440 3464 5495 semper
3493 5428 3779 5482 concinere

2206 5509 2325 5545 cum
2358 5492 2404 5543 Μ
2437 5508 2482 5545 s.
2516 5492 2647 5547 Cod.
2686 5494 2913 5561 chistri
2942 5492 3275 5561 Gregol‘iani.

2283 5573 2306 5641 ι.
2328 5561 2381 5640 In
2412 5563 2594 5618 iisdem
2615 5562 2767 5625 (ἐδάη
2802 5572 2853 5618 nt
2884 5580 3030 5618 omne
3052 5565 3186 5632 quod
3228 5574 3477 5630 mutuum,
3500 5573 3629 5633 cte.,
3661 5565 3777 5620 alii:

2204 5648 2434 5687 OﬂlelS.
