4018 6308
280 270 376 325 iii

862 271 937 324 .S.
981 268 1303 327 GREGORII
1340 269 1540 327 ΡΑΡΛΕ
1583 270 1760 337 VITA,
1803 267 2005 325 AUCT.
2048 263 2307 320 JOANNE
2346 224 2662 320 DIACONO.
2705 262 2829 319 Llll.
2872 262 2936 315 ll.

3438 263 3551 316 19.3.

278 382 534 441 Ecclesia:
563 400 828 453 nunquam
862 385 1008 447 liant,
1042 400 1109 439 ne
1136 386 1261 439 dum
1288 386 1626 441 commodum
1657 385 1853 455 quteri-
1884 392 1932 445 Α
1961 388 2019 433 ut
2046 393 2132 433 res
2161 377 2346 432 aliena:
2369 376 2561 447 injuste
2606 376 2750 432 nullo
2771 376 2930 431 modo
2953 390 2981 428 a
3004 374 3303 430 crcditoriis
3323 373 3538 431 defrau-

284 484 391 538 tur,
416 474 766 529 conductores
790 474 1098 541 frequenter
1124 475 1489 530 immutentur.
1516 475 1590 530 Ex
1612 490 1716 544 qua
1739 491 1859 529 mu—

284 566 488 619 tatione
512 563 635 633 quid
663 564 803 617 aliud
825 565 1016 631 agitur,
1048 565 1149 619 nisi
1179 574 1235 619 ut
1263 565 1630 622 ecclesiastica
1658 565 1858 635 pmdia

282 667 550 720 nunquam
587 652 869 708 colantur?
911 653 1018 707 Sed
1064 662 1121 709 et
1165 654 1279 723 ipsa
1333 655 1498 708 etiam
1546 654 1852 719 libellatiea,

281 752 440 811 prout
464 759 667 797 summa
696 746 969 813 pcnsionis
997 746 1177 811 fuerit,
1220 746 1586 800 moderentur.
1618 746 1721 801 Per
1748 748 1855 801 celo

278 833 357 885 las
384 842 437 886 et
477 834 689 889 cellaria
733 852 837 889 non
868 836 988 905 plus
1014 837 1082 891 de
1112 836 1301 891 massis
1327 836 1577 892 Ecclesia:
1624 847 1677 892 te
1713 840 1850 893 acci-

274 937 407 984 pere
454 923 716 987 volumus,
765 926 867 979 nisi
906 934 1168 995 quantum
1215 926 1549 981 consuetudo
1589 935 1689 980 est.
1724 937 1749 964 ι
1778 926 1852 981 Te

274 1022 456 1067 autem
485 1028 604 1083 quae
644 1028 962 1085 comparare
1008 1016 1283 1085 jussimus,
1316 1015 1383 1071 ab
1412 1016 1676 1071 extraneis
1703 1030 1851 1071 com-

274 1114 554 1172 parentur.

354 1214 371 1245 ι
410 1196 658 1251 Pervenit
699 1208 882 1254 autem
928 1200 995 1255 ad
1024 1215 1123 1256 nos
1160 1208 1269 1255 tres
1311 1200 1473 1255 libras
1520 1199 1637 1254 auri
1685 1199 1846 1254 Petro

269 1284 591 1343 conductori
633 1290 703 1345 de
747 1291 1103 1364 Subpatriana
1143 1294 1338 1363 injuste
1367 1294 1611 1349 ablatas:
1642 1293 1711 1349 de
1739 1308 1843 1363 qua

268 1389 433 1432 causa
465 1377 757 1437 Fantinum
799 1384 1133 1441 defensorem
1166 1385 1432 1441 subtiliter
1460 1386 1689 1454 require,
1718 1392 1774 1439 et
1801 1383 1844 1439 si

264 1467 577 1539 manifeste,
621 1473 817 1542 injuste
846 1484 900 1531 et
928 1477 1349 1545 incompetenter
1369 1476 1561 1531 ablata:
1583 1473 1738 1543 sunt,
1769 1478 1845 1532 si-

262 1570 335 1610 ne
363 1558 547 1629 aliqua
570 1564 820 1620 tarditate
842 1567 1082 1621 restitue.

344 1684 363 1717 ι
381 1666 742 1736 Cegnovimus
754 1673 910 1725 etiam
930 1673 1151 1729 rusticos
1165 1673 1538 1731 burdationem
1560 1691 1720 1746 quam
1731 1677 1841 1747 jam

257 1754 332 1807 ab
362 1756 443 1809 eis
471 1766 712 1826 exactam
744 1759 1071 1817 Theodosius
1099 1762 1319 1819 minime
1357 1767 1713 1836 persolverat,
1736 1769 1838 1823 ite-

256 1859 380 1898 rum
410 1846 641 1915 dedisse,
673 1850 744 1904 ita
792 1860 848 1905 ut
886 1853 942 1906 in
970 1853 1133 1923 duplo
1163 1857 1340 1911 exacti
1369 1858 1497 1913 sint.
1532 1860 1686 1926 Quod
1715 1860 1837 1915 ideo

258 1934 457 1990 factum
488 1947 592 2007 est,
622 1941 744 2007 quia
773 1941 886 2008 ejus
913 1943 1210 1999 substantia
1224 1947 1293 2001 ad
1314 1947 1555 2004 debitum
1586 1950 1837 2006 Ecclesia:

258 2041 366 2080 non
420 2028 738 2085 sufﬁciebat.
787 2031 895 2087 Sed
937 2036 1191 2103 quoniam
1243 2052 1341 2105 per
1389 2039 1553 2093 lilium
1592 2050 1834 2096 nostrum

258 2116 571 2172 Servumdci
612 2119 898 2176 diaconum
937 2124 1113 2181 edocti
1162 2142 1345 2182 sumus
1373 2129 1517 2197 quod
1564 2145 1630 2185 ex
1673 2131 1835 2185 rebus

243 2208 567 2263 substantia:
595 2211 709 2279 ejus
738 2214 908 2282 possit
936 2216 1038 2272 hoc
1063 2219 1247 2287 ipsum
1276 2220 1529 2276 damnum
1558 2221 1830 2279 sufﬁcien-

258 2308 341 2353 ter
363 2302 627 2369 resarciri,
650 2305 895 2363 volumus
914 2309 1239 2380 quingentos
1264 2322 1473 2383 septem
1491 2316 1695 2372 solidos
1717 2317 1826 2371 cis-

254 2388 379 2443 dem
407 2391 623 2446 rusticis
653 2394 769 2448 sine
810 2396 985 2465 aliqua
1016 2399 1390 2458 imminutione
1418 2406 1648 2469 restitui,
1679 2421 1747 2461 ne
1777 2407 1828 2461 in

250 2479 418 2548 duplo
448 2481 729 2538 videantur
774 2488 967 2541 exacti.
1023 2487 1080 2544 Si
1137 2499 1317 2546 autem
1363 2508 1521 2562 supra
1579 2494 1829 2549 damnmn

249 2570 577 2625 rusticorum
607 2574 767 2628 etiam
796 2577 1152 2646 quadraginta
1196 2581 1352 2636 solidi
1380 2582 1447 2637 de
1472 2583 1632 2639 rebus
1653 2583 1831 2639 Theo-

252 2658 397 2713 dosii
429 2671 726 2729 remanent,
758 2680 896 2734 quos
934 2676 988 2721 et
1014 2671 1153 2739 apud
1184 2680 1237 2726 te
1264 2672 1459 2727 diceris
1487 2674 1705 2743 habere,
1738 2691 1831 2730 vo-

248 2748 430 2804 lumus
459 2759 515 2805 ut
562 2750 681 2806 lilia:
732 2756 849 2823 ejus
893 2758 1207 2827 reddantur,
1238 2770 1297 2815 ut
1324 2778 1412 2817 res
1440 2778 1583 2828 suas,
1619 2778 1753 2832 quas
1777 2766 1831 2819 in

247 2839 475 2907 pignore
502 2841 740 2909 dederat,
768 2847 1011 2916 recipere
1038 2848 1253 2907 debeat.
1283 2851 1381 2907 Cui
1408 2854 1569 2908 etiam
1598 2852 1625 2893 ι’
1653 2855 1829 2911 batio-

244 2928 358 2983 lam
382 2932 552 3000 patris
569 2934 651 2988 sui
679 2936 888 2990 restitui
913 2938 1179 2995 volumus.

328 3060 346 3092 ι
375 3041 782 3112 Campanianus,
815 3047 1081 3116 gloriosus
1124 3051 1378 3119 magister
1405 3054 1655 3121 militum,
1685 3055 1825 3112 duo-

247 3129 425 3185 decim
456 3133 657 3187 solidos
696 3150 901 3190 annuos
928 3135 1123 3193 Joanni
1168 3142 1380 3197 notario
1408 3158 1507 3198 suo
1536 3145 1828 3215 reliquerat

246 3234 316 3273 ex
349 3236 523 3275 massa
555 3222 882 3278 Varroniana
916 3243 930 3278 :
963 3241 1100 3296 quos
1147 3228 1277 3285 dare
1322 3240 1375 3287 te
1426 3234 1580 3289 annis
1606 3236 1827 3305 singulis

246 3311 365 3365 sine
392 3311 569 3380 aliqua
595 3313 927 3371 dubitatione
952 3319 1288 3387 praecipimus
1325 3323 1471 3390 nepti
1502 3321 1657 3392 Eupli
1686 3339 1821 3379 cono

247 3401 508 3471 ductoris,
538 3407 781 3473 quamvis
803 3422 964 3463 omne
993 3410 1189 3465 mobile
1241 3411 1481 3479 ejusdem
1522 3416 1675 3487 Eupli
1704 3432 1823 3486 per-

244 3494 478 3561 ceperit,
507 3496 744 3565 exceptis
767 3498 1025 3553 duntaxat
1053 3502 1257 3557 solidis.
1288 3503 1427 3560 Dare
1457 3507 1618 3560 etiam
1646 3508 1711 3563 de
1734 3524 1822 3562 so-

246 3582 369 3637 lidis
396 3583 537 3639 illius
568 3592 620 3640 te
644 3586 888 3642 volumus
915 3588 1115 3645 solidos
1142 3592 1325 3659 viginti
1372 3594 1629 3664 quinque.
1686 3596 1825 3667 Sup-

236 3673 563 3741 pusitorium
584 3675 802 3744 aliquod
828 3688 1137 3747 argenteum
1163 3698 1264 3751 pro
1293 3699 1398 3737 uno
1426 3684 1599 3741 solido
1628 3687 1823 3742 dicitur

242 3780 365 3819 esse
394 3768 723 3836 appositum,
749 3777 804 3824 et
832 3770 972 3825 calix
997 3787 1097 3841 pro
1139 3788 1234 3827 sex
1272 3775 1456 3830 solidis
1484 3778 1679 3832 dicitur
1703 3794 1823 3835 esse

241 3858 542 3924 appositus.
570 3857 908 3929 Interrogata
929 3861 1207 3919 Dominico
1234 3868 1550 3933 secretario,
1581 3871 1664 3924 vel
1704 3872 1823 3927 aliis

240 3946 331 4012 qui
360 3947 500 4001 scire
527 3959 768 4017 possunt,
797 3952 1034 4008 debitum
1058 3957 1259 4027 recipe,
1284 3967 1339 4014 et
1364 3962 1577 4016 vascula
1603 3962 1821 4033 praefata

238 4036 490 4092 restitue.

320 4167 336 4198 ι
378 4149 594 4217 Agimus
623 4160 799 4207 autem
821 4164 1019 4222 gratias
1059 4158 1287 4213 sollicitu
1308 4161 1402 4214 lini
1446 4171 1569 4231 tum,
1601 4165 1722 4233 quia
1754 4166 1821 4219 de

236 4255 403 4293 causa
449 4240 626 4296 fratris
654 4243 757 4297 mei
790 4246 1017 4315 prmcepi
1048 4249 1143 4301 tibi
1175 4258 1233 4302 ut
1262 4260 1538 4317 argentum
1566 4255 1704 4309 illius
1736 4272 1819 4310 re-

238 4329 606 4385 transmittere
626 4332 929 4401 debuisses,
961 4346 1015 4390 et
1044 4338 1121 4391 sic
1150 4339 1405 4396 oblivioni
1436 4345 1717 4410 mandasti,
1754 4362 1818 4401 ac

1959 469 2173 525 dentur.

2037 577 2055 610 ι
2088 559 2355 613 Antonino
2386 557 2643 613 medietas
2678 559 2836 627 legati
2865 558 2947 613 sui
2976 559 3099 613 data
3129 567 3233 622 est,
3273 558 3535 614 medietas

1956 650 2252 706 redimetur
2278 668 2292 704 :
2320 666 2481 719 quam
2513 651 2852 706 medietatem
2891 667 2956 706 ex
2986 654 3255 706 communi
3284 654 3533 706 substan—

1958 742 2028 795 tia
2058 743 2108 796 ei
2137 743 2383 798 volumus
2403 742 2713 812 adimpleri;
2736 750 2790 797 et
2818 758 2924 797 non
2946 744 3115 797 solum
3140 745 3209 807 ei,
3240 743 3334 798 sed
3368 742 3531 797 etiam

1954 828 2346 895 detensoribus,
2366 840 2422 885 et
2442 832 2759 901 peregrinis,
2774 831 2964 900 quibus
2977 831 3133 900 legati
3152 833 3306 886 titulo
3332 830 3531 898 aliquid

1952 919 2257 987 dereliquit,
2284 928 2338 975 et
2363 920 2575 976 familia:
2607 923 2838 991 legatum
2861 923 3090 992 persolvi
3106 924 3365 989 volumus,
3388 921 3532 991 quod

1953 1018 2131 1063 tamen
2161 1010 2232 1063 ad
2284 1026 2383 1065 nos
2413 1013 2669 1081 pertinet.
2722 1013 2961 1066 Collcota
3004 1028 3131 1082 ergo
3155 1014 3380 1079 ratione,
3431 1027 3531 1083 pro

1948 1108 2131 1153 nostra
2161 1107 2333 1168 parte,
2368 1101 2421 1153 id
2448 1108 2551 1165 est,
2585 1117 2684 1170 pro
2711 1117 2906 1156 novem
2938 1104 3111 1158 unciis
3140 1104 3407 1172 persolvo.

2026 1206 2041 1238 ι
2077 1187 2154 1242 De
2181 1188 2366 1243 solidis
2393 1188 2646 1244 Ecclesia:
2676 1189 2962 1243 Canusina:
2989 1192 3236 1246 volumus
3259 1203 3315 1246 ut
3334 1190 3534 1260 aliquid

1945 1278 2154 1334 clericis
2200 1279 2441 1349 ejusdem
2484 1279 2738 1335 Ecclesiae
2766 1280 3044 1350 largiaris,
3079 1291 3365 1350 quatenus,
3411 1290 3467 1339 et
3496 1284 3529 1341 ii

1945 1374 2036 1442 qui
2064 1389 2205 1428 nunc
2227 1373 2462 1443 inopiam
2492 1374 2786 1443 patiuntur,
2813 1375 3263 1429 sustentationem
3296 1376 3527 1443 aliquam

1945 1463 2198 1529 habeant,
2231 1470 2285 1517 et
2313 1463 2356 1517 si
2389 1462 2495 1517 illic
2517 1463 2657 1518 Deus
2684 1462 2913 1518 voluerit
2937 1463 3173 1518 ordinari
3194 1464 3524 1535 episcopum,

1945 1554 2139 1609 habeat
2168 1554 2309 1609 unde
2332 1555 2607 1611 subsistat.

2024 1663 2041 1696 ε
2077 1644 2153 1699 De
2180 1644 2344 1714 lapsis
2371 1644 2741 1699 sacerdotibus
2768 1646 2853 1699 vel
2883 1646 3127 1714 quolibet
3159 1662 3226 1703 ex
3249 1650 3397 1705 clero
3424 1647 3522 1703 ob-

1874 1751 1916 1808 ῃ
1943 1749 2159 1789 servare
2187 1743 2237 1788 te
2265 1734 2512 1789 volumus
2534 1742 2593 1787 ut
2621 1734 2674 1788 in
2694 1735 2852 1789 rebus
2878 1751 3063 1791 eorum
3090 1738 3235 1792 nulla
3263 1738 3523 1793 contamic

1942 1826 2160 1881 natione
2202 1826 2497 1888 miscearis,
2536 1824 2630 1881 sed
2661 1828 3005 1895 pauperrima
3035 1830 3304 1898 regularia
3332 1844 3523 1884 mona-

1938 1916 2101 1969 steria
2132 1915 2366 1984 require,
2392 1928 2512 1983 qua:
2528 1914 2817 1969 secundum
2840 1915 3005 1969 Deum
3024 1918 3204 1973 vivere
3231 1919 3441 1984 sciunt;
3469 1925 3522 1975 et

1940 2004 1996 2057 in
2027 2002 2235 2057 eisdem
2265 2003 2605 2058 monasteriis
2632 2002 2699 2056 ad
2736 2005 3110 2073 pceniteutiam
3140 2007 3322 2077 lapsos
3352 2007 3522 2075 trade,

1936 2103 1993 2146 et
2019 2107 2108 2147 res
2136 2092 2410 2163 lapsorum
2431 2093 2483 2146 in
2506 2108 2574 2147 eo
2596 2092 2718 2148 loco
2748 2094 2993 2171 proliciat
3024 2096 3076 2150 in
3106 2111 3212 2166 quo
3233 2112 3392 2168 agere
3410 2113 3520 2168 μω-

1933 2183 2214 2237 nitentiam
2267 2182 2569 2251 traduntur,
2598 2190 2863 2251 quatenus
2902 2185 3002 2254 ipsi
3033 2201 3103 2241 ex
3144 2187 3303 2243 rebus
3335 2202 3520 2245 eorum

1931 2276 2227 2332 subsidium
2264 2276 2519 2343 habeant,
2550 2277 2641 2347 qui
2669 2276 2737 2331 de
2764 2276 3102 2331 correctione
3145 2292 3332 2332 eorum
3369 2278 3516 2333 solli-

1932 2366 2225 2420 citudinem
2244 2372 2456 2434 gerunt.
2482 2365 2539 2419 Si
2562 2380 2690 2420 vero
2716 2374 2966 2436 parentes
2985 2364 3206 2431 habent,
3230 2380 3318 2421 res
3332 2379 3519 2422 eorum

1930 2458 2183 2524 legitimis
2212 2457 2527 2526 parentibus
2555 2456 2770 2525 dentur,
2802 2458 2876 2511 ita
2905 2466 3085 2512 autem
3126 2465 3184 2511 ut
3209 2472 3395 2512 eorum
3416 2456 3514 2511 sti-

1930 2549 2202 2618 pendium,
2230 2549 2320 2617 qui
2348 2549 2399 2601 in
2425 2548 2921 2617 pmnitentiam‘dati
2952 2548 3167 2615 fuerint,
3190 2547 3514 2603 sufﬁcienter

1928 2636 2121 2690 debeat
2148 2637 2445 2705 procurari.
2473 2638 2530 2691 Si
2555 2638 2644 2707 qui
2668 2652 2795 2693 vero
2824 2653 2890 2692 ex
2921 2638 3117 2692 familia
3137 2639 3502 2705 ecclesiastica

1929 2727 2255 2790 sacerdotes,
2285 2727 2371 2781 vel
2400 2726 2591 2790 levitze,
2624 2727 2708 2781 vel
2737 2727 3005 2793 monachi,
3057 2727 3143 2781 vel
3187 2727 3388 2791 clerici,
3420 2727 3507 2781 vel

1930 2813 2157 2883 quilibet
2178 2815 2267 2869 alii
2296 2816 2427 2885 lapsi
2451 2814 2664 2881 fuerint,
2688 2816 2800 2870 dari
2829 2831 2924 2871 eos
2946 2816 2999 2869 in
3019 2814 3387 2885 pcenitentiam
3416 2828 3511 2869 voc

1932 2903 2129 2971 lumus,
2151 2903 2247 2958 sed
2275 2918 2361 2958 res
2382 2919 2569 2959 eorum
2591 2904 2954 2959 ecclesiastico
2975 2904 3083 2972 juri
3112 2919 3219 2957 non
3249 2902 3509 2968 subtrahi,

1931 2994 1997 3047 ad
2027 3008 2179 3047 usum
2198 3001 2376 3047 tamen
2401 3007 2557 3047 suum
2579 2993 2865 3062 accipiant,
2890 2993 3029 3048 unde
3051 2993 3118 3047 ad
3147 2993 3508 3062 pmnitendum

1932 3084 2253 3148 subsistant;
2286 3098 2354 3138 ne
2380 3086 2425 3137 si
2455 3084 2743 3147 nudentur,
2777 3085 2910 3140 locis
2939 3085 2992 3138 in
3038 3084 3231 3153 quibus
3255 3084 3363 3138 dati
3394 3086 3507 3139 fue-

1930 3175 2040 3229 rint
2064 3174 2280 3229 onerosi
2307 3174 2432 3228 sint.
2462 3174 2520 3228 Si
2541 3190 2677 3244 quos
2699 3183 2948 3244 parentes
2978 3174 3028 3245 in
3053 3177 3389 3245 possessione
3414 3176 3508 3229 ha-

1927 3265 2075 3330 bent,
2108 3265 2237 3332 ipsis
2266 3280 2353 3319 res
2375 3279 2562 3320 eorum
2588 3264 2862 3319 tradenda:
2892 3274 3033 3331 sunt,
3068 3274 3123 3320 ut
3152 3267 3219 3321 ab
3247 3266 3375 3337 ipsis
3396 3266 3505 3337 juri

1926 3352 2184 3409 Ecclesiae
2210 3364 2617 3410 conserventur.

2004 3462 2021 3494 ι
2056 3444 2193 3499 Ante
2222 3446 2510 3499 triennium
2539 3446 2848 3501 subdiaconi
2872 3447 3111 3502 omnium
3140 3447 3504 3505 Ecclesiarum

1925 3539 2121 3595 Sicilia:
2150 3540 2406 3609 prohibiti
2453 3538 2663 3594 fuerant
2710 3550 2767 3594 ut
2796 3558 2945 3597 more
2980 3542 3233 3597 Romana:
3258 3542 3505 3599 Ecclesia:

1922 3630 2033 3684 suis
2061 3628 2317 3683 uxoribus
2345 3629 2648 3685 nullatenus
2676 3631 3050 3687 miscerentur.
3084 3631 3237 3697 Quod
3260 3632 3391 3687 mihi
3409 3634 3506 3687 du~

1925 3737 2041 3773 rum
2073 3729 2236 3791 atque
2281 3721 2652 3792 incompetens
2692 3723 2929 3789 videtur;
2978 3733 3038 3777 ut
3064 3725 3154 3793 qui
3183 3740 3336 3780 usum
3359 3714 3506 3793 ejus;

1925 3812 2046 3866 dem
2076 3813 2419 3867 continentiae
2448 3828 2555 3868 non
2601 3814 2824 3895 invenit)
2853 3829 3028 3883 neque
3050 3816 3352 3870 castitatem
3380 3823 3506 3870 ante

1923 3901 2227 3971 proposuit,
2276 3901 2630 3971 compellatur
2665 3918 2695 3955 a
2724 3918 2818 3955 sua
2852 3917 3020 3957 uxore
3049 3905 3309 3971 separari,
3344 3912 3506 3974 atque

1922 4006 2020 4060 per
2067 3989 2188 4050 hoc,
2242 3988 2386 4057 quod
2426 3988 2584 4052 absit,
2622 3989 2859 4044 deterius
2887 3990 3064 4047 cadat.
3097 3991 3247 4047 Unde
3295 3993 3505 4051 videtur

1923 4080 2051 4133 mihi
2084 4088 2197 4134 uta
2230 4080 2486 4150 praesenti
2516 4080 2602 4135 die
2633 4081 2895 4149 episcopis
2934 4082 3183 4136 omnibus
3211 4083 3420 4138 dicatur
3448 4092 3503 4141 ut

1924 4171 2127 4223 nullum
2156 4169 2335 4224 facere
2365 4170 2750 4224 subdiaconum
2803 4181 3147 4240 prtesumant,
3196 4173 3295 4227 nisi
3326 4174 3418 4242 qui
3446 4190 3506 4229 se

1921 4263 2186 4316 victurum
2202 4269 2347 4315 caste
2368 4262 2694 4330 promiserit,
2711 4270 2974 4329 quatenus
2995 4268 3048 4315 et
3069 4264 3359 4331 pnetcrita,
3383 4280 3503 4333 qua:

1920 4354 2197 4423 proposito
2246 4353 2439 4407 mentis
2479 4353 2715 4422 appetita
2763 4367 2869 4405 non
2910 4360 3052 4418 sunt,
3086 4353 3351 4409 violenter
3391 4370 3502 4410 non

329 4419 438 4530 tibi.
453 4421 612 4489 aliqui
635 4423 657 4530 Ι¹
690 4424 756 4478 ab
790 4434 1039 4530 extremo
1088 4430 1356 4500 mancipio
1390 4442 1481 4486 tuo
1523 4434 1811 4490 diceretur.
1849 4472 1896 4530 Β
1921 4444 2228 4513 exigantur,
2261 4452 2313 4497 et
2341 4443 2516 4497 lutura
2547 4452 2702 4498 caute
2729 4453 3038 4499 caveantur.
3080 4444 3179 4511 Qui
3223 4461 3350 4501 vero
3378 4446 3499 4517 post

232 4510 391 4576 Quod
417 4511 549 4579 jam,
574 4514 659 4567 vel
683 4515 840 4571 modo
864 4533 971 4571 non
1002 4522 1354 4589 experientia,
1381 4525 1483 4593 75
1514 4527 1605 4580 sed
1642 4527 1810 4595 negli-

231 4601 415 4665 gentia
450 4611 535 4654 tua
560 4603 772 4658 studeat
799 4605 1042 4675 implere,
1094 4610 1176 4664 vel
1222 4612 1475 4682 quidquid
1515 4615 1630 4683 ejus
1670 4617 1813 4685 apud

232 4689 564 4744 Antoninum
609 4692 771 4750 fuisse
818 4699 1158 4767 cognoveris,
1206 4703 1304 4757 sub
1354 4705 1498 4757 onmi
1529 4706 1814 4762 velocitate

230 4783 621 4839 retransmitte.

307 4890 329 4921 ι
369 4870 447 4926 De
477 4888 641 4929 causa
670 4876 905 4949 Salpingi
950 4880 1116 4936 Judaei
1147 4893 1370 4953 eptstma
1402 4885 1578 4954 aliqua
1632 4886 1815 4941 estin-

228 4972 417 5027 venta,
440 4978 599 5032 quam
629 4968 719 5023 tibi
742 4970 963 5027 fecimus
983 4975 1287 5042 transmitti,
1315 4985 1372 5029 ut
1397 4992 1515 5031 eam
1546 4978 1809 5048 relegens,

228 5064 283 5105 et
313 5057 585 5113 subtiliter
612 5075 828 5115 causam
864 5064 999 5131 ejus,
1043 5067 1125 5120 vel
1154 5067 1328 5123 viduae
1366 5072 1664 5142 cujusdam,
1694 5092 1811 5145 qua:

228 5144 280 5196 in
305 5146 501 5201 eodem
534 5152 749 5218 negotio
790 5153 988 5209 dicitur
1022 5156 1310 5225 implicata,
1367 5144 1719 5233 cognoscens,
1746 5170 1811 5223 de

224 5236 618 5305 quinquaginta
659 5256 767 5297 uno
792 5244 977 5299 solidis
1010 5255 1032 5284 ⁸
1062 5249 1152 5316 qui
1182 5250 1449 5306 redhiberi
1494 5267 1806 5319 noscuntur,

228 5324 374 5376 sicut
400 5325 605 5392 justum
633 5329 727 5384 tibi
767 5332 937 5387 visum
966 5333 1138 5402 fuerit,
1170 5353 1485 5408 responsum
1517 5342 1700 5409 facias,
1740 5347 1811 5400 ita

302 5482 329 5510 ⁸
359 5473 415 5527 ιη
442 5480 713 5537 nonnullis
742 5481 889 5557 Mss,
922 5501 982 5540 ea
1005 5496 1172 5540 autem
1198 5505 1333 5557 quae.
1362 5489 1419 5543 In
1449 5492 1589 5557 aliis,
1612 5504 1698 5547 tua
1718 5512 1812 5548 au-

230 5552 329 5619 tent
359 5562 474 5619 qua:
500 5554 813 5619 comparari.

299 5614 326 5652 δ
356 5614 496 5699 Quid
544 5614 626 5672 sit'
657 5622 867 5699 eatiela,
917 5626 1129 5699 require
1167 5629 1220 5683 in
1258 5631 1398 5684 uotis
1440 5631 1505 5685 ad
1534 5632 1805 5699 epistolas.

236 5680 461 5743 Easdem
486 5692 767 5747 consulere
798 5680 901 5749 non
925 5680 1121 5766 pigeat,
1147 5680 1701 5766 sitquidudiflicu'liatis
1712 5680 1809 5758 6&1

1918 4532 2165 4589 eamdem
2188 4534 2621 4605 prohibitionem,
2646 4549 2762 4602 qua:
2784 4543 2909 4589 ante
2930 4536 3215 4589 triennium
3238 4536 3374 4591 facta
3391 4546 3501 4600 est,

1919 4626 2259 4680 eontinettter
2284 4641 2404 4679 eum
2450 4626 2559 4679 suis
2589 4625 2903 4693 eonjugibus
2942 4626 3211 4690 vixerunt,
3243 4626 3506 4681 laudandi

1918 4726 2082 4784 atque
2110 4714 2484 4768 remunerandi
2530 4723 2672 4779 sunt,
2700 4723 2753 4768 et
2777 4722 2836 4768 ut
2881 4714 2933 4768 in
2980 4716 3123 4769 bono
3161 4730 3259 4769 suo
3286 4730 3497 4783 perma-

1921 4814 2084 4858 neant
2103 4805 2442 4859 exhortandi.
2472 4803 2578 4858 Eos
2606 4813 2784 4859 autem
2808 4805 2897 4874 qui
2927 4812 3047 4874 post
3077 4805 3499 4874 prohibitionem

1923 4896 2115 4950 factam
2136 4912 2193 4951 se
2219 4912 2247 4949 a
2269 4896 2379 4951 suis
2402 4895 2657 4950 uxoribus
2680 4896 2955 4949 continere
2978 4895 3282 4959 noluerunt,
3307 4906 3473 4963 perve

1919 4989 2034 5042 nire
2077 4988 2141 5041 ad
2171 5002 2380 5041 sacrum
2411 4987 2651 5042 ordinem
2682 4988 2945 5053 nolumus,
2974 4988 3097 5055 quia
3130 4986 3304 5039 nullus
3334 4985 3495 5040 debet

1918 5078 1986 5133 ad
2015 5080 2365 5134 ministerium
2391 5080 2571 5133 altaris
2592 5079 2698 5149 76
2723 5079 3000 5141 accedere,
3031 5078 3128 5130 nisi
3153 5077 3303 5146 cujus
3331 5076 3493 5133 casti-

1919 5181 1999 5224 tas
2023 5178 2147 5223 ante
2175 5178 2480 5238 susceptum
2510 5169 2860 5222 ministerium
2892 5167 3048 5221 fuerit
3071 5169 3393 5237 approbataj

1993 5275 2011 5307 ι
2041 5256 2287 5310 Liberato
2311 5257 2651 5324 negotiatori,
2672 5256 2841 5322 quise
2866 5256 3116 5309 Ecclesia:
3144 5256 3493 5310 commenda-

1917 5344 2010 5408 vit,
2042 5345 2128 5411 qui
2159 5344 2364 5397 habitat
2384 5344 2438 5395 in
2468 5358 2641 5396 massa
2662 5344 2933 5411 Cittciana,
2959 5347 3491 5401 annuamcontiuen-

1913 5505 2092 5570 currat
2119 5496 2169 5550 in
2198 5498 2407 5570 caeteris
2435 5497 2674 5570 epistolis
2696 5514 2725 5553 a
2744 5498 2950 5557 Joanne
2975 5503 3209 5557 Diacono
3238 5504 3489 5570 laudatis,

1916 5568 2174 5646 nimirum.
2193 5580 2311 5635 qua:
2335 5565 2444 5646 jam
2468 5565 2591 5646 alibi
2614 5570 3023 5632 observavimus.
3061 5573 3162 5628 hoc
3186 5575 3302 5632 loco
3329 5565 3489 5646 repe;

1917 5645 2028 5690 tere
2058 5636 2331 5689 ta:diosum
2353 5636 2507 5689 lorct.

1988 5715 2007 5742 "
2041 5706 2143 5775 AL,
2175 5706 2319 5761 reddi
2349 5705 2545 5762 debere.
