4018 6320
559 259 661 314 19.5

1175 254 1232 310 S.
1275 252 1598 311 CREGORI!
1640 253 1839 309 ΡΑΡᾹΞ
1885 251 2060 316 VlTA,
2104 248 2304 306 AUCT.
2344 249 2603 306 JOANNE
2649 250 2956 307 DlACONO.
2995 251 3121 307 ιω.
3165 252 3228 307 ll.
3724 262 3809 322 {24

557 380 684 432 tiam
717 396 745 432 a
776 385 826 433 te
854 377 1099 431 volumus
1129 376 1263 429 fieri.
1296 376 1460 443 Cujus
1491 374 1834 430 continentiae
1867 387 2129 426 summam
2162 374 2207 429 A
2236 370 2454 439 aliquod
2483 372 2793 428 alimentum
2824 376 3023 443 praebe,
3052 375 3177 443 quia
3208 375 3468 431 Maximus
3494 390 3618 432 eum
3648 381 3698 435 in
3728 383 3803 440 Si-

556 472 671 538 ipse
690 470 893 522 mstima
915 467 1087 538 qualis
1116 482 1234 521 esse
1273 466 1489 531 debeat,
1521 475 1578 519 ut
1620 464 1926 518 renuntiata
1957 463 2132 527 nobis,

556 561 611 615 in
641 560 748 613 tuis
772 558 1064 612 rationibus
1094 559 1264 626 possit
1300 554 1572 624 imputari.
1606 554 1684 609 De
1726 553 1974 623 prazscnti
2007 567 2136 607 vero

555 647 852 703 ln'dictione
873 646 983 715 jam
1013 661 1041 698 a
1074 644 1181 697 lilio
1217 651 1402 696 nostro
1432 640 1690 696 Servodei
1736 641 1963 696 diacono
2009 655 2138 709 per—

556 741 677 809 cepi
731 739 873 809 quod
927 737 1208 790 Fantinum
1254 734 1591 789 defensorem
1633 732 1867 787 Joannes
1918 732 2135 801 quidam

556 832 852 884 monachus
895 829 1130 881 moriens
1158 826 1213 878 in
1244 839 1340 879 sex
1381 826 1568 880 uncias
1604 823 1872 879 bmredem
1916 823 2135 876 dimisit.

556 921 653 973 Cui
679 921 780 973 hoc
801 918 1016 985 quidem
1045 915 1189 985 quod
1215 916 1492 971 dimissum
1521 925 1606 971 est
1629 916 1804 983 trade,
1833 914 1926 969 sed
1948 921 2137 969 conte-

553 1008 698 1065 stare
725 1025 845 1063 eum
876 1018 934 1063 ut
963 1009 1068 1063 hoc
1095 1009 1275 1064 facere
1302 1009 1526 1063 ulterius
1554 1024 1663 1063 non
1694 1014 2001 1077 praesumat,
2042 1005 2138 1060 sed

552 1115 651 1173 pro
674 1099 863 1155 labore
890 1115 989 1154 suo
1014 1107 1191 1155 statue
1219 1099 1365 1168 quod
1394 1099 1641 1168 accipiat,
1673 1109 1731 1154 ut
1752 1099 1800 1152 ei
1823 1112 2026 1152 vacuus
2056 1100 2138 1150 la-

552 1191 654 1246 bor
674 1206 802 1245 suus
838 1206 959 1245 esse
986 1206 1093 1245 non
1119 1190 1348 1256 debeat;
1379 1199 1434 1244 et
1474 1191 1580 1244 hoc
1609 1188 1931 1251 meminerit,
1959 1196 2017 1241 ut
2048 1187 2141 1254 qui

552 1279 807 1335 Ecclesiae
852 1279 1127 1349 stipendiis
1164 1279 1423 1345 subsistit,
1472 1278 1540 1333 ad
1583 1279 1728 1333 luera
1783 1278 1997 1348 propria
2031 1293 2139 1330 non

555 1370 793 1424 anhelet.
818 1370 873 1424 Si
904 1370 1033 1440 quid
1074 1386 1204 1425 vero
1252 1371 1369 1425 sine
1397 1377 1619 1439 peccato
1650 1376 1705 1423 et
1747 1369 1861 1424 sine
1899 1366 2140 1435 appetitu

553 1460 1001 1529 concupiscentia:
1029 1475 1124 1530 per
1152 1475 1245 1514 eos
1266 1460 1357 1528 qui
1385 1474 1575 1514 causas
1603 1457 1855 1512 Ecclesia:
1882 1464 2046 1524 agunt
2072 1455 2140 1510 ad

554 1550 848 1606 Ecclesiam
870 1553 1094 1617 venerit,
1128 1552 1344 1620 dignum
1376 1559 1456 1605 cst
1484 1558 1541 1604 ut
1563 1550 1660 1619 ipsi
1690 1550 1843 1603 vacui
1868 1564 1934 1601 ex
1955 1548 2141 1602 labore

554 1657 654 1697 suo
680 1657 800 1696 esse
837 1658 943 1696 non
973 1643 1225 1705 debeant,
1277 1642 1371 1696 sed
1422 1649 1607 1695 ncstro
1649 1647 1895 1695 servetur
1931 1637 2136 1706 judicio

553 1730 783 1799 qualiter
804 1732 1033 1785 debeant
1060 1731 1413 1784 remunerari.

630 1838 649 1871 ‹
682 1820 755 1874 De
784 1829 1006 1889 argento
1034 1820 1329 1876 Rusticiani
1360 1836 1578 1876 causam
1606 1820 1870 1876 subtiliter
1897 1819 2129 1888 require,

551 1916 607 1965 et
634 1910 776 1979 quod
809 1910 901 1964 tibi
926 1909 1127 1978 justum
1161 1911 1372 1964 videtur
1409 1925 1724 1979 exsequere.
1770 1909 2132 1963 Alexandrum

551 2000 722 2054 virum
770 1998 1107 2068 magnificum
1152 2000 1412 2067 admone,
1460 2009 1517 2053 ut
1556 2014 1771 2054 causam
1813 2014 1964 2053 suam
2012 2013 2134 2053 cum

550 2096 735 2144 sancta
764 2087 999 2143 Ecclesia
1031 2089 1279 2144 decidere
1299 2089 1512 2143 debeat.
1547 2088 1699 2154 Quod
1727 2088 1769 2143 si
1795 2088 1933 2142 forte
1959 2088 2134 2143 facere

550 2179 867 2247 neglexerit,
895 2179 1137 2234 eamdem
1167 2195 1381 2234 causam
1419 2196 1539 2234 cum
1592 2181 1785 2234 timore
1813 2180 1928 2246 Dei,
1963 2179 2133 2233 hone-

550 2279 690 2325 state
718 2280 950 2337 servata,
983 2281 1040 2326 ut
1069 2280 1241 2345 potes,
1287 2286 1601 2343 exsequere.
1651 2273 1709 2326 In
1756 2287 1860 2342 qua
1890 2287 1948 2326 re
1972 2261 2133 2326 etiam

551 2360 732 2428 largiri
762 2360 962 2431 aliquid
994 2371 1044 2416 te
1068 2362 1335 2427 volumus,
1365 2370 1439 2427 et,
1481 2361 1525 2415 si
1571 2369 1754 2431 potest
1802 2360 1936 2426 fieri,
1984 2360 2131 2429 quod

552 2450 673 2504 aliis
698 2451 930 2504 dandum
959 2460 1060 2517 est,
1090 2452 1189 2521 ipsi
1212 2451 1515 2518 relaxetur,
1572 2451 1866 2506 dummodo
1916 2464 2133 2505 causam

551 2554 710 2609 quam
743 2540 1020 2595 nobiscum
1045 2535 1208 2596 habet
1236 2551 1509 2610 perexeat.

532 2672 537 2676 .
630 2647 648 2681 ι
684 2629 1039 2685 Donationem
1070 2630 1274 2686 ancillae
1296 2630 1388 2684 Dei
1418 2645 1537 2700 qua:
1559 2637 1707 2699 lapsa
1736 2637 1835 2695 est,
1860 2638 1914 2684 et
1937 2646 1989 2683 in
2020 2646 2137 2686 mo—

549 2722 784 2776 nastcrio
826 2720 973 2788 data,
1029 2723 1177 2777 omni
1223 2718 1524 2793 postpOsita
1571 2724 1845 2792 tarditate,
1890 2724 2130 2793 restitue,

548 2819 815 2880 quatenus
854 2812 970 2882 ipse
1022 2813 1191 2879 locus,
1238 2823 1295 2868 ut
1342 2816 1586 2884 superius
1636 2815 1765 2881 dixi,
1810 2832 1987 2871 rerum
2018 2816 2133 2885 ejus

548 2900 810 2972 stipendia
849 2904 1044 2959 habeat
1082 2907 1174 2974 qui
1212 2906 1329 2975 ejus
1355 2906 1731 2961 sollicitudinis
1770 2907 1980 2963 labores
2008 2923 2134 2976 por-

548 3000 645 3047 tat.
677 2992 785 3050 Sed
813 3001 869 3050 et
895 2990 1151 3064 quidquid
1173 2996 1240 3049 ab
1261 2996 1379 3049 aliis
1407 3010 1474 3049 ex
1504 2995 1622 3064 ejus
1660 2986 1957 3050 substantia
1982 3004 2131 3052 tene-

551 3090 635 3137 tur
661 3084 945 3152 recollige,
971 3092 1027 3139 et
1064 3086 1392 3141 monasterio
1429 3086 1651 3153 przefato
1673 3085 1841 3139 trade.

626 3183 647 3222 ε
682 3171 977 3226 Pensiones
1006 3173 1355 3227 xenodocbiis
1380 3174 1448 3227 de
1476 3175 1561 3226 via
1589 3188 1744 3238 nova,
1782 3182 2009 3241 quantas
2034 3174 2133 3227 mi-

553 3261 605 3316 hi
637 3261 900 3327 indicasti,
924 3264 1048 3331 quia
1079 3263 1183 3335 [Αι.
1213 3264 1369 3332 quas]
1393 3264 1531 3332 apud
1560 3270 1613 3318 te
1652 3264 1839 3330 habes,
1870 3265 2025 3319 nobis
2052 3266 2132 3319 di-

553 3349 683 3417 rige.
716 3348 1026 3404 Actionario
1071 3360 1276 3418 autem,
1318 3367 1477 3420 quem
1506 3353 1559 3408 in
1581 3354 1770 3410 eodem
1809 3355 2132 3423 patrimonio

553 3440 841 3510 deputasti,
867 3448 1026 3509 prout
1056 3442 1153 3495 tibi
1180 3442 1411 3509 videtur,
1446 3443 1641 3513 aliquid
1664 3444 1879 3513 largire.

633 3558 649 3599 ι
679 3548 754 3602 De
776 3548 968 3603 ancilla
990 3548 1085 3604 Dei
1104 3565 1223 3619 quae
1247 3566 1368 3605 cum
1392 3550 1697 3607 Theodosio
1726 3552 2130 3619 fuit,Extranea

554 3637 792 3706 nomine,
813 3638 1028 3693 videtur
1070 3640 1200 3694 mihi
1248 3649 1306 3695 ut
1350 3642 1399 3695 ei
1428 3643 1815 3698 continentiam
1857 3644 2038 3712 facias,
2089 3648 2128 3703 si

554 3730 683 3785 utile
706 3729 991 3799 conspicis,
1020 3738 1114 3784 aut
1138 3741 1284 3786 certe
1312 3730 1655 3786 donationem
1677 3749 1838 3802 quam
1863 3733 1991 3789 fecit
2012 3738 2134 3791 red-

554 3818 666 3874 das.
709 3817 939 3874 Domum
985 3821 1300 3875 monasterii
1328 3836 1488 3890 quam
1536 3823 1822 3887 Antonius,
1868 3825 2007 3879 datis
2036 3826 2133 3880 tri-

552 3908 698 3975 ginta
724 3908 932 3977 solidis,
962 3924 993 3963 a
1038 3912 1368 3967 monasterio
1402 3913 1618 3980 tulerat,
1650 3914 1881 3984 receptis
1928 3914 2131 3982 solidis,

553 4000 700 4054 omni
737 4002 1034 4070 postposita
1074 4002 1357 4069 tarditate,
1391 4005 1632 4058 restitue.
1667 4006 1887 4060 Amulas
1908 4007 2135 4077 onychi-

554 4105 671 4155 nas,
704 4091 961 4158 requisita
1016 4092 1284 4146 subtiliter
1314 4092 1559 4157 veritate,
1608 4095 1851 4158 restitue,
1882 4111 2014 4165 quas
2040 4112 2137 4167 per

552 4182 871 4253 portitorem
899 4183 1239 4250 praesentium
1264 4184 1615 4237 retransmisi.

638 4311 656 4343 ι
691 4291 1064 4360 Saturninum,
1088 4295 1131 4349 si
1158 4303 1315 4349 vacat
1344 4303 1400 4349 et
1428 4304 1723 4365 occupatus
1760 4297 1903 4367 apud
1932 4306 1986 4352 te
2032 4315 2138 4353 non

555 4387 661 4447 est,
682 4378 747 4433 ad
770 4395 868 4435 nos
892 4379 1077 4447 dirige.
1092 4380 1263 4449 Felix,
1284 4383 1579 4437 conductor
1596 4384 1808 4439 domate
1835 4386 2135 4456 Campanae,

2241 461 2421 515 ciliam
2449 462 2688 530 miserat,
2715 472 2770 517 et
2815 464 2887 519 ibi
2927 464 2975 519 ei
3013 479 3132 534 qua:
3178 468 3457 521 asserebat
3511 468 3803 533 abstulerat.

2241 550 2516 617 Cognosce
2561 568 2689 623 ergo
2718 570 2837 623 quae
2880 556 3059 610 ablata
3088 565 3233 623 sunt,
3265 560 3368 628 77
3400 566 3456 615 et
3486 562 3639 615 uxori
3676 564 3803 624 ﬁliis-

2240 655 2345 709 que
2365 640 2479 709 ejus
2505 642 2621 696 sine
2650 643 2827 711 aliqua
2849 660 3002 699 mora
3031 646 3275 701 restitue.
3305 647 3430 703 Haec
3459 650 3639 705 omnia
3666 656 3800 711 solli-

2241 730 2349 784 cite
2375 731 2576 799 relege,
2611 747 2937 801 omnemque
2967 734 3112 788 illam
3142 736 3461 793 familiarem
3488 750 3629 796 tuam
3654 748 3803 814 negli-

2240 821 2475 890 gentiam
2502 828 2788 891 postpone.
2820 821 3028 893 Scripta
3057 840 3176 880 mea
3223 827 3289 881 ad
3344 830 3576 885 rusticos
3603 847 3713 900 qua:
3739 837 3806 892 di-

2241 913 2390 977 rexi,
2439 928 2536 982 per
2561 929 2749 968 omnes
2787 929 2993 970 massas
3032 915 3117 972 fac
3160 918 3346 987 relegi,
3387 918 3447 974 ut
3492 922 3662 978 sciant
3695 930 3804 994 quid

2242 1010 2429 1055 contra
2455 1002 2733 1057 violentias
2762 1018 2886 1058 suas
2906 1019 2974 1059 ex
2989 1008 3312 1063 auctoritate
3334 1020 3520 1065 nostra
3541 1011 3805 1074 defendere

2241 1091 2489 1157 debeant,
2517 1093 2702 1162 eisque
2727 1095 2813 1149 vel
2834 1097 3146 1151 authentica
3178 1100 3261 1153 vel
3290 1103 3613 1173 exemplaria
3638 1122 3803 1166 eorum

2242 1183 2455 1237 dentur.
2483 1183 2613 1239 Vide
2638 1193 2695 1239 ut
2714 1187 2895 1240 omnia
2917 1187 3120 1257 absque
3142 1190 3515 1249 imminutione
3530 1200 3801 1268 custodias,

2241 1273 2365 1341 quia
2389 1273 2457 1327 de
2472 1274 2556 1328 bis
2575 1290 2693 1344 qua:
2723 1276 2818 1331 tibi
2840 1292 2939 1347 pro
2968 1281 3230 1335 servanda
3248 1281 3453 1350 justitia
3481 1288 3657 1343 scribo
3675 1332 3687 1355 ,
3716 1307 3803 1360 ego

2246 1365 2519 1433 absolvor,
2550 1376 2603 1421 et
2634 1376 2690 1422 tu
2717 1369 2762 1423 si
2790 1370 3035 1438 negligis,
3069 1372 3340 1441 obligaris.
3381 1375 3691 1432 Terribilem
3722 1382 3806 1436 Ju-

2240 1456 2413 1511 dicem
2434 1460 2739 1515 venientem
2761 1463 3062 1529 considera,
3085 1474 3141 1520 et
3169 1466 3235 1521 de
3260 1468 3489 1523 adventu
3521 1470 3661 1528 illius
3683 1491 3807 1531 nunc

2242 1554 2332 1601 tua
2364 1550 2728 1607 consideratio
2768 1556 3174 1624 c’ontremiscat,
3225 1573 3292 1613 ne
3338 1567 3465 1615 tunc
3503 1563 3622 1617 sine
3666 1580 3807 1621 causa

2238 1636 2347 1704 jam
2373 1638 2575 1706 timeat,
2591 1656 2709 1695 cum
2732 1656 2911 1696 coram
2935 1645 3026 1699 illo
3042 1647 3237 1701 cmlum
3256 1658 3311 1703 et
3331 1659 3470 1704 terra
3490 1655 3805 1711 tremueriut.

2167 1739 2212 1798 Β
2242 1727 2450 1784 Audisti
2478 1731 2605 1799 quid
2635 1731 2778 1796 volo,
2812 1733 2928 1788 vide
2958 1736 3086 1803 quid
3116 1752 3260 1806 agas.
3292 1757 3311 1791 ι
3356 1738 3496 1810 (Lib.
3532 1758 3570 1811 ι,
3604 1759 3687 1813 ep.
3707 1743 3807 1814 Η.)

2308 1840 2397 1895 59.
2427 1839 2699 1896 Hactenus
2727 1843 2795 1897 de
2833 1841 3179 1913 Gregorianae
3206 1848 3538 1905 liberalitatis
3567 1852 3809 1909 innocen~

2236 1928 2311 1983 tia
2339 1945 2424 1985 me
2450 1931 2698 1986 retulisse
2726 1931 2975 1988 sufficiat.
3010 1934 3298 2006 Craterum,
3330 1942 3475 2009 quia,
3508 1940 3661 1998 lamis
3688 1952 3808 1999 tem-

2234 2034 2401 2089 pore,
2448 2032 2508 2075 ut
2533 2021 2781 2078 videlicet
2813 2023 3040 2080 haberet
3084 2026 3226 2084 unde
3254 2027 3453 2084 Christi
3499 2034 3811 2103 pauperibus

2234 2110 2356 2165 sub:
2370 2112 2561 2179 eniret,
2580 2112 2846 2169 frumenta
2868 2130 3182 2186 comparare
3209 2120 3475 2188 studebat,
3492 2124 3637 2179 nullo
3659 2126 3807 2182 modo

2235 2207 2658 2272 praetermittam.
2689 2207 2778 2262 Ait
2814 2210 2957 2264 enim
2987 2211 3038 2265 in
3066 2213 3170 2266 alia
3197 2214 3425 2283 epistola
3453 2216 3626 2271 eidem
3657 2216 3808 2273 Petro

2235 2296 2565 2353 subdiacono
2593 2299 2733 2354 inter
2758 2309 2954 2356 cmtera
2988 2320 3003 2356 :
3042 2322 3060 2355 ι
3094 2298 3487 2374 Quinquaginta
3531 2311 3650 2362 auri
3676 2310 3809 2364 libris

2236 2402 2374 2442 nova
2400 2388 2667 2446 frumenta
2696 2393 2764 2448 ab
2789 2395 3059 2450 extraneis
3088 2407 3396 2467 comparata
3415 2442 3430 2466 ,
3461 2409 3516 2453 et
3562 2400 3615 2454 in
3644 2400 3809 2459 Sicilia

2236 2477 2293 2531 in
2321 2476 2453 2533 locis
2485 2479 2537 2533 in
2564 2482 2756 2549 quibus
2785 2498 2892 2537 non
2924 2495 3147 2554 pereant
3173 2503 3391 2558 repone,
3423 2498 3479 2543 ut
3507 2505 3695 2546 mense
3722 2490 3809 2546 Fe-

2237 2566 2454 2622 bruario
2481 2570 2609 2624 illuc
2633 2586 2797 2626 naves
2825 2583 3055 2643 quantas
3081 2592 3365 2645 possumus
3390 2580 3713 2647 dirigamus,
3762 2591 3811 2637 ut

2236 2656 2423 2712 eadem
2471 2659 2539 2714 ad
2588 2675 2687 2716 nos
2735 2659 3000 2718 frumenta
3048 2665 3378 2724 deferantur.
3426 2668 3531 2724 Sed
3568 2680 3626 2725 et
3654 2672 3810 2727 sinos

2237 2747 2599 2804 transmittere
2619 2760 2912 2818 cessamus,
2937 2753 3058 2822 ipse
3082 2770 3243 2810 naves
3263 2758 3504 2827 provide,
3538 2770 3593 2815 et
3614 2762 3682 2815 ad
3704 2777 3810 2824 nos,

2235 2839 2529 2895 auxiliante
2555 2840 2814 2909 Domino,
2844 2844 2959 2900 haec
2988 2846 3177 2901 eadem
3224 2848 3490 2905 frumenta
3527 2851 3812 2908 Februario

2235 2944 2421 2985 mense
2450 2934 2771 3000 transmitte,
2802 2936 3046 3005 exceptis
3086 2938 3350 2995 duntaxat
3397 2942 3685 2999 frumentis
3710 2959 3815 3014 qua!

2235 3034 2379 3073 nunc
2404 3035 2588 3075 mense
2616 3021 2954 3091 Septembrio
2980 3027 3067 3082 vel
3094 3025 3349 3086 Octobrio
3363 3031 3514 3101 juxta
3537 3044 3813 3090 consuetu.

2158 3105 2201 3165 C
2236 3108 2414 3163 dinem
2444 3111 2728 3166 transmitti
2756 3115 3145 3181 prasstolamur.
3175 3115 3252 3172 lta
3278 3135 3406 3190 ergo
3431 3132 3517 3177 tua
3540 3127 3814 3194 experien~

2236 3197 2309 3250 tia
2334 3196 2513 3265 faciat,
2544 3208 2604 3254 ut
2630 3201 2746 3257 sine
2783 3202 3008 3273 alicujus
3038 3208 3325 3264 vexatione
3350 3211 3530 3267 coloni
3558 3216 3815 3272 ecclesia-

2234 3287 2354 3342 stici
2375 3288 2640 3345 frumenta
2660 3304 3073 3363 congregemur,
3096 3299 3222 3366 quia
3244 3309 3350 3353 tam
3368 3300 3498 3373 [Αι.,
3516 3303 3570 3358 in
3596 3308 3819 3382 tantum]

2234 3376 2324 3431 hic
2352 3386 2379 3415 ι
2418 3394 2584 3448 parva
2632 3382 2888 3440 nativitas
2913 3386 3048 3455 fuit,
3086 3398 3172 3455 ut,
3206 3391 3343 3458 nisi,
3371 3394 3671 3452 auxiliante
3700 3376 3819 3467 Deo,

2235 3467 2303 3522 de
2354 3466 2535 3524 Sicilia
2575 3471 2841 3529 frumenta
2870 3487 3262 3548 congregemur
3281 3522 3297 3547 ,
3326 3484 3435 3554 78
3462 3483 3633 3544 fames
3662 3466 3820 3544 veheé

2236 3565 2448 3611 menter
2475 3557 2770 3615 immineat.
2812 3580 2832 3614 ι
2868 3563 3008 3635 (Lib.
3034 3581 3074 3634 ι,
3103 3584 3184 3637 ep.
3210 3567 3323 3641 72.)

2310 3644 2395 3699 60.
2429 3645 2598 3717 Hujus
2633 3650 2968 3709 liberalitatis
3012 3657 3408 3716 multitudinem
3454 3662 3675 3731 quidam
3706 3679 3817 3722 ere-

2241 3739 2525 3805 mitarum,
2559 3740 2639 3794 vir
2664 3756 2871 3811 magna:
2914 3745 3156 3816 virtutis,
3204 3752 3296 3820 qui
3343 3752 3475 3807 nihil
3521 3755 3573 3808 in
3621 3760 3822 3816 mundo

2241 3829 2547 3899 possidebat
2593 3839 2792 3899 praeter
2831 3848 2993 3888 unam
3036 3843 3271 3908 gattam,
3318 3854 3513 3910 quam,
3545 3843 3822 3900 blandiens

2239 3917 2450 3985 crebro,
2481 3919 2635 3986 quasi
2680 3920 3120 3989 cobabitatricem
3147 3926 3202 3982 in
3230 3928 3341 3985 suis
3366 3931 3584 3997 gremiis
3606 3933 3816 3988 refove-

2238 4008 2359 4076 bat,
2384 4023 2716 4079 cognoscens
2737 4051 2753 4079 ,
2797 4028 2982 4069 orasse
3007 4015 3180 4072 fertur
3205 4019 3272 4074 ad
3300 4019 3585 4077 Dominum
3633 4034 3696 4081 ut
3722 4026 3817 4083 sibi

2239 4104 2526 4161 ostendere
2566 4105 2876 4175 dignaretur
2928 4123 3091 4177 quam
3144 4110 3333 4167 futurae
3377 4119 3820 4175 remunerationis

2241 4195 2574 4251 mansionem
2619 4211 2839 4267 sperare
2865 4198 3169 4267 debuisset,
3226 4203 3319 4273 qui
3348 4219 3446 4274 pro
3475 4205 3615 4261 illius
3643 4222 3819 4264 amore

2240 4288 2493 4343 saeculum
2546 4289 2836 4361 deserens,
2884 4292 2958 4346 nil
2984 4308 3052 4347 ex
3094 4294 3211 4364 ejus
3259 4296 3458 4353 divitiis
3500 4300 3815 4368 possideret.

2242 4378 2481 4450 Cumque
2505 4389 2666 4438 nocte
2685 4382 2915 4452 quadam
2941 4384 3219 4454 dormiret,
3246 4390 3523 4458 cognoscit
3540 4391 3641 4445 sibi
3670 4406 3817 4447 reve-

556 4482 718 4537 quem
745 4468 968 4522 liberum
990 4471 1304 4541 reliquerat,
1335 4481 1428 4526 aut
1451 4488 1610 4541 quem
1640 4476 1991 4531 indiscussum
2020 4493 2140 4533 esse
2173 4472 2218 4529 ι)
2245 4470 2409 4525 lalum
2437 4471 2599 4529 fuisse
2621 4482 2680 4529 ιιι
2700 4489 2822 4528 cum
2843 4472 3102 4543 Gregorio
3126 4476 3372 4534 Romano
3399 4479 3648 4550 pontifice
3666 4496 3815 4536 man-

554 4557 803 4630 jusserat,
828 4559 965 4614 dixit
990 4561 1090 4614 sibi
1112 4577 1142 4615 a
1172 4562 1404 4619 Maximo
1435 4564 1765 4621 subdiacono
1793 4569 2131 4637 septuaginta

555 4647 692 4701 duos
719 4648 919 4704 solidos
958 4651 1156 4719 tultos;
1188 4668 1285 4722 pro
1309 4654 1503 4722 quibus
1531 4655 1723 4711 dandis
1753 4660 1979 4713 asseruit
2007 4661 2132 4728 quia

557 4752 748 4793 omnes
767 4754 854 4793 res
875 4755 999 4795 suas
1028 4758 1168 4811 quas
1191 4742 1241 4796 in
1273 4742 1455 4799 Sicilia
1486 4745 1673 4800 habuit
1698 4748 1782 4802 vel
1812 4750 2135 4804 venundedit

556 4830 641 4886 vel
663 4830 932 4900 apposuit.
964 4830 1071 4886 Sed
1094 4833 1401 4888 scholastici
1430 4834 1683 4890 dixerunt
1703 4837 1825 4905 quia
1847 4837 1914 4892 de
1936 4838 2135 4893 fraudi-

554 4919 655 4973 bus
678 4919 1004 4976 indiscussus
1036 4936 1153 4978 esse
1191 4938 1298 4977 non
1336 4932 1541 4994 potest;
1576 4926 1701 4980 dum
1734 4935 1909 4982 tamen
1940 4929 2007 4982 ad
2035 4945 2134 4985 nos

555 5006 623 5062 de
646 5005 936 5080 Campania
954 5019 1335 5078 reverteretur,
1364 5014 1501 5068 iacta
1528 5023 1866 5084 tempestate,
1895 5026 2138 5075 mortuus

556 5104 658 5150 est.
690 5096 855 5167 Cujus
885 5108 937 5154 te
965 5101 1212 5157 volumus
1241 5117 1461 5155 uxorem
1492 5112 1547 5155 et
1576 5102 1713 5156 filios
1742 5105 2034 5171 requirere,
2080 5115 2135 5162 et

556 5186 815 5258 quidquid
841 5191 924 5244 vel
951 5201 1276 5262 apposuerat
1305 5192 1387 5245 vel
1410 5192 1743 5257 vendiderat,
1776 5198 2021 5265 apposita
2044 5201 2139 5254 ab-

556 5276 730 5340 solve,
778 5278 844 5333 de
893 5281 1120 5335 venditis
1154 5282 1387 5349 pretium
1436 5283 1689 5344 restitue;
1731 5293 1786 5339 et
1815 5286 2032 5357 insuper
2060 5291 2138 5346 eis

634 5450 1072 5531 f_Bi_got._,_parva
1094 5456 1348 5531 sativilas,
1377 5456 1455 5512 uti
1486 5458 1888 5531 observavimus
1914 5462 2023 5531 jam
2067 5466 2135 5520 ad

557 5519 715 5602 epist.
747 5519 952 5602 72,'_lib..
979 5534 1208 5602 I,_'nota_
1231 5543 1295 5593 g,
1333 5519 1389 5580 in
1436 5543 1542 5602 qua
1585 5530 1869 5602 c_ita_v_imus
1914 5519 2035 5602 cap.
2067 5519 2135 5589 (id

557 5587 786 5671 hujusce
820 5590 960 5671 libri.
1010 5592 1146 5647 Nota
1196 5587 1251 5646 in
1280 5587 1564 5652 nonnullis
1596 5599 1765 5671 Codd.
1811 5587 1997 5670 caput'
2029 5587 2133 5660 hoc

554 5668 1053 5732 quinquagesimum
1083 5678 1305 5733 nonum,
1330 5680 1446 5722 esse
1467 5668 1956 5742 scxagcsimung‘ct
1977 5675 2133 5744 quin-

2236 4563 2444 4619 sionem
2491 4564 2591 4619 sibi
2622 4566 3023 4635 praeparandam
3050 4583 3269 4638 sperare
3309 4570 3602 4626 debuisset.
3635 4572 3705 4627 At
3731 4573 3819 4627 ille

2235 4655 2446 4711 fortiter
2472 4657 2826 4725 ingemiscens
2843 4673 3032 4728 parum
3056 4660 3158 4716 sibi
3186 4659 3451 4730 profuisse
3470 4661 3819 4717 voluntariam

2237 4764 2415 4803 rerum
2443 4749 2716 4819 inopiam,
2766 4760 3024 4823 tantaque
3069 4769 3181 4809 sua:
3209 4753 3236 4793 δ
3264 4756 3583 4811 remotionis
3623 4755 3820 4825 jejuuia

2238 4839 2492 4908 putabat,
2538 4840 2583 4893 si
2610 4855 2729 4895 cum
2758 4855 2825 4896 eo
2871 4843 3205 4899 mansionem
3253 4846 3517 4915 reciperet
3542 4846 3633 4915 qui
3663 4845 3821 4900 tantis

2241 4928 2599 4986 mundialibus
2639 4932 2840 4989 divitiis
2878 4933 3223 4988 redundaret.
3268 4934 3403 4989 Cum
3448 4951 3577 4991 vero
3620 4935 3821 5006 Grego-

2240 5017 2419 5074 rianas
2464 5019 2676 5076 divitias
2712 5036 2823 5077 suae
2870 5024 3172 5093 paupertati
3218 5023 3305 5079 die
3356 5034 3628 5094 noctuque
3650 5025 3821 5095 suspi-

2241 5113 2409 5166 rando
2435 5112 2738 5177 conferret,
2786 5114 2889 5169 alia
2920 5124 3080 5171 nocte
3123 5117 3445 5184 quiescens,
3486 5117 3686 5172 audivit
3723 5116 3822 5172 sibi

2241 5203 2526 5261 Dominum
2572 5207 2628 5260 in
2674 5208 2879 5262 somnis
2920 5207 3187 5263 dicentem
3223 5226 3236 5261 :
3284 5228 3304 5261 ί
3338 5209 3564 5276 Quando
3606 5209 3822 5265 divitem

2241 5311 2350 5352 non
2379 5298 2647 5367 possessio
2674 5283 2979 5354 divitiarum
3025 5298 3208 5367 faciat,
3238 5301 3335 5357 sed
3359 5301 3573 5371 cupido,
3606 5315 3703 5357 cur
3731 5316 3821 5355 au-

2237 5472 2831 5545 quagesimumponum
2874 5473 3114 5545 incipere
3156 5473 3224 5529 ab
3268 5474 3352 5530 his
3398 5474 3578 5531 verbis
3621 5490 3818 5545 supra:

2241 5542 2375 5617 Item
2416 5543 2550 5597 idem
2599 5542 2758 5598 Petro
2809 5543 2959 5617 subd.
2990 5542 3218 5617 {Quod
3252 5545 3637 5617 responsnlcni,
3678 5542 3818 5612 élc.,

2238 5612 2327 5686 ubi
2353 5626 2540 5686 magna
2571 5629 2635 5668 ex
2678 5622 2831 5682 parte
2861 5612 3141 5686 adducitur
3177 5612 3434 5686 cpistfH
3466 5616 3584 5671 libri
3613 5631 3649 5670 ι.

2311 5682 2335 5721 δ
2366 5682 2530 5746 ὕας..
2558 5700 2667 5741 sua:
2710 5685 3156 5741 remunerationis.
