4018 6342
524 312 621 367 ΙΞἸ

1096 305 1152 360 S.
1190 298 1523 361 GREGORII
1562 292 1765 352 ΡᾹΡᾹΞ
1809 288 1990 353 νιτΑ,
2036 285 2119 343 AU

2225 328 2236 340 .
2280 285 2542 342 JOANNE
2581 284 2897 347 DIACONO.
2944 285 3071 342 LIB.
3112 284 3193 343 Ill.

3691 281 3786 337 128

519 425 834 486 utilitatem,
866 422 962 475 scd
993 419 1105 473 ﬁcri
1134 418 1202 472 ad
1229 419 1520 475 honorem,
1552 406 1790 479 episcopi
1836 399 2098 470 concupi-
2130 402 2174 460 Α
2204 401 2356 469 copia
2387 400 2725 470 suffragatur,
2760 409 2926 457 restat
2955 410 3013 456 ut
3040 400 3171 455 nihil
3199 400 3297 454 sibi
3328 401 3381 453 in
3416 394 3662 452 honores
3692 414 3784 456 ec.

521 517 710 572 scimt?
740 513 803 567 lli
849 526 1006 580 ergo,
1042 511 1131 579 qui
1182 509 1404 563 necdum
1446 501 1588 571 quod
1634 498 1829 551 docere
1876 493 2105 547 debeant

524 606 851 665 didicerunt,
884 600 1008 670 quid
1036 598 1179 651 aliud
1225 601 1409 663 agunt,
1440 590 1537 643 nisi
1571 595 1626 641 ut
1656 598 1948 655 paucorum
1978 597 2106 651 pro-

523 703 709 751 vectus
740 693 828 746 ἰ11ί‹
848 692 953 744 itus
981 688 1073 741 ﬁat
1096 686 1278 740 multis
1304 681 1642 745 interitus,et
1661 678 1713 729 in
1737 672 2103 730 confusionem

527 784 904 843 ecclesiastica:
951 774 1334 832 moderationis
1388 768 1729 826 observantia
1789 764 2101 826 deducatur,

525 878 723 945 quippe
752 873 841 927 ubi
870 869 1046 923 nullus
1076 864 1334 932 regularis
1374 862 1506 917 ordo
1536 859 1811 915 servatur?
1856 856 1986 909 Nam
2015 852 2105 921 qui

527 944 593 1020 ad
621 964 734 1032 ejus
762 959 1000 1026 regimen
1032 954 1362 1023 improvidus
1385 953 1467 1006 vel
1498 950 1857 1020 prmcipitatus
1879 944 2104 1005 accedit,

526 1070 631 1124 qua
659 1048 1023 1105 admonitione
1049 1046 1324 1114 subjectos
1344 1042 1591 1109 aediﬁcet,
1623 1040 1776 1108 cujus
1804 1036 2108 1106 exemplum

526 1161 635 1200 non
665 1143 929 1197 rationem
960 1139 1162 1205 docuit,
1196 1136 1289 1192 sed
1317 1134 1597 1190 errorem?
1645 1130 1814 1185 Pudet
1843 1131 1948 1199 81
1979 1143 2109 1197 pro-

526 1236 689 1296 fecto,
711 1231 873 1300 pudet
895 1230 1011 1283 aliis
1031 1229 1316 1297 imperare,
1339 1225 1481 1293 quod
1498 1225 1612 1292 ipse
1634 1222 1800 1276 nescit
1820 1217 2108 1275 custodire.

527 1324 638 1378 Nec
663 1322 790 1376 illud
819 1320 1055 1390 quidem,
1088 1328 1113 1353 ⁴¹
1141 1316 1285 1384 quod
1313 1314 1469 1369 simili
1516 1311 1893 1368 emendatione
1921 1306 2113 1361 raden-

527 1416 654 1470 dum
677 1421 778 1477 est,
808 1410 1157 1480 praeterimus,
1187 1407 1278 1461 sed
1310 1405 1527 1460 omnino
1553 1400 1883 1457 exsecrabile
1912 1406 1967 1453 et
1992 1412 2114 1452 esse

526 1503 902 1574 gravissimum
952 1502 1311 1561 detestamur,
1339 1495 1553 1563 ecquod
1601 1494 1737 1547 sacri
1769 1493 1874 1546 illic
1899 1490 2115 1545 ordines

528 1610 630 1666 per
653 1592 997 1648 simoniacam
1039 1588 1282 1642 bzeresim
1302 1627 1316 1649 ,
1348 1600 1468 1653 qum
1515 1584 1683 1653 prima
1714 1590 1900 1635 contra
1925 1579 2107 1634 Eccle-

528 1687 665 1742 siam
694 1691 849 1748 orta,
896 1689 950 1736 et
995 1679 1240 1735 districta
1284 1675 1663 1731 malelictione
1707 1672 1962 1727 damnata
2009 1678 2112 1738 est,

2206 490 2535 546 clesiasticos
2580 494 2846 561 gravitas,
2895 494 3025 548 nihil
3073 493 3325 549 defendat
3371 496 3663 566 industria,
3694 497 3788 554 sed

2205 589 2377 634 totum
2426 584 2542 636 auri
2595 583 2847 653 profanus
2871 600 3023 639 amor
3066 586 3335 653 obtineat;
3385 598 3441 643 et
3485 590 3610 645 dum
3659 591 3787 646 vitia

2205 673 2411 727 honore
2440 684 2807 741 munerantur,
2836 677 2889 730 in
2917 677 3093 731 locum
3139 678 3328 732 ultoris
3359 679 3403 732 is
3433 680 3523 748 qui
3559 680 3791 736 fortasse

2206 760 2379 815 fuerat
2408 762 2742 818 uleiscendus
2788 765 3072 821 adducitur
3094 808 3109 833 ,
3136 775 3295 835 atque
3324 768 3792 843 hinc,,sacerdotes

2209 866 2315 905 non
2346 852 2637 921 proﬁcere,
2667 854 2760 909 sed
2808 856 2984 925 perire
3014 859 3191 926 potius
3238 845 3555 915 indicantur.
3590 860 3792 916 Vulne-

2209 950 2329 995 rato
2359 959 2586 1013 namque
2614 954 2851 1014 pastore,
2896 948 3015 1016 quis
3046 949 3296 1004 curandis
3326 951 3516 1006 ovibus
3544 952 3794 1007 adh‘beat

2210 1034 2570 1091 medicinam?
2599 1038 2705 1092 Aut
2749 1040 2965 1108 quando
3012 1043 3267 1111 populum
3314 1046 3575 1100 orationis
3602 1031 3793 1116 cl'ypco

2213 1130 2458 1190 tueatur,
2501 1126 2590 1195 qui
2614 1127 2808 1195 jaculis
2837 1145 2896 1184 se
2942 1130 3175 1185 hostium
3210 1132 3506 1187 feriendum
3535 1134 3793 1204 exponit?

2215 1213 2318 1267 Aut
2346 1215 2559 1282 qualem
2588 1218 2655 1271 de
2701 1234 2761 1273 se
2808 1218 3036 1274 fructum
3084 1221 3442 1290 producturus
3482 1231 3599 1290 est,
3642 1222 3795 1290 cujus

2212 1306 2359 1370 gravi
2389 1315 2537 1373 peste
2563 1308 2715 1363 radix
2755 1310 2949 1367 infecta
2979 1312 3099 1366 est?
3139 1311 3309 1381 Major
3336 1327 3466 1381 ergo
3511 1314 3796 1368 metuenda

2215 1399 2297 1446 est
2318 1393 2451 1448 locis
2474 1396 2579 1451 illis
2608 1398 2723 1455 fore
2743 1400 3024 1456 calamitas
3049 1402 3177 1475 [Al.,
3209 1404 3494 1458 metuenda
3518 1404 3653 1458 locis
3695 1404 3797 1460 illis

2216 1483 2354 1537 foret
2377 1486 2697 1562 calamitas],
2728 1492 2818 1546 ubi
2843 1492 2978 1547 talos
3008 1494 3392 1548 intercessores
3416 1494 3482 1547 ad
3512 1494 3691 1549 locum
3715 1509 3798 1549 re-

2216 1579 2427 1650 giminis
2456 1580 2807 1645 adducuntur,
2838 1581 2930 1651 qui
2965 1583 3072 1652 82
3100 1581 3191 1635 Dei
3220 1582 3271 1635 in
3303 1596 3362 1636 se
3390 1582 3559 1651 magis
3584 1583 3799 1637 iracun-

2217 1671 2359 1726 diam
2381 1679 2696 1739 provocent,
2717 1687 2879 1743 quam
2897 1686 2995 1742 per
3015 1672 3335 1742 semetipsos
3357 1657 3568 1742 populis
3586 1672 3800 1742 placare

529 1777 894 1832 conferantur.
926 1771 1062 1825 Hinc
1103 1784 1231 1837 ergo
1260 1767 1434 1837 agitur
1460 1774 1519 1819 ut
1562 1764 1860 1820 sacerdotis
1887 1762 2115 1829 dignitas
2148 1762 2193 1821 Β
2219 1764 2532 1818 debuerunt.

529 1868 582 1921 in
612 1866 884 1934 despectu,
914 1870 970 1915 et
997 1869 1213 1914 sanctus
1241 1859 1313 1912 sit
1335 1859 1509 1910 honor
1555 1855 1608 1907 in
1638 1853 1881 1908 crimine.
1912 1850 1938 1889 δ
1968 1849 2115 1904 Perit

528 1956 713 2024 utique
734 1952 1057 2015 reverentia,
1082 1949 1333 2003 adimitur
1353 1944 1652 2015 disciplina,
1675 1942 1798 2010 quia
1818 1940 1908 2009 qui
1931 1940 2116 2008 culpas

529 2044 711 2101 debuit
736 2041 1058 2104 emendare,
1101 2038 1422 2101 committit,
1473 2044 1527 2092 et
1573 2032 1776 2088 nefaria
1824 2030 2117 2085 ambitione

529 2132 861 2190 honorabilis
886 2128 1174 2184 sacerdotii
1206 2126 1416 2180 ducitur
1442 2125 1497 2178 in
1523 2122 1959 2193 depravationem
1983 2134 2115 2174 cen-

526 2241 671 2279 sura.
703 2222 835 2279 Nam
866 2216 986 2290 quis
1006 2221 1182 2273 denuo
1208 2224 1493 2272 veneretur
1522 2214 1666 2284 quod
1696 2229 1795 2267 ven
1817 2213 1981 2267 litur?
2011 2210 2118 2265 Aut

526 2316 649 2384 quis
698 2329 805 2367 non
850 2312 958 2365 vile
1005 2317 1156 2380 putet
1201 2322 1319 2362 esse
1349 2306 1491 2373 quod
1520 2304 1751 2359 emitur?
1785 2301 1935 2356 Unde
1966 2301 2118 2355 valde

528 2404 842 2468 contristor,
871 2408 927 2455 et
955 2408 1109 2453 terrae
1139 2397 1210 2450 illi
1243 2394 1526 2456 condoleo,
1559 2393 1684 2462 quia
1712 2391 1835 2445 dum
1858 2390 2116 2460 Spiritum

528 2500 796 2558 Sanctum,
822 2505 977 2559 quem
1010 2504 1105 2558 per
1131 2501 1320 2541 manus
1349 2484 1746 2554 impositionem
1777 2482 2118 2550 omnipotens

530 2588 675 2643 Deus
706 2585 1007 2640 hominibus
1033 2580 1212 2648 largiri
1238 2579 1508 2645 dignatur,
1537 2575 1717 2629 divino
1763 2588 1984 2627 munere
2017 2572 2117 2625 ha-

529 2678 659 2733 bere
686 2674 1005 2744 despiciunt,
1031 2670 1126 2726 sed
1172 2668 1404 2739 praemiis
1447 2674 1823 2735 assequuntur,
1868 2663 2119 2717 sacerdo-

530 2770 661 2825 tium
689 2768 796 2821 illic
823 2765 1115 2820 subsistere
1141 2761 1231 2815 diu
1260 2776 1368 2814 non
1399 2758 1651 2813 arbitror.
1702 2756 1834 2809 Nam
1866 2754 1956 2808 ubi
1979 2753 2119 2807 dona

528 2873 773 2930 supernae
802 2857 986 2925 gratia:
1014 2853 1220 2908 venalia
1244 2851 1582 2920 judicantur,
1608 2848 1675 2901 ad
1706 2847 1800 2901 Dei
1842 2845 2116 2900 servitium

528 2966 636 3006 non
666 2949 776 3002 vita
798 2946 1077 3015 quaeritur,
1109 2943 1205 2999 sed
1236 2942 1403 3010 magis
1443 2948 1630 2996 contra
1663 2938 1829 2991 Deum
1878 2936 2120 3005 pecuniae

528 3047 875 3093 venerantur.
915 3056 933 3087 ι
978 3032 1127 3103 (Lib.
1161 3048 1237 3101 Ix,
1281 3031 1461 3084 indici.
1489 3029 1543 3095 2,
1569 3046 1649 3094 ep.
1684 3026 1833 3095 109.)

2293 1873 2311 1905 ι
2347 1853 2456 1908 Nec
2484 1855 2587 1909 hoc
2607 1869 2820 1924 quoque
2845 1855 3039 1909 malum
3067 1854 3371 1910 sollicitudo
3391 1863 3574 1909 nostra
3600 1855 3801 1924 patitur

2217 1944 2548 2012 negligenter
2575 1946 2846 2013 omittere,
2877 1945 3020 2015 quod
3050 1944 3573 2014 quidam,,instinctu
3618 1944 3804 2012 gloria:

2217 2035 2389 2088 inanis
2416 2035 2595 2100 electi,
2629 2050 2694 2088 ex
2718 2035 2855 2090 laico
2879 2043 3101 2105 repente
3122 2035 3305 2089 habitu
3326 2034 3605 2107 sacerdotii
3630 2035 3806 2088 hono-

2216 2139 2329 2178 rem
2354 2125 2642 2193 arripiunt,
2676 2133 2751 2191 et,
2778 2126 2923 2195 quod
2950 2126 3129 2180 dicere
3161 2125 3323 2195 pudet
3349 2133 3404 2179 et
3433 2132 3611 2180 tacere
3643 2138 3805 2192 grave

2217 2224 2319 2280 est,
2351 2217 2585 2285 regendi,
2616 2225 2875 2281 rectores,
2905 2225 2961 2272 et
2985 2218 3076 2287 qui
3103 2216 3330 2271 docendi
3353 2224 3496 2280 sunt,
3531 2215 3804 2281 doctores,

2217 2321 2317 2361 nec
2340 2306 2661 2362 erubescunt
2691 2308 2876 2373 videri,
2911 2323 3010 2363 nec
3031 2315 3294 2363 metuunt.
3320 2308 3576 2362 Ducatum
3600 2306 3807 2360 anima-

2218 2411 2336 2450 rum
2383 2398 2721 2465 impudenter
2750 2408 3030 2452 assumunt
3048 2440 3063 2465 ,
3093 2399 3285 2467 quibus
3310 2398 3395 2451 via
3422 2397 3598 2451 omnis
3626 2396 3805 2464 ignota

2219 2487 2458 2542 ductoris
2486 2496 2586 2553 est,
2613 2498 2669 2541 ct
2695 2504 2802 2558 quo
2830 2489 2915 2543 vel
2944 2489 3042 2559 ipsi
3071 2488 3410 2565 gradiantur,
3462 2487 3633 2555 ignari
3663 2493 3808 2541 sunt.

2221 2578 2373 2645 Quod
2399 2594 2559 2647 quam
2586 2596 2831 2649 pravum,
2860 2596 3089 2650 quamve
3117 2581 3187 2634 sit
3215 2580 3579 2643 temerarium,
3635 2594 3809 2633 δωρη-

2223 2672 2320 2726 lari
2348 2674 2509 2726 etiam
2539 2672 2724 2727 ordine
2756 2682 2805 2728 et
2839 2673 3116 2743 disciplina
3142 2680 3489 2727 montratur.
3522 2670 3658 2723 Nam
3688 2669 3808 2725 dum

2221 2761 2325 2815 dux
2357 2761 2625 2816 exercitus
2652 2777 2759 2816 non
2786 2762 2885 2816 nisi
2915 2762 3096 2816 labore
3124 2769 3177 2814 ct
3220 2759 3579 2815 sollicitudine
3622 2773 3809 2827 exper-

2224 2860 2308 2907 tus
2338 2851 2572 2920 cligi:ur,
2595 2851 2781 2919 quales
2807 2852 3104 2905 animarum
3130 2849 3291 2903 duces
3313 2863 3433 2903 esse
3461 2847 3698 2902 debeant
3724 2845 3810 2914 qui

2223 2942 2563 3011 episcopatus
2610 2942 2823 2996 culmen
2878 2942 3161 2995 immatura
3203 2940 3424 3009 cupiunt
3469 2937 3812 2993 festinatione

2225 3033 2626 3087 conscendere?
2647 3032 2816 3101 Hujus
2843 3034 3031 3086 saltem
3062 3033 3139 3085 rei
3166 3048 3223 3085 se
3252 3032 3664 3100 comparatione
3693 3044 3812 3084 con-

599 3128 744 3180 Idem
770 3125 839 3179 de
868 3124 1069 3178 eisdem
1098 3120 1431 3174 Theoderico
1479 3126 1532 3171 ct
1576 3114 1949 3168 Theodcberto
1980 3112 2120 3179 regi-
2148 3121 2194 3181 ρ
2224 3122 2494 3185 siderent,
2543 3131 2598 3175 et
2638 3122 2854 3189 aggredi
2902 3133 3123 3189 ιρρεητο
3172 3132 3193 3159 c
3243 3123 3553 3189 inexpertos
3605 3122 3812 3175 labores

530 3216 629 3271 bus
657 3216 984 3267 Francorum
1008 3219 1129 3279 post
1157 3210 1335 3276 aliqua
1368 3225 1381 3259 :
1420 3225 1438 3257 ι
1468 3205 1657 3257 Fertur
1697 3202 1990 3257 simoniaca
2015 3202 2122 3254 ha:-

531 3306 693 3368 rcsis,
746 3318 865 3371 quae
908 3302 1079 3370 prima
1131 3307 1316 3353 contra
1360 3297 1455 3350 Dei
1510 3294 1806 3349 Ecclesium
1857 3291 2123 3347 diabolica

534 3391 867 3465 plantationc
896 3387 1182 3457 sulm-psit,
1215 3392 1269 3439 et
1312 3385 1365 3437 in
1396 3385 1513 3453 ipso
1549 3390 1670 3437 ortu
1699 3397 1798 3436 suo
1831 3381 1938 3435 telo
1987 3395 2121 3449 apo-

532 3480 739 3535 stolica:
770 3468 987 3531 ultionis
1018 3488 1268 3544 percussa
1294 3482 1454 3541 atque
1483 3471 1735 3526 damnata
1765 3482 1867 3537 ρει,
1890 3471 1942 3524 in
1973 3470 2123 3537 regni

534 3570 697 3627 Vestri
728 3568 919 3621 ﬁn'hus
945 3564 1233 3628 dominari;
1266 3580 1386 3619 cum
1416 3563 1469 3616 in
1505 3561 1873 3617 sacerdotibus
1902 3561 2033 3615 ﬁdes
2055 3561 2125 3614 sit

534 3658 777 3730 eligenda
806 3672 927 3711 cum
954 3656 1083 3721 vita,
1116 3655 1161 3708 si
1190 3654 1295 3708 vita
1324 3654 1493 3719 deest,
1548 3651 1678 3708 ﬁdes
1723 3653 1969 3706 meritum
2018 3667 2124 3706 non

536 3747 728 3811 habet,
761 3747 921 3800 beato
950 3744 1154 3799 Jacobo
1183 3752 1472 3799 attestanze
1494 3787 1509 3811 ,
1540 3747 1629 3813 qui
1681 3746 1755 3798 ait
1781 3762 1793 3796 :
1827 3742 1985 3798 Fides
2014 3746 2126 3799 sine

535 3835 795 3907 aperibus,
826 3844 1026 3888 mortua
1078 3843 1154 3888 est
1193 3833 1332 3904 (Jac.
1365 3850 1439 3902 ιι,
1488 3833 1598 3904 9.6).
1633 3833 1761 3900 Qua:
1789 3835 1931 3887 enim
1958 3848 2124 3903 opera

537 3941 655 3981 esse
681 3925 893 3979 valeant
920 3923 1216 3978 sacerdotis
1244 3923 1332 3993 qui
1356 3924 1613 3977 honorem
1643 3924 1775 3976 tanti
1804 3925 2125 3978 sacramenti

535 4014 871 4072 convincitur
900 4014 1146 4068 obtinere
1174 4029 1269 4083 per
1293 4014 1605 4083 premium?
1628 4012 1705 4067 Ex
1730 4029 1836 4083 qua
1864 4030 1923 4069 re
1951 4016 2127 4083 agitur

540 4116 596 4162 ut
623 4107 723 4179 ipsi
750 4122 966 4174 quoque
993 4106 1083 4176 qui
1113 4121 1298 4159 sacros
1324 4106 1544 4159 ordines
1570 4115 1848 4174 appetunt,
1900 4122 2008 4161 non
2047 4108 2128 4162 vi~

540 4208 649 4253 tam
678 4198 949 4265 corrigere
978 4240 992 4263 ,
1025 4214 1132 4251 non
1163 4212 1339 4251 mores
1360 4212 1685 4265 componere
1713 4198 1961 4253 studeant
1985 4240 2000 4264 ,
2033 4198 2126 4255 sed

541 4288 783 4351 divitias,
814 4287 1007 4357 quibus
1033 4301 1187 4339 sacer
1213 4286 1388 4341 honor
1409 4286 1606 4341 emitur
1627 4325 1642 4351 ,
1676 4300 2003 4356 congregare
2032 4303 2129 4344 sa-

543 4385 746 4445 lagant.
780 4374 915 4428 Hinc
945 4374 1004 4427 ﬁt
1029 4375 1189 4428 etiam
1236 4383 1295 4430 ut
1322 4376 1557 4429 insontes
1590 4385 1645 4430 et
1693 4392 1955 4447 pauperes
1984 4394 2014 4432 a
2042 4394 2128 4433 sa-

2229 3213 2483 3275 timeant,
2517 3227 2583 3266 nc
2621 3227 2760 3266 eatea
2791 3212 3012 3265 honoris
3042 3210 3282 3277 ambitio,
3335 3219 3389 3263 et
3419 3210 3548 3279 ipsis
3595 3210 3656 3264 in
3708 3224 3813 3280 po:-

2227 3315 2348 3353 nmn
2387 3302 2493 3366 sit,
2537 3308 2589 3355 et
2639 3301 2758 3354 aliis
2804 3299 3059 3370 pestifera
3102 3316 3147 3354 εί
3164 3300 3302 3355 roris
3339 3300 3544 3354 semina
3589 3300 3811 3368 jaciant,

2225 3392 2421 3461 quippe
2446 3393 2537 3460 qui
2570 3409 2675 3447 non
2719 3392 2955 3448 didicere
2984 3392 3126 3462 quod
3158 3393 3258 3462 ipsi
3304 3392 3553 3446 doceant.
3586 3390 3819 3461 Proinde

2227 3490 2452 3550 paterno
2480 3482 2774 3538 salutantes
2796 3481 3013 3549 affectu,
3040 3482 3290 3557 petimus,
3337 3482 3816 3550 pnecellentissimt

2226 3570 2376 3639 Filii,
2408 3582 2466 3626 ut
2495 3572 2598 3627 hoc
2635 3581 2740 3626 tam
2771 3572 3087 3627 detestabile
3132 3572 3328 3625 malum
3357 3571 3424 3625 de
3462 3572 3611 3641 regni
3656 3571 3816 3626 vestri

2225 3663 2486 3720 studeat‘s
2514 3662 2706 3719 ﬁnibus
2736 3664 3052 3733 prohibere,
3082 3672 3139 3717 et
3184 3661 3328 3715 nulla
3358 3662 3497 3731 apud
3527 3677 3623 3716 vos
3654 3677 3817 3716 excu-

2225 3756 2383 3818 satio,
2417 3755 2559 3809 nulla
2586 3763 2774 3809 contra
2803 3754 3037 3807 animam
3078 3760 3315 3807 vestram
3342 3751 3611 3820 suggestio
3642 3751 3813 3805 locum

2226 3847 2485 3914 inveniat,
2513 3846 2637 3916 quia
2658 3844 2913 3900 facientis
2954 3844 3141 3914 procul
3184 3843 3346 3899 dubio
3372 3842 3584 3912 culpam
3610 3841 3815 3907 ’habct,

2226 3938 2316 4008 qui
2338 3940 2479 4006 quod
2498 3937 2955 4005 potestcorrigere
2971 3932 3189 4003 negligit
3209 3931 3517 3986 emendare.
3542 3950 3560 3982 ›
3584 3928 3728 4001 (Lib.
3743 3944 3812 3994 ιι,

2225 4028 2404 4082 indict.
2430 4026 2487 4092 ‘2,
2508 4043 2590 4096 ep.
2634 4025 2781 4097 100.)

2296 4119 2429 4173 ltem
2478 4134 2576 4188 pro
2621 4118 2822 4175 eisdem
2867 4117 3159 4172 hmresibus
3187 4113 3213 4152 ἀ
3256 4114 3511 4187 Syagrio,
3559 4113 3814 4181 episcopo

2228 4210 2732 4279 Augustoduncnsi,
2776 4218 2831 4264 et
2876 4209 2995 4263 aliis
3045 4208 3310 4278 episcopis
3344 4223 3355 4259 :
3395 4224 3412 4257 ι
3449 4204 3650 4259 Nuntio
3680 4201 3813 4272 apud

2229 4320 2327 4360 nos
2355 4305 2482 4359 olim
2511 4304 2874 4366 discurrente,
2929 4302 3199 4369 vulgatum
3245 4307 3328 4354 est
3356 4297 3499 4367 quod
3539 4298 3591 4351 in
3620 4294 3813 4349 Gallia-

2226 4412 2344 4450 rum
2374 4396 2616 4466 partibus
2656 4395 2791 4448 sacri
2823 4378 3037 4447 ordines
3065 4408 3160 4462 per
3185 4391 3534 4445 simoniacam
3574 4385 3812 4441 haeresim

541 4466 651 4520 cris
679 4464 956 4519 ordinibus
987 4465 1240 4534 prohibiti
1268 4465 1612 4536 dcspectiquc
1641 4469 1902 4536 rcsiliant,
1927 4479 1980 4525 et
2000 4471 2119 4525 dum

2231 4464 2592 4539 conferantur.
2624 4483 2689 4536 Et
2717 4484 3023 4537 vehementi
3056 4482 3210 4537 taedio
3244 4480 3493 4535 mmroris
3533 4477 3810 4537 aﬁicimur,

544 4554 849 4609 innocentia
892 4556 1143 4624 pauperis
1185 4556 1448 4627 displicet,
1492 4557 1709 4613 dubium
1738 4575 1846 4615 non
1875 4570 1959 4615 est
1985 4563 2128 4630 quod

544 4647 819 4717 pnemium
850 4646 959 4702 illic
984 4640 1178 4701 delicta
1226 4649 1598 4715 commendet,
1644 4651 1769 4719 quia
1813 4651 1900 4705 ubi
1939 4667 2126 4706 aurum

543 4737 738 4809 placet,
769 4746 823 4792 et
852 4738 1055 4792 vitium.
1084 4738 1219 4794 ll‘nc
1249 4739 1408 4808 igitur
1434 4755 1539 4795 non
1575 4741 1747 4795 solum
1777 4743 1831 4796 in
1855 4743 2129 4797 ordinato-

543 4828 616 4882 ris
644 4836 698 4881 et
720 4828 946 4882 ordinati
970 4830 1197 4882 animam
1216 4829 1411 4885 lcthale
1431 4832 1623 4886 vulnus
1643 4831 1918 4901 inﬂigitur,
1942 4848 2129 4886 verum

542 4918 703 4973 etiam
751 4918 1081 4974 excellentiae
1110 4928 1300 4974 vestra:
1330 4935 1550 4989 regnum
1571 4963 1586 4989 ,
1633 4923 2007 4992 episcOporum
2034 4938 2129 4977 vc-

544 5019 776 5065 strorum
805 5009 980 5081 culpa,
1012 5026 1237 5081 quorum
1265 5014 1434 5079 magis
1459 5013 1927 5067 intercessionibus
1950 5013 2126 5081 juvari

545 5100 821 5167 debuerat,
849 5112 1228 5173 prmgravatur.
1258 5102 1313 5157 Si
1346 5104 1486 5156 cnim
1532 5104 1577 5157 is
1607 5102 1798 5173 dignus
1825 5105 2125 5159 sacerdotio

545 5191 813 5257 creditur,
844 5194 927 5246 cui
976 5209 1079 5246 non
1127 5194 1354 5247 actionis
1382 5193 1600 5255 merita,
1650 5195 1744 5248 sed
1786 5196 2124 5263 pnemiorum

619 5364 741 5437 {In
774 5360 936 5437 U_tic._.
969 5379 1068 5433 per
1094 5365 1508 5434 correctionem,
1539 5365 1675 5437 quod
1701 5368 1861 5422 simili
1886 5371 2128 5425 emendae

548 5432 675 5486 tioni
706 5432 1011 5487 tradendum
1038 5440 1133 5487 est.

618 5501 645 5539 ι’
672 5502 871 5572 Bigot.,
900 5504 1031 5572 perit
1076 5503 1277 5567 ubique.
1964 5527 1970 5533 -

624 5580 646 5608 ε
695 5571 907 5646 Bigot._,
972 5573 1263 5646 inexpertos
1327 5573 1526 5646 laboras
1591 5577 1895 5631 sustineant.
1970 5577 2133 5646 Utic.,

548 5639 840 5708 inexpdtas
862 5640 1079 5693 honore:
1096 5639 1406 5701 sustineant.
1434 5644 1519 5697 ubi
1543 5647 1705 5699 sustin
1740 5664 1794 5700 re
1836 5662 1943 5703 non
1973 5639 2135 5708 Sisini-1

551 5698 681 5764 ϋωί
702 5710 833 5777 Pu“:
857 5710 951 5765 θεά
976 5718 1303 5778 exspectare,
1334 5698 1559 5780 diferre.
1658 5698 1663 5699 ⁷
1742 5698 1788 5700 ⁷-
1836 5698 1943 5703 ’τη-
1973 5698 2046 5719 --υ

2232 4576 2279 4631 εἰ
2310 4576 2362 4628 in
2400 4574 2777 4629 ecclesiasticis
2820 4574 3011 4627 ofﬁciis
3060 4586 3379 4642 qut-mquam
3430 4569 3592 4623 habet
3643 4567 3813 4621 locum

2232 4662 2482 4731 pecunia,
2514 4670 2570 4716 et
2598 4662 2657 4714 lit
2682 4662 2939 4716 smcu'arc
2967 4661 3109 4729 quod
3138 4674 3347 4715 sacrum
3376 4665 3478 4712 est.
3506 4655 3814 4722 Quicunque

2234 4765 2362 4820 ergo
2400 4750 2503 4806 hoc
2533 4751 2689 4822 pretii
2737 4750 2913 4805 studet
2957 4750 3176 4805 datione
3226 4747 3521 4827 percipere,
3568 4738 3812 4797 sacerdos

2208 4896 2209 4899 η
2235 4858 2340 4896 non
2369 4858 2504 4908 esse,
2537 4844 2629 4897 sed
2657 4841 2762 4897 dici
2795 4840 3180 4904 tantummodo,
3211 4838 3441 4893 inaniter
3467 4829 3811 4902 concupiscit.

2236 4930 2370 4998 Quid
2397 4933 2624 4998 Scilicet,
2654 4931 2781 5001 quid
2805 4947 2902 5001 per
2928 4932 3033 4985 hoc
3058 4930 3200 4984 aliud
3228 4930 3424 4997 agitur,
3456 4927 3555 4980 nisi
3588 4933 3647 4978 ut
3676 4919 3811 4977 nulla

2232 5019 2300 5073 de
2327 5029 2451 5075 actu
2478 5021 2755 5091 probatio,
2788 5022 2931 5075 nulla
2955 5020 3258 5075 sollicitudo
3287 5019 3354 5073 de
3384 5017 3644 5083 moribus,
3674 5010 3810 5067 nu'la

2232 5111 2301 5165 sit
2329 5112 2394 5165 de
2421 5113 2529 5165 vita
2557 5112 2838 5177 discusxio,
2870 5112 2962 5166 sed
2994 5111 3081 5165 ille
3128 5109 3467 5165 solummodo
3494 5108 3685 5176 dignus
3726 5100 3811 5171 qvi

2233 5207 2361 5258 dare
2384 5205 2617 5273 pretium
2644 5204 2912 5260 suﬁccerit
2931 5204 3256 5260 aestimetur?
3286 5202 3366 5257 Ex
3398 5216 3502 5259 uua
3532 5216 3593 5255 re
3619 5200 3663 5255 si
3685 5193 3809 5252 reeti

2283 5371 2333 5410 ’ἀ
2365 5372 2423 5426 1η
2446 5371 2610 5437 Utic.,
2636 5371 2767 5443 I_t_em
2785 5371 3023 5436 Etherio,
3045 5371 3284 5443 Virgilio,
3303 5379 3353 5443 et
3367 5368 3635 5443 Desiderio
3657 5364 3804 5443 rpite.

2240 5441 2530 5496 Galliarum
2570 5436 2612 5512 εξ
2638 5441 2868 5509 Nuntio,
2918 5436 3278 5512 praetermisso
3323 5439 3538 5512 Syagrii
3579 5436 3807 5512 nomine.

2238 5513 2342 5567 Sed
2368 5512 2524 5566 aliter
2565 5510 2692 5565 olim
2738 5501 3047 5581 legebatur;
3078 5510 3307 5581 alicujus
3332 5501 3475 5581 enim
3507 5508 3677 5581 litura:
3722 5501 3810 5581 de-

2238 5581 2642 5652 prehenduntur
2672 5577 2913 5648 vestigia.
2958 5581 3016 5637 In
3065 5577 3236 5652 tribus
3279 5579 3449 5635 Paris.
3501 5577 3811 5652 omittuntur

2238 5645 2372 5720 hace
2398 5650 2559 5703 verba
2600 5666 2613 5701 :
2664 5660 2713 5703 el
2759 5645 2832 5705 τιιῖ
2872 5652 3026 5720 cpisc.
3068 5649 3274 5706 Colitur
3311 5658 3528 5705 sanctus
3572 5645 3813 5718 Syagrius

2240 5720 2324 5775 die
2358 5719 2421 5772 Π
2450 5719 2694 5786 Augusti.
