4018 6304
229 248 329 305 129

792 246 847 302 s.
890 239 1215 301 cascoau
1256 241 1469 300 tam.
1499 240 1678 308 vna,
1721 235 1921 297 sucr.
1962 237 2227 296 manus
2268 238 2583 299 DIACOND.
2625 240 2753 298 un.
2797 216 2884 298 ut.

3391 241 3495 300 rso

232 361 517 417 ibramiuis
545 357 937 415 examinatione
979 363 1265 426 pensetur,
1298 355 1428 411 dum
1466 354 1709 426 improbe
1737 352 1803 408 ad
1830 353 1879 413 Α
1907 354 2007 410 sub
2053 355 2321 410 commodi
2366 355 2583 412 datione
2624 357 2932 424 constituit,
2976 358 3128 428 plura
3177 357 3320 415 male
3342 358 3494 413 ordi-

219 453 441 507 inanem
463 450 681 519 gloriam
709 447 886 501 locum
917 446 1133 501 festinat
1174 446 1422 501 utilitatis
1446 447 1708 515 arripere.
1739 460 1806 500 eo

220 542 344 611 ipso
373 540 538 606 magis
565 535 704 606 quod
724 520 982 590 honorem
1010 534 1222 603 qumrit,
1248 534 1496 603 indignus
1524 542 1628 589 est.
1657 534 1809 589 Sicut

216 638 399 685 autem
422 629 465 683 is
490 628 581 696 qui
609 626 862 679 invitatus
889 626 1089 692 renuit,
1116 624 1371 693 quaesitus
1399 624 1614 694 refugit,
1642 626 1810 679 sacris

211 734 297 779 est
335 723 589 777 altaribus
638 720 1034 785 admovendus;
1063 720 1143 775 sic
1170 720 1262 787 qui
1311 719 1456 773 ultro
1505 719 1692 783 ambit,
1726 718 1809 772 vel

210 814 517 883 importune
542 828 601 867 se
633 812 854 881 ingerit,
887 821 971 867 est
996 811 1187 880 procul
1234 810 1399 863 dubio
1446 810 1803 879 repellendus.

212 902 347 957 Nam
375 904 463 971 qui
486 903 563 957 sic
587 903 775 956 nititur
802 901 868 955 ad
897 901 1090 954 altiora
1113 898 1498 961 conscendere,
1517 899 1641 968 quid
1663 897 1804 951 aliud

214 993 325 1060 agit
349 992 449 1046 nisi
475 1000 532 1045 ut
556 991 847 1047 crescendo
872 990 1166 1052 decrescat,
1191 997 1264 1054 et,
1287 987 1624 1042 ascendendo
1651 997 1802 1042 exte-

212 1085 323 1140 rius
342 1126 360 1151 ,
406 1085 634 1140 interius
657 1084 725 1138 ad
754 1082 1018 1154 profunda
1048 1082 1378 1137 descendat?
1406 1079 1612 1149 Itaque,
1638 1077 1807 1133 frater

212 1176 541 1239 charissime,
576 1176 629 1229 in
659 1172 1035 1230 sacerdotibus
1060 1170 1367 1226 ordinandis
1408 1168 1687 1224 sinceritas
1734 1168 1804 1219 vi-

213 1275 357 1335 geat,
397 1267 470 1321 sit
514 1265 747 1335 simplex
793 1265 914 1319 sine
962 1263 1247 1318 venalitate
1293 1275 1624 1326 consensus,
1670 1272 1802 1327 pura

211 1358 532 1426 prmferatur
580 1357 813 1423 electio,
863 1363 923 1411 ut
965 1355 1032 1409 ad
1077 1367 1337 1408 summam
1381 1351 1666 1406 sacerdotii
1694 1364 1802 1403 non

211 1452 471 1523 sul'lragio
492 1453 835 1508 venditorum
854 1454 1157 1518 provectus,
1179 1444 1271 1499 sed
1300 1444 1391 1497 Dei
1414 1443 1659 1497 credatur
1680 1456 1803 1497 esse

210 1542 435 1611 judicio.
464 1543 602 1597 Nam
631 1542 751 1612 quia
777 1552 938 1607 grave
984 1534 1199 1590 omnino
1227 1532 1294 1587 sit
1322 1530 1548 1595 facinus,
1579 1530 1674 1584 Dei
1704 1529 1803 1586 do-

208 1646 348 1685 num
374 1633 464 1687 vel
492 1632 669 1703 pretio
713 1639 1057 1696 comparare,
1089 1622 1171 1676 vel
1197 1622 1459 1684 vendere,
1492 1620 1801 1692 evangelica

1911 446 2089 500 nando
2117 446 2361 512 destruit,
2393 463 2552 516 quam
2578 449 2664 503 ille
2694 459 2873 520 potest
2894 448 3176 511 tedificare,
3208 451 3298 519 qui
3328 451 3396 504 ab
3424 465 3495 506 eo

1911 539 2196 607 pecuniam
2224 538 2574 594 ordinationis
2602 541 2828 609 accepit.
2860 541 2936 595 Ne
2964 554 3092 608 ergo
3138 541 3238 596 sub
3267 540 3509 595 obteuttt‘

1911 629 2265 699 eleemosyna:
2289 644 2408 683 cum
2433 638 2653 698 peccato
2676 631 2874 698 aliquid
2896 632 3205 686 studeamus
3224 632 3494 701 accipere,

1911 728 2096 787 aperte
2125 735 2274 775 sacra
2305 719 2581 789 Scriptura
2613 736 2711 775 nos
2739 722 3005 790 prohibet,
3036 723 3217 777 dicens
3250 742 3262 775 :
3295 722 3497 776 Hostile

1908 812 2183 879 impiorum
2229 812 2600 865 abominabiles
2651 811 2907 874 Domino,
2969 829 3079 882 qua,
3106 814 3395 881 offeruntur
3431 828 3495 864 ea:

1907 902 2097 955 scelere
2127 903 2305 966 (Prov.
2340 920 2431 957 xu
2454 945 2468 969 ,
2500 902 2611 971 27).
2666 903 2931 973 Quidquid
2959 905 3098 958 enim
3124 904 3173 956 in
3205 904 3297 957 Dei
3329 905 3497 957 sacri-

1909 991 2029 1045 ficio
2050 1008 2117 1046 ex
2144 993 2345 1047 scelere
2372 993 2614 1058 offertur,
2639 996 3024 1064 omnipotentis
3055 995 3144 1048 Dei
3173 996 3496 1049 iracundiam

1906 1097 2012 1133 non
2055 1081 2260 1149 placat,
2292 1083 2386 1136 sed
2432 1083 2627 1136 irritat.
2680 1084 2816 1137 Hinc
2861 1102 3043 1139 rursus
3084 1087 3340 1154 scriptum
3370 1094 3496 1140 est:

1910 1170 2125 1224 Ilonora
2147 1170 2425 1225 Dominum
2450 1172 2513 1224 de
2536 1174 2634 1225 tuis
2650 1172 2809 1241 justis
2829 1173 3092 1227 laboribus
3112 1175 3292 1244 (Prov.
3320 1192 3396 1238 ut,
3421 1173 3498 1246 9).

1905 1255 2005 1321 Qui
2035 1271 2164 1325 ergo
2195 1258 2333 1313 male
2381 1258 2523 1312 tollit
2552 1266 2610 1312 ut
2639 1260 2790 1327 quasi
2830 1261 2968 1315 bene
2997 1263 3253 1329 praebeat,
3286 1272 3502 1319 constat

1904 1347 2020 1401 sine
2048 1346 2209 1402 dubio
2239 1348 2365 1415 quia
2396 1349 2677 1404 Dominqu
2707 1366 2814 1405 non
2842 1351 3096 1405 honorat.
3121 1352 3257 1407 Hinc
3283 1370 3513 1424 quoque.

1904 1452 1999 1506 per
2027 1436 2369 1493 Salomonem
2398 1439 2594 1494 dicitur
2618 1458 2630 1493 :
2658 1439 2756 1504 Qui
2788 1442 2940 1510 o/fert
2965 1444 3282 1512 sacriﬁcium
3304 1444 3367 1497 de
3387 1445 3497 1505 sub.

1904 1532 2101 1584 stantia
2150 1533 2420 1602 pauperis,
2468 1549 2530 1585 ac
2571 1534 2614 1586 si
2662 1533 2883 1587 rictimet
2933 1534 3102 1605 ﬁlium
3130 1535 3183 1588 in
3223 1544 3499 1605 conspectis

1905 1625 2070 1692 patris
2102 1621 2289 1693 (Eccli.
2320 1639 2397 1691 ut,
2426 1623 2477 1689 4,
2508 1623 2623 1691 25).
2659 1622 2898 1689 Quantus
2939 1633 3119 1679 autem
3149 1625 3303 1681 dolor
3331 1627 3500 1695 patris

207 1730 319 1776 est.
354 1724 509 1777 testis
559 1720 869 1775 auctoritas.
920 1714 1197 1783 Templum
1246 1713 1389 1767 enim
1441 1713 1700 1768 Dominus
1749 1722 1804 1769 et
1841 1727 1880 1783 η
1908 1715 1996 1780 sit,
2026 1715 2439 1785 perpendamus,
2471 1716 2515 1770 si
2545 1717 2596 1771 in
2626 1716 2741 1785 ejus
2769 1726 3061 1786 conspectu
3092 1717 3231 1772 filius
3258 1719 3502 1774 vietime-

210 1810 548 1878 Redemptor
569 1817 752 1863 noster
774 1807 1048 1873 ingressus
1068 1844 1083 1869 ,
1123 1801 1410 1857 cathedras
1458 1801 1809 1857 vendentium

212 1900 491 1956 columbas
518 1899 713 1953 evertit
740 1896 953 1967 (Matth.
986 1894 1122 1964 xxi).
1154 1894 1293 1959 Quid
1316 1893 1464 1949 aliud
1501 1902 1585 1949 est
1611 1894 1811 1948 colum-

214 1993 313 2047 bas
354 1989 632 2054 vendere,
679 1989 780 2043 nisi
823 1986 1055 2056 pretium
1106 1984 1176 2039 de
1234 1999 1427 2039 manus
1467 1984 1811 2053 impositione

216 2081 518 2151 percipere,
548 2086 604 2133 ct
630 2078 737 2149 83
764 2085 1009 2132 sanctum
1040 2074 1319 2143 Spiritum,
1350 2090 1510 2143 quem
1560 2074 1806 2143 omnipo-

219 2182 343 2227 tens
380 2171 520 2226 Deus
563 2169 869 2224 hominibus
917 2167 1137 2229 tribuit,
1188 2166 1537 2220 venundare?
1568 2165 1809 2231 Quorum

218 2262 576 2318 sacerdotium
601 2269 727 2315 ante
752 2258 847 2313 Dei
870 2258 1057 2313 oculos
1078 2257 1290 2318 cadere,
1314 2255 1689 2310 eathedrarum
1716 2254 1813 2307 uti-

218 2369 327 2422 que
354 2359 598 2423 patenter
625 2350 905 2406 eversione
932 2348 1198 2416 signatum
1219 2355 1337 2411 est;
1363 2355 1418 2400 et
1440 2355 1618 2400 tamen
1639 2344 1812 2399 exerit

220 2443 396 2498 adhuc
420 2442 670 2511 nequitiae
700 2440 931 2511 pravitas
958 2438 1100 2491 vires
1140 2452 1283 2492 suas.
1315 2436 1448 2490 Nam
1499 2436 1642 2504 cogit
1679 2451 1811 2489 ven-

219 2534 370 2599 dere,
400 2548 537 2602 quos
563 2532 773 2601 decepit
792 2539 850 2584 ut
869 2536 1128 2585 emerent.
1153 2527 1220 2580 Et
1240 2528 1366 2582 dum
1391 2544 1497 2582 non
1518 2529 1813 2584 attenditur

223 2626 372 2696 quod
398 2627 575 2682 divina
605 2641 738 2681 voce
759 2625 1063 2695 ptmcipitur
1090 2640 1103 2677 :
1136 2622 1311 2677 Gratis
1332 2621 1622 2691 accepistis,
1650 2621 1812 2691 gratis

226 2720 350 2774 date
370 2719 581 2791 (Matth.
617 2737 650 2774 ι
676 2760 689 2782 ,
718 2721 810 2789 8),
842 2719 1016 2785 agitur
1064 2722 1123 2769 ut
1168 2720 1410 2778 crescat,
1463 2719 1519 2766 ct
1545 2711 1811 2779 geminata

224 2813 315 2867 fiat
342 2814 397 2868 in
427 2829 533 2868 uno
554 2812 854 2879 eodemque
885 2807 1065 2863 delicti
1096 2804 1367 2873 contagio,
1419 2802 1647 2857 ementis
1672 2801 1813 2856 scili-

220 2916 307 2963 cet
334 2914 390 2961 et
417 2904 721 2960 vendentis.
758 2902 824 2955 Et
851 2916 973 2955 cum
1002 2900 1205 2969 liqueat
1237 2897 1378 2951 hanc
1418 2893 1666 2948 hazresim
1689 2899 1815 2946 ante

220 3013 409 3052 omnes
433 2996 610 3051 radice
639 2993 889 3063 pestifera
914 2990 1255 3059 surrepsisse,
1310 2994 1471 3053 atque
1492 2984 1543 3038 in
1573 2984 1687 3052 ipsa
1717 2998 1813 3036 sua

1914 1813 2033 1871 tur;
2062 1814 2117 1859 et
2158 1806 2281 1861 hinc
2310 1805 2467 1861 facile
2496 1807 2871 1875 cognoscimus
2900 1816 3132 1877 quantus
3163 1809 3302 1878 apud
3334 1808 3503 1864 Deum

1912 1894 2067 1949 dolor
2105 1904 2458 1960 exasperatur
2495 1896 2712 1965 quando
2758 1897 2807 1951 ei
2851 1898 3175 1953 sacrificium
3207 1912 3273 1952 ex
3315 1900 3503 1969 rapina

1913 1984 2183 2038 tribuitur.
2212 1984 2380 2038 Nimis
2422 1999 2553 2052 ergo
2593 1985 2972 2041 declinandum
3014 1996 3130 2055 est,
3160 1988 3505 2045 dilectissime

1911 2075 2094 2138 frater,
2124 2075 2222 2129 sub
2252 2074 2476 2129 obtentu
2502 2076 2878 2155 eleemosynre,
2926 2087 3146 2146 peccata
3196 2080 3505 2135 simoniatm

1912 2165 2177 2220 haereseos
2206 2173 2534 2234 perpetrare.
2566 2165 2697 2219 Nam
2730 2166 2871 2220 aliud
2919 2176 3003 2222 est
3031 2178 3254 2238 propter
3277 2179 3502 2239 peccata

1911 2256 2282 2325 eleemosynas
2306 2257 2503 2323 facere,
2537 2258 2681 2313 aliud
2712 2266 2934 2328 propter
2974 2260 3345 2332 eleemosynas
3375 2278 3502 2334 pec-

1912 2356 2029 2402 cata
2054 2349 2414 2403 committere.

1990 2478 2008 2511 t
2044 2459 2161 2515 Hoc
2188 2476 2402 2531 quoque
2431 2461 2499 2516 ad
2526 2478 2627 2517 nos
2654 2467 2962 2532 pervenisse
2987 2481 3092 2522 non
3121 2467 3503 2542 dissimili‘sﬁ

1912 2551 2128 2619 dignum
2175 2552 2538 2608 detestatione
2588 2556 3033 2625 complectimur,
3079 2562 3221 2628 quod
3260 2562 3503 2629 quidam,

1913 2642 2179 2697 desiderio
2210 2645 2431 2699 honoris
2460 2643 2649 2710 inﬂati,
2681 2645 2949 2701 defunctis
2980 2649 3266 2719 episcopis,
3317 2659 3501 2705 tonsu-

1915 2738 2100 2783 rantur
2124 2771 2138 2792 ,
2169 2739 2224 2785 ct
2251 2731 2384 2785 liuut
2410 2741 2631 2801 repente
2662 2748 2729 2788 ex
2772 2734 2923 2790 laicis
2948 2737 3289 2800 sacerdotes,
3339 2748 3504 2807 atque

1917 2820 2274 2875 inverecunde
2321 2823 2559 2889 religiosi
2612 2826 2873 2893 propositi
2920 2827 3171 2881 ducatum
3216 2829 3500 2896 arripiunt,

1916 2915 2007 2982 qui
2039 2929 2139 2968 nec
2163 2929 2282 2969 esse
2306 2915 2480 2971 adhuc
2509 2916 2707 2971 milites
2730 2918 3050 2973 didicerunt.
3075 2921 3209 2985 Quid
3235 2920 3514 2989 putamus,‘

1917 3004 2061 3073 quod
2091 3005 2178 3058 isti
2224 3005 2480 3074 subjectis
2524 3008 2827 3076 prmstaturi
2874 3016 3025 3073 sunt,
3077 3012 3166 3080 qui
3217 3018 3514 3080 antequam

222 3087 429 3156 orig'ne
458 3083 751 3154 apostolica
793 3096 914 3136 esse
951 3078 1311 3134 detestatione
1356 3074 1687 3135 damnatam,
1718 3086 1814 3124 cur

1919 3095 2264 3165 discipulatus
2291 3097 2450 3150 limen
2481 3098 2764 3165 attingant,
2796 3107 2979 3153 tenere
3001 3100 3177 3154 locum
3209 3102 3504 3168 magisterii

223 3192 331 3231 non
361 3183 599 3236 cavetur,
632 3188 727 3228 cur
746 3186 853 3226 non
881 3167 1230 3239 perpenditur
1257 3164 1379 3234 quia
1408 3162 1710 3218 benedictio
1738 3160 1811 3215 illi

223 3267 279 3321 in
325 3264 754 3320 maledictionem
803 3259 1170 3322 convertitur,
1225 3255 1317 3326 qui
1365 3255 1432 3308 ad
1478 3254 1581 3309 hoc
1611 3259 1669 3308 ut
1723 3248 1813 3305 fiat

221 3354 507 3410 haereticus
552 3351 938 3423 promovetur?

302 3487 321 3520 ι
353 3465 675 3536 Plerumque
724 3465 883 3534 igitur
934 3460 1269 3516 adversarius
1310 3458 1640 3519 animarum,
1686 3456 1813 3510 dum

224 3572 335 3612 non
365 3564 549 3628 potest
577 3558 630 3610 in
666 3556 750 3610 his
777 3569 895 3619 quae
936 3552 1003 3607 ad
1034 3551 1219 3606 faciem
1265 3556 1390 3603 sunt
1434 3561 1595 3617 prava
1642 3546 1816 3599 subri-

225 3663 359 3719 pere
381 3691 398 3713 ,
451 3656 477 3685 ⁸
506 3645 897 3715 callide‘specie
923 3643 1075 3712 quasi
1097 3640 1312 3712 pietatis
1350 3639 1545 3708 injecta
1568 3681 1584 3705 ,
1631 3639 1820 3692 nititur

224 3737 610 3807 supplantare;
632 3734 923 3802 suadetque
951 3732 1173 3787 forsitan
1192 3730 1387 3785 debere
1412 3729 1478 3783 ab
1499 3728 1820 3783 habentibus

226 3828 443 3898 accipi,
494 3836 553 3882 ut
595 3828 664 3882 sit
712 3827 854 3897 quod
880 3825 1050 3895 possit
1092 3840 1200 3879 non
1239 3822 1559 3877 habentibus
1587 3835 1816 3889 erogari,

227 3917 522 3973 dummodo
547 3917 633 3971 vel
652 3918 731 3971 sic
753 3930 957 3970 venena
977 3913 1251 3968 mortifera
1275 3912 1629 3982 eleemosyna:
1649 3912 1821 3967 celata

228 4007 641 4063 obumbratione
670 4004 1026 4059 transfundat.
1060 4004 1193 4057 Nam
1234 4017 1334 4057 nec
1382 4011 1606 4056 venator
1630 4000 1818 4067 feram,

228 4115 335 4155 nec
366 4114 520 4154 avem
545 4114 739 4168 anceps
760 4099 1030 4167 deciperet
1050 4138 1064 4161 ,
1095 4095 1180 4150 vel
1209 4096 1407 4165 piscem
1448 4096 1684 4165 piscator
1733 4110 1824 4150 ca-

229 4201 417 4263 peret,
443 4191 488 4245 si
517 4199 609 4245 aut
639 4191 727 4246 ille
752 4190 1003 4259 laqueum
1035 4189 1086 4245 in
1117 4197 1305 4257 aperto
1351 4193 1698 4256 proponeret,
1731 4191 1824 4239 aut

230 4283 325 4338 ille
356 4284 572 4337 hamum
602 4297 723 4336 esca
750 4278 1118 4334 absconditum
1166 4293 1271 4331 non
1304 4276 1547 4331 haberet.
1593 4274 1823 4330 Omnino

233 4386 367 4441 ergo
392 4374 676 4427 metuenda
702 4380 758 4426 et
785 4369 1018 4426 cavenda
1046 4375 1127 4423 est
1153 4366 1323 4422 hostis
1351 4366 1567 4432 astutia,
1599 4381 1667 4421 ne
1691 4382 1826 4435 quos

1918 3205 2024 3244 non
2054 3189 2384 3244 formidant?
2414 3190 2528 3256 Qua
2557 3191 2624 3245 de
2650 3208 2708 3246 re
2752 3208 2979 3249 necesse
3024 3204 3107 3249 est
3153 3204 3211 3250 ut
3258 3199 3504 3266 quamvis

1917 3278 2171 3349 inculpati
2193 3280 2421 3349 quisque
2442 3281 2511 3337 sit
2533 3282 2729 3350 meriti,
2753 3292 2879 3338 ante
2902 3294 3077 3341 tamen
3102 3302 3197 3356 per
3221 3287 3504 3345 distinctos

1918 3368 2136 3424 ordines
2162 3369 2541 3427 ecclesiasticis
2568 3383 2884 3428 exerceatur
2908 3372 3118 3433 officiis.
3151 3378 3339 3434 Videat
3360 3381 3504 3450 quod

1917 3459 2172 3523 imitetur,
2204 3459 2376 3515 discat
2396 3461 2538 3531 quod
2558 3462 2770 3529 doceat,
2795 3464 3114 3521 informetur
3135 3469 3274 3537 quod
3299 3477 3504 3541 teneat,

1919 3556 1978 3603 ut
2006 3556 2194 3617 postea
2224 3565 2331 3605 non
2353 3549 2546 3606 debeat
2563 3567 2767 3618 errare,
2791 3556 2881 3623 qui
2903 3557 3118 3625 eligitur
3139 3560 3278 3613 viam
3301 3563 3504 3617 erranti

1918 3636 2308 3692 demonstrare.
2338 3638 2436 3692 Diu
2457 3655 2587 3709 ergo
2612 3642 2861 3709 religiosa
2880 3644 3229 3702 meditatione
3250 3650 3509 3718 poliatur,

1921 3736 1977 3781 ut
2006 3728 2236 3796 placeat,
2268 3736 2319 3783 et
2350 3730 2427 3783 sic
2457 3729 2670 3785 lucerna
2715 3746 2877 3801 super
2904 3733 3281 3789 candelabrum
3332 3737 3509 3806 posita

1921 3820 2121 3887 luceat,
2153 3829 2211 3874 ut
2234 3820 2461 3876 adversa
2489 3832 2773 3877 ventorum
2801 3824 2885 3877 vis
2929 3825 3159 3892 irruens,
3191 3836 3509 3897 conceptam

1922 3909 2238 3964 eruditionis
2259 3909 2525 3965 flammam
2546 3928 2655 3967 non
2680 3915 3003 3981 exstinguat,
3017 3916 3111 3970 sed
3137 3926 3348 3985 augeat.
3374 3919 3509 3974 Nam

1924 4016 2046 4055 cum
2075 4002 2332 4071 scriptum
2360 4003 2449 4066 sit,
2479 4011 2539 4057 ut
2567 4004 2714 4073 prius
2736 4040 2759 4069 ,η
2783 4004 2911 4069 Quis
2933 4008 3201 4077 probetur,
3234 4018 3282 4064 et
3309 4011 3384 4065 sic
3407 4012 3513 4066 mi-

1925 4093 2105 4146 nistret
2128 4092 2183 4163 (1
2207 4092 2337 4147 Tim.
2368 4110 2444 4160 tu,
2470 4094 2580 4162 10),
2604 4096 2777 4151 multo
2801 4097 3030 4166 amplius
3050 4108 3177 4155 ante
3205 4103 3515 4170 probandus

1925 4190 2025 4247 est,
2056 4184 2147 4251 qui
2178 4185 2357 4254 populi
2388 4186 2711 4241 intercessor
2739 4188 3046 4254 assumitur,
3075 4205 3144 4245 ne
3189 4189 3317 4245 fiant
3347 4208 3513 4250 causa

1928 4272 2092 4327 ruina:
2136 4275 2350 4344 populis
2393 4276 2704 4331 sacerdotes
2751 4277 2897 4332 mali.
2946 4260 3096 4333 Νυιιδ
3132 4281 3294 4350 igitur
3321 4291 3515 4339 contra

1926 4363 2029 4417 hoc
2058 4365 2355 4429 excusatio,
2384 4365 2528 4419 nulla
2552 4373 2729 4435 potest
2772 4382 2893 4421 esse
2921 4368 3187 4436 defensio,
3220 4373 3345 4440 quia
3375 4389 3511 4428 cun-

236 4470 426 4532 aperta
452 4462 637 4532 nequit
667 4461 960 4516 tentatione
986 4458 1319 4524 subvertere,
1345 4457 1549 4512 latente
1592 4456 1701 4512 telo
1726 4473 1825 4511 sm-
1854 4452 1904 4512 D
1930 4453 2027 4507 etis
2058 4453 2259 4522 liquido
2287 4462 2473 4510 notum
2504 4464 2585 4510 est
2614 4470 2731 4524 qua:
2746 4457 2815 4511 sit
2844 4458 2896 4512 in
2927 4458 3087 4528 hujus
3128 4461 3204 4515 rei
3236 4462 3513 4530 diligentia

237 4554 360 4607 vius
386 4552 563 4607 valeat
587 4552 867 4607 trucidare.
902 4550 1082 4619 Neque
1111 4550 1251 4603 enim
1296 4550 1636 4619 eleemosyna
1666 4565 1825 4618 repu-

241 4643 403 4697 tanda
434 4652 535 4707 est,
569 4644 613 4697 si
641 4643 964 4712 pauperibus
992 4641 1330 4709 dispensetur
1359 4639 1502 4709 quod
1534 4654 1600 4693 ex
1630 4639 1828 4696 illicitis

242 4735 405 4788 rebus
430 4734 709 4803 accipitur,
742 4732 864 4800 quia
886 4732 975 4801 qui
1008 4732 1107 4785 hac
1136 4731 1434 4784 intentione
1456 4730 1594 4785 male
1616 4731 1823 4803 accipit,

243 4833 303 4877 ut
328 4826 479 4892 quasi
511 4825 648 4877 bene
676 4823 967 4892 dispenset,
1006 4830 1257 4891 gravatur
1285 4822 1462 4893 potius
1502 4837 1659 4891 quam
1682 4824 1828 4893 juva-

243 4922 349 4968 tur.
380 4912 730 4983 Eleemosyna
755 4913 1126 4982 Redemptoris
1148 4913 1314 4967 nostri
1333 4913 1500 4968 oculis
1522 4913 1610 4967 illa
1630 4915 1825 4985 placet,

243 5021 366 5073 quae
410 5004 478 5058 de
508 5020 614 5058 non
646 5004 843 5059 illicitis
870 5006 1031 5059 rebus
1075 5012 1129 5057 et
1178 5003 1460 5072 iniquitate
1503 5006 1826 5075 congeritur,

242 5094 338 5148 sed
366 5109 485 5162 qum
511 5094 577 5148 de
603 5094 765 5149 rebus
791 5094 1059 5149 concessis
1087 5103 1140 5147 et
1170 5094 1305 5149 bene
1332 5095 1607 5163 acquisitis
1635 5096 1831 5167 impen-

244 5182 409 5235 ditur.
464 5181 614 5236 Unde
642 5183 804 5236 etiam
836 5181 960 5235 illud
985 5190 1189 5237 certum
1218 5190 1318 5247 est,
1346 5185 1470 5252 quia
1494 5194 1547 5240 et
1566 5186 1610 5241 si
1640 5203 1829 5242 mona-

242 5271 429 5334 steria,
460 5280 553 5324 aut
581 5271 928 5338 xenodochia,
960 5273 1046 5327 vel
1075 5270 1200 5342 quid
1221 5272 1363 5327 aliud
1382 5273 1448 5328 de
1467 5277 1693 5344 pecunia
1715 5292 1833 5340 tunc

243 5378 343 5432 pro
378 5362 552 5415 sacris
581 5361 855 5417 ordinibus
881 5363 1038 5417 datur
1062 5371 1424 5430 construatur,
1466 5367 1699 5421 mercedi
1723 5384 1832 5423 non

246 5454 480 5524 prolicit,
507 5455 764 5524 quoniam
808 5456 932 5511 dum
969 5474 1252 5527 perversus
1281 5469 1335 5515 et
1374 5469 1585 5531 emptor
1611 5463 1833 5520 honoris

246 5548 297 5602 in
323 5547 507 5602 locum
538 5548 935 5618 transmittitur,
966 5560 1020 5606 et
1061 5552 1193 5610 alios
1222 5554 1290 5610 ad
1330 5556 1410 5611 sui
1435 5555 1832 5614 similitudinem

316 5685 340 5711 ι
375 5675 593 5745 Bigot.,
644 5678 833 5733 callida
862 5683 1041 5750 specie.

1926 4544 2095 4599 sancti
2125 4552 2180 4599 et
2204 4546 2398 4615 egregii
2428 4547 2733 4603 sollicitudo
2781 4550 3037 4614 doctoris,
3067 4552 3157 4619 qui
3185 4552 3516 4623 neophytum

1928 4634 1996 4689 ad
2025 4636 2245 4691 ordines
2292 4644 2438 4691 vetat
2465 4652 2648 4693 sacros
2692 4641 2971 4696 accedere.
3004 4642 3155 4696 Sicut
3176 4650 3356 4696 autem
3389 4649 3517 4697 tunc

1931 4728 2230 4798 neophytus
2256 4728 2559 4794 dicebatur,
2592 4731 2682 4799 qui
2723 4731 2875 4786 initio
2905 4732 2957 4785 in
3006 4740 3205 4787 sancta:
3236 4732 3355 4786 fidei
3399 4741 3517 4787 erat

1930 4818 2231 4874 eruditione
2256 4819 2559 4888 plautatus,
2600 4821 2678 4877 sic
2707 4823 2867 4878 modo
2895 4824 3198 4895 neophytus
3240 4822 3521 4881 habendus

1932 4918 2013 4965 est
2035 4951 2049 4974 ,
2103 4910 2195 4980 qui
2239 4920 2461 4980 repente
2506 4912 2558 4966 in
2588 4912 2862 4981 religionis
2904 4913 3084 4967 habitu
3116 4913 3387 4981 plantatus
3409 4954 3427 4980 ,
3450 4913 3520 4969 ad

1932 4998 2244 5055 ambiendos
2289 5001 2523 5057 honores
2565 5018 2748 5058 sacros
2778 5001 3069 5071 irrepserit.
3101 5001 3358 5057 Ordinate
3387 5018 3521 5074 ergo

1932 5089 1997 5142 ad
2047 5090 2261 5146 ordines
2307 5092 2703 5147 ascendendum
2749 5100 2849 5146 est.
2900 5090 3033 5145 Nam
3083 5106 3264 5144 casum
3312 5094 3518 5162 appetit

1932 5179 2022 5248 qui
2051 5180 2115 5233 ad
2145 5197 2350 5236 summa
2376 5183 2479 5237 loci
2505 5183 2733 5249 fastigia,
2781 5182 3094 5251 postpositis
3122 5184 3390 5251 gradibus,
3422 5200 3521 5253 per

1934 5272 2160 5341 abrupta
2185 5276 2375 5340 quierit
2401 5288 2698 5328 ascensum.
2755 5272 2821 5327 Et
2868 5288 2987 5328 cum
3033 5273 3171 5328 idem
3226 5276 3520 5345 Apostolus

1938 5360 2130 5416 doceat
2167 5364 2308 5418 inter
2352 5366 2455 5418 alia
2503 5365 2639 5418 sacri
2671 5364 2874 5420 ordinis
2905 5364 3144 5420 instituta
3174 5367 3522 5436 discipulum,

1938 5465 2154 5504 manum
2186 5468 2292 5507 non
2321 5468 2440 5507 esse
2470 5454 2718 5523 cuiquam
2746 5455 2905 5510 citius
2944 5456 3341 5526 itnponendam,
3391 5459 3521 5525 quid

1938 5542 2040 5600 hoc
2060 5544 2310 5614 celerius,
2326 5545 2523 5616 quidve
2547 5547 2947 5618 praecipitatius,
2969 5563 3130 5620 quam
3160 5557 3219 5604 ut
3248 5551 3522 5607 exoriatur
