4018 6302
503 248 595 301 {Si

1068 245 1136 300 S.
1171 242 1498 301 CRECORII
1540 242 1739 299 PAPE
1786 242 1967 307 Vl'l'A,
2010 240 2210 298 AUCT.
2252 243 2510 300 JOANNE
2550 241 2866 300 DIACONO.
2900 242 3027 297 LIB.
3056 241 3143 298 111.

3655 246 3762 302 152

493 373 525 411 a
547 356 855 414 summitate
896 355 1219 425 principium
1241 394 1254 417 ,
1306 363 1360 408 et
1397 362 1682 421 antequam
1713 365 1830 405 esse
1857 349 2075 419 incipiat
2109 354 2149 407 A
2180 353 2359 407 culare
2385 352 2639 419 flagitium
2668 351 2894 422 sumpsit
2916 350 3212 405 exordium.
3241 369 3259 403 ι
3290 351 3515 424 (Regia.
3542 353 3637 410 lib.
3666 371 3765 423 nt,

492 447 802 517 discipulus,
836 447 904 500 sit
931 447 1221 514 magister?
1253 444 1503 511 Quisquis
1533 444 1693 509 igitur
1720 441 2080 495 sacerdotium

494 552 601 591 non
632 536 698 590 ad
723 534 971 590 elationis
993 549 1263 604 pompam,
1311 532 1403 586 sed
1433 531 1500 584 ad
1530 530 1817 584 utilitatem
1858 529 2081 598 adipisci

494 626 781 689 desiderat,
812 626 961 695 prius
986 626 1128 677 vires
1148 637 1274 676 suas
1318 636 1441 675 cum
1480 636 1546 673 eo
1573 619 1714 688 quod
1743 628 1828 674 est
1875 620 2082 674 subitu-

494 730 588 769 rus
627 729 792 768 onere
840 715 1118 775 metiatur,
1167 719 1228 763 ut
1274 717 1329 763 et
1378 709 1550 777 impar
1574 709 1871 775 abstineat,
1904 719 1959 763 et
2012 708 2082 763 ad

497 806 548 860 id
597 822 720 860 cum
766 813 913 857 metu
953 802 1115 856 etiam
1156 800 1247 868 qui
1293 814 1353 854 se
1399 798 1645 854 suﬁicere
1690 799 1965 855 existimat
1988 814 2082 854 ac-

509 896 676 949 cedat.

574 1032 591 1063 ι
626 1013 706 1064 Ab
734 1025 793 1064 re
823 1017 1007 1063 autem
1058 1024 1163 1063 non
1196 1007 1450 1075 facimus,
1497 1009 1541 1064 si
1592 1009 1657 1064 ad
1709 1017 2083 1077 argumentum

495 1100 842 1164 rationabile,
871 1114 1029 1154 usum
1057 1114 1236 1153 rerum
1267 1100 1715 1153 irrationabilium
1746 1099 2081 1167 colligamus.

496 1194 631 1262 Apta
662 1204 894 1257 namque
912 1188 1356 1243 tedificatiouibus
1378 1188 1443 1242 de
1464 1189 1611 1243 silvis
1640 1189 1779 1255 ligna
1804 1187 2087 1245 succidun-

498 1298 607 1350 tur,
641 1300 739 1340 nec
763 1294 941 1337 tamen
965 1283 1139 1337 adhuc
1162 1281 1419 1335 viridibus
1444 1281 1655 1335 mdilicii
1685 1281 1895 1350 pondus
1916 1281 2087 1350 impo-

497 1378 661 1441 nitur,
694 1376 793 1429 nisi
822 1388 1008 1428 eorum
1032 1372 1355 1427 viriditatem
1382 1373 1670 1426 multorum
1695 1372 1903 1425 dierum
1935 1385 2084 1424 mora

497 1468 808 1533 siccaverit,
863 1474 917 1520 et
963 1471 1086 1533 apta
1130 1463 1197 1517 ad
1247 1463 1609 1517 necessarium
1633 1478 1787 1517 usum
1829 1460 2083 1516 eliecerit.

499 1561 629 1624 Qum
653 1559 695 1612 si
721 1556 1059 1612 observantia
1108 1553 1243 1607 forte
1273 1554 1589 1620 negligitur,
1630 1553 1791 1607 citius
1817 1552 2086 1621 superim-

498 1649 673 1718 posita
694 1648 837 1700 mole
865 1648 1201 1713 franguntur,
1232 1651 1287 1697 et
1314 1644 1479 1710 gignit
1508 1644 1721 1698 ruinam
1742 1643 1807 1697 ad
1829 1643 2086 1697 auxilium

2184 459 2266 512 ep.
2296 440 2384 492 29.
2414 440 2429 508 )

2259 530 2310 583 5.
2351 531 2484 585 Cum
2516 545 2644 585 vero
2684 529 2943 599 quosdam
2983 540 3374 600 cognosceret,
3402 532 3472 587 ad
3516 533 3768 592 evitanda

2183 621 2488 677 simoniaan
2517 621 2734 675 haeresis
2782 621 3004 676 crimina
3026 661 3042 686 ,
3084 623 3350 691 pestifera:
3380 626 3764 694 negotiationis

2184 727 2404 767 munera
2430 712 2817 781 pastellaticum
2851 712 3042 767 callide
3067 714 3326 779 vocitare,
3358 731 3421 769 ac
3447 716 3756 785 huiusmodi

2185 811 2393 858 mutato
2418 803 2652 866 nomine,
2684 817 2793 856 sua:
2822 802 3128 870 cupiditatis
3151 804 3429 858 avaritiam
3457 805 3596 860 velle
3625 821 3762 862 con-

2187 906 2387 963 tegere,
2420 892 2862 963 prudentissimus
2890 891 3079 946 doctor
3106 891 3396 962 Gregorius
3418 896 3762 964 sententiam,

2185 996 2344 1049 quam
2392 981 2444 1033 in
2486 978 2776 1049 primordio
2814 978 2897 1032 sui
2944 977 3287 1048 pontiﬁcatus
3329 996 3514 1035 coram
3560 984 3767 1053 synodo

2188 1073 2635 1143 promulgaverat,
2669 1071 2863 1125 iterato
2892 1070 3134 1140 protulit,
3161 1071 3382 1127 dicens:
3422 1091 3441 1122 ί
3478 1073 3765 1143 Antiquam

2192 1163 2403 1218 Patrum
2430 1164 2667 1232 regulam
2689 1177 2937 1230 sequens,
2963 1162 3092 1215 nulli
3115 1177 3349 1231 unquam
3389 1162 3678 1233 quidquam
3698 1165 3768 1219 de

2189 1257 2618 1312 ordinationibus
2639 1254 3008 1324 accipiendum
3030 1268 3148 1309 esse
3168 1255 3438 1309 constituo
3467 1273 3479 1308 :
3506 1271 3680 1325 neque
3700 1273 3768 1312 ex

2188 1347 2404 1401 datione
2432 1345 2605 1406 Pallii.
2639 1360 2813 1413 neque
2841 1358 2907 1397 ex
2930 1343 3217 1399 traditione
3237 1344 3566 1411 chartarum,
3594 1360 3769 1414 neque

2189 1452 2253 1491 ex
2280 1438 2363 1501 ea,
2392 1451 2551 1504 quam
2585 1450 2720 1490 nova
2748 1450 2844 1505 per
2870 1434 3213 1488 ambitionem
3243 1434 3512 1488 simulatio
3541 1435 3767 1496 invenit,

2190 1526 2548 1595 appellatione
2595 1524 2827 1594 pastelli.
2865 1522 3001 1589 Quia
3041 1523 3184 1577 enim
3221 1523 3272 1577 in
3297 1523 3594 1579 ordinando
3648 1527 3767 1595 cpi-

2190 1631 2355 1684 scopo
2384 1616 2623 1685 pontifex
2649 1629 2863 1668 manum
2887 1614 3133 1683 imponit,
3157 1613 3425 1682 Evangelii
3447 1629 3571 1668 vero
3588 1614 3769 1669 lectio-

497 1704 587 1793 ςῈεν
605 1738 834 1808 ρτονίεε,
862 1704 1219 1791 ιιίηξθιεηίιῇ
1243 1704 1455 1799 me'di'ci,
1479 1733 1569 1802 qui
1592 1748 1879 1802 corporum
1902 1748 2085 1787 curam
2121 1716 2163 1773 ll
2188 1723 2309 1763 nem
2336 1708 2578 1761 minister
2602 1706 2749 1775 legit,
2779 1704 3200 1760 conﬁrmationis
3228 1713 3409 1760 autem
3437 1706 3553 1775 ejus
3576 1705 3769 1776 epistoo

497 1835 706 1896 gerunt,
733 1825 975 1895 quaedam
1007 1824 1272 1893 adjutoria
1303 1823 1508 1889 recenti
1538 1822 1715 1876 adhuc
1753 1822 2092 1877 confectione

499 1915 723 1971 formata
757 1914 1011 1981 indigenti
1043 1928 1146 1967 non
1179 1910 1432 1976 offerunt,
1478 1911 1571 1966 sed
1602 1912 1920 1966 maceranda
1951 1920 2089 1965 tem-

498 2004 717 2074 poribus
746 2002 1142 2070 derelinquunt.
1175 2001 1306 2055 Nam
1334 2001 1378 2054 si
1410 2001 1693 2055 immature
1717 2002 1834 2069 quis
1863 2001 2099 2067 dederit,-

498 2095 719 2149 dubium
762 2110 871 2148 non
920 2101 1007 2147 est
1053 2095 1174 2160 quia
1220 2092 1278 2146 ﬁt
1321 2107 1481 2147 causa
1511 2093 1730 2161 periculi
1768 2108 1854 2147 res
1882 2092 2088 2147 salutis.

498 2184 717 2237 Discant
758 2184 974 2252 itaque,
1026 2181 1235 2237 discant
1280 2182 1334 2235 in
1381 2181 1560 2236 ofﬁcio
1608 2196 1708 2237 suo
1758 2181 2087 2246 sacerdotes,

497 2276 692 2344 quibus
716 2275 1017 2328 animarum
1045 2274 1249 2328 credita
1280 2282 1364 2328 est
1391 2289 1540 2339 cura,
1572 2289 1790 2328 servare
1837 2274 1979 2343 quod
2006 2275 2088 2328 di-

497 2381 772 2420 versarum
793 2365 984 2419 artium
1006 2365 1253 2419 homines
1275 2364 1503 2419 docente
1525 2366 1733 2419 ratione
1753 2366 2089 2434 custodiunt,

499 2464 555 2510 et
580 2471 610 2509 a
652 2454 911 2525 praecipiti
940 2470 999 2511 se
1024 2455 1350 2522 ambitione,
1379 2462 1436 2509 et
1476 2456 1519 2509 si
1550 2472 1657 2509 non
1682 2464 1825 2510 metu
1844 2496 1857 2521 ,
1899 2457 2089 2510 saltem

502 2546 706 2615 pudore
744 2547 1075 2601 contineant.
1124 2545 1231 2600 Sed
1281 2560 1349 2600 ne
1402 2546 1581 2599 forsan
1625 2545 1799 2600 adhuc
1828 2561 2006 2614 prava:
2031 2561 2091 2601 se

502 2636 907 2690 consuetudinis
929 2636 1211 2705 quisquam
1233 2633 1363 2688 velit
1392 2633 1604 2701 objecut
1646 2633 1956 2699 defendere,
1990 2634 2091 2688 fra-

503 2726 771 2780 ternitatis
802 2734 905 2779 tua:
949 2724 1202 2779 discretio
1242 2723 1468 2778 rationis
1510 2738 1605 2777 eos
1635 2722 1786 2777 freno
1814 2732 2085 2787 coerceat,

500 2816 607 2885 85
635 2826 690 2869 et
718 2815 825 2869 labi
853 2815 905 2868 in
934 2814 1130 2868 illicitis
1163 2829 1269 2867 non
1301 2814 1576 2882 permittat
1610 2831 1620 2864 :
1655 2813 1778 2880 quia
1834 2812 2089 2881 quidquid

505 2906 579 2961 ult
600 2922 703 2962 one
745 2907 962 2975 dignum
1003 2915 1120 2973 est,
1172 2922 1279 2960 non
1325 2906 1391 2959 ad
1439 2906 1757 2960 imitationis
1786 2906 1879 2961 sed
1909 2906 2091 2974 potius

503 2998 569 3052 ad
615 2998 919 3068 exemplum
963 2996 1124 3053 debet
1166 2979 1524 3066 correptionis
1568 2997 1779 3051 adduci.
1820 3014 1838 3047 ι
1872 2995 1941 3048 Ει
1968 3005 2090 3065 post

504 3104 674 3160 pauca
704 3107 718 3143 :

579 3208 634 3262 5.
681 3227 700 3260 ί
736 3208 810 3263 De
831 3208 916 3263 his
943 3209 1122 3278 itaque
1142 3222 1261 3276 qua:
1287 3208 1531 3276 superius
1560 3206 1699 3261 dicta
1726 3214 1870 3271 sunt,
1900 3204 2089 3259 fratcr-

505 3298 733 3353 nitatem
763 3306 1032 3360 vestram,
1077 3304 1299 3351 auctore
1338 3297 1448 3352 Deo
1472 3336 1490 3363 ,
1538 3298 1784 3351 volumus
1825 3295 2087 3366 synodum

505 3400 833 3454 congregare
862 3403 875 3438 :
904 3393 1069 3454 atque
1111 3386 1165 3439 in
1206 3400 1269 3439 ea
1316 3387 1763 3441 reverendissimo
1802 3384 1964 3441 fratre
1994 3403 2091 3440 no-

504 3486 660 3533 stro'I
692 3476 916 3543 Aregio,
944 3475 1231 3545 episcopo,
1276 3484 1331 3528 et
1370 3474 1718 3531 dilectissimo
1751 3474 1858 3529 tilio
1902 3483 2089 3530 nostro

506 3566 730 3637 Cyriaco
750 3567 945 3623 abbate
972 3566 1350 3631 mediantibus,
1372 3565 1549 3621 omnia
1572 3582 1691 3636 quat
1710 3566 1913 3621 sanctis
1933 3582 2093 3621 cano-

507 3659 683 3725 nibus,
712 3660 851 3714 sicut
878 3658 1239 3731 praediximus,
1271 3668 1397 3712 sunt
1442 3658 1688 3723 adversa,
1717 3657 1955 3712 districte
1989 3656 2089 3711 sub

506 3750 862 3808 anathematis
886 3750 1227 3820 impositiOne
1250 3750 1570 3804 damnentur
1595 3766 1607 3801 :
1639 3748 1690 3801 id
1716 3757 1818 3812 est,
1837 3756 1895 3802 ut
1917 3747 2091 3801 nullus

507 3855 605 3912 pro
629 3838 986 3908 adipiscendis
1013 3837 1391 3894 ecclesiasticis
1420 3837 1698 3891 ordinibus
1723 3836 1853 3890 dare
1874 3832 2091 3904 aliquod

507 3929 849 3987 commodum
877 3935 1185 3998 praesumat,
1213 3925 1297 3982 vel
1322 3941 1421 3996 pro
1451 3924 1590 3980 datis
1616 3925 1882 3993 accipere,
1912 3938 2090 3992 neque

507 4036 571 4077 ex
595 4021 733 4075 laico
770 4020 954 4075 habitu
993 4019 1275 4088 quisquam
1322 4022 1545 4086 repente
1587 4015 1782 4069 audeat
1810 4013 1877 4068 ad
1909 4014 2090 4067 locum

508 4113 650 4167 sacri
701 4110 975 4179 regiminis
1023 4107 1334 4176 pervenire,
1366 4119 1540 4172 neque
1593 4112 1650 4157 ut
1698 4103 1815 4156 alite
1845 4103 2093 4156 mulieres

511 4217 634 4257 eum
664 4199 1031 4255 sacerdotibus
1061 4196 1304 4252 habitent
1331 4194 1431 4248 nisi
1460 4208 1537 4247 ea:
1580 4206 1699 4262 quae
1727 4192 1895 4247 sacris
1923 4206 2091 4247 cano-

511 4293 665 4346 nibus
692 4298 818 4345 sunt
846 4264 1138 4359 permissae.
1172 4305 1190 4338 ι

2191 1799 2295 1853 lam
2351 1801 2589 1855 notarius
2632 1800 2819 1855 scribit
2856 1816 2869 1853 :
2912 1800 3052 1853 sicut
3098 1798 3402 1867 pontiﬁcem
3458 1816 3566 1855 non
3614 1801 3771 1855 decet

2190 1909 2403 1947 manum
2427 1935 2443 1961 ,
2482 1908 2643 1961 quam
2692 1892 2940 1961 imponit,
2970 1891 3233 1957 vendere;
3280 1891 3350 1944 ita
3394 1890 3657 1958 minister,
3683 1890 3770 1945 vel

2190 1984 2431 2036 notarius
2461 1998 2566 2037 non
2595 1982 2755 2036 debet
2783 1983 2832 2034 in
2861 1980 3201 2035 ordinatione
3230 1979 3345 2047 ejus
3372 1995 3555 2034 vocem
3584 1995 3769 2047 suam,

2189 2074 2275 2129 vel
2327 2074 2591 2129 calamum
2635 2071 2962 2126 venundare.
3009 2070 3113 2125 Pro
3141 2069 3475 2124 ordinatione
3502 2084 3653 2137 ergo,
3684 2072 3772 2127 vel

2191 2181 2291 2221 usu
2320 2164 2490 2233 pallii,
2517 2178 2612 2218 seu
2639 2162 2863 2225 chartis,
2894 2160 2921 2198 δ
2945 2169 3106 2229 atque
3134 2160 3373 2230 pastellis
3401 2160 3646 2215 eumdem
3676 2163 3771 2231 qni

2192 2252 2520 2308 ordinandus
2562 2260 2645 2307 est
2693 2252 2773 2305 vel
2815 2251 3112 2316 ordinatur,
3144 2252 3361 2305 omnino
3398 2250 3598 2319 aliquid
3639 2251 3773 2307 dare

2191 2342 2473 2412 prohibeo.
2506 2340 2583 2394 Ex
2608 2342 2802 2409 quibus
2822 2340 3088 2409 prmdietis
3114 2340 3274 2395 rebus
3300 2340 3344 2394 si
3367 2341 3488 2408 quis
3516 2341 3640 2395 bino
3669 2341 3774 2395 ali-

2192 2434 2317 2504 quid
2348 2433 2616 2488 commodi
2648 2432 3010 2502 appellatione
3039 2432 3271 2499 exigere,
3303 2432 3387 2486 vel
3423 2441 3605 2501 petere
3633 2432 3775 2488 forte

2192 2524 2614 2593 prmsumpserit,
2643 2524 2697 2576 in
2724 2522 2965 2576 districto
2995 2520 3090 2574 Dei
3115 2521 3495 2589 omnipotentis
3523 2522 3775 2578 examine

2192 2614 2363 2668 reatui
2407 2612 2721 2681 subiacebit.
2755 2630 2772 2663 ι
2807 2611 3003 2682 (Rom.
3042 2609 3285 2681 Synodus
3318 2626 3365 2665 c.
3397 2609 3452 2674 5,
3485 2610 3554 2664 ad
3580 2611 3772 2665 calcem

2192 2702 2592 2773 Epistolarum.)

2264 2791 2315 2845 6.
2342 2792 2475 2847 Item
2495 2791 2709 2857 Joanni,
2727 2791 2979 2860 episcopo
2994 2787 3412 2857 Corinthiorum,
3431 2799 3551 2860 post
3567 2790 3731 2845 multa
3755 2808 3769 2843 :

2200 2901 2219 2934 ι
2247 2882 2425 2947 Novit,
2449 2881 2637 2949 inquit,
2670 2881 2973 2935 fraternitas
2996 2888 3192 2942 vestra,
3217 2880 3338 2948 quia
3366 2879 3511 2949 prius
3532 2879 3771 2949 pallium,

2195 2972 2294 3026 nisi
2324 2973 2449 3025 dato
2478 2970 2785 3036 commodo,
2818 2985 2922 3024 non
2952 2969 3197 3023 dabatur.
3222 2969 3377 3035 Quod
3406 2970 3659 3039 quoniam
3690 2969 3775 3022 in-

2116 3077 2162 3137 C
2196 3074 2489 3127 congruum
2543 3066 2690 3123 erat,
2740 3057 2883 3112 facto
2937 3060 3167 3113 concilio
3215 3068 3339 3113 ante
3384 3076 3583 3129 corpus
3627 3060 3775 3115 beati

2193 3150 2364 3212 Petri,
2409 3148 2774 3217 apostolorum
2809 3148 3064 3216 principis
3084 3188 3099 3215 ,
3145 3158 3251 3201 tam
3290 3149 3356 3203 de
3385 3151 3489 3205 hoc
3513 3166 3679 3219 quam
3706 3151 3776 3206 de

2188 3236 2612 3293 ordinationibus
2634 3236 2831 3304 aliquid
2852 3236 3098 3304 accipere
3112 3239 3220 3307 85
3236 3238 3335 3291 sub
3348 3238 3585 3292 districta
3606 3240 3777 3294 inter-

2189 3328 2423 3383 dictione
2448 3326 2733 3381 vetuimus.
2781 3324 3006 3395 Oportet
3043 3339 3172 3393 ergo
3202 3335 3259 3380 ut
3288 3343 3461 3396 neque
3491 3344 3590 3397 per
3617 3345 3773 3383 com-

2190 3417 2429 3493 modum,
2460 3430 2632 3484 neque
2658 3431 2753 3485 per
2778 3416 3025 3483 gratiam,
3071 3424 3165 3469 aut
3192 3416 3541 3484 quorumdam
3570 3418 3775 3488 suppli-

2189 3509 2482 3572 cationem,
2514 3508 2722 3575 aliquos
2749 3507 2816 3560 ad
2845 3522 3029 3562 saeros
3059 3506 3274 3562 ordines
3300 3508 3649 3563 consentiatis
3683 3511 3773 3565 vel

2190 3600 2512 3671 permittatis
2539 3598 2751 3653 adduci.
2782 3618 2800 3649 ι
2838 3598 3069 3669 (Regist.
3097 3601 3135 3653 ι.
3160 3615 3211 3662 v,
3241 3617 3323 3669 ep.
3357 3598 3468 3669 57.)

2261 3689 2367 3743 Sed
2414 3696 2589 3742 astuta
2637 3687 2956 3756 turpissima:
3009 3688 3315 3757 cupiditatis
3364 3688 3613 3757 iniquitas
3658 3704 3771 3743 non

2191 3778 2451 3834 sulferens
2482 3778 2642 3831 tantis
2672 3792 2730 3831 se
2755 3776 3079 3841 commedis,
3113 3777 3236 3831 licet
3285 3778 3628 3847 turpissimis,
3660 3778 3772 3831 imo

2192 3867 2658 3938 periculosissimis
2696 3868 3001 3936 angustari,
3032 3876 3389 3921 commentum
3430 3867 3560 3923 satis
3604 3867 3772 3921 artiﬁ-

2193 3958 2398 4013 ciosum
2426 3957 2625 4026 reperit
2649 3974 2661 4009 :
2688 3972 2796 4027 quo
2823 3956 3025 4011 scilicet
3051 3956 3169 4011 illos
3197 3956 3496 4011 sacerdotio
3524 3956 3772 4011 sublima-

2193 4056 2294 4114 ret,
2326 4048 2418 4117 qui
2446 4048 2547 4103 sibi
2578 4056 2700 4118 post
2726 4048 3185 4103 consecrationem
3223 4054 3371 4102 tanto
3418 4046 3775 4115 subjectiores

2193 4155 2312 4196 esse
2339 4138 2668 4203 debuissent,
2699 4147 2900 4207 quanto
2940 4153 3045 4192 non
3076 4137 3274 4203 divino,
3306 4139 3431 4206 quin
3460 4138 3643 4206 potius
3668 4134 3775 4192 hu?-

2195 4246 2354 4286 mano
2394 4231 2597 4299 judicio
2636 4245 2695 4285 se
2740 4231 2903 4285 fuisse
2954 4238 3231 4299 promotos
3278 4229 3375 4297 ipsi
3422 4228 3777 4297 proculdubio

2196 4328 2525 4388 reputarent.
2553 4320 2895 4389 Quapropter
2924 4318 3306 4390 omnipotentis
3329 4317 3423 4372 Dei
3452 4331 3626 4385 prmco
3650 4316 3782 4371 Gre-

523 4408 533 4415 ’
583 4411 635 4467 4.
676 4411 783 4465 llas
812 4409 1094 4480 pestiferas
1123 4410 1354 4463 haereses
1394 4421 1620 4462 cernens
1649 4404 2092 4476 prudentissimus
2124 4444 2170 4502 ο
2196 4410 2381 4478 gorius
2422 4409 2475 4462 in
2506 4408 2914 4474 Evangeliorum
2958 4408 3303 4473 tractatibus,
3335 4415 3392 4461 ut
3432 4407 3640 4461 scilicet
3668 4405 3778 4460 fre-

511 4501 701 4557 doctor
720 4500 1028 4568 Gregorius,
1054 4514 1150 4568 per
1177 4497 1515 4553 sacerdotum
1538 4496 1955 4561 conniventiam,
1978 4495 2092 4550 sive

512 4592 931 4647 taciturnitatem
974 4589 1144 4657 magis
1185 4589 1460 4657 magisque
1508 4587 1712 4661 diffusis
1760 4586 2089 4651 muneribus,

511 4681 661 4753 quasi
692 4678 910 4751 pestifer
938 4694 1153 4745 cancer,
1178 4694 1283 4732 nan
1316 4677 1489 4731 solum
1538 4676 1748 4730 infirma
1776 4690 1936 4745 posse
1967 4689 2091 4729 cor—

512 4774 721 4837 rodcre,
738 4786 920 4825 verum
936 4770 1098 4825 etiam
1122 4767 1281 4823 fortia
1306 4767 1543 4821 membra
1566 4778 1824 4821 mucrone
1846 4762 2094 4835 pulcher-

514 4865 768 4919 rimarum
813 4876 991 4918 rerum
1020 4875 1385 4931 corrumpere,
1414 4844 1596 4914 divino
1623 4858 1739 4913 zelo
1770 4864 2093 4918 commotus,

514 4957 715 5012 Victori
742 4955 1000 5026 episcopo
1026 4953 1331 5023 generalem
1380 4952 1703 5007 sententiam
1734 4948 1978 5019 protulit,
2010 4946 2094 5000 di-

512 5060 680 5100 cens:
717 5063 736 5097 (
768 5043 1021 5113 Quisquis
1046 5042 1115 5098 ad
1151 5043 1255 5097 boc
1280 5041 1486 5096 facinus
1516 5039 1801 5112 (videlicet
1829 5036 2091 5101 simonizn,

514 5152 576 5191 ac
605 5138 997 5207 neopbytorum
1026 5132 1307 5204 bteresim)
1363 5131 1752 5190 emendandum
1779 5168 1795 5194 ,
1823 5126 1982 5181 oﬂicii
2013 5126 2094 5179 sui

514 5227 942 5282 consideratione
970 5227 1322 5280 vehementer
1361 5238 1466 5277 non
1498 5221 1711 5282 arserit,
1736 5233 1857 5273 cum
1890 5218 2007 5286 ipso
2036 5231 2095 5271 se

514 5318 714 5372 habere
742 5332 848 5372 non
870 5316 1079 5372 dubitet
1104 5314 1441 5385 portionem,
1472 5328 1501 5366 a
1530 5326 1638 5381 quo
1670 5310 1817 5381 prius
1847 5308 1949 5363 hoc
1975 5307 2095 5377 pia-

592 5481 617 5509 ·
653 5472 823 5526 Aliter
850 5472 1055 5525 Aredio.
1106 5468 1183 5524 De
1212 5468 1301 5523 illo
1332 5469 1384 5522 in
1413 5466 1665 5537 Epistolis
1695 5465 1878 5537 multa
1905 5464 2090 5537 habes.

512 5541 722 5596 Colitur
750 5541 988 5595 kalendis
1017 5540 1162 5607 Maii,
1195 5548 1251 5593 ut
1278 5535 1567 5607 observant
1593 5535 1993 5591 Sammarthani
2041 5536 2095 5588 in

514 5611 685 5667 Gallia
711 5609 910 5664 Christ.
939 5626 1006 5664 ex
1035 5606 1259 5676 Proprio
1287 5608 1426 5661 Eccl.
1458 5606 1827 5677 Vapincensis.

587 5682 613 5719 δ
654 5679 737 5753 Ad
766 5683 875 5734 ttazc
903 5674 1191 5735 Bollandus
1218 5694 1230 5731 :
1264 5686 1339 5733 est
1355 5674 1619 5743 pastillus,
1651 5677 1843 5745 inquit,
1866 5674 2097 5731 massula

2194 4500 2445 4567 quentius
2472 4498 2576 4567 legi
2602 4497 2685 4552 vel
2709 4497 2877 4551 audiri
2899 4497 3182 4566 potuisset,
3207 4497 3464 4567 disputat,
3487 4497 3735 4565 inquiens
3760 4513 3776 4550 :

2201 4607 2220 4641 ι
2251 4589 2387 4643 Sunt
2411 4588 2673 4653 nonnulli,
2702 4587 2793 4656 qui
2820 4586 3033 4655 quidem
3082 4601 3418 4640 nummorum
3463 4586 3677 4652 prannia
3707 4601 3779 4640 ex

2195 4680 2533 4735 ordinatione
2560 4695 2666 4733 non
2710 4678 3001 4748 accipiunt,
3032 4685 3087 4731 et
3118 4686 3301 4731 tamen
3345 4693 3532 4733 sacros
3559 4678 3781 4733 ordines

2197 4786 2294 4840 pro
2339 4771 2572 4824 humana
2618 4770 2789 4837 gratia
2838 4768 3171 4836 largiuntur:
3204 4775 3367 4838 atque
3411 4767 3478 4822 de
3525 4767 3779 4837 largitate

2197 4860 2405 4925 eadem,
2434 4859 2603 4914 laudis
2628 4857 2964 4914 solummodo
2986 4856 3393 4911 retributionem
3421 4864 3685 4925 qumrunt.
3714 4854 3780 4910 Hi

2201 4951 2479 5014 nimirum,
2512 4950 2654 5017 quod
2706 4948 2872 5016 gratis
2919 4954 3280 5016 acceperunt,
3312 4946 3478 5014 gratis
3528 4962 3634 4999 non
3682 4947 3781 5000 tri-

2200 5044 2368 5097 buunt
2392 5061 2404 5095 :
2435 5045 2560 5111 quia
2589 5043 2658 5096 de
2688 5042 2932 5111 impenso
2961 5038 3137 5093 ollicio
3168 5038 3492 5101 sanctitatis,
3518 5044 3785 5105 expetunt

2199 5149 2471 5187 nummum
2501 5132 2717 5187 favoris.
2750 5131 2903 5191 Unde
2940 5132 3079 5185 bene
3106 5144 3227 5185 cum
3255 5128 3455 5197 justum
3482 5128 3658 5180 virum
3691 5128 3787 5181 de-

2197 5222 2455 5283 scriberet
2499 5225 2781 5294 propheta,
2815 5223 2926 5275 ait:
2959 5218 3059 5283 Qui
3087 5220 3283 5273 excutit
3326 5234 3509 5271 manus
3541 5234 3663 5271 suas
3720 5218 3786 5270 ab

2196 5314 2334 5367 omni
2363 5329 2571 5366 munere
2619 5311 2774 5382 (Isai.
2805 5325 2991 5373 xxxnt,
3024 5307 3136 5377 {5).
3186 5306 3370 5375 Neque
3413 5306 3558 5359 enim
3605 5305 3787 5360 dixit:

2161 5488 2166 5492 -
2196 5466 2251 5517 in
2280 5466 2502 5535 formam
2538 5467 2686 5530 panis
2715 5466 2863 5536 parvi
2905 5474 3075 5522 cocta.
3125 5464 3233 5520 Pro
3259 5466 3355 5519 hoc
3384 5466 3543 5518 etiam
3589 5464 3787 5516 dic'tur

2195 5536 2474 5603 pastellus,
2502 5545 2550 5587 et
2578 5537 2697 5589 inde
2742 5538 3101 5605 pastellatium
3144 5537 3336 5591 donum
3365 5538 3446 5587 hic
3474 5536 3786 5605 indicatum.

2196 5605 2369 5660 Aliam
2398 5604 2845 5675 significationem
2885 5608 3159 5664 attulimus
3188 5608 3239 5662 in
3268 5607 3409 5661 notis
3444 5607 3508 5661 ad
3556 5607 3659 5661 hoc
3691 5604 3795 5659 de-

2199 5683 2401 5731 cretum
2434 5677 2485 5731 in
2513 5676 2612 5732 calt
2631 5691 2660 5730 c
2687 5677 2843 5740 epist.
