4018 6306
255 251 355 307 155

820 252 876 307 8.
918 247 1244 307 GREGORII
1285 248 1484 304 PAP/E
1526 248 1708 315 VITA,
1750 245 1950 304 AUCT.
1994 245 2260 303 JOANNE
2303 248 2620 305 DIACONO.
2661 251 2790 310 LIB.
2834 253 2898 308 111

3422 264 3524 320 154

250 368 358 435 Qui
406 367 611 422 excutit
642 380 828 419 manus
872 379 995 419 suas
1018 379 1048 418 a
1076 378 1328 425 munere,
1360 362 1453 417 sed
1482 361 1746 430 adjnnxit,
1780 361 1842 414 ab
1871 366 1919 425 Α
1951 358 2097 412 tiam.
2131 358 2303 430 Atque
2326 362 2445 416 ideo
2471 363 2786 430 salutantes,
2809 366 3086 422 hortamur
3105 373 3527 438 magnitudinem

253 464 397 516 omni
422 480 439 515 :
470 461 590 530 quia
618 459 758 512 aliud
788 465 870 512 cst
898 472 1092 511 munus
1135 456 1202 510 ab
1232 455 1517 523 obsequio,
1546 454 1688 507 aliud
1721 470 1837 507 mu-

257 568 362 606 nus
390 567 420 605 a
447 565 621 615 manu,
650 548 790 602 aliud
818 564 1009 603 munus
1037 562 1067 601 a
1094 548 1301 617 lingua.
1325 545 1522 601 Munus
1542 545 1741 615 quippe
1770 544 1837 599 ab

256 640 549 708 obsequio,
590 646 675 692 est
720 636 985 706 subjectio
1030 635 1269 691 indebite
1316 636 1591 705 impensa;
1644 649 1840 689 munus

255 743 283 780 a
316 743 493 792 manu,
525 727 783 796 pecunia;
832 740 1027 780 munus
1052 740 1083 778 a
1109 725 1319 793 lingua,
1367 723 1537 779 favor.
1581 725 1682 790 Qui
1711 738 1839 791 ergo

252 832 436 872 sacros
464 818 679 871 ordines
708 817 916 881 tribuit,
950 824 1081 871 tunc
1112 817 1181 870 ab
1210 815 1356 869 omni
1397 830 1621 869 munere
1650 829 1838 867 manus

254 907 475 974 excutit,
499 906 715 976 quando
758 908 811 961 in
855 906 1053 962 divinis
1093 905 1253 960 rebus
1298 920 1403 959 non
1433 903 1605 959 solum
1638 904 1834 957 nullam

253 998 555 1067 pecuniam,
572 997 669 1052 sed
682 998 846 1051 etiam
868 996 1159 1068 humanam
1176 995 1402 1074 gratiam
1428 1010 1533 1048 non
1557 993 1826 1061 requirit.)

253 1090 436 1160 (Hom.
468 1090 502 1142 4
531 1093 582 1145 in
614 1090 842 1159 Evang.)

323 1180 415 1235 lla:
446 1190 574 1237 sunt
600 1180 845 1251 Gregorii
871 1194 1033 1249 super
1077 1178 1399 1243 simoniacis,
1440 1185 1495 1229 et
1522 1174 1717 1229 illicitis
1742 1189 1833 1228 or-

249 1272 618 1327 dinationibus
661 1271 957 1327 doctissimi
996 1286 1147 1341 papa:
1191 1269 1497 1331 sententias,
1546 1281 1678 1335 quas
1718 1265 1834 1333 ipse

249 1377 462 1416 summo
511 1363 657 1416 cultu
686 1375 935 1417 servasse
961 1360 1200 1421 docetur,
1233 1359 1284 1411 in
1315 1371 1380 1410 eo
1418 1354 1561 1425 quod
1601 1354 1668 1407 ab
1717 1354 1834 1422 ipso

250 1467 361 1506 sua:
408 1454 835 1509 consecrationis
886 1454 1105 1507 exordio
1154 1465 1251 1519 per
1294 1463 1509 1503 omnem
1559 1446 1833 1501 dimcesim

247 1560 426 1610 suam,
458 1547 745 1616 episcopos
774 1544 1121 1612 undecunque
1163 1541 1410 1595 meliores
1452 1538 1691 1593 invenire
1734 1552 1836 1606 po-

247 1634 375 1700 tuit,
402 1636 789 1690 studiosissime
815 1633 1098 1687 ordinavit.
1132 1629 1195 1683 Et
1222 1631 1266 1683 si
1295 1628 1512 1697 quando
1544 1628 1835 1684 necessitas

1942 458 2178 504 vestram
2202 460 2261 506 ut
2291 454 2598 509 invocantes
2627 457 2856 525 priores,
2881 460 2963 514 vel
2993 463 3249 531 populum
3274 465 3525 534 civitatis,

1943 538 2009 593 de
2038 540 2301 597 electione
2330 542 2545 597 alterius
2574 546 2837 613 cogitetis,
2867 549 2956 617 qui
2987 550 3178 618 dignus
3206 555 3376 622 possit
3404 572 3527 623 eum

1944 627 2141 683 Christi
2191 631 2383 686 solatio
2415 632 2480 686 ad
2509 635 2865 689 sacerdotium
2916 644 3238 708 promoveri.
3286 643 3343 697 ln
3394 659 3526 714 quo,

1943 717 2163 775 decreto
2192 722 2503 801 solemniter
2530 724 2695 792 facto,
2713 735 2872 795 atque
2899 730 2962 781 ad
2997 731 3130 786 hanc
3154 735 3336 790 urbem
3362 746 3531 793 trans-

1944 808 2109 891 misso
2135 851 2171 876 ,.
2202 811 2471 867 ordinatio
2522 814 2631 867 illic
2684 818 2918 880 tandem,
2950 820 3164 879 Christo
3213 828 3524 893 auxiliante,

1943 900 2243 967 proveniat.
2278 920 2298 953 ι
2332 902 2553 973 (chist.
2587 905 2677 958 lib.
2705 923 2780 969 Ill,
2810 924 2891 977 ep.
2929 910 3039 978 i5.)

2014 987 2065 1041 9.
2110 990 2191 1045 Ab
2230 991 2346 1046 aliis
2376 1008 2589 1062 quoque
2620 997 2907 1052 violentcr-
2928 1012 3227 1070 promotos,
3256 1004 3307 1059 in
3337 1008 3531 1074 gradus

1940 1080 2196 1149 pristinos
2218 1084 2526 1137 revocabat.
2566 1085 2716 1141 Unde
2745 1088 3018 1145 Antonino
3047 1094 3384 1151 subdiacono
3407 1100 3532 1153 scri-

1941 1171 2113 1234 bens,
2169 1171 2247 1224 ait
2294 1190 2306 1225 :
2368 1190 2387 1224 (
2424 1172 2765 1241 Honoratus,
2816 1181 3227 1240 archidiaconus
3279 1186 3533 1244 Ecclesia:

1940 1259 2286 1329 Salonitame,
2312 1277 2341 1316 a
2371 1272 2569 1317 sancta:
2593 1268 2868 1321 memoria:
2895 1269 3179 1328 decessore
3202 1291 3344 1342 meo,
3368 1280 3532 1335 missa

1940 1351 2353 1426 supplicatione,
2384 1365 2708 1422 poposcerat
2748 1368 2804 1411 ut
2841 1359 2908 1413 ab
2938 1362 3178 1421 antistite
3206 1382 3303 1421 suo
3333 1369 3531 1426 invitus

1943 1442 2169 1510 provehi
2198 1422 2264 1496 ad
2295 1443 2528 1499 fortioris
2558 1447 2753 1513 gradus
2781 1448 3047 1517 ordinem,
3078 1464 3264 1509 contra
3296 1473 3526 1527 morem,

1942 1531 2248 1587 nullatenus
2276 1541 2577 1602 cogeretur.
2607 1534 2721 1590 Hoc
2750 1538 2891 1591 enim
2925 1540 3038 1594 fieri
3070 1542 3169 1596 sibi
3197 1559 3301 1597 non
3335 1562 3526 1614 prove-

1941 1621 2105 1676 hendi
2148 1624 2348 1691 gratia,
2391 1626 2486 1679 sed
2532 1642 2693 1681 causa
2752 1628 3144 1697 ingratitudinis
3190 1636 3525 1703 perhibebat.

244 1727 540 1782 ordinandi
586 1724 876 1780 sacerdotis
920 1721 1174 1793 obrepsit,
1206 1736 1379 1790 neque
1404 1720 1701 1775 cardinales
1729 1718 1835 1775 Ec-

1946 1707 2046 1766 Pro
2074 1728 2179 1783 qua
2210 1729 2268 1768 re
2298 1723 2423 1769 tunc
2455 1714 2564 1783 jam
2593 1726 2791 1772 sancta:
2818 1722 3090 1775 memori:c
3119 1723 3368 1780 decessor
3396 1743 3527 1783 nos-

244 1816 429 1870 clesizc
456 1831 567 1870 sua:
608 1828 779 1884 neque
810 1813 1107 1867 monachos
1145 1810 1460 1866 monasterii
1505 1811 1587 1866 sui
1626 1811 1838 1881 penitus

246 1905 547 1970 excusavit,
580 1920 690 1974 quo
718 1917 894 1957 minus
920 1903 1026 1956 illis
1050 1901 1347 1957 Ecclesiam
1375 1901 1664 1970 regendam
1697 1916 1841 1955 com-

250 1996 516 2060 mitteret,
560 1995 652 2064 qui
682 1993 940 2062 exemplis
968 2000 1024 2047 et
1044 1992 1222 2047 verbis
1268 1992 1471 2061 pariter
1500 1991 1644 2045 illam
1674 1990 1840 2045 aedili-

250 2102 376 2141 care
422 2086 616 2141 melius
661 2086 982 2157 potuissent.
1032 2084 1187 2149 Nam,
1217 2093 1277 2138 ut
1325 2098 1492 2153 pauca
1546 2083 1614 2137 de
1657 2084 1839 2137 multis

250 2176 578 2244 contingam,
612 2191 676 2230 ex
708 2175 1034 2246 presbyteris
1062 2172 1418 2228 cardinalibus
1446 2171 1700 2227 Ecclesia:
1727 2188 1837 2226 sua:

251 2267 585 2322 consecravit
603 2267 906 2336 episcopos,
931 2262 1260 2318 Bonifacium
1279 2261 1490 2330 Rhegii,
1516 2260 1835 2315 Habentium

252 2359 475 2424 Perusii,
500 2368 554 2413 et
576 2358 784 2413 Donum
811 2356 1069 2412 Messana:
1092 2355 1303 2409 Siciliae.
1320 2353 1399 2408 Ex
1423 2353 1837 2409 subdiaconibus

251 2463 412 2513 vero,
444 2447 747 2501 Gloriosum
797 2444 992 2509 lstrizc,
1044 2444 1261 2498 Festum
1308 2442 1535 2512 Capuaz,
1565 2453 1587 2515 ἒ
1614 2443 1832 2498 Petrum

249 2538 468 2602 Trecas,
500 2547 557 2594 et
582 2537 884 2593 Castorium
929 2537 1174 2590 Arimini.
1228 2535 1292 2589 At
1311 2551 1440 2590 vero
1466 2550 1530 2589 ex
1555 2535 1836 2590 monachis

249 2629 564 2683 monasterii
586 2629 698 2693 sui,
724 2626 1078 2680 Marinianum
1112 2625 1411 2703 Ravennaz,
1453 2624 1832 2678 Maximianum

247 2719 553 2791 Syracusis,
583 2727 639 2774 et
662 2717 922 2773 Sabinum
954 2715 1201 2785 Gallipoli
1251 2716 1507 2785 przcsules
1546 2714 1831 2768 ordinavit.

247 2812 356 2867 Sed
379 2821 435 2868 et
461 2811 816 2881 Augustinum
845 2824 1012 2879 penes
1028 2808 1228 2876 Anglos
1254 2824 1283 2861 a
1309 2806 1599 2861 Galliarum
1627 2807 1837 2879 episco-

248 2902 330 2972 pis
354 2902 589 2957 ordinari
614 2900 886 2972 przeeepit.
913 2899 1016 2952 Per
1039 2913 1197 2968 quem
1241 2896 1586 2951 nihilominus
1608 2896 1672 2950 ad
1696 2896 1839 2965 epis-

247 3002 500 3064 copatum
549 2994 602 3047 in
652 2992 837 3049 eadem
876 2999 1036 3059 gente
1079 2989 1330 3042 monachi
1360 2990 1599 3057 ejusdem
1630 2988 1834 3057 patris,

1942 1808 2044 1867 ter,
2077 1804 2291 1873 scriptis
2320 1806 2429 1860 suis
2467 1806 2672 1871 Natali,
2707 1808 2858 1883 fratri
2887 1813 3152 1882 cocpisco,
3174 1830 3313 1883 oque
3341 1828 3525 1874 nostro

1942 1893 2293 1950 interdixerat
2311 1912 2378 1951 ne
2396 1898 2709 1965 praedictum
2741 1899 3067 1957 Honoratum
3090 1908 3524 1965 archidiaconum

1940 1983 2162 2039 invitum
2202 1988 2551 2056 proveheret,
2584 2005 2719 2044 neve
2748 1992 2993 2048 dolorem
3023 2007 3296 2067 conceptae
3347 2001 3525 2068 ingra-

1939 2075 2179 2130 titudinis
2209 2077 2409 2131 diutius
2438 2078 2490 2131 in
2520 2078 2683 2134 corde
2712 2082 2991 2138 retineret.
3033 2086 3271 2155 Cumque
3300 2098 3355 2143 et
3382 2105 3411 2143 a
3442 2106 3527 2145 me

1938 2165 2053 2221 lucc
2083 2167 2253 2221 eidem
2283 2184 2626 2238 summopere
2649 2170 2848 2227 fuerint
2877 2174 3156 2230 interdicta
3182 2195 3195 2230 :
3222 2194 3329 2233 non
3351 2181 3524 2235 solum

1936 2258 2185 2311 mandata
2238 2258 2330 2313 Dei
2380 2260 2675 2328 negligens,
2705 2263 2797 2316 sed
2839 2271 2893 2318 et
2920 2266 3117 2334 scripta
3166 2277 3348 2322 nostra
3397 2285 3526 2324 con—

1938 2356 2204 2414 temnens,
2231 2350 2511 2419 praafatum
2543 2352 2981 2408 archidiaconum
3004 2398 3019 2422 ,
3060 2357 3211 2425 quasi
3241 2336 3315 2411 ad
3337 2358 3526 2414 fortio-

1934 2454 2049 2492 rem
2096 2439 2355 2494 honorem
2388 2442 2712 2510 provehens,
2760 2454 2984 2499 conatus
3036 2455 3120 2501 est
3160 2456 3281 2509 arte
3329 2449 3525 2505 callide

1934 2528 2248 2598 degradare.
2277 2531 2429 2586 Unde
2450 2543 2629 2587 actum
2651 2543 2733 2589 est
2757 2546 2814 2589 ut
2836 2536 3027 2591 eodem
3056 2541 3525 2595 archidiaconatus

1934 2618 2056 2674 loco
2077 2632 2367 2688 summoto,
2398 2623 2560 2678 alium
2598 2626 2909 2690 accersiret,
2940 2629 3029 2696 qui
3079 2630 3195 2697 ejus
3238 2632 3523 2701 obtempe-

1936 2726 2059 2765 rare
2104 2714 2344 2769 moribus
2396 2718 2676 2785 potuisset.
2709 2721 2876 2785 Quem
2909 2722 3234 2778 Honoratum
3258 2726 3524 2781 archidia-

1936 2816 2133 2856 conum
2159 2805 2483 2860 arbitramur
2506 2809 2730 2864 antistiti
2754 2826 2851 2864 suo
2878 2812 3091 2867 aliunde
3114 2814 3395 2883 displicere
3420 2832 3525 2872 non

1938 2891 2195 2959 potuisse,
2232 2894 2331 2948 nisi
2361 2895 2503 2963 quod
2531 2912 2651 2951 eum
2684 2914 2811 2953 vasa
2839 2915 2991 2954 sacra
3039 2903 3151 2956 suis
3179 2903 3307 2967 dare
3333 2920 3526 2973 parcn-

1941 2981 2082 3035 tibus
2113 2983 2450 3051 prohibebat.
2481 2984 2650 3051 Quam
2678 3002 2894 3041 causam
2942 2990 3211 3045 subtiliter
3238 2992 3526 3060 voluimus,

249 3094 495 3155 gempore
544 3085 753 3139 diverso
776 3125 790 3149 ’
823 3082 1064 3152 provccli
1115 3090 1276 3135 sunt;
1310 3080 1575 3148 Mellitus,
1616 3080 1830 3145 Justus,
1862 3090 1905 3152 C
1936 3075 1993 3122 ει
2018 3076 2146 3123 tunc
2191 3081 2389 3126 δίιιιοῑω
2436 3076 2708 3128 memoria:
2756 3075 3014 3132 decessor
3052 3094 3237 3143 meus,
3292 3090 3346 3135 θῑ
3386 3098 3527 3137 nunc

249 3176 571 3230 Laurentius
599 3182 653 3229 et
690 3172 958 3226 Paulinus.
1002 3170 1143 3225 Solis
1181 3171 1495 3225 diaconibus
1524 3171 1833 3240 apostolica:

248 3268 393 3324 sedis
421 3283 585 3337 super
614 3267 713 3321 hac
738 3263 1132 3339 quodammodo
1181 3272 1333 3332 parte
1373 3262 1628 3332 parcebat
1652 3279 1665 3314 :
1696 3277 1833 3330 quo-

248 3376 370 3415 rum
412 3374 534 3414 cum
575 3357 761 3412 decem
792 3363 846 3410 et
875 3370 1067 3410 novem
1113 3352 1444 3423 plenitudine
1490 3352 1832 3417 redundaret,

250 3450 365 3518 ipse
410 3445 782 3509 Bonifacium,
832 3443 1192 3507 Florentium,
1219 3450 1275 3496 et
1320 3443 1427 3512 87
1475 3440 1833 3511 Epiphanium

249 3538 609 3593 consecravit.
664 3535 773 3589 Nec
819 3547 1142 3603 quemquam
1184 3546 1372 3586 eorum
1411 3532 1478 3586 ab
1504 3530 1702 3597 officio,
1735 3532 1836 3585 nisi

250 3629 600 3685 Laurentium
631 3626 1069 3682 archidiaconum
1112 3638 1211 3693 pro
1231 3622 1480 3693 superbia
1510 3622 1839 3691 reliquisque

249 3719 602 3784 criminibus,
654 3718 706 3771 in
754 3712 973 3770 basilica
1028 3712 1413 3779 Lateranensi,
1467 3724 1587 3780 quae
1648 3710 1841 3766 dicitur

252 3827 441 3878 aurea,
456 3811 547 3867 ubi
567 3825 695 3865 mox
716 3807 1050 3863 Honoratum
1071 3803 1510 3860 archidiaconum
1533 3802 1836 3867 constituit,

254 3901 639 3971 sequestravit.

327 3992 385 4045 8.
424 3990 669 4060 Cumque
695 3988 985 4057 Gregorius
1011 3995 1266 4058 percepta
1296 3985 1575 4041 occasione
1602 3998 1712 4040 sum
1739 3981 1842 4037 Ec-

253 4080 438 4137 clesia:
468 4079 781 4144 cardinales,
805 4078 850 4134 si
878 4088 1055 4132 tamen
1085 4075 1472 4139 consentirent,
1504 4074 1634 4128 satis
1657 4072 1846 4127 volun-

254 4171 395 4226 tarie
425 4167 1081 4240 proveheretmeminem
1125 4180 1380 4234 prorsus,
1431 4170 1845 4231 quantacunque

256 4260 581 4317 necessitate
627 4265 866 4323 coactus,
898 4256 1162 4311 violenter
1207 4267 1529 4324 promovere
1559 4252 1839 4307 certabat:

258 4368 330 4408 ne
356 4351 457 4406 sub
484 4348 792 4419 bujusmodi
830 4348 1118 4403 occasione
1161 4359 1485 4422 quemquam
1519 4342 1845 4397 eliminando

1936 3177 2057 3232 ego,
2086 3164 2428 3234 indagatione
2457 3167 2741 3224 discutere.
2767 3170 2874 3224 Sed
2924 3172 3038 3241 ipse
3062 3187 3278 3227 suorum
3308 3183 3524 3230 actuum

1935 3258 2202 3321 conscius,
2231 3272 2515 3326 personam
2540 3259 2605 3313 ad
2624 3259 2883 3328 judicium
2908 3264 3207 3332 postposuit
3232 3265 3522 3321 destinare.

1936 3346 2168 3403 Proinde
2191 3350 2576 3418 experientiam
2603 3358 2747 3404 tuam
2771 3352 3048 3421 prtesentis
3072 3355 3323 3423 praacepti
3346 3363 3527 3409 aucto-

1936 3438 2097 3492 ritate
2146 3438 2395 3492 duximus
2445 3438 2762 3494 fulciendam
2781 3480 2794 3505 ,
2825 3450 3089 3509 quatenus
3116 3445 3443 3498 conveniens
3473 3443 3524 3498 in

1936 3529 2191 3585 Salonam
2216 3531 2477 3598 Natalem,
2510 3531 2728 3587 fratrem
2757 3533 3245 3603 coepiscopumque
3275 3544 3518 3590 nostrum

1938 3619 2129 3673 saltem
2172 3627 2251 3674 tot
2280 3619 2492 3697 scriptis
2523 3619 2859 3674 admonitum
2888 3623 3100 3676 studeat
3137 3622 3433 3686 adhortari,
3463 3632 3523 3677 ut

1940 3726 2100 3781 supra
2126 3721 2482 3766 memoratum
2514 3712 2951 3767 archidiaconum
2984 3714 3037 3768 in
3063 3728 3162 3768 suo
3190 3715 3371 3768 statim
3402 3714 3524 3769 loco

1942 3804 2217 3874 suscipiat.
2271 3804 2426 3869 Quod
2455 3804 2499 3857 si
2528 3804 2632 3858 hoc
2672 3804 2852 3859 facere
2878 3807 2990 3875 88
3030 3805 3440 3868 contumaciter,
3471 3812 3531 3858 ut

1944 3893 2241 3956 consuevit,
2279 3892 2415 3946 forte
2471 3891 2773 3960 distulerit,
2805 3909 2959 3948 usum
3011 3895 3061 3948 ei
3109 3895 3295 3963 pallii,
3333 3895 3422 3962 qui
3464 3895 3535 3947 ab

1946 3983 2047 4037 hac
2077 3981 2202 4037 sede
2243 3996 2533 4035 concessus
2561 3989 2664 4046 est,
2694 3996 2759 4035 ex
2787 3983 3107 4037 auctoritate
3145 3983 3285 4038 sedis
3313 3993 3533 4053 aposto-

1950 4073 2064 4127 licm
2096 4070 2472 4126 contradicito.
2506 4070 2673 4136 Quem
2704 4072 2768 4136 si,
2802 4072 2963 4125 etiam
2994 4074 3191 4129 amisso
3222 4074 3555 4144 pallio,,ad--

1948 4164 2053 4219 huc
2095 4164 2149 4218 in
2196 4163 2383 4218 eadem
2414 4178 2760 4232 perseverare
2798 4164 3123 4234 pertinacia,
3169 4169 3533 4237 perspexeris,

1950 4253 2215 4308 Dominici
2243 4268 2457 4323 quoque
2487 4253 2730 4322 corporis
2759 4268 2823 4307 ac
2848 4254 3121 4321 sanguinis
3163 4256 3410 4313 eumdem
3440 4274 3538 4312 an-

1951 4342 2171 4398 tistitem
2202 4342 2607 4412 participatione
2634 4342 2890 4412 privabis.
2942 4342 3078 4396 Eum
3107 4360 3256 4410 vero,
3283 4346 3371 4417 qui
3401 4362 3535 4403 con-

260 4444 536 4513 deponere
560 4442 851 4497 videretur.
882 4438 1034 4495 Unde
1063 4438 1420 4502 Scholastico,
1446 4435 1471 4474 b
1499 4435 1671 4491 Judici
1693 4434 1849 4490 Cam-
1882 4427 1931 4485 D
1958 4443 2035 4488 tra
2063 4433 2283 4503 justitia:
2306 4435 2544 4503 regulam
2576 4434 2641 4488 ad
2671 4434 2848 4489 locum
2881 4434 3099 4490 alterius
3154 4439 3376 4506 provehi
3403 4455 3536 4494 con-~

260 4534 455 4605 pauim,
484 4531 747 4597 scribens,
781 4531 857 4584 ait
882 4547 894 4582 :
934 4549 951 4581 ι
979 4528 1115 4582 Dum
1141 4529 1208 4583 de
1235 4527 1596 4598 Neapolitana:
1618 4525 1848 4581 civitatis

264 4638 413 4685 cura,
447 4621 719 4677 destituta:
760 4619 1058 4675 sacerdotis
1100 4617 1315 4679 solatio,
1346 4616 1717 4672 vehementius
1752 4632 1848 4669 an-

266 4728 556 4784 geremur,
606 4712 1044 4783 supervenientes
1097 4711 1437 4781 prazsentium
1490 4709 1690 4764 latores
1726 4725 1848 4764 cum

265 4804 488 4860 decreto
506 4804 559 4857 in
571 4803 900 4859 Florentium
917 4802 1300 4858 subdiaconum
1319 4809 1560 4855 nostrum
1579 4800 1848 4866 confecto,

264 4896 473 4964 aliquid
501 4896 657 4949 nobis
700 4897 755 4949 in
797 4901 947 4947 tanto
985 4892 1328 4962 cogitationis
1356 4891 1595 4962 pondere
1639 4891 1851 4945 releva-

265 4986 434 5041 tionis
486 4986 803 5040 invenerant
837 5001 851 5036 :
892 4982 989 5039 sed
1035 4982 1162 5036 dum
1204 4980 1453 5052 praefatus
1498 4981 1859 5036 subdiaconus

266 5086 461 5133 noster
484 5076 753 5145 refugiens
777 5075 1047 5130 civitatem
1080 5074 1269 5143 ipsam,
1292 5072 1681 5127 ordinationem
1705 5088 1856 5127 suam

266 5170 695 5242 lacrymabiliter
742 5167 999 5222 evitasset
1028 5183 1041 5218 :
1075 5164 1228 5234 quasi
1278 5178 1346 5217 ex
1387 5162 1577 5231 majori
1627 5163 1858 5231 quadam

267 5259 681 5331 desperatione,
725 5265 963 5314 nostram
1018 5254 1326 5324 cognoscite
1374 5254 1605 5310 crevisse
1656 5256 1862 5310 mmsti-

349 5403 376 5431 ⁸
416 5393 573 5449 llunc
601 5394 654 5448 in
688 5393 864 5448 locum
887 5404 1125 5446 errorem
1151 5389 1429 5456 irrepsisse
1456 5404 1563 5441 non
1596 5389 1864 5443 immerito

270 5465 575 5519 arbitratur
603 5462 916 5527 Bollandus;
965 5474 1139 5528 neque
1187 5459 1330 5513 enim
1359 5459 1550 5525 legitur
1574 5457 1630 5512 S.
1653 5456 1862 5525 Grego-

270 5536 415 5589 rium
446 5530 1127 5602 aliquandojl‘ricassi‘num
1157 5529 1466 5602 episcopum
1497 5534 1860 5602 consecrasse,

272 5611 369 5657 aut
400 5597 612 5657 tunc-in
637 5617 700 5656 ea
725 5600 959 5655 Ecclesia
985 5598 1149 5652 fuisse
1173 5598 1403 5667 aliquem
1430 5597 1737 5667 episcopum
1767 5613 1865 5651 no-

270 5654 715 5731 ῐιιιιιᾶιιέἱὲὶιέιὶ.
770 5654 966 5725 verum
1016 5654 1275 5739 suspicor"
1296 5654 1697 5738 intelligendum
1742 5680 1863 5723 es<e

1956 4529 2144 4591 sensit,
2177 4527 2244 4581 ab
2286 4526 2527 4596 ejusdem
2574 4527 3042 4582 archidiaconatus
3092 4528 3300 4583 honore
3343 4528 3540 4598 deponi

1959 4619 2295 4695 prmcipimus
2326 4637 2338 4673 :
2370 4634 2553 4689 quem,
2577 4619 2623 4673 si
2644 4618 2867 4674 ulterius
2892 4619 2945 4672 in
2976 4619 3096 4673 loco
3123 4619 3312 4674 eodem
3355 4620 3541 4674 minis-

1957 4720 2100 4766 trare
2122 4711 2538 4781 praesumpserit,
2563 4710 2958 4766 communionis
2978 4725 3147 4767 sacra:
3175 4711 3541 4780 participatio-

1959 4816 2028 4855 ne
2058 4802 2350 4870 privamus.
2371 4799 2608 4871 Equum
2635 4800 2777 4855 enim
2808 4808 2891 4855 est
2918 4809 2977 4855 ut
3004 4816 3225 4870 asperos
3245 4802 3312 4856 de
3332 4800 3540 4869 justitia

1959 4891 2175 4951 sentiat,
2208 4905 2345 4959 quos
2371 4903 2496 4959 erga
2543 4905 2603 4945 se
2639 4891 2842 4960 positos
2881 4891 2934 4944 in
2966 4892 3192 4945 caritate
3220 4891 3539 4945 contemnit.

1960 4980 2227 5036 Restituto
2281 4995 2411 5051 ergo
2472 4980 2593 5035 loco
2649 4995 2748 5035 suo
2806 4980 3081 5035 Honorato
3132 4978 3541 5048 arehidiaeono,

1962 5073 2274 5128 instructam
2305 5086 2593 5141 personam
2631 5071 2970 5140 supradictus
3011 5070 3258 5131 antistes,
3294 5078 3345 5124 te
3391 5086 3541 5125 com-

1962 5162 2213 5231 pellente,
2238 5162 2450 5231 dirigat,
2469 5177 2587 5230 quae
2615 5161 2964 5214 intentionem
2990 5159 3105 5227 ejus
3134 5174 3250 5215 esse
3273 5160 3356 5214 vel
3382 5158 3543 5217 fuisse

1957 5251 2155 5321 justam
2180 5253 2290 5308 suis
2312 5252 2438 5306 mihi
2470 5250 2878 5319 allegationibus
2905 5250 3072 5319 possit
3103 5249 3407 5305 ostendere.
3439 5250 3545 5307 Sed

1969 5386 2185 5442 Petrum
2215 5386 2605 5441 Trcealitanum
2636 5384 2943 5452 episcopum
2971 5385 3023 5437 in
3053 5384 3257 5447 Sicilia,
3292 5383 3357 5448 ad
3386 5399 3545 5451 quem

1968 5465 2145 5510 exstat
2174 5455 2361 5525 eo}?
2390 5455 2477 5525 lib.
2511 5469 2565 5507 v.
2596 5453 2652 5506 ιη
2679 5451 2869 5525 codice
2897 5451 3107 5525 Gemet.
3140 5456 3334 5523 legitur
3360 5452 3549 5525 Trem-g

1967 5528 2083 5580 sino
2124 5522 2223 5596 pro
2255 5523 2603 5596 Trecalitano.
2633 5530 2693 5576 ut
2718 5522 3121 5579 observavimus
3170 5522 3223 5577 in
3262 5532 3386 5577 nota
3419 5540 3449 5576 ο
3479 5523 3547 5576 ad

1967 5597 2109 5651 hanc
2139 5595 2439 5664 epistolam.

2042 5666 2067 5703 δ
2092 5659 2286 5737 Bigot.,
2318 5672 2427 5720 tres
2459 5661 2629 5720 Paris.
2661 5669 2717 5719 et
2748 5660 2836 5719 alii
2862 5661 3044 5728 codd.,
3077 5659 3543 5724 DuciCa'npmtia‘.
