4018 6338
512 279 613 335 155

1096 274 1152 328 S.
1195 269 1525 328 GREGORII
1566 266 1765 322 ΡᾹΡΛΞ
1808 264 1990 326 “TA,
2036 263 2234 317 AUCT.
2279 261 2540 317 .l(l.-\N-.\‘E
2581 256 2893 314 DIACONO.
2938 256 3067 311 LIB.
3113 254 3197 310 111.

3682 255 3792 310 156

504 400 561 446 et
590 387 835 443 eumdem
859 382 1291 439 archidiaconum
1315 379 1381 433 ad
1408 395 1505 434 nos
1520 379 1703 433 venire
1725 375 2083 446 praecipimus,
2120 380 2155 430 Α
2190 381 2318 436 met,
2356 384 2376 410 ε
2406 382 2461 426 et
2488 367 2796 424 contritioni
2825 380 2955 429 suae,
2988 363 3122 431 fuga:
3161 372 3366 433 qumrat
3391 363 3689 418 auxilium.
3724 363 3796 419 Et

497 493 555 536 ut
582 477 837 548 quidquid
862 475 1064 542 justum
1084 515 1097 539 ,
1128 470 1385 540 quidquid
1412 468 1769 537 omnipotenti
1816 467 1926 519 Deo
1968 465 2080 533 pla-

495 577 660 632 citum
690 572 867 635 fuerit,
897 568 1125 637 cognitis
1152 565 1537 621 assertionibus
1564 562 1795 632 partium
1821 559 2079 613 dcrerna-

498 682 638 722 mus.
696 664 803 717 Nos
850 662 990 716 enim
1024 658 1227 713 nullum
1255 673 1353 727 pro
1380 654 1650 725 personali
1681 665 1865 705 amore
1893 648 2081 703 defen~

496 759 687 821 dimus,
720 755 812 809 sed
834 761 1052 807 auctore
1078 751 1208 812 Deo,
1244 762 1482 801 normam
1510 744 1749 813 ju~titim,
1780 739 2079 811 postposita

498 846 782 913 cujuslibet
812 840 1120 909 acceptione
1148 851 1408 905 personae,
1442 846 1734 888 servamus.
1768 850 1785 881 ι
1841 826 2079 898 (chist.

498 935 535 988 ι.
866 931 1140 1069 ilonoralo
1182 1013 1516 1075 Salonitano,
1542 1012 1652 1077 jam
1682 1023 1748 1062 ex
1774 1007 2082 1076 [resbytero

496 1111 553 1165 in
583 1110 925 1164 diaconatum
954 1104 1176 1158 reducto
1204 1120 1215 1154 :
1257 1121 1274 1152 ι
1305 1101 1511 1154 Dudum
1543 1099 1755 1168 quidem
1786 1096 2084 1152 decessoris

500 1200 670 1258 nostri
700 1206 990 1265 nostraque
1019 1195 1311 1265 prmceptio
1340 1194 1406 1247 ad
1435 1193 1776 1247 dilectionem
1808 1200 1951 1244 tuam
1983 1206 2080 1243 cu-

498 1298 760 1351 currerat,
786 1289 838 1342 in
867 1302 991 1355 qua,
1027 1294 1081 1340 et
1108 1286 1175 1339 de
1203 1284 1429 1352 objectis
1454 1284 1547 1337 tibi
1576 1282 1905 1336 calumniose
1933 1281 2080 1348 capi-

498 1383 622 1436 tulis
653 1382 828 1433 fueras
857 1376 1153 1443 absolutus,
1183 1383 1238 1428 et
1266 1375 1318 1427 in
1351 1373 1426 1427 tui
1455 1372 1650 1441 gradus
1681 1372 1919 1432 ordinem
1968 1368 2084 1422 sine

498 1472 677 1542 aliqti‘a
707 1469 1032 1524 instituimus
1061 1467 1409 1521 altercatione
1435 1463 1660 1518 restitui.
1687 1462 1791 1516 Sed
1821 1461 1944 1529 quia
1972 1476 2079 1513 rur-

497 1578 590 1617 sus
614 1569 738 1614 ante
763 1574 869 1613 neu
892 1558 1119 1612 multum
1148 1555 1403 1624 temporis
1422 1554 1675 1622 spatium,
1700 1552 1763 1603 ad
1784 1550 2081 1605 Romanam

498 1654 769 1710 civitatem
791 1649 1027 1712 veniens,
1045 1647 1112 1701 de
1132 1645 1451 1715 quibusdam
1476 1644 1585 1697 illic
1606 1643 1740 1696 actis
1770 1642 2080 1709 incongrue,

2185 466 2326 531 ideo,
2345 464 2467 532 quia
2499 463 2634 515 tales
2656 474 2781 528 erga
2811 457 3086 525 subjectos
3109 462 3322 509 nostros
3352 456 3624 509 debemus
3648 456 3791 510 exis-

2183 561 2315 618 tere,
2342 553 2532 620 quales
2552 566 2671 613 nos,
2695 549 2738 603 si
2769 547 2991 616 subjecti
3021 545 3322 604 fuissemus,
3346 553 3568 599 nostros
3592 543 3794 598 volue-

2182 659 2361 697 ramus
2387 657 2505 696 esse
2530 641 2873 710 praepositos:
2893 651 3097 705 magna:
3112 636 3456 705 benignitatis
3476 644 3565 691 est
3590 636 3639 691 si
3664 650 3790 690 eum

2183 735 2234 786 in
2268 732 2559 788 Ecelesiam
2579 771 2591 795 ,
2621 730 2709 784 ubi
2739 729 3156 783 subdiacoaatus
3187 738 3269 781 est
3316 727 3531 781 functus
3558 725 3751 781 officio
3772 769 3787 785 .

2181 823 2435 875 sanctitas
2471 830 2589 893 ’tua
2654 818 2953 881 reducere,
3015 826 3176 883 atque
3232 816 3339 870 illic
3395 816 3787 887 presbyterum

2185 910 2449 963 studuerit
2495 908 2823 962 constituere
2868 906 3219 960 cardinalem.
3269 905 3425 971 Quod
3467 921 3517 960 et
3574 906 3787 973 facere,

2183 1010 2438 1067 quantum
2469 997 2808 1060 arbitramur,
2837 995 3001 1049 debes
3026 1036 3041 1061 ,
3081 995 3127 1047 si
3176 994 3305 1047 nihil
3346 1004 3428 1049 est
3455 994 3608 1064 quod
3636 993 3787 1062 juste

2187 1100 2373 1143 contra
2401 1090 2573 1159 ipsum
2597 1087 2831 1141 animum
2858 1097 3004 1140 tuum
3028 1095 3330 1155 exasperet.
3358 1085 3413 1140 Si
3440 1102 3578 1141 vero
3604 1086 3788 1156 aliqua

2186 1182 2341 1250 culpa
2370 1189 2481 1245 est,
2514 1180 2624 1233 suis
2652 1179 2807 1233 nobis
2853 1178 2958 1232 hoc
2999 1178 3240 1245 epistolis
3291 1177 3607 1232 fraternitas
3653 1191 3742 1233 tua
3768 1221 3782 1244 ,

2185 1281 2241 1324 ut
2290 1272 2428 1325 scire
2477 1270 2775 1339 possimus,
2822 1268 3074 1323 insinuet.
3109 1288 3127 1319 ι
3201 1268 3220 1338 (
3248 1267 3441 1339 Regisl.
3502 1269 3600 1323 .’ib.
3654 1286 3784 1336 xm,

2189 1380 2270 1430 cp.
2300 1359 2425 1429 28.)

2257 1449 2342 1502 12.
2385 1449 2592 1515 Quanta
2623 1449 2935 1504 curiosi‘ate
2963 1447 3253 1517 Gregorius
3277 1448 3504 1504 idoneos
3526 1462 3786 1518 quosque

2186 1540 2249 1593 ad
2274 1540 2509 1608 regimen
2541 1540 2921 1593 deStitutarum
2951 1539 3221 1606 quaesierit
3243 1539 3501 1608 plebium,
3538 1540 3786 1594 breviter

2186 1630 2473 1684 indicabo:
2508 1638 2565 1683 ut
2614 1639 2791 1683 tantus
2820 1631 2901 1682 vir
2940 1646 3046 1683 non
3089 1630 3261 1683 solum
3298 1630 3561 1685 doctrinis
3586 1671 3601 1695 ,
3651 1631 3784 1700 quin

495 1750 554 1796 ct
582 1740 649 1793 de
672 1746 980 1794 sanctorqu
1008 1752 1067 1790 es
1089 1742 1416 1805 conquestus
1447 1733 1772 1787 alienatione
1792 1748 2076 1787 vasorum:
2114 1726 2159 1784 B
2187 1731 2241 1777 et
2268 1722 2519 1792 operibus
2539 1737 2693 1775 verus
2715 1721 3097 1789 paterfamilias
3126 1720 3287 1777 fuisse
3308 1723 3483 1790 gregis
3508 1723 3785 1777 Dominiei

498 1839 679 1898 atque,
712 1828 837 1882 dum
867 1843 965 1897 pro
995 1827 1097 1880 hac
1123 1842 1182 1880 re
1202 1865 1218 1891 ,
1249 1840 1367 1894 qua:
1396 1825 1500 1877 tuis
1541 1823 1936 1889 objectionibus
1965 1838 2082 1877 res-

495 1917 738 1989 pondere
768 1917 1048 1985 potuisset,
1080 1916 1466 1969 sustineremus
1498 1914 1549 1967 in
1588 1914 1689 1968 hac
1717 1914 1934 1969 civitate
1964 1930 2086 1981 per-

494 2025 671 2073 sonas,
702 2008 924 2071 Natalis,
955 2008 1241 2077 episcopus
1263 2014 1402 2070 tuus,
1429 2005 1495 2060 de
1524 2006 1625 2060 hac
1655 2006 1772 2060 luce
1796 2006 2042 2073 migravit
2066 2022 2081 2062 :

494 2099 854 2154 necessarium
897 2097 1253 2165 judicavimus
1291 2100 1503 2151 easdem
1556 2097 1944 2166 prmccptiones
1976 2105 2082 2149 tam

493 2190 791 2246 decessoris
819 2188 1010 2255 nostri,
1034 2203 1193 2256 quam
1226 2196 1455 2251 nostras,
1489 2202 1622 2255 quas
1644 2187 1861 2250 dudum,
1888 2196 1945 2240 ut
1973 2186 2084 2242 dic-

495 2288 608 2334 tum
640 2287 741 2342 est,
772 2294 869 2346 pro
899 2286 988 2332 tua
1021 2277 1358 2332 absolutione
1408 2277 1815 2339 transmisimus,
1848 2292 2084 2346 prmsen-

496 2371 639 2424 tibus
689 2368 945 2436 deinceps
986 2366 1227 2435 apicibus
1256 2364 1595 2420 confirmare.
1642 2366 2000 2431 Quamobrem
2052 2380 2084 2419 a

492 2459 699 2513 cunctis
731 2456 823 2511 tibi
854 2455 1080 2524 objectis
1109 2456 1359 2525 capitulis
1404 2463 1457 2510 te
1486 2455 1696 2525 plenius
1722 2455 2081 2520 absolventes,

495 2548 549 2602 in
583 2549 658 2602 ttti
691 2556 745 2601 te
774 2545 976 2601 ordinis
1015 2546 1181 2614 gradu
1210 2546 1327 2601 sine
1355 2546 1535 2615 aliqua
1565 2546 1809 2599 votumus
1854 2546 2083 2599 alterca-

496 2641 643 2693 tione
673 2652 1029 2707 permanere:
1065 2646 1123 2689 ut
1150 2637 1280 2690 nihil
1313 2637 1406 2690 tibi
1454 2636 1667 2706 penitus
1713 2643 1857 2689 mota
1889 2649 1918 2687 a
1948 2648 2084 2704 prie-

494 2728 605 2783 fato
633 2728 747 2781 viro
781 2727 1035 2795 quaestio,
1071 2727 1309 2796 qualibet
1358 2728 1645 2783 occasione
1693 2724 2023 2796 prtejudicct.
2057 2743 2076 2777 ι

495 2820 719 2891 (Regist.
754 2818 844 2873 lib.
871 2836 945 2881 ut,
978 2837 1061 2889 ep.
1092 2819 1206 2889 3:2.)

528 2910 696 2964 altern
726 2920 748 2945 ιι
778 2909 831 2962 in
878 2910 980 2962 a'ia
1028 2909 1267 2979 Epistola
1315 2924 1413 2978 pos
1483 2910 1688 2964 multa:
1728 2929 1745 2961 ι
1775 2909 1880 2964 Sed
1919 2910 2081 2964 etiam

494 3017 637 3055 nunc
667 3000 810 3063 dico,
841 3010 935 3054 aut
965 3001 1180 3056 easdem
1227 3017 1504 3069 personas,
1538 3002 1790 3056 videlicttt
1818 3001 2080 3057 Joannem

2186 1814 2535 1883 probabiliter
2579 1815 2878 1883 colligatur.
2927 1813 3013 1867 Ait
3062 1815 3205 1868 enim
3243 1817 3296 1869 in
3328 1817 3557 1885 epistola
3605 1816 3784 1870 Maxi-

2186 1904 2385 1968 miano,
2409 1902 2746 1975 Syracusano
2769 1905 3059 1974 episcopo:
3099 1923 3116 1956 ι
3146 1905 3313 1971 Felix,
3340 1908 3420 1960 vir
3439 1908 3787 1962 clarissimus

2184 1996 2523 2065 praesentium
2550 1995 2709 2062 lator,
2738 1997 2953 2050 edocuit
2980 2012 3099 2059 nos,
3130 2013 3248 2052 esse
3270 1999 3553 2066 quemdam
3589 2000 3643 2052 in
3676 1999 3787 2054 illis

2184 2087 2424 2155 partibus
2454 2087 2822 2157 presbyterum
2850 2128 2864 2152 ,
2897 2088 2987 2155 qui
3019 2086 3086 2140 ad
3134 2088 3474 2157 episcopatus
3525 2089 3783 2142 ordinem

2184 2177 2406 2246 provehi
2438 2178 2676 2246 probata:
2708 2177 2827 2231 vita:
2855 2178 3047 2231 merito
3077 2178 3266 2245 dignus
3308 2188 3591 2249 appareat.
3627 2178 3783 2234 llunc

2187 2280 2315 2334 ergo
2346 2265 2653 2322 fraternitas
2673 2276 2763 2321 tua
2792 2283 2975 2322 coram
3006 2284 3065 2322 se
3090 2268 3281 2323 deduci
3313 2270 3465 2324 faciat
3494 2289 3507 2323 :
3542 2286 3782 2340 eumque

2185 2359 2323 2413 sicut
2343 2370 2522 2414 certus
2542 2375 2678 2425 sum,
2706 2370 2927 2429 propter
2947 2360 3137 2413 animm
3170 2361 3460 2428 periculum
3487 2361 3781 2429 diligcn‘er

2185 2448 2475 2502 examinet.
2509 2449 2675 2513 Quem
2707 2450 2750 2503 si
2781 2449 2845 2502 ad
2875 2449 3014 2503 hunc
3044 2451 3264 2517 provehi
3292 2450 3517 2518 gradum
3553 2452 3780 2519 dignum

2180 2557 2301 2597 esse
2328 2543 2684 2611 perspexerit,
2717 2543 2784 2597 ad
2814 2559 2911 2597 nos
2937 2541 3151 2597 studeat
3179 2543 3448 2597 destinare
3471 2584 3484 2607 ,
3522 2554 3582 2598 ut
3623 2560 3777 2611 emn,

2187 2632 2411 2687 Domino
2456 2632 2772 2702 disponente
2795 2674 2809 2698 ,
2852 2633 2993 2700 loco,
3024 2633 3108 2687 cui
3141 2633 3566 2702 prteviderimus,
3602 2635 3780 2703 possi-

2186 2738 2304 2777 mus
2351 2723 2602 2779 ordinare
2654 2732 2948 2793 pastorem.
2972 2742 2989 2774 ι
3047 2722 3281 2795 (Regisl.
3314 2722 3403 2777 lib.
3449 2740 3522 2792 ιι,
3555 2742 3644 2795 ep.
3673 2722 3775 2790 24,

2185 2816 2364 2869 indict.
2399 2813 2483 2868 lO.
2513 2814 2530 2884 )

2256 2906 2385 2960 ltcrn
2415 2905 2687 2975 Cypriane
2707 2946 2720 2970 ,
2751 2906 2980 2960 diacono
3008 2924 3020 2959 :
3060 2925 3077 2957 ι
3105 2905 3481 2962 Amarissimas
3510 2900 3779 2960 DileCtio-

2187 3001 2267 3055 nis
2290 3010 2390 3055 tum
2425 2986 2679 3068 epistulas
2720 2998 2789 3054 de
2814 3000 3002 3053 Domni
3032 3000 3339 3054 Maximiani
3373 3000 3545 3065 obitu,
3593 3011 3783 3053 mense

492 3092 1003 3153 Chalcedoneusem,
1024 3100 1076 3144 et
1102 3092 1450 3145 Athanasium
1478 3092 1707 3144 lsaurios
1733 3092 2080 3161 presbyteros
2110 3092 2153 3152 C
2187 3089 2468 3142 Novembri
2501 3090 2729 3157 suscepi.
2762 3088 2829 3141 Et
2858 3104 2927 3154 qu
2952 3088 3071 3141 dem
3100 3089 3189 3143 ille
3212 3089 3277 3141 ad
3309 3090 3525 3157 praemia
3559 3087 3782 3143 deside-

495 3182 547 3234 in
578 3182 690 3234 suis
718 3181 995 3233 ordinibus
1045 3181 1286 3249 suscipe,
1335 3181 1520 3247 eisque
1563 3180 1798 3247 quietem
1853 3182 2078 3248 praebe:

493 3279 605 3333 aut,
640 3270 682 3323 si
716 3270 818 3323 hoc
844 3269 1071 3324 fortasse
1100 3269 1353 3333 nolueris,
1386 3269 1531 3322 omni
1557 3269 1907 3323 altercatione
1936 3279 2085 3338 post-

494 3363 687 3429 posita,
714 3358 782 3413 dc
811 3374 996 3413 eorum
1029 3375 1189 3413 causa
1229 3366 1432 3414 statuta
1487 3360 1769 3429 majorum,
1803 3369 1896 3414 aut
1922 3377 2085 3417 cano-

495 3464 621 3502 num
648 3449 904 3503 terminos
931 3448 1159 3503 custodi.
1193 3447 1286 3502 Sin
1316 3463 1478 3515 vero,
1512 3464 1612 3504 nos
1640 3450 1854 3517 Quidem
1886 3450 2083 3507 inferre

493 3541 663 3595 rixam
711 3539 994 3594 nolumus:
1024 3540 1119 3595 sed
1166 3548 1347 3594 tamen
1379 3540 1680 3596 venientem
1706 3557 1737 3595 a
1777 3543 1928 3597 vobis
1975 3559 2079 3599 non

493 3630 807 3684 devitamus.
842 3629 979 3696 Quid
1009 3640 1186 3685 autem
1218 3631 1284 3685 de
1314 3632 1615 3701 episcopis,
1649 3632 1739 3701 qui
1773 3635 2082 3689 verberibus

495 3721 673 3774 timeri
698 3721 898 3786 volunt,
924 3736 1158 3777 canones
1178 3722 1380 3789 dicant,
1408 3723 1543 3776 bene
1568 3724 1879 3781 fraternitas
1904 3733 2079 3779 vestra

494 3812 664 3866 novit.
699 3810 948 3866 Pastores
975 3812 1172 3866 etenim
1201 3812 1324 3866 ficti
1354 3828 1557 3877 sumus,
1583 3828 1688 3867 non
1715 3828 2079 3882 percussores.

493 3905 560 3958 Et
581 3905 828 3974 egregius
871 3903 1190 3973 przedicator
1209 3903 1341 3958 dixit
1368 3921 1380 3956 :
1406 3904 1596 3975 Argue,
1621 3903 1853 3967 obsecra,
1874 3906 2082 3973 increpa

492 4012 606 4048 cum
629 3996 769 4049 omni
791 3995 1063 4065 patientia,
1088 4003 1137 4047 et
1162 3994 1397 4049 doctrina
1422 3993 1544 4065 (ΙΙΙ
1567 3994 1698 4047 Tim.
1727 4010 1797 4059 Iv,
1824 3994 1911 4062 Ξ).
1935 3995 2082 4049 Nova

490 4100 645 4149 vero,
680 4093 842 4152 atque
871 4083 1109 4137 inaudita
1140 4092 1222 4137 est
1258 4083 1589 4151 praedicatio.
1624 4099 1742 4151 qua:
1771 4084 2083 4139 verberibus

493 4177 659 4241 exigit
691 4176 867 4230 fidem.
895 4196 913 4227 ι
945 4175 1165 4246 (Regist.
1200 4174 1287 4229 lib.
1321 4192 1398 4240 nt,
1425 4193 1505 4245 cp.
1539 4174 1653 4244 55.)

568 4268 593 4320 1
611 4268 655 4320 l.
689 4267 818 4321 item
843 4266 870 4305 ι’
897 4265 1196 4320 cardinales
1218 4267 1483 4321 violenter
1506 4267 1556 4320 in
1580 4267 1847 4335 parochiis
1867 4268 2083 4323 ordina-

499 4367 585 4411 tos
614 4360 724 4427 89
752 4356 1071 4419 forensibus,
1104 4357 1158 4409 in
1187 4357 1463 4425 pristinum
1491 4358 1762 4413 cardinem
1792 4359 2083 4428 Gregorius

2185 3189 2299 3232 rata
2323 3180 2597 3247 pervenit;
2650 3179 2743 3231 sed
2774 3178 2958 3231 infelix
3002 3178 3229 3246 populus
3258 3178 3617 3249 Syracusana:
3647 3179 3781 3233 civi-

2185 3268 2309 3322 tatis
2334 3268 2593 3335 lugendus
2613 3275 2714 3335 est,
2738 3269 2824 3336 qui
2849 3275 3116 3337 pastorem
3143 3269 3299 3322 talem
3326 3268 3414 3322 diu
3439 3269 3651 3323 habere
3674 3285 3779 3323 non

2185 3359 2396 3413 meruit.
2430 3356 2659 3412 Proinde
2688 3360 2906 3413 dilectio
2950 3368 3037 3412 tua
3087 3358 3498 3413 sollicitudinem
3531 3373 3693 3426 gerat
3724 3368 3780 3414 ut

2186 3450 2237 3504 in
2267 3450 2454 3504 eadem
2486 3448 2722 3503 Ecclesia
2755 3450 2874 3503 talis
2902 3444 3096 3503 debeat.
3122 3450 3189 3503 ad
3220 3450 3577 3505 ordinandum
3612 3452 3777 3519 eligi,

2185 3542 2275 3610 qui
2302 3548 2421 3609 post
2452 3541 2713 3593 Domuum
2764 3540 3141 3594 Maximianum
3165 3580 3179 3604 ,
3223 3542 3463 3609 ejusdem
3497 3547 3777 3614 regiminis

2184 3632 2359 3685 locum
2392 3645 2496 3683 non
2528 3630 2777 3698 indignus
2807 3629 3049 3683 videatur
3094 3638 3185 3684 aut
3222 3631 3519 3689 immeritus
3566 3636 3771 3691 sortiri.

2185 3718 2249 3773 Et
2301 3720 2513 3788 quidem
2568 3720 2731 3774 credo
2786 3720 2928 3788 quod
2978 3719 3304 3787 'l‘rajanum,
3354 3726 3772 3794 presbyterum,

2186 3809 2416 3861 maxima
2438 3824 2562 3877 pars
2588 3809 2769 3875 eligat,
2796 3810 2910 3878 qui,
2936 3820 2993 3863 ut
3021 3810 3236 3876 dicitur,
3258 3812 3413 3867 boum
3442 3816 3642 3871 mentis
3662 3826 3772 3883 est;

2184 3899 2297 3965 sed,
2330 3908 2588 3967 quantum
2635 3900 2897 3967 suspicor,
2940 3901 3007 3953 ad
3055 3902 3345 3968 regendum
3392 3904 3572 3959 locum
3623 3906 3768 3959 illum

2186 3989 2410 4044 idoneus
2439 4004 2547 4044 non
2569 3997 2670 4044 est.
2697 3989 2897 4043 Tamen
2928 3990 2973 4045 si
3002 3991 3192 4045 melior
3222 3992 3445 4049 inveniri
3471 4011 3582 4050 non
3608 3995 3768 4063 valet,

2184 4089 2239 4135 et
2270 4082 2383 4150 ipse
2412 4081 2572 4136 nullis
2600 4081 2914 4137 criminibus
2961 4089 3178 4138 tenetur
3215 4085 3507 4148 involutus,
3542 4088 3769 4143 condeso

2186 4172 2338 4227 cenJi
2369 4170 2434 4225 ad
2472 4186 2626 4238 eum,
2650 4180 2878 4239 cogente
2913 4173 3075 4227 nimia
3106 4177 3447 4241 necessitate,
3482 4189 3683 4247 ι-οιε-ι.
3714 4177 3766 4233 Si

2185 4273 2365 4319 autem
2404 4279 2525 4318 mea
2567 4265 2815 4321 voluntas
2854 4266 2919 4319 ad
2949 4266 3087 4321 hanc
3115 4267 3435 4324 electionem
3485 4272 3763 4339 qureritur,

2186 4356 2279 4410 tibi
2311 4366 2521 4410 secreto
2571 4356 2748 4410 indico
2777 4344 2919 4425 quod
2962 4357 3085 4411 volo
3115 4375 3127 4411 :
3159 4359 3283 4426 quia
3334 4360 3506 4414 nullus
3556 4362 3683 4413 mihi
3708 4362 3764 4417 iu

494 4446 805 4500 revocabat.
838 4442 1179 4513 Quapropter
1207 4443 1420 4510 Joanni,
1445 4447 1701 4516 episcopo
1729 4449 2067 4521 Syracusano
2098 4464 2145 4522 ι)
2174 4449 2363 4508 eadem
2396 4449 2633 4503 Ecclesia
2659 4489 2673 4513 ,
2721 4458 2845 4520 post
2892 4450 3154 4505 Domuum
3187 4452 3566 4507 Maximianum
3595 4497 3611 4521 ,
3656 4463 3761 4507 tam

493 4536 734 4589 scribens
756 4534 830 4587 ait
856 4552 868 4586 :
901 4552 919 4585 ι
946 4533 1308 4600 Quorumdam
1334 4536 1398 4588 ad
1427 4551 1523 4591 nos
1547 4537 1806 4594 relatione
1831 4542 2075 4610 pervenit

491 4622 766 4686 Cosmam,
799 4624 889 4692 qui
919 4638 986 4677 ex
1014 4624 1282 4678 monacho
1309 4626 1620 4679 monasterii
1649 4637 1847 4683 sanctae
1876 4610 2087 4698 Lucim,‘

493 4730 521 4767 a
552 4715 837 4768 decessore
866 4720 957 4768 tuo
991 4715 1306 4769 venerandae
1356 4716 1627 4770 memoria:
1672 4716 1994 4773 Maximiano
2019 4721 2071 4774 in

492 4802 736 4857 Ecclesia
769 4802 1102 4874 Syracusana
1150 4805 1509 4860 subdiaconus
1548 4806 1738 4872 lactus,
1770 4817 1933 4879 atque
1961 4826 1990 4864 a
2023 4822 2073 4866 te

492 4902 679 4963 postea
706 4894 757 4947 in
784 4895 1143 4963 possessione,
1167 4910 1283 4963 qua:
1303 4894 1510 4950 Juliana
1534 4906 1777 4965 vocatur,
1796 4901 2075 4970 presbyter

493 4985 687 5038 dicitur
714 4986 1009 5045 ordinatus,
1037 4987 1109 5040 ita
1138 4986 1298 5039 nimia
1333 4987 1567 5053 tristitia,
1599 4998 1653 5043 et
1682 4988 1786 5044 loci
1816 4992 2073 5059 qualitate

495 5075 843 5129 vehementer
870 5075 1148 5139 afﬂictum,
1180 5084 1237 5130 ut
1266 5076 1428 5130 vitam
1480 5077 1579 5131 sibi
1630 5094 1842 5147 ptenam
1890 5082 2071 5134 existi-

569 5214 593 5240 "
634 5203 691 5259 lu
722 5205 852 5279 edit.
900 5208 1143 5262 Bolland.
1192 5224 1311 5279 quae,
1347 5219 1659 5278 sequuntur,
1700 5211 2071 5266 desiderantur

491 5290 658 5343 usque
688 5276 751 5328 ad
784 5292 899 5345 cap.
934 5294 986 5331 χ.
1013 5295 1111 5333 nec
1134 5276 1476 5333 inveniuntur
1507 5280 1558 5332 in
1592 5295 1714 5334 mss.
1748 5281 1922 5335 tribus
1962 5280 2066 5334 Pa-

490 5345 735 5419 risiens._,
771 5345 943 5419 Utic.,
977 5348 1147 5415 Bigot.
1190 5355 1269 5419 et
1301 5349 1417 5402 aliis
1460 5349 1678 5419 passim.
1719 5349 1878 5403 Certe
1920 5352 2065 5419 gravi

489 5428 673 5467 errore
690 5416 749 5486 in
780 5416 1046 5486 plerisque
1071 5418 1229 5473 editis
1260 5416 1493 5486 legitur':
1532 5418 1661 5471 ltem
1689 5421 1850 5473 eidem
1881 5416 1943 5474 iii
1963 5421 2067 5474 alia

487 5499 571 5555 ep.
625 5484 830 5539 scilicet
877 5484 1104 5541 53’Iibri
1155 5484 1332 5551 tertii,
1361 5502 1478 5555 qua:
1509 5498 1686 5543 tamen
1736 5506 1839 5544 non
1889 5491 2068 5545 eidem

490 5548 1126 5628 llonorato,_scd_.lttanni
1151 5548 1560 5628 Constan'tinop.
1594 5559 1789 5628 scripta
1820 5569 1921 5613 cst.

563 5622 710 5696 b__lu
765 5625 986 5696 singulis
1040 5627 1433 5696 episcopalibus
1486 5622 1861 5681 Eeelesfolim
1915 5639 2068 5683 erant

492 5693 823 5757 cardinales,
859 5695 930 5747 ita
978 5693 1103 5750 dicti
1151 5693 1293 5763 (ιιιὸά
1338 5696 1553 5750 cardine
1601 5699 1746 5750 urbis
1795 5701 2067 5754 constricti

2180 4541 2369 4608 dignus
2396 4538 2638 4603 videtur,
2667 4554 2826 4608 quam
2856 4539 3108 4607 Joannes,
3142 4543 3553 4600 archidiaconus
3603 4544 3758 4601 Cata-

2180 4632 2361 4687 nens‘is
2390 4628 2656 4685 Ecclesiae.
2680 4630 2800 4696 Qui,
2825 4633 2867 4685 si
2902 4631 3011 4686 fieri
3044 4640 3219 4702 potest
3247 4642 3304 4686 ut
3331 4635 3577 4703 eligatur,
3601 4634 3758 4690 credo

2181 4722 2322 4792 quod
2353 4731 2471 4791 apta
2495 4721 2651 4774 valde
2682 4737 2907 4790 persona
2930 4722 3247 4777 inveniatur.
3273 4723 3377 4778 Sed
3408 4725 3518 4794 ipse
3545 4740 3758 4796 quoque

2182 4814 2329 4882 prius
2367 4813 2433 4866 dc
2458 4812 2785 4877 criminibus,
2819 4826 2936 4880 quae
2964 4812 3220 4883 impedire
3259 4823 3516 4882 possunt,
3544 4831 3574 4868 a
3600 4826 3650 4869 te
3674 4829 3758 4868 se-

2182 4911 2332 4958 creto
2388 4904 2742 4971 requirendus
2782 4914 2899 4959 est:
2931 4920 2960 4957 a
2991 4906 3180 4973 quibus
3231 4907 3274 4958 si
3327 4907 3462 4961 liber
3517 4908 3756 4961 inventus

2180 4994 2357 5057 fuerit,
2392 4994 2512 5061 eligi
2538 4994 2659 5061 jure
2688 5004 2883 5063 potest.
2911 4993 3064 5061 Quod
3096 4995 3139 5049 si
3170 5004 3348 5050 actum
3387 4994 3566 5062 fuerit,
3600 4997 3753 5049 etiam

2176 5084 2343 5138 frater
2371 5094 2425 5138 et
2454 5085 2806 5154 coepiscopus
2828 5096 3014 5139 noster
3047 5085 3152 5140 Leo
3181 5087 3227 5139 ei
3254 5088 3552 5141 cessionem
3581 5086 3753 5140 facere

2176 5226 2472 5290 esse‘ntLut
2508 5226 2657 5286 patet
2697 5234 2762 5272 ex
2787 5234 2906 5276 can.
2940 5220 2973 5272 5
3000 5220 3189 5290 synodi
3224 5222 3375 5275 Item.
3430 5223 3530 5277 sub
3560 5222 3751 5277 Silves-

2177 5296 2260 5339 tre
2291 5287 2331 5339 l.
2367 5287 2478 5341 Mos
2509 5290 2649 5341 enim
2683 5297 2790 5341 tum
2820 5303 2930 5342 erat
2980 5287 3044 5343 uti
3068 5291 3193 5342 null:
3226 5291 3405 5345 clerici
3436 5292 3746 5345 ordinaren-

2178 5365 2281 5417 tur,
2308 5357 2407 5409 uisi
2434 5355 2502 5409 ad
2531 5368 2732 5410 certam
2758 5359 3043 5427 quamdam
3077 5358 3389 5423 Ecclesium,
3421 5371 3480 5414 ut
3507 5361 3749 5413 statuitur

2175 5440 2296 5479 can.
2330 5427 2599 5500 beotteilii
2645 5427 2973 5500 Chalcedon.
3008 5429 3139 5500 Vide
3170 5429 3450 5500 infrat-ap.
3483 5429 3569 5484 15.
3603 5429 3750 5500 Atta-

2177 5509 2299 5548 men
2330 5496 2386 5548 S.
2422 5494 2674 5551 Pau‘inus
2701 5497 2936 5551 Nolanus
2965 5500 3064 5552 hac
3108 5499 3223 5565 lege
3251 5494 3456 5554 solutus
3482 5509 3583 5555 est.
3615 5499 3748 5562 Lege

2176 5573 2383 5618 sextam
2414 5566 2528 5634 ejus
2559 5567 2715 5627 epist.
2749 5565 2817 5619 ad
2846 5566 3125 5622 Severum.
3160 5569 3451 5625 MARILLON.

2255 5645 2274 5671 ο
2320 5634 2392 5687 lta
2423 5645 2531 5689 tres
2564 5636 2726 5689 l’aris.
2760 5651 2880 5689 cum
2911 5637 3188 5693 Bollando.
3244 5639 3298 5693 In
3343 5639 3552 5695 excusis
3588 5636 3744 5706 plur.,

2178 5714 2225 5755 et
2256 5706 2663 5760 contristationis
2692 5721 2808 5771 sua:
2830 5707 3024 5776 fugam.
