4018 6314
199 325 204 332 ν
236 251 339 307 157

814 254 867 306 ς.
918 253 1242 307 ρηιῖουιιιι
1287 253 1486 308 PAPJS
1530 255 1712 318 VlTA,
1755 256 1789 308 Α

1897 254 1958 307 Τ.
2001 255 2265 312 JOANNE
2305 260 2616 319 DIACONO.
2658 262 2786 319 LIB.
2829 265 2896 318 ill

3408 276 3426 328 i
3439 274 3507 328 33

225 369 494 438 debebit,
537 375 595 423 ut
643 367 778 422 liber
806 367 870 420 ad
919 367 1270 424 ordinandum
1301 371 1476 425 valeat
1508 371 1753 428 inveniri.
1787 393 1804 424 ›
1845 376 1888 431 Α
1923 381 2109 430 nostro
2146 374 2403 432 'Armenio
2445 381 2819 451 suprascripta:
2861 383 3211 440 Anconitanm
3252 385 3509 448 Ecclesia.

227 463 460 535 (Regisl.
489 465 581 518 lib.
605 479 676 526 tv,
698 479 778 532 ep.
817 461 924 528 f7.)

296 558 412 625 90
459 554 590 609 ltem
643 552 1020 621 Clementinm,
1073 552 1316 610 Patricia:
1355 576 1366 611 :
1421 578 1440 610 ι
1476 557 1812 627 Amandum,

217 648 621 718 presbyterum,
647 662 676 700 a
706 645 1036 702 Surrentinis
1065 649 1130 702 ad
1162 651 1552 721 episcopatum,
1579 654 1814 723 gloriosa

219 737 348 803 tilia,
379 738 612 793 electum
639 754 758 793 esse
779 753 1092 808 cognoscas.
1116 739 1288 808 Quem
1309 743 1434 811 quia
1464 744 1568 798 huc
1597 745 1817 814 scripsi-

219 847 340 886 rrus
365 829 567 885 debere
595 831 925 896 transmitti,
961 833 1267 888 contristari
1301 832 1368 886 de
1407 831 1525 902 ejus
1571 835 1812 890 absentia

216 938 327 976 non
358 922 586 987 debetis,
616 923 743 991 quia
775 939 875 979 nec
904 925 1197 980 abscedere
1229 927 1487 995 creditur,
1513 926 1605 996 qui
1630 935 1812 983 mente

215 1017 496 1071 vobiscum
526 1025 628 1070 est.
661 1015 733 1070 Et
755 1018 1009 1084 quoniam
1050 1026 1321 1088 pastorem
1350 1019 1728 1088 quaerentibus,
1762 1022 1808 1077 is

213 1110 306 1177 qui
338 1109 495 1163 vobis
523 1109 651 1162 olim
703 1109 941 1177 placuit,
974 1118 1156 1177 gratus
1209 1119 1289 1166 est
1319 1129 1331 1164 :
1380 1111 1805 1180 omnipotentem

214 1201 386 1256 Deum
416 1202 800 1256 benediceutes
819 1244 833 1264 ,
863 1203 1166 1258 Christiana
1195 1206 1365 1273 magis
1413 1205 1466 1258 in
1514 1208 1616 1261 hoc
1642 1205 1807 1261 devo-

211 1296 368 1349 tione
391 1294 636 1363 gaudete.
670 1294 738 1347 Et
765 1303 822 1348 ut
845 1295 910 1348 ad
956 1311 1056 1348 nos
1099 1297 1324 1351 celerius
1351 1297 1468 1351 aliis
1494 1297 1807 1367 profuturus

209 1390 403 1444 venire.
432 1388 646 1448 debeat,
674 1388 917 1442 hilariter
939 1389 1151 1444 studcte
1177 1408 1189 1442 :
1222 1391 1344 1460 quia
1376 1391 1600 1445 sincera:
1629 1392 1807 1447 chari-

210 1481 346 1536 tatis
372 1488 458 1535 est
489 1481 792 1543 exsultare,
817 1480 1032 1547 quando
1081 1481 1123 1534 is
1169 1483 1255 1549 qui
1292 1480 1544 1549 diligitur,
1596 1484 1664 1539 ad
1703 1501 1806 1541 noc

206 1583 445 1627 vocatur
473 1581 532 1626 ut
559 1579 785 1626 crescat.
811 1590 832 1618 ι
870 1570 1011 1636 (Lib.
1045 1588 1096 1636 x,
1129 1589 1209 1638 ep.
1245 1571 1356 1634 18.)

283 1665 422 1719 ltem
455 1663 672 1718 Passivo
715 1664 968 1732 episcopo
1003 1680 1015 1716 :
1054 1683 1073 1714 ‹
1102 1663 1246 1717 Bene
1295 1665 1443 1718 novit
1494 1664 1805 1724 fraternitas

1926 466 2202 524 visit-atare
2231 467 2357 524 illuc
2383 467 2598 526 festinet
2619 476 2898 542 accedere,
2923 487 2977 532 et
2999 478 3286 550 diligenter
3309 481 3377 538 de
3396 481 3505 537 vita

1919 573 1983 614 ac
2010 560 2250 616 moribus
2269 562 2598 630 singulorum
2619 568 2891 635 requirere
2916 589 2929 622 :
2953 569 3038 625 vel
3060 571 3107 627 si
3133 571 3202 628 de
3229 573 3378 629 nullo
3400 576 3503 631 sibi

1918 659 2044 705 sunt
2071 652 2296 707 crimine
2324 654 2546 721 conscii,
2576 658 2721 724 quod
2749 672 2842 714 eos
2871 659 2936 713 ad
2963 661 3063 715 hoc
3085 661 3324 718 officium
3356 674 3506 721 vetet

1917 745 2200 801 accedere.
2224 745 2433 802 Pariter
2451 749 2614 803 etiam
2636 751 3008 818 requirendum
3031 763 3115 810 est
3141 756 3187 809 si
3215 757 3336 822 huc,
3360 757 3504 827 quod

1914 838 1982 893 de
2027 839 2250 906 praefato
2291 840 2676 898 archidiacono
2717 843 2916 898 dictum
2943 854 3026 898 est
3061 848 3186 914 quia
3226 864 3502 918 nunquam

1915 927 2119 982 amicus
2146 928 2364 982 donmm
2393 930 2514 998 ejus
2543 931 2817 1000 ingressus
2846 942 2946 1000 est,
2979 935 3052 989 ita
3083 952 3140 990 se
3177 940 3376 995 veritas
3403 941 3502 994 ha-

1913 1017 2076 1071 beat:
2109 1028 2165 1072 et
2193 1029 2372 1073 utrum
2404 1036 2468 1074 ex
2499 1024 2821 1078 necessitate
2843 1064 2860 1092 ,
2903 1041 2971 1080 an
3019 1043 3087 1082 ex
3136 1031 3344 1085 tenacia
3385 1033 3503 1086 talis

1910 1109 1980 1162 sit
2014 1128 2026 1161 :
2058 1111 2162 1179 91
2195 1118 2284 1164 aut
2336 1113 2380 1167 si
2434 1111 2507 1166 ita
2559 1128 2724 1168 senex
2755 1125 2856 1180 est,
2889 1115 2948 1171 ut
2975 1118 3041 1170 ad
3072 1121 3364 1188 regendum
3396 1139 3502 1176 non

1909 1200 2080 1267 possit
2108 1214 2388 1266 assurgere
2415 1219 2426 1253 :
2456 1202 2538 1256 vel
2579 1203 2622 1256 si
2662 1206 2821 1259 tactis
2862 1210 3220 1264 sacrosanctis
3249 1211 3503 1280 Evange-

1908 1289 2015 1357 liis,
2043 1292 2181 1345 sicut
2210 1292 2364 1346 nobis
2393 1293 2693 1348 nuntiatum
2728 1303 2838 1361 est,
2867 1295 3242 1364 jusjurandum
3274 1304 3501 1369 prmbuit

1911 1397 2183 1449 nunquam
2222 1398 2280 1436 se
2323 1383 2388 1436 ad
2418 1385 2787 1454 episcopatum
2835 1387 3118 1442 accedere.
3171 1388 3279 1444 Sed
3327 1399 3384 1446 et
3432 1393 3499 1448 de

1910 1471 2155 1535 Rustico,
2185 1474 2442 1541 diacono,
2495 1484 2727 1545 quantos
2771 1478 3006 1547 psalmos
3053 1479 3232 1536 minus
3277 1490 3496 1553 teneat,

1908 1565 2252 1620 scrutandum
2277 1574 2378 1622 est.
2405 1565 2677 1623 Florentio
2700 1577 2900 1636 autem,
2917 1569 3145 1627 diacono
3169 1572 3492 1640 Ravennati,

1909 1656 1953 1709 si
1979 1657 2203 1722 nullum,
2237 1659 2375 1713 sicut
2403 1658 2654 1726 diximus,
2686 1661 2890 1715 crimen
2938 1670 3020 1716 est
3058 1663 3202 1732 quod
3233 1663 3492 1727 obsistat,

205 1769 393 1811 vestra
425 1773 584 1826 quam
629 1729 789 1823 longo
823 1729 1066 1824 tempore
1089 1765 1110 1792 υ
1142 1756 1421 1826 Aprutium
1453 1762 1708 1828 pastorali
1738 1762 1808 1818 sit
1842 1729 1884 1786 Β
1915 1746 2052 1814 apud
2095 1748 2409 1817 episcopum
2459 1748 2577 1816 eius
2621 1750 2709 1816 δεῖ
2755 1764 2978 1806 necesse
3015 1759 3102 1806 est
3132 1761 3191 1808 ιιι
3219 1753 3269 1808 ei
3299 1753 3494 1810 ἀεὺθτιῐ

204 1847 576 1904 sollicitudine
613 1847 947 1902 destitutum.
972 1844 1074 1900 Ubi
1095 1846 1185 1901 diu
1215 1849 1555 1916 quaesivimus
1576 1852 1695 1912 quis
1717 1869 1808 1908 or-

204 1940 386 1993 dinari
437 1939 742 2000 debuisset,
771 1945 828 1991 et
863 1951 1204 2005 nequaquam
1245 1939 1516 2007 potuimus
1544 1942 1803 1997 invenire.

208 2031 320 2086 Sed
348 2030 470 2099 quia
499 2029 848 2099 Opportttnus
877 2030 1008 2084 mihi
1058 2030 1109 2084 in
1141 2031 1380 2086 moribus
1408 2033 1542 2097 suis,
1575 2035 1628 2088 in
1655 2038 1806 2107 psal-

207 2123 407 2177 medim
435 2121 632 2185 studio,
667 2121 719 2174 in
747 2135 934 2176 amore
957 2120 1218 2175 orationis
1245 2121 1400 2177 valde
1423 2123 1690 2193 laudatus,
1720 2143 1803 2182 re-

211 2217 460 2280 ligiosam
484 2214 646 2267 vitam
674 2213 818 2267 omni
849 2212 1009 2268 modo
1044 2228 1204 2282 agere
1231 2214 1459 2270 dicitur:
1485 2217 1629 2272 hunc
1652 2218 1803 2272 volu-

204 2322 329 2361 mus
377 2315 437 2359 ut
467 2304 775 2359 fraternitas
804 2313 982 2358 vestra
1029 2305 1094 2357 ad
1135 2320 1195 2360 se
1224 2305 1382 2360 faciat
1411 2307 1618 2374 venire,
1652 2319 1707 2362 et
1734 2309 1801 2364 de

203 2400 385 2453 anima
414 2413 508 2452 sua
536 2399 850 2462 admoneat,
882 2404 1146 2465 quatenus
1174 2397 1228 2451 in
1252 2397 1406 2453 bonis
1431 2399 1624 2456 studiis
1650 2416 1798 2456 cres-

200 2499 310 2544 cat.
338 2489 407 2543 Et
433 2490 477 2543 si
502 2489 646 2542 nulla
673 2488 720 2542 ei
749 2489 996 2554 erimina,
1022 2502 1141 2556 quae
1170 2504 1268 2558 per
1289 2488 1422 2560 legis
1447 2505 1615 2544 sacrae
1642 2506 1798 2560 regu-

201 2584 310 2637 lam
324 2591 498 2637 morte
516 2581 767 2635 mulctata
787 2588 930 2645 sunt,
955 2580 1194 2641 obviant,
1225 2589 1352 2635 tune
1387 2581 1692 2636 hortandus
1715 2592 1800 2638 est

200 2683 261 2727 ut
292 2672 377 2727 vel
424 2671 722 2726 monachus
748 2710 762 2734 ,
809 2671 895 2724 vel
927 2688 957 2725 a
1004 2671 1158 2726 nobis
1197 2672 1554 2728 subdiaconus
1585 2674 1677 2728 fiat
1703 2693 1714 2726 :
1742 2683 1797 2731 et

199 2769 327 2830 post
355 2761 687 2828 aliquantum
731 2758 1012 2826 temporis,
1043 2758 1087 2811 si
1114 2758 1228 2813 Deo
1257 2758 1536 2826 placuerit,
1567 2761 1684 2828 ipse
1725 2761 1795 2815 ad

197 2851 530 2921 pastoralem
586 2864 768 2904 curam
817 2848 1010 2902 debeat
1057 2849 1386 2918 promoveri.
1421 2868 1439 2901 ι
1500 2849 1657 2919 (Lib.
1692 2869 1792 2917 xu,

205 2963 290 3013 ep.
325 2943 475 3000 ΕΛ

275 3035 417 3090 Item
443 3033 726 3094 Venantio,
750 3032 980 3100 patricio
1014 3029 1424 3093 Panormitano,
1456 3032 1661 3099 petenti
1691 3031 1790 3086 sibi

1914 1838 2216 1914 cessionem
2269 1839 2612 1895 concedere:
2650 1857 2756 1896 non
2786 1849 2965 1898 tamen
3015 1857 3083 1898 ex
3109 1851 3298 1899 nostro
3345 1861 3493 1898 ﬂla'l-

1911 1929 2038 1984 dato
2059 1930 2143 1984 vel
2163 1930 2330 1996 dicto,
2361 1946 2428 1984 ne
2457 1939 2644 1986 contra
2675 1948 2826 1987 suam
2849 1933 3180 1990 voluntatem
3211 1950 3333 1990 eum
3364 1953 3492 1992 con-

1910 2021 2103 2076 cedere
2130 2021 2393 2076 videatur.
2427 2042 2446 2074 ›
2485 2021 2633 2092 (Lib.
2667 2039 2774 2089 xw,
2806 2041 2888 2095 ep.
2916 2024 3028 2093 Η.)

1982 2115 2067 2166 15.
2107 2112 2174 2166 Et
2203 2113 2419 2182 quidem
2463 2112 2785 2184 Gregorius,
2819 2117 3112 2186 prudenter
3157 2134 3490 2188 cognoscens

1907 2212 2076 2258 totum
2108 2219 2305 2274 corpus
2336 2203 2587 2261 Ecclesiae
2617 2215 2726 2261 tam
2753 2222 2852 2278 per
2879 2208 3050 2265 bonos
3089 2212 3375 2282 episcopos
3405 2215 3485 2269 fe-

1905 2295 2076 2350 liciter
2095 2305 2257 2362 stare,
2288 2313 2448 2368 quam
2478 2313 2573 2367 per
2593 2298 2766 2354 malos
2805 2299 3091 2356 infeliciter
3115 2302 3310 2358 cadere
3335 2321 3347 2356 :
3383 2321 3488 2358 non

1903 2388 2075 2442 solum
2105 2389 2438 2443 diversarum
2467 2390 2706 2457 gentium
2738 2389 2933 2445 diversi
2982 2393 3189 2448 ordinis
3217 2394 3448 2454 clerims
3473 2437 3486 2459 ,

1901 2496 2086 2535 verum
2134 2483 2296 2536 etiam
2323 2491 2578 2538 vacantes
2606 2483 2911 2553 episcopos,
2939 2485 2992 2538 in
3041 2501 3153 2541 suae
3191 2487 3486 2544 diceceseus

1899 2570 2240 2639 episcopatus
2280 2572 2557 2626 invitabat.
2605 2570 2757 2627 Unde
2807 2573 3174 2631 Sebastianob
3205 2576 3484 2634 Sirmiensi

1899 2659 2154 2728 episeopo
2185 2661 2326 2714 inter
2358 2671 2552 2718 uetera
2580 2665 2786 2733 scribit,
2809 2667 2990 2722 (licens
3018 2687 3030 2722 :
3070 2689 3089 2721 ι
3120 2670 3370 2726 Debitum
3400 2686 3485 2726 sa~

1897 2751 2175 2806 lutationis
2221 2754 2514 2821 alloquium
2563 2756 2809 2822 solrens,
2851 2757 3030 2814 iudico
3075 2760 3219 2828 quod
3267 2761 3334 2814 ad
3378 2777 3484 2824 me,

1898 2840 2176 2896 Bonifaeio
2226 2842 2511 2898 dt-fensore
2560 2844 2860 2910 referente,
2895 2849 3204 2917 pervenerit
3249 2850 3374 2917 quia
3405 2851 3484 2904 vir

1898 2933 2268 2987 sanctissimus
2318 2932 2484 2986 frater
2514 2943 2696 2988 noster
2723 2935 2952 2990 domnus
3002 2936 3334 3000 Anastasius,
3387 2954 3482 3008 pa-

1898 3025 2127 3080 triarcha
2155 3065 2172 3090 ,
2203 3025 2254 3078 in
2286 3039 2389 3078 una
2435 3038 2652 3079 suarum
2683 3025 2959 3081 civitatum
3004 3028 3291 3095 regendam
3333 3030 3483 3085 vobis

199 3125 487 3196 quemdam
518 3094 886 3194 presbyterum
911 3121 1217 3191 cpi-copnm
1241 3121 1564 3183 consecrari,
1593 3123 1784 3178 rescri-
1821 3094 1864 3156 ί)
1897 3115 2191 3172 Ecclesiam
2223 3117 2563 3172 committere
2587 3119 2778 3186 voluit,
2805 3128 2858 3173 et
2880 3119 3188 3175 consentire
3213 3122 3480 3178 noluistis.

197 3220 274 3273 bit
314 3216 456 3271 inter
492 3222 684 3269 cetera
709 3251 724 3275 ,
768 3210 991 3266 dicens:
1030 3229 1048 3260 ι
1079 3209 1232 3265 Hunc
1260 3210 1629 3280 presbyterum
1655 3212 1784 3266 dare

202 3309 426 3363 omnino
453 3306 610 3360 nobis
639 3302 954 3358 excellentia
983 3311 1160 3356 vestra
1203 3303 1338 3357 sciat
1379 3317 1498 3357 esse
1525 3302 1740 3359 difficile
1766 3323 1778 3358 :

198 3401 326 3469 quia
367 3410 718 3467 personarum
748 3409 845 3447 nos
891 3393 1179 3447 necessitas
1199 3431 1214 3455 ,
1261 3393 1325 3447 ad
1355 3393 1650 3448 ordinanda
1677 3397 1780 3450 alia

201 3493 325 3545 loca
349 3487 654 3559 pastoribus
676 3485 950 3549 destituta,
978 3499 1084 3537 non
1113 3485 1243 3537 levis
1266 3493 1530 3553 angustat.
1562 3505 1582 3539 ι
1621 3487 1639 3556 (
1662 3485 1777 3541 Lib.

198 3598 316 3644 sun,
342 3597 422 3649 ep.
449 3576 570 3648 l5.)

271 3669 378 3725 Sed
404 3669 529 3735 quia
560 3666 884 3722 necessitate
915 3663 1330 3719 ordinandarum
1360 3679 1419 3720 se
1439 3673 1780 3735 angustatum

199 3761 448 3816 meminit
477 3771 826 3828 personarum
854 3772 866 3807 :
893 3769 959 3809 ne
989 3753 1284 3810 indiscusse
1306 3770 1628 3824 quemquam
1660 3773 1784 3826 pro-

193 3851 428 3905 movisse
448 3856 688 3916 putetur,
705 3861 810 3901 uno
825 3844 1072 3914 exetnplo
1087 3844 1300 3898 videtur
1315 3860 1434 3899 esse
1456 3845 1779 3901 docendum.

194 3942 283 3995 Ait
323 3939 468 3994 enim
519 3938 570 3990 in
601 3936 826 4005 cpistola
862 3933 1053 3988 Joanni
1084 3934 1380 4006 episcopo:
1419 3955 1437 3986 ‹
1466 3935 1542 3990 Ne
1571 3937 1782 3993 incauta

191 4047 387 4085 eorum
435 4029 718 4092 ordinatio,
749 4027 839 4097 qui
870 4027 935 4081 ad
967 4027 1333 4097 episcopatum
1360 4027 1648 4097 eliguntur,
1682 4048 1782 4084 va-

194 4126 306 4179 leat
337 4120 647 4192 provenire,
676 4119 915 4188 vigilanti
945 4118 1012 4173 de
1036 4133 1223 4174 eorum
1250 4121 1496 4189 personis
1524 4131 1605 4177 est
1633 4123 1782 4178 solli-

199 4216 449 4272 citudine
475 4211 873 4281 requirendum.
903 4209 1199 4267 ludicatum
1226 4211 1487 4281 siquidem
1520 4214 1671 4268 nobis
1698 4225 1781 4269 est

191 4306 551 4369 Florentium,
574 4303 1008 4358 archidiaconum
1029 4303 1279 4358 Ecclesize
1304 4302 1670 4372 Anconitanze,
1688 4307 1778 4375 qui

188 4399 256 4453 ad
316 4398 690 4465 episcopatum
739 4393 941 4448 electus
988 4392 1182 4459 fuerat,
1229 4392 1517 4462 Scriptura:
1563 4395 1776 4463 quidem

1890 3208 2057 3274 Quem
2087 3223 2305 3262 sensum
2368 3217 2422 3262 et
2446 3209 2763 3279 sapientiam
2797 3218 3026 3265 vestram
3067 3211 3223 3266 valde
3269 3226 3372 3281 ego
3415 3213 3482 3267 li-

1886 3301 2077 3355 benter
2099 3300 2380 3370 amplexus
2401 3316 2544 3367 sum,
2570 3309 2625 3354 et
2647 3300 2864 3356 laudavi
2885 3303 3274 3360 vehementer:
3305 3313 3360 3360 et
3384 3322 3480 3360 vos

1884 3392 2098 3459 felices,
2148 3407 2233 3446 me
2277 3391 2550 3448 infelicem
2599 3408 2721 3448 esse
2767 3393 3051 3464 deputari,
3093 3396 3184 3467 qui
3230 3398 3323 3452 tali
3372 3399 3478 3454 hoc

1886 3494 2127 3554 tempore
2155 3483 2393 3551 regimen
2421 3481 2674 3540 Ecclesia:
2701 3484 2977 3555 suscipere
2999 3488 3268 3542 consemi.
3302 3489 3358 3544 Si
3387 3498 3473 3544 ta-

1885 3591 2008 3631 men
2041 3576 2250 3629 animus
2270 3583 2452 3630 vester
2482 3575 2728 3631 fortassis
2758 3575 3012 3633 fratribus
3039 3579 3477 3636 condescenden-

1885 3667 1974 3730 do,
2007 3674 2064 3720 et
2092 3665 2475 3720 misericordize
2525 3666 2782 3735 operibus
2833 3667 3092 3735 intentus,
3125 3669 3192 3722 ad
3233 3671 3338 3726 hoc
3365 3687 3468 3726 un-

1886 3771 2045 3823 quam
2103 3755 2410 3809 conscntire
2457 3755 2792 3820 decreverit;
2848 3764 2974 3825 peto
3028 3765 3086 3810 ut
3132 3759 3302 3813 amori
3352 3774 3475 3813 meo

1885 3845 2047 3899 alium
2071 3845 2290 3899 minime
2311 3845 2658 3913 praeponatis.
2681 3844 2817 3898 Sunt
2844 3846 2987 3900 enim
3017 3846 3068 3900 in
3091 3845 3272 3902 Sicilia
3302 3849 3475 3910 insula

1885 3933 2139 3990 Ecclesia:
2162 3943 2420 3989 vacantes
2439 3933 2712 4003 episc0pis
2739 3951 2749 3985 :
2782 3942 2836 3987 et
2863 3934 2908 3988 si
2937 3935 3090 3990 vobis
3118 3936 3316 4004 placet,
3348 3953 3475 3991 auc-

1884 4034 2002 4079 tore
2024 4025 2156 4088 Deo,
2186 4023 2478 4080 Ecclesiam
2504 4037 2711 4092 regere,
2732 4023 2884 4091 juxta
2908 4024 3050 4079 beati
3079 4023 3220 4082 Petri
3240 4027 3471 4106 apostoli

1883 4116 2088 4180 limina,
2119 4131 2240 4170 cum
2269 4115 2387 4183 ejus
2424 4114 2695 4184 adjutorio
2737 4115 2925 4171 melius
2956 4118 3201 4186 potestis.
3244 4105 3301 4174 Si
3343 4132 3473 4174 vero
3547 4105 3552 4108 ι

1884 4221 1990 4261 non
2021 4205 2228 4275 placet,
2254 4203 2480 4260 feliciter
2504 4212 2646 4262 state
2667 4246 2681 4268 ,
2713 4212 2770 4260 et
2816 4220 2915 4273 pro
2967 4206 3122 4262 nobis
3169 4207 3472 4265 infelicibus

1882 4305 2126 4351 exorate.
2159 4315 2177 4347 ι
2217 4295 2453 4368 (Regist.
2483 4297 2646 4362 ἰδὼν,
2667 4313 2750 4366 ep.
2779 4296 2895 4367 42.)

1963 4386 2045 4439 14.
2103 4386 2313 4442 Interea
2363 4387 2654 4455 Gregorius
2702 4387 2837 4442 locis
2893 4389 3151 4455 munitis,
3203 4392 3470 4462 episcopis

188 4458 368 4547 ξηαπς
387 4458 670 4543 εείεέιιίδιη
692 4486 912 4549 habere,
937 4484 1030 4539 sed
1061 4485 1131 4539 ita
1159 4486 1331 4540 anatis
1351 4458 1477 4541 esse
1497 4458 1648 4542 gen-io
1665 4487 1777 4556 jam
1806 4458 1859 4518 Ῑ)
1883 4478 2206 4541 constitutis,
2225 4476 2506 4545 dissipatas
2528 4477 2796 4536 Ecelesias
2815 4478 3103 4534 adunabat.
3129 4478 3470 4552 Quapropter

188 4581 517 4642 confectum,
542 4584 602 4630 ut
629 4575 696 4629 ad
719 4575 993 4645 regiminis
1012 4572 1248 4630 ofﬁcium
1271 4592 1378 4631 non
1406 4577 1575 4645 possit
1598 4592 1778 4635 assur-

188 4684 348 4733 gere;
381 4666 694 4734 adjicientes
718 4665 878 4718 etiam
903 4665 973 4717 ita
997 4665 1143 4718 illum
1169 4674 1410 4721 tenacem
1438 4668 1692 4736 existere,
1719 4679 1779 4722 ut

191 4762 242 4812 in
274 4759 496 4812 domum
541 4756 656 4824 ejus
702 4755 907 4809 amicus
935 4754 1000 4808 ad
1029 4755 1348 4809 charitatem
1396 4771 1664 4823 nunquam
1694 4758 1779 4812 in-

188 4859 387 4905 troeat.
412 4849 662 4903 Rusticus
681 4855 858 4901 autem
882 4885 897 4906 ,
947 4845 1201 4900 diaconus
1229 4847 1465 4914 ejusdem
1497 4846 1770 4913 Ecclesiae,

187 4942 278 5009 qui
309 4940 558 4996 similiter
584 4939 787 4994 electus
833 4938 1041 5000 fuerat,
1087 4936 1309 5004 vigilans
1353 4936 1566 5006 quidem
1613 4939 1771 4993 homo

187 5035 410 5096 dicitur,
450 5031 578 5095 sed,
628 5038 886 5099 quantum
934 5027 1206 5093 asseritur,
1249 5025 1493 5081 Psalmos
1539 5028 1766 5094 ignorat.

186 5125 524 5180 Florentium
549 5138 696 5187 vero,
725 5122 1008 5176 diaconum
1030 5119 1282 5176 Ecclesiie
1307 5119 1652 5186 Ravennatis,
1677 5123 1771 5191 qui

186 5219 394 5273 electus
438 5217 506 5270 ab
552 5215 801 5270 omnibus
833 5220 1182 5279 memoratur,
1214 5212 1496 5268 sollicitum
1527 5228 1644 5268 esse
1672 5231 1772 5268 no-

186 5311 383 5370 vimus,
399 5308 493 5363 sed
515 5307 687 5375 qualis
703 5307 771 5361 sit
792 5306 1034 5370 interius,
1057 5306 1274 5360 omnino
1299 5307 1583 5362 nescimus.
1609 5307 1764 5362 Ideo-

186 5417 291 5470 que
345 5397 653 5453 fraternitas
695 5405 808 5464 tua,
839 5411 944 5450 una
984 5411 1106 5450 cum
1158 5393 1344 5450 fratre.
1363 5403 1418 5449 et
1443 5397 1766 5467 coepiscopo

257 5528 281 5556 ι
324 5517 608 5586 Aprutium
638 5531 743 5569 non
766 5515 954 5586 civitas
985 5523 1086 5579 est,
1117 5515 1209 5569 sed
1241 5515 1387 5586 regio
1413 5515 1593 5586 ltalige,
1616 5517 1767 5582 cujus

185 5583 422 5657 episcopi
453 5586 610 5661 sedes
636 5595 717 5661 est
738 5585 864 5661 urbs
889 5583 1321 5649 Interamnensis,
1344 5585 1499 5653 vulgo
1526 5585 1762 5661 Teramo,

185 5654 244 5712 ut
267 5654 520 5712 observat
554 5654 861 5708 Bollaudus.

253 5729 278 5767 δ
322 5725 614 5782 Bollandus
643 5724 771 5792 legit
797 5724 882 5777 hic
913 5722 1249 5790 Rhisiniensi,
1283 5723 1462 5792 aitque
1491 5723 1764 5780 Rhisinum

464 5818 738 5878 PATROL.
787 5815 1040 5874 LXXV.

1883 4573 2171 4639 Bacaudze,
2207 4573 2498 4628 Formiensi
2532 4574 2817 4642 episcopo,
2849 4575 3057 4638 scribit,
3089 4574 3274 4630 dicens
3302 4592 3314 4628 :
3351 4594 3370 4625 ι
3401 4575 3466 4629 Et

1881 4666 2143 4733 temporis
2171 4665 2464 4721 necessitas
2492 4679 2591 4718 nos
2621 4673 2890 4732 perurget,
2921 4673 2978 4718 et
3005 4664 3306 4720 imminutio
3337 4680 3462 4733 per-

1880 4771 2131 4811 sonarum
2182 4755 2346 4825 exigit
2393 4763 2452 4809 ut
2499 4755 2769 4811 destitutis
2817 4754 3102 4819 Eeclesiis,
3151 4756 3349 4811 salubri
3397 4771 3463 4809 ac

1878 4848 2100 4917 provida
2129 4847 2422 4902 debeamus
2471 4847 2820 4916 dispositione
2869 4861 3203 4902 succurrere.
3245 4844 3312 4898 Et
3338 4845 3461 4900 ideo

1877 4937 2130 5004 quoniam
2156 4935 2449 4991 Ecclesiam
2483 4936 2900 4991 Minturnensem
2919 4934 3154 4990 funditus
3179 4944 3281 4988 tam
3307 4934 3456 4998 cieri,

1877 5042 2034 5095 quam
2089 5025 2260 5096 plebis
2308 5027 2618 5081 destitutam
2673 5025 3012 5081 desolatione
3064 5025 3452 5100 cognovimus:

1876 5126 2130 5186 tuamque
2177 5133 2274 5187 pro
2325 5133 2388 5171 ea
2437 5117 2792 5184 petitionem,
2840 5123 3104 5183 quatenus
3155 5114 3456 5171 Formiana:

1873 5206 2126 5263 Ecclesia:
2150 5250 2165 5274 ,
2215 5208 2268 5261 in
2316 5222 2421 5276 qua
2450 5206 2590 5260 beati
2619 5204 2830 5260 Erasmi
2859 5205 3112 5275 martyris
3140 5219 3338 5274 corpus
3368 5221 3455 5260 re-

1873 5296 2100 5364 quiescit
2153 5296 2344 5365 cuique
2405 5295 2714 5349 fraternitas
2761 5302 2849 5348 tua
2897 5293 3180 5362 prtesidet,
3239 5294 3453 5364 adjungi

1867 5388 2080 5451 debeat,
2107 5386 2249 5456 piam
2269 5401 2387 5440 esse
2411 5400 2474 5440 ac
2491 5383 2840 5450 iustissimam
2865 5383 3245 5447 providentes:
3273 5401 3454 5441 neces-

1868 5518 1959 5564 aut
2010 5508 2282 5562 thisinam
2309 5547 2323 5572 ,
2365 5505 2764 5576 Mesopotamia:
2805 5520 2944 5576 esse
2971 5505 3155 5576 ttrben
3203 5505 3254 5560 in
3285 5505 3454 5576 Syrias

1866 5577 2120 5637 confinio.
2153 5590 2258 5629 non
2308 5575 2488 5643 procul
2540 5575 2607 5628 ab
2650 5574 2866 5630 Edessa.
2899 5574 3096 5630 liiabill.
3129 5576 3291 5631 habet
3325 5574 3451 5632 cum

1867 5648 2026 5703 Surio
2074 5646 2402 5702 Smurnensi.
2445 5644 2577 5701 Vide
2617 5654 2776 5703 notas
2821 5645 2890 5701 ad
2919 5645 3080 5716 epist.
3127 5645 3196 5704 28
3241 5647 3363 5706 libri
3399 5661 3448 5713 ι.

1868 5717 2054 5773 indict.
2085 5716 2136 5774 9.
