4018 6318
539 250 642 304 139

1111 243 1167 297 S.
1211 238 1534 297 GREGORII
1581 236 1781 292 ΡΑΡᾹΞ
1827 235 2006 290 VITA.
2052 237 2115 290 Al

2221 237 2246 288 ‘.
2296 234 2555 292 JOANNE
2600 233 2909 290 DIACONO.
2960 235 3085 289 LIB.
3131 236 3210 292 Ill.
3713 243 3797 300 “0

537 361 734 417 sarium
790 357 1055 419 duximus,
1091 355 1429 409 consulentes
1480 362 1586 405 tam
1635 349 1957 406 desolationi
2014 351 2118 405 loci
2152 357 2195 414 Λ
2223 351 2552 405 constituere
2590 351 2961 405 sacerdotem:
2999 358 3136 404 utet
3165 357 3470 422 susceptam
3499 354 3667 408 semel
3695 358 3802 413 ani.

536 454 699 520 illius,
727 465 886 518 quam
922 459 1021 503 tua:
1052 448 1304 503 Ecclesiis
1334 443 1664 516 paupertati,
1697 441 1897 495 reditus
1925 456 2114 510 supra-

535 545 693 599 dicta:
721 540 974 596 Ecclesia:
997 539 1372 593 Minturnensis
1401 536 1486 588 vel
1529 531 1785 603 quidquid
1813 532 1864 586 ei
1893 533 2115 599 antiquo

535 635 903 703 niodcrnoque
928 632 1048 700 jure
1075 631 1159 684 vel
1190 628 1469 698 privilegio
1498 625 1672 695 potuit
1701 631 1947 694 potestve
1975 639 2114 694 qua-

535 725 666 780 libet
693 726 904 780 ratione
929 728 1252 790 competere,
1284 719 1348 772 ad
1399 727 1502 772 tute
1539 717 1795 772 Ecclesia:
1819 717 1906 786 jus
1937 724 2117 784 potes-

536 829 808 887 talemque
836 818 937 871 hac
967 814 1212 884 prmeepti
1262 811 1432 866 nostri
1486 810 1812 864 auctoritate
1857 810 2117 877 migrare,

535 923 591 962 ut
622 926 650 963 a
681 907 928 978 praesenti
954 914 1196 974 tempore
1221 904 1378 958 sicuti
1409 903 1476 957 de
1504 903 1718 972 propria
1749 901 1990 956 Ecclesia
2020 899 2117 954 de-

534 1003 664 1057 beas
708 999 988 1068 cogitare,
1041 999 1198 1068 eique
1247 997 1611 1067 competentia
1667 1003 1757 1047 tua
1813 991 2120 1062 provisione

534 1093 840 1160 disponere,
865 1097 1131 1159 quatenus
1160 1087 1416 1155 deinceps
1441 1085 1582 1155 quod
1605 1084 1782 1154 perire
1805 1095 2120 1149 nuncusque

535 1183 727 1252 potuit,
760 1195 1058 1250 pauperum
1105 1177 1354 1232 Ecclesiae
1384 1187 1487 1229 tua:
1517 1175 1837 1230 utilitatibus
1884 1173 2120 1242 clerique

537 1273 803 1344 proﬁciat.
838 1291 854 1322 ι
892 1270 1117 1341 (Regist.
1145 1270 1233 1322 lib.
1267 1285 1301 1330 ι,
1329 1285 1406 1337 cp.
1441 1265 1516 1332 8.)

607 1365 737 1419 Item
771 1362 1044 1415 Benenato
1073 1360 1328 1428 episcopo
1357 1377 1364 1408 :
1404 1376 1419 1405 ι
1452 1355 1518 1410 Et
1565 1356 1822 1424 temporis
1853 1353 2116 1423 qualitas,

537 1469 590 1512 ct
613 1458 860 1512 vicinitas
889 1472 986 1511 nos
1014 1456 1253 1508 locorum
1303 1450 1511 1514 invitat,
1548 1456 1608 1502 ut
1634 1447 1929 1502 Cumanam
1960 1452 2121 1514 atque

542 1549 876 1602 itlisenatium
907 1547 1058 1599 unire
1085 1544 1376 1597 debeamus
1419 1537 1685 1594 Ecclesias
1713 1556 1724 1590 :
1750 1537 2007 1607 quoniam
2039 1537 2120 1589 hie

537 1656 642 1693 non
671 1640 829 1705 longo
851 1653 880 1689 a
910 1651 968 1689 se
1012 1635 1216 1688 itineris
1245 1630 1526 1686 intervallo
1555 1630 1809 1697 sejunctzc
1831 1629 1939 1698 92
1963 1635 2116 1691 sunt;

2217 459 2426 496 marum
2459 459 2640 497 curam
2673 444 2865 496 intuitu
2924 438 3115 497 futura:
3150 446 3522 502 retributionis
3549 448 3803 520 impleas;

2219 543 2274 588 et
2303 535 2423 588 licet
2453 551 2482 588 a
2516 544 2604 588 tua
2625 573 2639 596 ,
2672 535 2829 589 hoste
2876 536 3210 599 imminente,
3243 537 3500 606 depulsus
3528 541 3622 606 sis,
3654 543 3802 597 aliain

2219 641 2336 694 qua:
2360 634 2574 694 pastore
2603 635 2780 692 vacat,
2811 626 3010 680 debeas
3042 627 3334 682 Ecelesiam
3364 631 3705 697 gubernare:
3739 635 3804 690 ita

2221 725 2420 782 tamen,
2457 726 2515 769 ut
2543 719 2584 770 si
2615 717 2884 771 civitatem
2915 719 3057 771 illam
3100 719 3344 774 hostibus
3375 721 3598 777 liberam
3640 723 3803 790 efﬁci,

2220 816 2275 860 et
2303 807 2528 861 Domino
2559 814 2896 876 protegente,
2925 808 2989 860 ad
3019 809 3252 877 priorem
3289 819 3489 865 statum
3528 813 3806 882 contigerit

2223 896 2486 961 revocari,
2520 897 2572 950 in
2603 912 2722 950 eam
2753 897 2805 950 in
2836 912 2939 964 qua
2973 908 3026 950 et
3057 898 3204 966 prius
3233 899 3514 955 ordinatus
3536 916 3596 956 es
3625 901 3806 958 Eccle-

2220 988 2353 1042 siam
2389 989 2693 1042 revertaris.
2746 988 2802 1042 Si
2834 999 3013 1043 autem
3053 991 3304 1059 praedicta
3334 993 3524 1048 civitas
3553 988 3804 1052 continua

2224 1079 2554 1148 captivitatis
2583 1080 2889 1134 calamitate
2920 1083 3199 1150 premitur,
3226 1082 3277 1136 in
3309 1083 3411 1140 hac
3439 1086 3490 1139 in
3519 1101 3626 1155 qua
3652 1103 3681 1140 a
3710 1105 3805 1142 no-

2221 1169 2304 1223 bis
2353 1169 2632 1224 ordnatus
2674 1187 2732 1226 es
2757 1212 2771 1236 ,
2825 1171 3024 1227 debeas
3072 1172 3311 1229 Ecclesia
3353 1191 3674 1246 permanere
3700 1189 3743 1232 α.
3782 1202 3799 1232 ι

2225 1259 2456 1331 (Regist.
2491 1262 2585 1314 lib.
2614 1279 2670 1328 tl,
2703 1279 2783 1330 ep.
2817 1262 2934 1334 '57.)

2293 1351 2426 1405 Item
2477 1350 2709 1418 Joanni,
2764 1356 3021 1426 episcolio
3071 1357 3348 1414 Velitrano
3393 1378 3405 1412 :
3462 1380 3480 1412 ι
3519 1360 3804 1431 Postquam

2225 1444 2431 1497 hostilis
2461 1445 2706 1514 impietas
2735 1446 3064 1502 diversarum
3095 1451 3375 1507 civitatum
3398 1493 3412 1518 ,
3455 1455 3528 1508 ita
3579 1460 3806 1525 peccatis

2223 1535 2558 1601 facientibus,
2588 1536 2855 1592 desolavit
2880 1538 3157 1606 ecclesias,
3185 1553 3243 1597 ut
3269 1548 3554 1613 reparandi
3577 1563 3669 1604 eas
3688 1565 3805 1619 spes

2223 1625 2398 1690 nulla,
2441 1628 2640 1696 populo
2687 1627 3002 1696 deﬁciente,
3045 1635 3404 1690 remanserit:
3434 1638 3628 1705 majori
3658 1640 3805 1694 valde

536 1746 653 1792 nec,
680 1727 915 1796 peccatis
949 1723 1285 1787 facientibus,
1319 1731 1467 1775 tanta
1490 1721 1673 1790 populi
1703 1719 1987 1773 multitudo
2013 1727 2114 1780 est,
2153 1736 2197 1795 Β
2225 1731 2351 1770 cura
2373 1719 2806 1786 constringimur,
2827 1735 2895 1774 ne
2915 1719 3181 1778 defunctis
3209 1738 3392 1778 earum
3416 1727 3801 1796 sacerdotibus,

536 1830 591 1874 ut
639 1819 897 1885 singulos,
934 1817 1070 1870 sicut
1099 1815 1225 1870 olim
1279 1814 1396 1878 fuit,
1429 1815 1629 1868 habere
1658 1812 1892 1866 debeant
1938 1825 2118 1865 sacer—

534 1914 706 1966 dotes.
735 1911 867 1977 Quia
899 1909 1057 1977 igitur
1086 1908 1313 1962 Cumani
1340 1905 1501 1961 castri
1527 1904 1783 1960 sacerdos
1812 1903 1935 1957 vitae
1965 1900 2121 1970 hujus

531 2020 747 2059 cursum
779 2003 1050 2072 explevit,
1083 2010 1336 2069 utrasque
1383 2014 1483 2053 nos
1529 1997 1794 2053 Ecclesias
1843 1994 2120 2065 praesentis

534 2095 869 2151 auctoritatis
894 2093 1086 2162 pagina
1115 2093 1295 2145 unisse
1327 2090 1527 2157 tibique
1555 2087 1886 2142 commisisse
1911 2098 2117 2151 cogno-

534 2202 624 2240 sce
644 2228 658 2252 ,
683 2185 1067 2254 propriumque
1096 2190 1445 2246 utrarumque
1490 2176 1852 2230 Ecclesiarum
1900 2173 2036 2226 scito
2067 2178 2120 2224 te

537 2291 656 2331 esse
685 2272 1024 2344 pontiﬁcem;
1057 2281 1110 2325 et
1137 2283 1469 2339 quaecunque
1516 2267 1609 2320 tibi
1639 2265 1705 2319 de
1733 2279 1916 2317 earum
1947 2263 2118 2331 patri-

535 2366 718 2418 tuonio
749 2364 830 2418 vel
860 2363 988 2418 cieri
1018 2360 1358 2416 ordinatione
1401 2356 1807 2425 promotioncve
1844 2351 1996 2420 juxta
2024 2365 2117 2405 ca-

535 2472 736 2510 nonum
764 2462 964 2510 statuta
987 2453 1099 2506 visa
1129 2451 1328 2506 fuerint
1348 2449 1598 2503 ordinare
1621 2457 1783 2514 atque
1806 2446 2117 2515 disponere,

533 2548 792 2616 habebis,
842 2555 900 2601 ut
936 2545 1185 2616 proprius
1211 2557 1399 2597 revera
1451 2540 1704 2596 sacerdos
1729 2580 1744 2608 ,
1794 2538 2018 2592 liberam
2049 2550 2116 2589 ex

533 2650 728 2696 nostra:
759 2637 1096 2694 auctoritatis
1125 2649 1391 2690 consensu
1442 2641 1602 2699 atque
1649 2628 2006 2698 permissione
2054 2626 2118 2679 li-

531 2732 787 2786 centiam.
840 2728 941 2783 Ubi
971 2743 1100 2782 vero
1127 2723 1460 2782 commodius
1498 2732 1592 2776 aut
1621 2721 1804 2775 utilius
1851 2733 1969 2774 esse
1994 2733 2121 2788 pro-

531 2823 792 2893 spexeris,
827 2820 1067 2874 babitato
1096 2837 1108 2871 :
1143 2818 1216 2872 ita
1245 2830 1374 2871 sane
1402 2822 1461 2869 ut
1487 2814 1709 2869 alteram
1738 2811 2054 2874 Ecclesiam,
2086 2824 2116 2863 a

531 2930 636 2984 qua
664 2912 1015 2984 corporaliter
1045 2910 1112 2965 ad
1139 2923 1378 2980 praesens
1404 2908 1599 2962 absens
1627 2921 1704 2969 es,
1729 2903 1961 2958 sollicita
1993 2916 2116 2970 pro-

531 3005 843 3074 videntique
860 3018 987 3058 cura
1009 3002 1282 3070 disponas,
1299 3008 1564 3069 quatenus
1587 2996 1764 3050 divina
1786 2995 1893 3048 illic
1914 3001 2114 3063 myste-

529 3095 610 3148 ria
631 3095 968 3159 solemniter,
997 3091 1288 3145 auxiliante
1317 3089 1569 3154 Domino,
1601 3092 1947 3154 peragantur.
1983 3081 2115 3134 Fra-

531 3185 755 3239 ternitas
769 3199 897 3252 ergo
921 3193 1007 3236 tua
1026 3190 1174 3236 tanto
1191 3182 1242 3233 in
1260 3177 1725 3232 adhortationibus
1740 3174 1955 3229 luci-and
1966 3173 2116 3240 isque

530 3277 812 3331 animabus
848 3273 1167 3328 sollicitiore
1196 3285 1324 3324 cura
1367 3284 1582 3338 semper
1610 3266 1881 3333 invigilet,
1913 3273 2116 3333 quanto

530 3383 590 3421 se
632 3367 900 3420 unitarum
948 3362 1310 3417 Eeclesiarnm
1355 3358 1757 3429 gubernationis
1784 3371 1949 3415 onera
1993 3371 2115 3410 sus-

530 3457 737 3528 cepisse
763 3455 1060 3523 cognoscit.
1093 3472 1112 3505 ι
1149 3451 1288 3523 (Lib.
1315 3468 1370 3517 ιι,
1400 3469 1482 3520 ep.
1513 3450 1626 3517 45.)

601 3548 689 3602 15.
732 3548 802 3600 At
826 3562 956 3601 vero
986 3547 1266 3601 civitatum
1291 3545 1650 3598 desolatarum
1676 3541 1955 3612 pontiﬁces
1981 3539 2116 3595 Gre-

529 3642 712 3710 gorius
759 3639 1075 3694 vacantibus
1121 3637 1431 3693 civitatibus
1483 3635 1820 3689 incardinare
1867 3633 2110 3687 curabat.

532 3733 684 3787 Unde
711 3731 962 3796 Martino,
997 3731 1253 3800 episcopo
1291 3727 1540 3792 Corsicae,
1566 3727 1709 3779 inter
1743 3732 1940 3779 etetera
1975 3723 2112 3778 scri-

529 3825 701 3878 bens:
741 3842 757 3874 ι
787 3821 1070 3888 Quoniam,
1104 3819 1295 3888 inquit,
1327 3816 1566 3871 Ecclesia
1591 3814 1892 3880 Tamitana,
1924 3813 1976 3867 in
2007 3828 2112 3880 qua

527 3915 727 3970 dudum
759 3912 932 3966 fuerat
979 3913 1185 3966 honore
1212 3907 1533 3964 sacerdotali
1565 3914 1653 3960 tua
1679 3904 1984 3958 fraternitas
2015 3903 2111 3956 de-

527 4015 711 4063 corata
737 4046 751 4072 ,
785 4006 857 4058 ita
889 4012 991 4068 est,
1022 4003 1228 4057 delictis
1268 4001 1584 4054 facientibus
1605 4038 1621 4066 ,
1671 3998 1850 4053 hostili
1900 3998 2111 4051 feritate

527 4103 789 4165 occupata
818 4104 874 4150 et
901 4093 1106 4158 diruta,
1138 4101 1197 4146 ut
1237 4093 1360 4145 illuc
1392 4091 1617 4145 utterius
1665 4104 1787 4158 spes
1831 4087 2110 4142 remeandi

527 4191 672 4245 nulla
702 4191 1056 4244 remanserit:
1089 4189 1140 4241 in
1171 4187 1465 4242 Ecclesium
1514 4194 1567 4239 te
1605 4184 1958 4248 Aleriensem,
1992 4197 2110 4251 quae

527 4280 634 4350 jam
664 4281 753 4334 diu
785 4289 869 4336 est
896 4278 1166 4348 pontiﬁcis
1196 4279 1394 4332 auxilio
1437 4276 1710 4340 destituta,
1741 4274 2067 4328 cardinalem
2089 4313 2105 4336 ,

527 4372 824 4426 secundum
863 4369 1138 4438 petitionis
1181 4379 1284 4421 tua:
1333 4367 1590 4429 modum,
1636 4367 1739 4420 hac
1785 4367 2108 4421 auctoritate

527 4460 902 4514 constituimus
929 4459 1044 4514 sine
1068 4458 1230 4512 dubio
1274 4459 1628 4513 sacerdotem.
1662 4455 1737 4510 Ita
1763 4471 1891 4525 ergo
1929 4459 2106 4514 studio
2140 4476 2186 4534 π)

526 4551 768 4619 vigilanti
800 4567 924 4604 cum
963 4550 1058 4604 Dei
1102 4565 1286 4604 amore
1329 4548 1621 4603 secundum
1673 4563 1940 4603 canonum
1969 4564 2105 4618 prce-

525 4651 679 4710 cepta
709 4650 903 4694 cuncta
931 4641 1156 4709 dispone
1184 4648 1237 4693 ι·ι
1265 4639 1472 4704 ordina,
1498 4649 1575 4705 ut,
1604 4647 1660 4694 et
1687 4638 1992 4692 fraternitas
2017 4648 2107 4693 tua

522 4735 634 4787 suis
662 4732 942 4787 desideriis
980 4746 1038 4787 se
1069 4729 1299 4800 gaudeat
1326 4745 1453 4784 esse
1498 4730 1751 4800 politam,
1784 4739 1838 4784 et
1867 4729 2108 4785 Ecclesia

523 4825 616 4880 Dei
635 4827 846 4880 alterno
865 4825 1059 4893 gaudio
1080 4825 1372 4894 repleatur,
1395 4824 1718 4880 cardinalem
1743 4833 1798 4879 te
1811 4825 2110 4894 suscepisse

522 4917 852 4987 pontiﬁcem.
888 4936 906 4968 ι
951 4917 1184 4987 (Regist.
1219 4917 1308 4970 lib.
1342 4932 1378 4982 ι,
1408 4933 1489 4986 ep.
1526 4916 1651 4988 79.)

592 5011 724 5066 Item
767 5011 966 5067 Joanni
1011 5015 1264 5082 episcopo
1319 5012 1651 5082 Squillacfno
1690 5030 1704 5066 :
1759 5032 1778 5064 ι
1817 5012 2108 5068 Pastoralis

521 5102 683 5159 ofﬁcii
712 5119 839 5158 cura
861 5120 960 5158 nos
981 5104 1257 5169 admonet,
1288 5105 1555 5158 destitutis
1583 5103 1836 5158 Ecclesiis
1861 5103 2109 5172 proprios

523 5195 852 5250 constituere
871 5195 1202 5260 sacerdotes,
1221 5195 1308 5263 qui
1332 5209 1546 5263 gregem
1569 5194 1906 5248 Dominicum
1929 5204 2111 5262 pasto-

522 5285 624 5338 rali
667 5285 900 5340 debeant
941 5286 1304 5341 sollicitudine
1347 5287 1666 5354 gubernare.
1720 5283 2009 5354 Propterea
2052 5292 2112 5338 te

521 5373 785 5430 Joannem
831 5376 900 5430 ab
937 5376 1184 5431 hostibus
1223 5378 1551 5446 captivatum
1599 5373 1849 5430 Lisitanie
1876 5373 2108 5428 civitatis

525 5468 835 5536 episc0pum
859 5469 912 5522 in
931 5467 1256 5536 Squillacina
1278 5468 1601 5523 cardinalem
1621 5481 1840 5524 necesse
1862 5465 2108 5518 duximus

597 5585 625 5614 ⁸
665 5576 786 5632 llaec
815 5594 981 5648 usque
1009 5581 1074 5633 ad
1111 5579 1240 5634 Item
1272 5578 1534 5645 Gratioso,
1567 5581 1914 5638 Bollandiana
1943 5584 2105 5640 et’itio

527 5650 752 5717 rCSpuit:
785 5651 1122 5716 reperiantur
1153 5653 1410 5703 tamenin
1444 5653 1563 5706 MSs.
1599 5655 1808 5707 nostris.

601 5723 624 5756 ιι
650 5718 954 5781 Legendum
986 5721 1203 5783 i'0rte_S.
1231 5721 1499 5774 Euthimii.
1531 5723 1760 5777 Consule
1788 5724 2101 5780 Bollandum

2223 1807 2463 1876 reliquiae
2512 1809 2700 1878 plebis,
2732 1811 2878 1866 nullo
2924 1813 3157 1880 pastoris
3203 1816 3574 1872 moderamine
3619 1821 3806 1888 guber-

2223 1909 2381 1970 nalze,
2413 1917 2510 1971 per
2539 1902 2679 1956 invia
2710 1901 2869 1970 ﬁdei,
2902 1905 3072 1960 hostis
3109 1889 3287 1962 callidi
3333 1911 3636 1981 rapiantur,
3667 1916 3808 1982 quod

2223 1990 2388 2058 absit,
2414 1992 2629 2046 invidia.
2656 1992 2824 2062 Hujus
2850 2009 2979 2064 ergo
3002 1997 3081 2053 rei
3102 1998 3460 2056 sollicitudine
3480 2017 3624 2071 saepe
3653 2019 3807 2059 com-

2221 2081 2449 2145 moniti,
2500 2083 2605 2137 hoc
2633 2085 2739 2154 93
2765 2092 2950 2140 nostro
2998 2088 3139 2142 sedit
3183 2089 3347 2145 corde
3388 2093 3669 2146 consilium
3695 2134 3711 2158 ,
3755 2105 3808 2150 ut

2220 2173 2412 2226 vicinis
2457 2188 2549 2228 eas
2599 2177 2975 2232 mandaremus
3019 2181 3363 2249 pontiﬁcibus
3409 2184 3800 2253 gubernandas.

2219 2260 2456 2330 Ideoque
2510 2264 2830 2320 fraternitati
2882 2279 2985 2322 tuac
3026 2286 3208 2325 curam
3260 2274 3807 2347 gubernationemque

2223 2352 2381 2406 trium
2430 2354 2773 2410 tabernarum
2816 2360 3054 2412 ecclesiae
3086 2361 3424 2429 prmvidimus
3469 2369 3808 2422 committen-

2221 2441 2341 2494 dam
2362 2485 2376 2506 ,
2406 2459 2563 2512 quam
2598 2453 2700 2497 tua:
2731 2447 2969 2501 ecclesia:
2997 2451 3271 2518 aggregari
3313 2453 3558 2522 unirique
3591 2471 3808 2510 necesse

2225 2543 2307 2588 est
2335 2552 2346 2587 :
2384 2546 2652 2604 quatenus
2681 2546 3033 2608 utrarumque
3064 2543 3412 2598 ecclesiarum
3450 2548 3704 2602 sacerdos
3755 2558 3809 2604 et

2221 2635 2418 2693 rector,
2451 2626 2666 2683 Christo
2710 2631 2996 2700 adjutore,
3048 2638 3221 2705 possis
3266 2640 3532 2706 existere;
3583 2650 3640 2696 et
3668 2659 3810 2710 qum-

2222 2733 2436 2789 cunque
2475 2722 2565 2774 tibi
2591 2722 2658 2776 de
2679 2723 2797 2792 ejus
2825 2725 3172 2797 patrimonio,
3203 2730 3285 2784 vel
3308 2731 3437 2784 cleri
3468 2733 3812 2788 ordinatione

2221 2824 2316 2864 seu
2348 2814 2722 2880 promotione,
2757 2817 2999 2885 vigilanti
3055 2835 3120 2874 ac
3165 2823 3427 2876 canonica
3459 2824 3571 2878 visa
3615 2824 3814 2877 fuerint

2221 2917 2348 2956 cura
2379 2903 2689 2973 disponere,
2723 2909 2923 2980 quippe
2950 2918 3008 2964 ut
3037 2913 3276 2980 pontifex
3307 2914 3558 2983 proprius
3586 2915 3815 2969 liberam

2220 2994 2442 3050 habebis
2470 3011 2535 3050 ex
2562 3000 2813 3065 praesenti
2845 3006 3029 3053 nostra
3059 3002 3415 3069 permissione
3456 3003 3750 3060 licentiam.
3787 3024 3809 3056 ι

2145 3105 2187 3164 C
2224 3083 2455 3154 (Regist.
2491 3087 2581 3139 lib.
2625 3103 2684 3152 ιι,
2711 3105 2791 3156 cp.
2818 3087 2906 3140 50.
2933 3089 2952 3157 )

2293 3173 2424 3228 item
2465 3174 2715 3231 Gratioso
2745 3176 3084 3233 Numentano
3114 3181 3366 3250 episcopo
3395 3197 3580 3237 curam
3613 3187 3814 3254 guber-

2221 3268 2602 3336 nationemque
2634 3267 2659 3306 δ
2691 3271 2862 3324 sancti
2893 3271 3164 3326 Anthemii
3196 3273 3464 3334 ecclesiae,
3505 3274 3558 3327 in
3588 3275 3813 3332 Curium

2221 3356 2453 3412 civitatis
2504 3357 2827 3413 Sabinorum
2882 3361 3156 3416 territorio
3211 3363 3519 3417 constitutae
3573 3366 3815 3421 incardi-

2220 3447 2399 3501 nando
2444 3449 2742 3517 conjunxit.
2793 3449 2929 3505 Item
2975 3451 3200 3517 Agnello
3246 3452 3500 3522 episcopo
3548 3454 3816 3511 Fundano

2217 3545 2339 3607 post
2367 3537 2544 3606 aliqua
2578 3557 2590 3590 :
2641 3558 2658 3590 ι
2691 3540 2953 3605 Quoniam
2984 3552 3207 3612 propter
3235 3543 3442 3598 cladem
3473 3545 3811 3611 hostilitatis,

2217 3642 2317 3680 nec
2347 3643 2398 3679 in
2428 3627 2646 3683 civitate
2670 3671 2684 3695 ,
2729 3645 2830 3684 nec
2867 3630 2917 3682 in
2945 3630 3171 3685 ecclesia
3201 3640 3290 3685 tua
3322 3642 3404 3687 est
3430 3634 3679 3704 cuiquam
3708 3636 3811 3690 ha-

2216 3717 2422 3772 bitandi
2448 3719 2661 3774 licentia
2690 3738 2703 3774 :
2732 3721 2852 3776 ideo
2875 3723 2974 3776 hac
2999 3731 3048 3777 te
3071 3724 3393 3779 auctoritate
3411 3733 3595 3780 nostra
3613 3726 3810 3785 Terra-

2215 3811 2447 3864 cinensis
2485 3813 2727 3867 ecclesiae
2767 3813 3094 3868 cardinalem
3131 3817 3509 3873 constituimus
3550 3822 3809 3875 sacerdo-

2214 3907 2340 3955 tem.
2377 3921 2394 3950 ι
2434 3900 2573 3970 (Lib.
2601 3919 2678 3966 in,
2708 3921 2790 3972 ep.
2817 3903 2935 3972 ‘20.)
2966 3904 3032 3958 Et
3061 3916 3182 3975 post
3202 3924 3370 3976 pauca
3407 3926 3419 3961 :
3455 3927 3473 3960 ι
3507 3909 3639 3964 lllud
3667 3927 3809 3978 quo-

2212 4009 2318 4062 que
2361 3993 2753 4049 fraternitatem
2787 4004 2931 4050 tuam
2965 3998 3103 4052 scire
3133 4013 3353 4053 necesse
3391 4009 3501 4066 est,
3549 4004 3808 4069 quoniam

2211 4087 2291 4139 sic
2333 4093 2386 4140 te
2433 4086 2702 4155 pnedicta:
2742 4086 3145 4145 Terracinensis
3189 4092 3433 4146 ecclesias
3474 4094 3806 4150 cardinalem

2211 4191 2331 4231 esse
2354 4177 2731 4233 constituimus
2753 4180 3111 4247 sacerdotem,
3146 4191 3205 4236 ut
3232 4191 3286 4236 et
3312 4184 3610 4241 Fundensis
3633 4188 3798 4242 eccleo

2209 4269 2305 4322 size
2333 4270 2573 4339 pontifex
2604 4285 2722 4326 esse
2752 4288 2856 4327 non
2890 4273 3140 4342 desinas,
3172 4291 3272 4331 nec
3315 4293 3498 4332 curam
3529 4281 3801 4348 guberna—

2211 4363 2519 4430 tionemque
2547 4372 2856 4432 praetereas.
2895 4384 2914 4416 ι
2954 4364 3154 4436 (1ὺὶά.,
3188 4385 3269 4438 ep.
3299 4367 3416 4435 25.)

2281 4472 2369 4526 16.
2412 4471 2518 4527 Sed
2547 4482 2600 4528 et
2626 4476 2879 4544 expulsos
2901 4477 3207 4547 episcopos,
3241 4494 3379 4549 quos
3400 4489 3508 4535 tam
3539 4481 3649 4537 cito
3669 4482 3803 4539 Gre-

2212 4562 2424 4630 gorius,
2455 4561 2540 4616 vel
2569 4562 2907 4619 incardinare
2935 4582 3038 4621 non
3067 4576 3308 4636 poterat,
3335 4570 3422 4625 vel
3450 4585 3680 4641 quorum
3709 4590 3801 4627 re-

2212 4653 2378 4707 ditum
2409 4654 2477 4708 ad
2515 4654 2670 4710 sedes
2707 4658 2954 4726 proprias
2983 4659 3294 4729 contingere
3325 4677 3485 4732 posse
3513 4665 3798 4734 sperabat,

2211 4743 2328 4797 aliis
2354 4745 2620 4814 episcopis
2640 4787 2656 4813 ,
2702 4749 2792 4816 qui
2823 4756 2951 4804 tunc
2980 4750 3229 4806 videlicet
3258 4751 3310 4806 in
3342 4754 3474 4811 locis
3501 4757 3613 4810 suis
3638 4757 3800 4825 dege-

2211 4835 2371 4899 bant,
2420 4838 2633 4891 interim
2676 4855 2775 4907 pro
2812 4843 3207 4898 sustentatione
3245 4860 3311 4900 ac
3350 4847 3633 4917 stipendiis
3661 4865 3798 4919 prte-

2211 4929 2378 4982 sentis
2409 4929 2528 4983 vitae
2552 4930 2840 4998 jungebat,
2873 4934 3226 5001 generaliter,
3259 4936 3444 4992 dicens
3476 4955 3489 4990 :
3529 4957 3548 4989 (
3587 4938 3799 4995 Fratres

2209 5028 2264 5072 et
2293 5019 2646 5090 coepiscopos
2677 5030 2921 5090 nostros,
2952 5039 3090 5092 quos
3119 5035 3173 5079 et
3201 5028 3525 5096 captivitatis
3555 5030 3795 5086 diversa-

2211 5122 2437 5175 rumque
2467 5111 2846 5165 necessitatum
2879 5115 3137 5181 angustize
3165 5117 3554 5185 comprimunt,
3587 5119 3798 5175 studete

2212 5199 2599 5266 consolandos,
2643 5203 3115 5274 convivendosque
3145 5208 3420 5262 vobiscum
3451 5211 3505 5263 in
3534 5211 3798 5266 ecclesia-

2213 5289 2359 5343 sticis
2381 5293 2861 5348 sustentationibus
2883 5296 3109 5352 libenter
3128 5300 3398 5370 suscipere
3418 5319 3430 5354 :
3450 5317 3559 5356 non
3577 5304 3796 5372 quidem

2213 5387 2272 5432 ut
2322 5395 2419 5449 per
2471 5383 2903 5440 communionem
2959 5388 3279 5458 episcopalis
3335 5393 3514 5446 throni
3568 5393 3801 5463 dignitas

2211 5470 2500 5540 dividatur,
2522 5473 2613 5527 sed
2633 5482 2689 5528 ut
2707 5475 2772 5529 ab
2789 5474 3028 5531 Ecclesia
3045 5477 3196 5547 juxta
3219 5483 3630 5550 possibilitatem
3651 5483 3800 5539 sufﬁ-

2211 5586 2276 5719 ῗὶί
2303 5588 2456 5670 hunc
2487 5589 2685 5644 locum.
2735 5590 2933 5647 Ibidem
2974 5609 3003 5646 a
3043 5592 3200 5649 Cures
3231 5594 3427 5650 format
3455 5594 3694 5666 Caritas,
3743 5604 3801 5653 et

2263 5670 2454 5712 uu‘ties.

2263 5670 2454 5712 uu‘ties.
