4018 6312
309 271 408 327 Hi

891 274 947 326 S.
989 272 1309 328 GREGORII
1355 271 1555 328 PAf’xE
1600 275 1776 338 VITA,
1821 276 2019 330 AIICT.
2062 280 2321 337 JOANNE
2366 287 2676 344 DlACONO.
2720 293 2847 347 LIB.
2896 297 2978 350 Ill.

3464 307 3562 359 Hi

305 386 506 440 cientia
561 385 783 438 debeam
830 383 1080 438 alimenta
1135 387 1429 454 percipere.
1487 387 1574 442 Sic
1627 390 1768 441 enim
1825 396 1880 439 et
1910 391 1954 445 Α
1983 405 2136 444 suum
2177 406 2388 464 recepta
2430 400 2684 457 Dominici
2726 409 2966 474 corporis
3003 415 3383 468 communione
3429 432 3554 472 cur-

307 476 608 546 proximum
634 476 684 526 in
716 475 846 537 Deo,
878 485 931 526 et
954 473 1120 527 Deum
1146 476 1196 528 in
1223 478 1465 544 proximo
1491 479 1712 546 diligere
1737 494 1884 533 com—

307 567 609 634 probamur.
641 563 847 616 Nullam
877 565 1074 633 quippe
1102 566 1180 618 eis
1213 581 1309 619 nos
1341 568 1391 620 in
1426 569 1617 622 vestris
1645 559 1886 623 ecclesiis

306 654 675 707 auctoritatem
717 653 1029 718 tribuimus,
1080 656 1175 709 sed
1209 665 1413 709 tantum
1451 660 1646 712 vestris
1683 659 1885 711 solatiis

302 760 394 796 eos
434 743 694 798 contineri
749 759 1091 814 summopere
1134 746 1466 799 hortamur.»
1517 748 1746 819 (Regisl.
1790 750 1878 802 lib.

301 848 344 897 t,
374 849 454 900 ep.
486 831 608 901 L5,)

370 922 452 973 t7.
502 921 641 976 Loca
671 938 887 992 quoque
918 923 1124 976 sedium
1158 923 1602 992 prudentissimus
1642 926 1876 994 pontifex

297 1021 516 1080 accepta
543 1014 686 1080 justa
719 1014 1006 1068 occasione
1037 1016 1298 1067 mutabat.
1333 1013 1482 1070 Unde
1507 1014 1695 1070 Joanni
1717 1058 1730 1080 ,
1761 1020 1876 1086 epi-

295 1116 458 1170 scopo
483 1101 778 1156 Vellitrano
803 1103 1012 1167 scribit,
1042 1104 1226 1160 dicens
1251 1124 1260 1156 :
1302 1124 1319 1154 ‹
1349 1105 1625 1173 Temporis
1649 1107 1875 1174 qualitas

293 1193 563 1258 admonet,
595 1195 973 1263 episcoporum
1002 1194 1157 1249 sedes
1187 1197 1480 1264 antiquitus
1509 1197 1669 1249 certis
1695 1196 1875 1248 civita-

291 1284 430 1336 tibus
475 1285 829 1346 constitutas,
881 1284 947 1336 ad
991 1285 1092 1337 alia
1145 1300 1261 1352 qua:
1312 1286 1579 1338 securiora
1628 1295 1874 1352 putamus

289 1373 530 1440 ejusdem
563 1375 813 1429 dimcesis
854 1374 969 1428 loca
1002 1381 1374 1442 transponere,
1405 1389 1546 1441 quo,
1585 1383 1638 1428 et
1668 1375 1872 1428 habita-

287 1473 439 1519 tores
470 1481 614 1519 nunc
650 1467 844 1532 degere
867 1507 882 1530 ,
920 1474 973 1518 et
1002 1463 1329 1516 barbaricum
1353 1465 1558 1531 possint
1579 1465 1870 1532 periculum

285 1554 505 1610 facilius
531 1556 822 1610 declinare.
850 1553 1136 1622 Pr0pterea
1168 1562 1219 1606 te
1246 1550 1503 1605 Joannem
1533 1553 1746 1608 fratrem
1773 1547 1870 1609 co-

284 1646 721 1715 episcopumque
746 1652 982 1697 nostrum
1012 1642 1338 1696 Vellitrensis
1361 1643 1624 1708 civitatis,
1660 1645 1869 1700 sedem-

282 1750 396 1802 que
428 1744 572 1788 tuam
604 1736 656 1788 in
687 1735 803 1786 loco
826 1732 913 1799 qui
937 1730 1233 1824 appellatur
1262 1729 1493 1824 Arenata
1521 1732 1592 1824 ad
1621 1742 1866 1788 sanctum
1903 1758 1942 1814 Β
1971 1729 2338 1822 άίπετεηάωίιξ
2384 1729 2493 1824 idci

280 1825 555 1878 Andream
606 1822 934 1891 apostolum,
986 1821 1323 1891 praecipimus
1375 1821 1570 1876 exinde
1616 1826 1867 1877 transmi-

278 1927 438 1982 grare
481 1931 492 1964 :
539 1919 802 1980 quatenus
844 1919 898 1964 et
934 1911 1000 1964 ab
1047 1910 1356 1964 hostilitatis
1398 1912 1614 1966 incursu
1652 1913 1866 1968 liberior

285 2005 522 2058 existere
567 2004 777 2070 valeas,
817 2011 871 2055 et
915 2001 1024 2054 illic
1062 2002 1510 2056 consuetudinum
1551 2003 1864 2058 solemnium

283 2095 416 2148 festa
442 2093 746 2162 disponas.»
785 2091 1004 2161 (Regist.
1035 2089 1124 2144 lib.
1155 2105 1210 2152 ιι,
1242 2108 1322 2159 ep.
1361 2092 1474 2158 14.)

357 2183 442 2236 18.
483 2182 546 2235 Et
566 2183 859 2236 notandum
883 2184 1026 2252 quod
1050 2179 1359 2249 Gregorius,
1391 2183 1516 2237 licet
1542 2187 1862 2242 monasteria

284 2284 336 2326 rt
365 2274 705 2342 episcopatus
731 2272 957 2338 unierit,
987 2280 1147 2339 atque
1174 2281 1425 2327 vacantes
1455 2275 1736 2344 episcopos
1766 2291 1859 2328 va-

281 2364 530 2419 cantibus
552 2364 858 2418 civitatibus
885 2364 1220 2418 incardinarc
1262 2364 1551 2425 studuerit,
1585 2382 1859 2434 nunquam

284 2465 464 2507 tamen
505 2454 816 2522 episcopum
858 2453 925 2505 ab
964 2453 1272 2520 integritate
1309 2469 1414 2506 sua:
1455 2451 1734 2521 Ecclesim,
1779 2457 1859 2511 vel

282 2545 399 2613 ipse
427 2545 479 2597 in
503 2545 661 2597 aliam
693 2542 1074 2610 commutavit,
1103 2543 1186 2596 vel
1223 2542 1322 2596 sub
1349 2557 1666 2612 quacunque
1696 2561 1858 2600 occa-

281 2636 435 2691 sione
462 2635 692 2702 migrare
716 2633 1006 2688 consensit.
1037 2632 1145 2702 94
1166 2632 1296 2685 Nam
1324 2644 1609 2703 postquam
1631 2644 1654 2670 ει
1683 2636 1865 2690 Deme-

281 2727 446 2781 trium
503 2725 912 2794 Neapolitanmn
970 2725 1278 2792 episcopum
1342 2739 1503 2791 super
1555 2725 1864 2778 criminibus

281 2816 581 2872 manifestis
604 2814 852 2884 deposuit
880 2830 892 2865 :
919 2828 1041 2867 cum
1068 2814 1133 2866 ab
1163 2812 1362 2866 eisdem
1392 2811 1756 2880 Neapolitanis
1782 2815 1863 2866 in-

280 2906 548 2961 cardinari
577 2905 677 2958 sibi
699 2903 921 2956 Paulqu
950 2902 1273 2970 Nepesinum
1302 2901 1611 2970 episcopum
1642 2917 1862 2970 magno-

280 3012 410 3068 pere
431 3004 758 3065 quarreretur
784 3012 796 3046 :
828 2994 1242 3049 discretissimus
1270 2992 1524 3061 pontifex,
1559 2993 1864 3049 visitatione

279 3091 512 3147 civitatis
534 3089 809 3158 Nepesina:
831 3088 1022 3142 Joanni
1047 3089 1302 3157 episcopo
1320 3088 1584 3156 delegata,
1615 3087 1857 3141 eumdem
1889 3119 1932 3178 ρ

282 3181 496 3249 quidem
527 3179 747 3232 Paulum
786 3178 1118 3233 visitatorem
1147 3177 1250 3232 illis
1280 3177 1465 3231 tribuit
1490 3195 1502 3228 :
1534 3177 1861 3231 cardinalem

281 3288 411 3328 vero
453 3271 783 3326 constituere
825 3277 931 3322 tam
972 3270 1148 3337 primo
1193 3268 1581 3337 dispensatorie
1623 3269 1858 3328 distulit,

280 3379 444 3431 quam
475 3371 660 3430 postea
699 3360 911 3430 penitus
947 3359 1233 3413 recusavit.
1285 3357 1381 3412 Cui
1424 3358 1758 3428 postmodum
1796 3359 1859 3412 li-

281 3455 515 3510 centiam
557 3453 858 3507 revertendi
897 3452 965 3506 ad
1011 3467 1161 3506 suam
1208 3451 1475 3506 dimcesim
1516 3451 1853 3517 concedens,

279 3554 496 3601 centum
541 3544 742 3600 solidos
779 3543 847 3598 de
890 3542 1239 3612 Neapolitana
1283 3541 1540 3603 ecclesia,
1589 3551 1646 3595 ct
1692 3559 1853 3596 unum

279 3636 564 3703 puerulum
586 3635 906 3704 orphanum,
930 3633 1140 3700 qualem
1169 3631 1284 3701 ipse
1303 3631 1369 3685 de
1397 3630 1592 3685 familia
1616 3632 1853 3699 ejusdem

276 3728 522 3783 ecclesia;
552 3728 832 3790 voluisset,
867 3725 980 3779 dari
1010 3724 1286 3794 praecepit.

348 3818 436 3870 l9.
501 3817 735 3870 Aliarum
784 3815 1158 3884 parochiarum
1207 3813 1435 3867 clericos
1478 3814 1577 3866 sibi
1637 3822 1690 3866 et
1736 3814 1853 3868 aliis

275 3907 692 3962 discretissimus
720 3905 959 3974 pontifex
988 3904 1368 3987 discretissime
1397 3903 1732 3958 incardinare
1761 3922 1853 3958 cu-

272 4000 445 4052 rabat.
496 4001 832 4066 Quapropter
875 3997 1036 4050 Helia:
1075 3997 1390 4066 presbytero
1421 4003 1475 4050 et
1511 3995 1689 4049 abbati
1728 4012 1853 4065 pro-

271 4091 460 4145 vincia:
486 4089 698 4144 Isauria)
721 4098 839 4158 post
862 4089 1036 4156 aliqua
1060 4088 1300 4142 scribens
1325 4105 1336 4138 :
1376 4107 1394 4136 ι
1424 4086 1630 4151 Filium,
1659 4087 1846 4155 inquit,

271 4191 508 4236 vestrum
537 4181 889 4251 Epiphanium
920 4180 1211 4233 mandastis
1230 4221 1244 4246 ,
1281 4188 1339 4232 ut
1368 4179 1436 4234 ad
1464 4195 1670 4234 sacrum
1702 4181 1846 4233 ordi-

269 4285 390 4324 nem
419 4270 721 4338 provehere
749 4269 1089 4332 deberemus,
1127 4269 1383 4336 vobisque
1404 4269 1844 4323 retransmittere.

267 4361 373 4416 Sed
404 4361 457 4414 in
485 4376 592 4414 uno
614 4376 709 4414 vos
736 4360 1063 4425 audivimus,
1099 4360 1149 4412 in
1180 4360 1352 4413 altero
1381 4374 1509 4414 vero
1536 4361 1718 4414 audire
1748 4363 1844 4414 mi-

267 4450 410 4505 nime
459 4450 748 4519 potuimus.
797 4449 1061 4504 Diaconus
1107 4448 1324 4517 quidem
1375 4448 1545 4504 factus
1590 4460 1703 4515 est;
1753 4451 1844 4505 sed
1874 4477 1920 4534 Β

266 4540 507 4609 quisquis
535 4539 699 4593 semel
726 4539 778 4592 in
801 4540 900 4593 hac
921 4539 1144 4592 ecclesia
1173 4553 1384 4592 sacrum
1414 4539 1657 4593 ordinem
1689 4557 1844 4595 acce-

265 4631 418 4696 perit,
453 4629 760 4698 egrediendi
791 4645 854 4683 ex
886 4644 948 4683 ea
979 4630 1201 4684 ulterius
1230 4630 1497 4685 licentiam
1528 4647 1632 4685 non
1663 4633 1839 4685 habet.

263 4721 313 4774 Si
335 4736 466 4789 ergo
491 4721 673 4775 videre
693 4737 789 4776 vos
811 4738 915 4774 non
940 4721 1106 4790 potui,
1133 4722 1230 4776 hac
1251 4739 1315 4777 ex
1340 4739 1397 4776 re
1421 4723 1840 4776 consolationem

263 4812 476 4879 habeo,
525 4815 647 4882 quia
695 4813 747 4866 in
797 4812 904 4865 lilio
953 4823 1135 4866 vestro
1184 4816 1479 4882 requiesco.
1531 4832 1550 4864 ›
1606 4813 1835 4883 (Regist.

259 4903 346 4955 lib.
379 4920 430 4966 ν,
463 4921 544 4972 ep.
570 4902 684 4966 57.)

323 4989 416 5044 20.
448 4991 579 5047 Item
605 4990 945 5051 Maximiano,
973 4991 1227 5058 episcopo
1248 4989 1615 5059 Syracusano:
1648 5008 1664 5038 ο
1696 4993 1835 5042 νηρ-

256 5079 488 5132 sentium
532 5080 670 5134 lator
705 5079 886 5146 Felix,
929 5079 1220 5143 diaconus,
1270 5092 1389 5130 cum
1431 5077 1731 5132 nullatenus
1776 5080 1830 5132 in

254 5168 625 5223 hmreticorum
646 5169 895 5238 dogmata
925 5169 1102 5236 lapsus
1129 5169 1215 5230 sit,
1249 5181 1348 5220 nec
1379 5182 1407 5218 a
1437 5167 1699 5221 catholica
1730 5167 1831 5222 lide

251 5256 591 5321 discesserit,
642 5259 819 5326 pravis
862 5258 1069 5311 illectus
1099 5257 1353 5310 adversus
1380 5254 1832 5325 Constantinopo-

252 5346 472 5400 litanam
497 5349 760 5420 synodum
777 5348 1183 5417 suspicionibus,
1210 5348 1260 5401 in
1280 5347 1584 5402 Istricorum
1600 5363 1828 5417 sezsepa-

251 5437 462 5491 ratione
490 5446 813 5490 removerat.
846 5436 944 5502 Qui
989 5451 1108 5489 cum
1158 5436 1380 5490 Romam
1425 5436 1693 5498 venisset,
1741 5450 1825 5489 re-

251 5541 403 5604 cepta
445 5550 475 5589 a
501 5534 679 5598 nobis,
719 5533 936 5600 juvante
968 5535 1215 5595 Domino,
1250 5536 1487 5594 ratione,
1545 5548 1823 5586 excessum

1987 484 2144 536 rexit.
2179 487 2310 550 Quia
2341 505 2494 557 ergo,
2529 503 2585 546 ut
2610 496 2806 550 dictum
2835 509 2942 562 est,
2980 518 3082 555 non
3114 505 3167 557 in
3197 505 3440 562 brereslm
3469 510 3554 563 in-

1989 573 2141 640 cidit,
2191 577 2285 631 sed
2331 594 2359 630 a
2408 591 2574 636 sacrls
2615 589 2878 652 generalis
2922 590 3172 648 Ecclesia:
3214 596 3554 662 ministeriis,

1985 665 2138 728 quasi
2184 677 2340 719 recta:
2370 671 2547 724 studio
2588 672 2895 732 intentionis
2931 685 3155 748 erravit,
3203 684 3555 744 imbecillitati

1986 752 2100 817 ejus
2148 765 2306 823 atque
2356 763 2757 817 necessitatibus
2804 771 3166 838 consulentes,
3218 777 3552 846 maximeque

1981 849 2353 900 sustentationi
2376 852 2507 917 cjus,
2543 855 2757 921 pictatis
2785 857 2975 913 intuitu
3004 866 3356 931 providentes,
3389 870 3440 922 in
3464 879 3550 923 tua

1980 932 2309 1000 Syracusana
2341 943 2562 995 ecclesia
2594 960 2714 999 eum
2743 951 3082 1017 prawidimus
3102 956 3499 1014 cardinandmn.
3529 982 3546 1011 ι

1979 1020 2196 1090 (Regist.
2229 1026 2315 1076 lib.
2349 1045 2418 1092 1v,
2450 1048 2530 1099 ep.
2571 1034 2676 1103 14.)

2049 1129 2177 1184 Item
2220 1133 2538 1200 Fortunato,
2571 1143 2826 1214 episcopo
2853 1148 3206 1218 Neapolitano
3237 1174 3248 1206 :
3290 1174 3308 1206 ι
3336 1156 3554 1212 Frater-

1974 1221 2193 1276 nitatem
2212 1235 2353 1279 tuam
2377 1242 2404 1278 a
2431 1231 2583 1284 nobis
2598 1234 2794 1300 'petisse
2811 1241 3116 1305 recolimus,
3143 1253 3197 1296 ut
3217 1245 3550 1312 Gratianum,

1974 1312 2216 1366 ecclesiae
2265 1315 2576 1373 Venafranae
2621 1323 2932 1391 diaconum,
2987 1339 3089 1383 tuaa
3136 1335 3552 1394 concederemus

1973 1403 2211 1457 ecclesiae
2245 1408 2643 1466 cardinandum.
2689 1412 2755 1467 Et
2791 1419 3043 1484 quoniam
3065 1436 3174 1474 nec
3204 1423 3552 1494 episcopum,

1974 1494 2057 1546 cui
2109 1496 2510 1567 obsecundare,
2561 1519 2658 1558 nec
2706 1508 2972 1574 propriam
3023 1511 3184 1565 habet
3230 1515 3544 1581 ecclesiam,

1973 1581 2127 1636 hoste
2153 1585 2354 1639 scilicet
2383 1589 2733 1656 prohibente,
2765 1611 2872 1663 quo
2901 1613 3054 1651 suum
3085 1599 3276 1656 debeat
3307 1603 3547 1659 ministe-

1972 1673 2109 1726 rium
2153 1675 2407 1732 exhibere
2453 1699 2462 1729 :
2517 1684 2828 1749 petitionem
2874 1695 3019 1742 tuam
3063 1706 3169 1744 non
3207 1695 3546 1761 prcevidiutus

2500 1789 2590 1827 rco
2637 1777 2849 1846 scriptis
2896 1780 2989 1854 tibi
3030 1785 3378 1849 praesentibus
3422 1801 3544 1840 eum

1970 1860 2272 1914 necessario
2284 1863 2532 1918 duximus
2555 1869 2981 1935 concedendum,
3007 1874 3253 1930 habituro
3277 1877 3544 1932 licentiam

1968 1946 2252 2002 diaconum
2303 1952 2478 2017 illum,
2532 1967 2711 2013 nostra
2757 1961 3144 2018 interveniente
3190 1967 3540 2032 auctoritate,

1968 2038 2208 2092 ecclesiae
2239 2049 2358 2105 tuae,
2391 2043 2502 2098 Deo
2525 2049 2773 2115 propitio,
2809 2053 3136 2109 constituere
3157 2057 3536 2114 cardinalem.»

1969 2127 2190 2199 (Regist.
2224 2133 2311 2185 lib.
2338 2151 2410 2199 v1,
2437 2153 2518 2204 cp.
2553 2138 2660 2206 Η.)

2035 2235 2166 2294 Item
2198 2241 2465 2311 Cypriano
2503 2245 2728 2302 diacono
2764 2269 2776 2303 :
2815 2271 2832 2302 ι
2866 2251 3016 2307 Sicut
3054 2255 3276 2313 Dilectio
3306 2268 3394 2315 tua
3423 2269 3539 2316 stu-

1964 2330 2114 2383 diose
2163 2331 2427 2387 laboravit
2479 2351 2575 2405 pro
2628 2354 2853 2406 persona
2904 2343 3078 2399 fratris
3124 2357 3182 2401 et
3232 2351 3538 2420 coepiscopi

1965 2422 2132 2473 nostri
2178 2421 2430 2488 Joannis,
2483 2433 2541 2479 ut
2569 2429 2619 2481 in
2652 2429 2983 2500 Syracusana
3012 2438 3269 2503 ecclesia,
3317 2451 3538 2498 auctore

1967 2513 2095 2574 Deo,
2121 2515 2391 2572 debuisset
2420 2519 2650 2575 ordinari
2685 2540 2696 2576 :
2729 2524 2798 2577 ita
2831 2542 2971 2580 nunc
3001 2544 3220 2586 necesse
3247 2542 3330 2587 est
3360 2543 3416 2587 ut
3440 2550 3536 2603 per

1964 2601 2261 2658 dilectionis
2289 2614 2392 2659 tuae
2412 2609 2585 2661 studia
2606 2611 2655 2664 ei
2681 2627 2893 2680 quoque
2917 2616 3191 2684 regiminis
3217 2621 3404 2675 solatia
3435 2601 3535 2676 ini-

1964 2694 2272 2748 nistrentur.
2326 2696 2617 2762 Quemdam
2665 2703 2804 2755 enim
2851 2707 3222 2777 presbyterum
3262 2713 3535 2780 proprium

1967 2780 2212 2836 habuisse
2228 2799 2284 2837 se
2298 2788 2567 2854 perhibet,
2591 2792 2679 2858 qui
2707 2801 2880 2846 tamen
2905 2809 2934 2847 a
2957 2795 3122 2850 fratre
3139 2806 3194 2850 et
3214 2802 3534 2870 coepiscopo

1966 2883 2152 2929 nostro
2181 2875 2360 2932 Leone
2389 2878 2439 2930 in
2461 2878 2743 2936 Catanensi
2773 2884 2998 2939 ecclesia
3019 2887 3214 2941 dicitur
3239 2889 3533 2947 ordinatus.

1966 2964 2032 3017 Et
2061 2966 2184 3034 quia
2213 2967 2264 3020 in
2293 2983 2486 3022 novam
2517 2972 2794 3026 ecclesiam
2824 2976 2992 3039 vadit,
3041 2986 3096 3031 et
3122 2992 3249 3033 suos
3277 2979 3384 3035 illic
3411 2996 3536 3050 pro-

1963 3057 2109 3122 prios
2137 3057 2381 3113 homines
2409 3060 2605 3116 habere
2626 3078 2842 3118 necesse
2871 3073 2968 3130 est,
3001 3075 3078 3130 ut,
3109 3068 3229 3123 dum
3256 3085 3535 3127 causarum

1968 3146 2275 3203 tumultibus
2303 3150 2592 3218 premitur,
2623 3153 2672 3204 in
2703 3165 2911 3208 secreto
2939 3172 3037 3211 suo
3068 3159 3306 3214 inveniat
3334 3161 3421 3216 ubi
3447 3178 3538 3217 re-

1964 3239 2232 3308 quiescat,
2269 3240 2375 3310 95
2405 3243 2658 3310 prredicto
2706 3243 2852 3297 fratri
2896 3255 2950 3300 et
2989 3250 3308 3320 coepiscopo
3345 3261 3533 3309 nostro

1963 3328 2125 3382 Leoni
2153 3331 2344 3385 blande
2374 3341 2428 3385 et
2456 3333 2685 3388 dulciter
2705 3338 3026 3404 persuadere
3048 3341 3212 3396 debes
3237 3352 3292 3396 ut
3321 3344 3368 3398 ei
3397 3361 3530 3415 pra:-

1959 3419 2125 3473 fatmn
2155 3422 2522 3490 presbyterum
2553 3423 2743 3479 cedere
2770 3426 2984 3495 debeat,
3015 3445 3081 3484 ne
3110 3447 3266 3499 quem
3297 3440 3407 3488 tam
3434 3437 3530 3490 bc-

1957 3510 2148 3578 nignus
2185 3511 2251 3564 ad
2289 3511 2645 3568 ordinandum
2675 3518 2863 3580 cessit,
2895 3517 3198 3572 ordinatum
3237 3520 3530 3580 destituere

1956 3604 2182 3658 fortasse
2203 3602 2462 3656 videatur.
2494 3625 2512 3656 ι
2547 3605 2774 3677 (Regist.
2809 3607 2896 3661 lib.
2927 3624 2976 3660 Vl
2995 3647 3008 3674 ,
3039 3625 3082 3661 c.
3112 3610 3226 3682 ‘20.)

2027 3717 2112 3770 2|.
2145 3716 2580 3784 Antiquissimum
2609 3718 2983 3774 ecclesiasticae
3012 3721 3412 3776 consuetudinis
3441 3739 3527 3778 or-

1956 3808 2131 3861 dinem
2171 3805 2461 3873 Grcgorius
2509 3807 2575 3859 ab
2615 3807 2870 3875 apostolis
2919 3807 3174 3861 traditum
3216 3818 3269 3861 et
3318 3809 3384 3862 ad
3431 3827 3526 3866 sua

1958 3910 2122 3964 usque
2151 3904 2390 3963 tempora
2420 3895 2729 3948 solemniter
2756 3905 3125 3948 conservatum
3157 3896 3295 3951 adeo
3325 3900 3526 3955 studio-

1954 3988 2162 4041 sissime
2191 3986 2474 4052 retinebat,
2517 3995 2572 4040 ut
2600 3985 2823 4054 nullum,
2862 3988 3192 4056 quantalibet
3219 3993 3524 4058 sanctitate,

1953 4079 2213 4148 sapientia
2232 4117 2246 4141 ,
2280 4077 2625 4133 nobilitateve
2652 4077 2903 4148 polleret,
2935 4080 3290 4135 anterioribus
3317 4082 3525 4138 clericis

1953 4172 2004 4223 in
2035 4178 2301 4224 conventu
2321 4211 2336 4236 ,
2374 4184 2656 4235 consessu,
2688 4170 2946 4234 statione,
2990 4170 3102 4224 sive
3131 4172 3524 4243 subscriptione

1951 4269 2306 4332 praeponeret.
2361 4258 2511 4315 Unde
2548 4257 2798 4312 Januario
2822 4301 2836 4324 ,
2894 4258 3199 4315 Caralitano
3237 4262 3520 4332 episcopo,

1949 4351 2189 4406 scribens
2219 4368 2229 4400 :
2272 4368 2290 4401 ‹
2325 4347 2630 4411 Liberatus,
2665 4348 2857 4416 inquit,
2890 4348 2955 4402 de
2980 4364 3085 4417 quo
3115 4351 3269 4405 nobis
3299 4363 3382 4405 tua
3413 4352 3503 4406 fra-

1951 4441 2171 4495 ternitas
2193 4439 2462 4502 indicavit,
2485 4438 2572 4506 qui
2594 4438 2801 4492 diaconi
2824 4437 2965 4506 fungi
2989 4441 3297 4508 perhibetur
3318 4442 3516 4509 officio,

1947 4532 1988 4584 si
2013 4547 2042 4584 a
2065 4531 2348 4585 decessore
2371 4538 2462 4582 tuo
2488 4543 2591 4581 non
2620 4529 2790 4582 factus
2818 4538 2899 4583 est
2924 4531 3224 4595 cardinalis,
3258 4532 3519 4586 ordinatis

1946 4637 1973 4673 a
2008 4629 2058 4673 te
2086 4619 2321 4672 diaconis
2351 4616 2493 4670 nulla
2524 4615 2682 4670 debet
2723 4617 2930 4671 ratione
2972 4619 3208 4686 praeponi
3245 4635 3258 4672 :
3292 4633 3357 4671 ne
3387 4633 3514 4681 eos,

1945 4728 2079 4780 quos
2119 4708 2486 4764 consecrando
2525 4709 2779 4776 probasse
2808 4710 3179 4774 cognosceris,
3227 4709 3516 4778 reprobarc

1942 4803 2291 4873 supponendo
2318 4804 2546 4868 quodam
2578 4799 2738 4854 modo
2778 4800 3022 4852 videaris.
3059 4797 3380 4852 Przedictum
3412 4799 3514 4852 ita-

1942 4910 2043 4962 que
2075 4894 2378 4946 Lihcratum
2397 4933 2410 4956 ,
2456 4907 2612 4959 quem
2642 4889 3008 4958 reprimendus
3034 4889 3339 4941 ambitionis
3369 4887 3514 4941 inﬂat

1941 4987 2189 5054 spiritus,
2239 4983 2382 5034 omni
2433 4982 2684 5033 instantia
2733 4981 2798 5031 ab
2844 4979 3075 5031 intentus
3121 4977 3202 5029 sui
3255 4978 3512 5047 pravitate

1941 5091 2245 5146 compesce,
2272 5086 2324 5127 et
2347 5073 2587 5126 ultimum
2611 5071 2748 5123 inter
2768 5069 3024 5123 diaconos
3045 5078 3186 5121 stare
3209 5071 3507 5123 constitue:

1940 5183 2026 5228 ne,
2053 5167 2174 5219 dum
2198 5179 2255 5216 se
2278 5162 2460 5218 illicite
2486 5159 2716 5228 praeferri
2745 5156 3039 5220 contendit,
3071 5157 3365 5214 immeritus
3390 5158 3510 5212 loco

1939 5263 1988 5313 in
2021 5273 2125 5324 quo
2148 5271 2291 5309 nunc
2313 5255 2444 5309 situs
2473 5260 2555 5305 est
2575 5251 2858 5317 judicetur.
2903 5247 3067 5316 Cujus
3095 5255 3272 5300 tamen
3304 5250 3346 5302 si
3376 5249 3508 5303 ebe-

1937 5349 2135 5403 dientia
2177 5345 2342 5399 fueris
2371 5344 2650 5400 invitatus,
2685 5348 2740 5392 et
2767 5355 2886 5392 eum
2916 5349 3037 5408 post
3065 5339 3166 5394 hoc
3188 5337 3362 5394 facere
3389 5355 3505 5394 car-

1934 5437 2162 5494 dinalem
2184 5434 2441 5496 volueris,
2466 5432 2562 5484 nisi
2586 5429 2850 5498 pontiticis
2871 5431 2949 5484 sui
2969 5429 3264 5483 cessionem
3281 5429 3503 5484 solemni

1933 5542 2084 5583 more
2115 5524 2400 5584 meruerit,
2435 5518 2800 5575 abstinendum
2831 5521 2897 5574 ab
2933 5519 3048 5588 ejus
3085 5516 3502 5573 incardinatione

317 5675 345 5701 ⁸³
368 5663 504 5721 Vide
521 5665 613 5719 lib.
641 5679 696 5733 ιι,
729 5679 812 5734 ep.
839 5664 890 5731 6,
914 5675 965 5720 ct
990 5665 1208 5719 consule
1233 5665 1488 5734 plurimas
1517 5663 1580 5717 ad
1612 5662 1833 5718 Paulum
1863 5660 2132 5732 epistolas.
