4018 6308
451 298 555 353 HS

1017 301 1071 357 S.
1115 297 1435 355 CREGORII
1477 296 1672 352 ΡΑΡᾸΞ
1714 296 1894 366 ΥΙΤΑ,
1936 298 2036 354 Αυι

2179 301 2440 358 JOANNE
2483 304 2800 360 DIACONO.
2843 302 2974 358 LIB.
3019 300 3110 356 Ill.

3605 297 3703 351 ιιι

449 414 758 469 memineris
788 432 800 466 :
835 415 1086 482 quoniam
1111 413 1349 481 aequitati
1381 410 1666 466 convenire
1700 425 1807 465 non
1848 410 2021 464 ambi-
2051 419 2097 476 Α
2133 416 2296 472 uariis
2335 418 2447 473 sive
2490 419 2703 487 pnediis
2742 416 3104 486 quarumlibet
3149 409 3500 466 ecclesiarum
3545 409 3724 477 patie-

449 506 558 571 gis,
607 514 664 560 ut
702 506 818 558 aliis
846 521 1061 560 scrvare
1092 521 1196 558 non
1226 503 1466 566 dilferas,
1505 500 1646 570 quod
1675 515 1790 570 ipse
1817 516 2031 570 quoque

452 599 544 649 tibi
575 613 791 652 servare
812 598 1101 652 desideras.
1139 615 1157 647 ι
1187 595 1411 664 (Regist.
1447 593 1537 647 lib.
1561 610 1598 659 ι,
1630 611 1709 664 ep.
1742 593 1858 664 85.)

519 686 607 742 22.
651 687 817 755 Hujus
843 688 1090 741 videlicet
1118 684 1498 752 antiquissima}
1521 685 1922 739 consuetudinis
1944 697 2032 738 or-

450 780 573 832 dine
588 779 876 848 Gregorius
892 787 1232 846 provocatus,
1257 775 1628 830 defunctorum
1645 776 2030 846 Episcoporum

449 869 718 923 Ecclesias
747 883 844 939 pro
874 867 1116 921 faciendo
1145 866 1477 932 inventario,
1533 875 1587 920 et
1625 866 1872 934 eligendo
1902 867 2032 933 legi-

450 959 592 1009 timze
615 955 881 1025 opinionis
921 955 1207 1024 episcopo,
1239 953 1433 1008 vicinis
1462 955 1726 1023 episcOpis
1755 969 2032 1008 commen-

447 1047 628 1109 dabat,
660 1046 764 1100 hoc
793 1044 954 1099 modo
983 1045 1223 1099 scribens
1252 1042 1443 1098 Joanni
1467 1042 1794 1112 Squillacino
1822 1061 1833 1095 :
1868 1062 1887 1094 ‹
1909 1042 2034 1097 Obt-

450 1146 559 1190 tum
594 1135 734 1189 illius
757 1134 1010 1190 antistitis
1038 1135 1238 1188 directa
1263 1133 1455 1187 relatio
1484 1131 1757 1201 patefecit.
1789 1130 2035 1201 Quapro-

449 1237 568 1297 pter
595 1227 918 1282 visitationis
949 1227 1218 1281 destituta:
1247 1225 1521 1288 ecclesiae,
1571 1224 1888 1278 fraternitati
1931 1231 2035 1276 ture

450 1334 670 1388 operam
698 1318 1015 1373 solemniter
1035 1317 1345 1384 delegamus
1369 1335 1381 1368 :
1414 1331 1573 1384 quam
1604 1316 1676 1369 ita
1704 1323 1758 1369 te
1782 1315 2037 1368 convenit

451 1410 727 1474 exhibere,
761 1418 818 1463 ut
846 1409 979 1464 nihil
1007 1409 1076 1463 de
1107 1409 1545 1478 provectionibus
1574 1409 1915 1469 clericorum,
1947 1421 2034 1459 re-

450 1499 563 1553 ditu
585 1541 600 1566 ,
646 1508 869 1564 ornatu,
914 1497 1332 1564 ministeriisque
1358 1498 1445 1551 vel
1474 1496 1728 1566 quidquid
1755 1495 1883 1549 illud
1912 1500 1994 1547 est
2016 1534 2030 1558 ,

451 1591 503 1644 in
535 1591 858 1660 patrimonio
903 1589 1142 1656 ejusdem
1183 1604 1212 1642 a
1251 1603 1521 1658 quoquam
1565 1595 1919 1656 prmsumatur
1947 1599 2031 1638 ec-

450 1682 650 1736 clesia}.
685 1679 753 1733 Et
787 1680 910 1734 ideo
938 1678 1246 1733 fraternitas
1277 1686 1366 1732 tua
1406 1678 1474 1731 ad
1517 1676 1825 1747 przcdictam
1857 1675 2034 1729 eccle-

451 1773 580 1825 siam
638 1772 714 1825 ire
769 1769 1122 1839 properabit,
1178 1779 1233 1824 et
1287 1767 1514 1821 assiduis
1569 1767 2033 1820 adhortationibus
2067 1792 2110 1851 Β

451 1863 650 1918 clerum
673 1862 993 1931 plebemque
1015 1860 1129 1928 ejus
1151 1859 1444 1913 admonere
1466 1858 1679 1912 festinet
1703 1875 1715 1910 :
1739 1865 1798 1911 ut
1822 1865 2032 1910 remoto

451 1955 650 2017 studio,
683 1969 790 2008 uno
815 1954 1112 2023 eodemque
1128 1967 1393 2009 consensu
1414 1953 1573 2006 talem
1601 1950 1702 2005 sibi
1733 1949 2032 2020 prmticien—

450 2048 575 2100 dum
601 2053 857 2115 expetant
898 2043 1268 2111 sacerdotem,
1312 2043 1400 2112 qui
1443 2051 1499 2096 et
1543 2050 1693 2095 tanto
1736 2041 2034 2095 ministerio

449 2139 639 2205 dignus
677 2137 852 2191 valeat
895 2135 1155 2204 reperiri,
1205 2143 1262 2188 et
1303 2148 1334 2187 a
1379 2132 1700 2188 venerandis
1739 2131 2035 2186 canonibus

449 2229 754 2284 nullatenus
774 2235 1078 2297 respuatur.
1108 2225 1210 2292 Qui
1233 2227 1357 2279 dum
1381 2224 1541 2279 fuerit
1568 2224 1885 2295 postulatus,
1913 2238 2033 2278 cum

451 2321 793 2376 solemnitate
835 2317 1040 2373 decreti
1075 2317 1317 2372 omnium
1355 2315 1841 2385 subscriptionibus
1871 2315 2034 2369 robo-

450 2413 582 2477 rati,
615 2420 670 2467 et
691 2410 994 2466 dilectionis
1019 2417 1124 2464 tua:
1150 2409 1458 2464 testimonio
1481 2408 1808 2470 litterarum,
1842 2408 1906 2460 ad
1938 2422 2036 2460 nos

451 2503 632 2557 veniat
659 2499 1060 2557 consecrandus
1092 2517 1106 2553 :
1139 2507 1543 2554 commonentes
1577 2499 1739 2552 etiam
1786 2496 2034 2552 fraterni-

451 2602 615 2647 tatem
643 2601 786 2647 tuam
811 2599 870 2645 ut
899 2590 1099 2646 nullum
1125 2589 1193 2645 de
1217 2589 1386 2644 altera
1411 2588 1534 2658 eligi
1557 2588 1837 2658 permittas
1858 2587 2037 2645 eccle-

451 2687 559 2749 sia,
606 2686 708 2740 nisi
741 2683 879 2739 forte
920 2683 1059 2738 inter
1079 2682 1308 2738 clericos
1333 2681 1641 2736 earumdem
1669 2679 1949 2735 civitatum
1982 2680 2034 2733 in

450 2777 641 2846 quibus
669 2775 992 2830 visitationis
1022 2773 1284 2843 impendis
1313 2773 1578 2842 officium,
1618 2772 1796 2827 nullus
1824 2772 1891 2826 ad
1921 2773 2034 2841 epi-

449 2875 728 2936 scopatum
758 2866 980 2934 dignus,
1030 2864 1174 2934 quod
1210 2863 1431 2919 evenire
1460 2879 1566 2919 non
1596 2863 1888 2928 credimus,
1938 2878 2035 2932 po-

452 2960 615 3015 tuerit
640 2959 866 3014 inveniri
909 2976 922 3013 :
959 2957 1274 3027 provisurus
1301 2965 1429 3012 ante
1460 2957 1640 3012 omnia
1667 2971 1736 3011 ne
1763 2956 1831 3010 ad
1857 2954 2034 3024 cujus-

449 3051 580 3106 libet
607 3050 1036 3105 conversationis
1063 3049 1314 3104 meritum
1344 3048 1495 3102 laica:
1523 3062 1766 3117 personze
1794 3048 2035 3116 aspirare

449 3150 792 3209 prmsumant,
824 3149 880 3193 et
908 3147 964 3192 tu
992 3139 1290 3207 periculum
1319 3139 1522 3193 ordinis
1549 3137 1656 3200 tui,
1686 3137 1830 3205 quod
1859 3138 2027 3202 absit,
2060 3162 2104 3223 ρ

449 3233 712 3286 incursas.
743 3229 1062 3284 Monasteria
1090 3237 1294 3290 autem,
1317 3229 1361 3281 si
1384 3243 1488 3297 qua
1513 3235 1637 3282 sunt
1664 3228 1716 3280 in
1744 3226 1910 3296 ipsius
1937 3243 2020 3296 pa-

449 3322 632 3376 rochia
687 3321 1008 3384 constituta,
1063 3319 1164 3375 sub
1215 3327 1306 3372 tua
1355 3332 1483 3373 cura
1535 3318 2026 3388 dispositioneque,

450 3427 729 3484 quousque
767 3412 874 3466 illic
916 3411 1164 3482 proprius
1208 3410 1368 3464 fuerit
1409 3410 1691 3479 episcopus
1718 3411 2027 3474 ordinatus,

451 3517 569 3556 esse
589 3501 932 3556 concedimus
960 3517 972 3553 :
1005 3507 1063 3553 ut
1086 3498 1460 3553 sollicitudinis
1483 3505 1585 3551 tua:
1614 3498 1882 3565 vigilantia
1907 3515 2032 3568 pro-

451 3592 626 3660 posito
674 3605 772 3645 suo
816 3591 926 3660 96
969 3602 1238 3656 congrua,
1289 3587 1396 3641 Deo
1440 3586 1759 3656 adjuvante,
1817 3588 2032 3644 actione

449 3683 794 3752 respondeat.
827 3702 845 3734 ι
877 3681 1099 3752 (Regist.
1131 3681 1167 3733 ι.
1195 3695 1250 3743 ιι,
1278 3696 1360 3749 ep.
1389 3678 1508 3747 '58.)

521 3773 654 3828 ltem
694 3772 869 3836 clero,
911 3770 1087 3826 ordini
1133 3779 1187 3822 et
1226 3769 1366 3838 plebi
1415 3787 1428 3820 :
1486 3787 1505 3820 σ
1557 3768 1738 3823 Vestri
1783 3769 2035 3823 antistitis

447 3865 652 3920 obitum
681 3869 1101 3932 cognoscentes,
1142 3874 1283 3914 cura:
1313 3859 1469 3913 nobis
1508 3858 1608 3912 fuit
1636 3859 1903 3913 destitutae
1948 3874 2034 3914 ec-

447 3956 623 4011 clesia:
652 3953 1012 4010 visitationem
1037 3949 1187 4005 fratri
1209 3960 1263 4006 et
1291 3951 1614 4020 coepiscopo
1635 3958 1820 4004 nostro
1841 3948 2034 4006 Joanni

447 4048 762 4103 solemniter
799 4044 1050 4112 delegare
1102 4061 1114 4096 :
1160 4043 1244 4098 cui
1285 4041 1531 4097 dedimus
1577 4040 1632 4094 in
1672 4041 1940 4095 mandatis
1976 4051 2035 4094 ut

447 4137 579 4192 nihil
611 4137 679 4191 de
703 4132 1141 4206 provectionibus
1167 4132 1485 4187 clericorum
1503 4171 1517 4194 ,
1563 4129 1766 4195 reditu,
1802 4138 1996 4184 ornatu
2017 4171 2031 4195 ,

448 4228 863 4294 ministeriisque
903 4240 934 4278 a
972 4238 1240 4292 quoquam
1281 4223 1526 4293 usurpari
1568 4222 1833 4292 patiatur,
1882 4223 2034 4289 cujus

446 4331 545 4373 vos
569 4313 796 4369 assiduis
825 4313 1289 4367 adhortationibus
1317 4313 1572 4367 convenit
1598 4311 1849 4377 obedire;
1901 4328 2033 4381 qua—

447 4417 605 4462 tenus
633 4406 686 4459 iu
713 4403 1081 4459 ecclesiastico
1117 4403 1376 4473 obsequio
1405 4402 1661 4458 sacerdos
1689 4403 2031 4473 exquiratur,

447 4499 595 4567 quia
622 4493 940 4550 venerandis
977 4493 1275 4550 canonibus
1313 4494 1458 4548 nulla
1496 4493 1765 4562 discrepet
1800 4494 2029 4548 ratione.
2065 4519 2111 4577 υ

447 4588 548 4656 Qui
588 4587 716 4641 dum
760 4584 918 4640 fuerit
957 4585 1258 4656 postulatus
1297 4601 1418 4640 cum
1447 4586 1792 4640 solemnitate
1832 4587 2033 4641 decreti

446 4680 688 4736 omnium
716 4676 1201 4746 subscriptionibus
1229 4677 1499 4742 roborati,
1529 4685 1587 4731 et
1615 4677 1910 4732 visitatoris
1939 4692 2033 4746 pa-

446 4772 571 4840 gina
597 4777 988 4840 prosequente,
1027 4766 1097 4821 ad
1133 4781 1234 4822 nos
1268 4766 1450 4820 veniat
1477 4765 1809 4821 ordinandus
1845 4783 1859 4819 :
1901 4781 2032 4836 pro-

448 4860 613 4916 v15uri
633 4874 760 4915 ante
780 4857 962 4914 omnia
988 4871 1057 4911 ne
1080 4856 1368 4925 cujuslibet
1383 4866 1506 4910 vna:
1532 4859 1613 4912 vel
1644 4857 1819 4912 meriti
1841 4857 2033 4913 laicam

448 4967 732 5023 personam
761 4949 1097 5020 prmsumatis
1119 4949 1316 5016 eligere
1343 4965 1356 5000 :
1391 4962 1510 5000 nam
1543 4963 1648 5002 non
1670 4949 1843 5002 solum
1869 4949 2031 5002 talem

449 5039 515 5094 ad
543 5039 886 5111 episcopatus
923 5037 1134 5108 apicem
1182 5036 1325 5090 nulla
1367 5037 1574 5091 ratione
1610 5039 2031 5105 provehendmn,

449 5131 800 5185 verumetiatn
829 5143 927 5182 vos
963 5127 1122 5181 nullis
1156 5125 1629 5181 intercessionibus
1657 5127 1865 5182 veniam
1905 5143 2030 5196 pro-

449 5221 642 5276 mereri
668 5235 826 5291 posse
853 5219 1188 5288 cognoscite;
1219 5218 1312 5271 sed
1343 5233 1528 5272 omnes
1548 5233 1682 5287 quos
1702 5233 1769 5273 ex
1792 5219 1941 5273 vobis
1967 5218 2035 5273 de

449 5311 582 5366 laica
625 5325 854 5383 persona
882 5301 1151 5379 aspirasse
1194 5307 1523 5371 constiterit,
1577 5309 1644 5362 ab
1685 5307 1863 5363 ollicio
1904 5317 1958 5362 et
2001 5323 2030 5361 a

449 5403 826 5457 communione
878 5401 1084 5455 alienos
1132 5399 1406 5454 faciendos
1453 5398 1808 5468 proculdubio
1862 5413 2029 5452 nove-

449 5490 583 5544 ritis.
621 5511 638 5542 ι
675 5489 894 5560 (Regia.
927 5489 1020 5544 lib.
1047 5504 1101 5554 ιι,
1134 5504 1215 5558 ep.
1240 5485 1354 5555 29.)

519 5579 610 5632 25.
648 5578 799 5632 Nulla
839 5579 1126 5634 occasione
1166 5576 1458 5644 Gregorius
1487 5577 1777 5646 quidquam
1822 5575 1892 5629 de
1936 5575 2033 5628 do-

521 5717 548 5746 ⁸
577 5707 635 5761 In
666 5705 807 5761 Utic.
839 5715 892 5760 et
920 5707 988 5760 al.
1022 5706 1144 5768 Ma,
1177 5709 1459 5762 ltieraliris.

519 5776 550 5817 l'
579 5777 655 5834 Ita
680 5791 810 5834 mss.
842 5775 974 5831 Vita:
1011 5776 1067 5829 S.
1109 5775 1350 5846 Gregorii
1371 5786 1424 5832 et
1462 5793 1569 5832 non
1598 5778 1752 5839 pauci
1781 5777 2033 5848 epistolas

2129 507 2285 558 batur
2313 505 2530 560 auferri.
2575 507 2781 561 Idcirco
2821 504 3146 558 Maximiano
3168 543 3181 563 ,
3231 500 3576 571 Syracusano
3605 499 3726 569 epl-

2129 612 2322 666 scopo,
2365 598 2506 651 inter
2528 598 2632 651 alia
2656 597 2870 662 scribit,
2905 595 3123 649 dicens:
3158 611 3176 642 ί
3214 591 3544 646 Charitateni
3574 599 3728 645 tuam

2132 702 2479 741 commonerc
2517 689 2819 743 curavimus
2857 695 2914 740 ut
2954 686 2999 741 si
3039 682 3303 753 quispiam
3345 682 3728 750 episcoporum

2131 779 2198 832 de
2239 781 2342 833 hac
2379 781 2496 834 luce
2537 778 2876 846 migraverit,
2923 777 3034 841 vel,
3086 774 3225 842 quod
3259 773 3432 834 absit,
3487 788 3584 841 pro
3613 772 3730 828 suis

2132 867 2291 922 fuerit
2333 878 2574 923 remotus
2603 869 2936 932 excessibus,
2981 865 3424 921 convenientibus
3454 874 3478 900 ει
3514 865 3724 918 hii-rar-

2133 959 2332 1019 clncis,
2366 959 2682 1025 cunctisque
2713 959 2841 1012 cieri
2873 955 3172 1026 prioribus,
3203 964 3367 1022 atque
3397 953 3449 1006 in
3479 960 3556 1007 sui
3587 970 3728 1022 pite-

2134 1049 2311 1102 sentia
2335 1049 2694 1102 inventarium
2717 1048 2960 1102 ecclesiae
2983 1061 3159 1100 rerum
3184 1043 3517 1105 facientibus,
3542 1044 3730 1097 omnia

2134 1155 2251 1207 qua:
2273 1150 2484 1210 reperta
2509 1140 2705 1193 fuerint
2725 1139 2992 1194 subtiliter
3012 1136 3414 1201 describantur;
3440 1150 3559 1195 nec,
3585 1135 3732 1190 sicut

2136 1238 2295 1282 antea
2344 1229 2455 1282 fieri
2503 1229 2809 1293 dicebatur,
2861 1225 3066 1294 species
3111 1224 3386 1292 quazdam,
3443 1231 3537 1276 aut
3579 1221 3731 1277 aliud

2135 1320 2410 1387 quodlibet
2431 1320 2497 1373 de
2521 1320 2676 1373 rebus
2705 1318 2965 1377 ecclesiae,
2990 1316 3141 1386 quasi
3169 1330 3266 1384 pro
3289 1313 3512 1368 faciendi
3538 1315 3732 1368 inven-

2139 1409 2259 1462 tarii
2291 1409 2506 1475 labore,
2542 1409 2781 1462 tollatur.
2823 1408 2913 1460 Sic
2943 1421 3174 1471 namque
3203 1420 3267 1459 ea
3296 1420 3414 1474 qua:
3441 1404 3508 1457 ad
3549 1406 3732 1458 muni-

2138 1499 2342 1552 tionetn
2379 1496 2653 1554 facultatis
2684 1512 2978 1566 pauperum
3006 1496 3317 1565 pertinent,
3358 1494 3732 1549 desideramus

2137 1588 2373 1658 expleri,
2408 1596 2466 1642 ut
2503 1589 2648 1642 nulla
2682 1588 2894 1655 penitus
2930 1588 2984 1640 in
3012 1588 3176 1641 rebus
3205 1601 3390 1640 eorum
3428 1586 3732 1640 ambitiosis

2138 1678 2442 1733 hominibus
2462 1678 2768 1732 venalitatis
2789 1679 3125 1744 relinquatur
3151 1678 3384 1731 occasio.
3408 1675 3732 1730 Visitatores

2139 1767 2508 1831 ecclesiarum,
2539 1766 2721 1820 clerici
2747 1781 2956 1834 quoque
2984 1781 3191 1829 eorum,
3223 1767 3454 1836 quicum
3479 1767 3608 1836 ipsis
3630 1783 3733 1836 per

2136 1874 2244 1913 non
2265 1874 2376 1912 sua:
2399 1857 2630 1911 civitatis
2652 1857 2936 1926 parochias
2959 1856 3267 1924 fatigantur,
3288 1857 3502 1924 aliquod
3528 1857 3734 1911 laboris

2135 1948 2218 2002 sui
2249 1948 2494 2010 capiant,
2526 1955 2581 2001 te
2608 1947 2958 2016 disponente,
2989 1947 3304 2001 subsidium.
3336 1945 3539 2001 Justum
3570 1963 3734 2001 nam-

2135 2053 2241 2106 que
2279 2047 2360 2092 est
2401 2047 2460 2090 ut
2503 2037 2610 2092 illic
2652 2045 3052 2105 consequantur
3087 2036 3448 2105 stipendium,
3491 2037 3580 2104 qui
3620 2052 3735 2106 pro

2135 2140 2380 2198 tempore
2408 2143 2563 2182 suum
2593 2128 2938 2182 commodare
2963 2127 3303 2196 reperiuntur
3326 2125 3661 2194 obsequium.
3699 2143 3724 2177 ι

2137 2219 2358 2290 (Regisl.
2392 2218 2484 2272 lib.
2516 2235 2586 2282 ιν,
2617 2235 2698 2287 ep.
2727 2217 2805 2289 l.)

2203 2308 2294 2360 24.
2335 2307 2765 2361 Consuetudines
2802 2305 3080 2359 dationum
3118 2304 3205 2359 vel
3244 2303 3524 2358 xenioruin
3551 2317 3582 2356 a
3611 2302 3732 2357 suis

2135 2399 2402 2468 episcopis
2425 2399 2670 2468 accipere
2697 2397 3017 2465 Gregorius,
3048 2397 3202 2465 quasi
3225 2398 3434 2468 pondus
3454 2395 3731 2466 quoddam

2135 2490 2448 2561 pestiferum
2485 2497 2602 2544 toto
2632 2490 2828 2542 mentis
2858 2503 3144 2543 conannne
3183 2489 3538 2543 detrectabat.
3571 2485 3732 2542 Unde

2139 2581 2330 2647 Felici,
2379 2581 2635 2651 episcopo
2663 2579 2992 2636 Messanensi
3027 2598 3040 2633 :
3079 2599 3098 2633 ί
3131 2578 3592 2644 Cousuetudines,
3641 2580 3729 2633 in-

2135 2672 2281 2739 quit,
2320 2685 2440 2739 qua:
2485 2671 2729 2726 ecclesiis
2773 2681 3068 2726 noscuntur
3103 2686 3392 2741 gravamen
3439 2670 3727 2732 inducere,

2138 2774 2319 2816 nostra
2361 2779 2460 2817 nos
2482 2762 2638 2816 decet
2671 2761 3104 2817 consideratione
3145 2762 3447 2826 remittere,
3488 2775 3557 2814 ne
3595 2759 3732 2814 illud

2137 2853 2314 2922 aliqua
2345 2864 2604 2921 ct'gantur
2632 2854 2862 2919 inferre,
2911 2853 3052 2908 unde
3080 2853 3181 2909 sibi
3221 2852 3498 2908 inferenda
3527 2853 3726 2907 debent

2137 2947 2315 3014 potius
2341 2957 2679 3014 exspectare.
2710 2945 2936 3000 Clerieis
2963 2945 3180 3014 quidem
3209 2947 3346 3014 tuis,
3381 2947 3465 3001 vel
3496 2945 3731 3000 aliorum

2135 3035 2585 3090 consuetudinem
2613 3045 2665 3089 te
2691 3045 2909 3105 oportet
2938 3036 3196 3091 illibatam
3224 3053 3444 3092 servare
3463 3080 3480 3104 ,
3507 3038 3732 3108 eisque,

2136 3127 2290 3181 annis
2318 3125 2562 3193 singulis,
2588 3140 2705 3194 qua:
2725 3135 2848 3180 sunt
2869 3134 3127 3180 consueta
3153 3127 3542 3181 transmittere:
3570 3129 3735 3184 nobis

2137 3233 2264 3272 vero
2289 3218 2356 3271 de
2386 3227 2613 3283 rmtero,
2659 3232 2727 3272 ne
2754 3217 2881 3288 quid
2917 3218 3206 3272 transmitti
3234 3218 3460 3286 debeat,
3511 3220 3731 3276 inhibe-

2134 3324 2271 3362 mus.
2323 3307 2391 3360 Et
2423 3307 2679 3376 quoniam
2728 3322 2835 3361 non
2881 3306 3216 3362 delectantur
3259 3308 3466 3376 xeniis,
3514 3309 3729 3378 palma-

2135 3399 2308 3452 tiauas
2351 3413 2486 3467 quas
2535 3405 2625 3452 tua
2671 3398 2869 3453 direxit
2914 3396 3222 3454 fraternitas
3266 3415 3387 3455 cum
3431 3402 3729 3469 gratiarum

2134 3488 2345 3541 actione
2376 3487 2743 3558 suscepimus;
2775 3487 2871 3543 sed
2894 3503 3010 3556 eas,
3034 3503 3102 3543 ne
3125 3491 3269 3559 quod
3287 3491 3494 3545 exinde
3522 3493 3729 3546 sentire

2134 3579 2403 3648 potuisses
2437 3578 2774 3647 dispendium
2795 3620 2811 3647 ,
2841 3579 3004 3648 digno
3041 3579 3270 3636 fecimus
3299 3582 3475 3649 pretio
3513 3597 3724 3638 venun-

2134 3673 2270 3738 dari,
2301 3682 2356 3728 et
2378 3673 2430 3727 id
2459 3681 2561 3728 tuae
2589 3673 2912 3729 fraternitati
2933 3674 3325 3732 transmisimus
3355 3677 3379 3712 δ
3411 3676 3718 3744 sigillatum.

2134 3763 2242 3819 Sed
2265 3765 2390 3833 quia
2414 3765 2730 3821 charitatem
2752 3773 2898 3820 tuam
2922 3765 2990 3820 ad
3019 3781 3119 3822 nos
3141 3768 3282 3824 velle
3311 3769 3495 3824 venire
3521 3784 3724 3839 cogno-

2135 3856 2345 3920 vimus,
2379 3855 2594 3924 scriptis
2631 3858 2982 3926 praesentibus
3022 3858 3402 3928 admonemus,
3429 3864 3536 3934 97
3569 3872 3630 3916 ut
3654 3864 3722 3921 ad

2135 3944 2461 4000 veniendum
2497 3960 2606 4000 non
2644 3945 2844 4001 debeas
2883 3946 3125 4002 laborem
3153 3963 3458 4017 assumere;
3501 3951 3594 4006 sed
3623 3967 3719 4007 ora

2137 4049 2234 4104 pro
2256 4035 2430 4100 nobis,
2454 4042 2512 4088 ut
2534 4043 2737 4105 quanto
2755 4051 2855 4091 nos
2873 4037 3080 4092 itineris
3100 4038 3380 4093 intervalla
3402 4040 3719 4105 dissociant,

2137 4136 2289 4182 tanto
2318 4127 2514 4183 animis
2541 4128 2741 4183 nostris
2768 4129 2834 4182 ad
2863 4129 3092 4184 invicem
3113 4172 3128 4197 ,
3168 4129 3384 4187 Christo
3411 4133 3719 4201 adjuvante,

2136 4215 2304 4269 simus
2339 4216 2392 4268 in
2429 4215 2695 4271 charitate
2722 4217 3031 4286 conjuncti;
3071 4227 3339 4287 quatenus
3365 4219 3575 4276 alterna
3622 4238 3722 4278 nos

2136 4306 2510 4362 obsecratione
2540 4306 2822 4376 iuvantes,
2866 4317 3174 4378 susceptum
3211 4310 3449 4367 oilicium
3492 4322 3720 4370 venturo

2136 4393 2402 4461 integrum
2470 4393 2643 4450 Judiei
2696 4395 3053 4463 resignemus.
3117 4416 3137 4450 ι
3205 4398 3448 4471 (chist.
3507 4403 3599 4456 lib.
3660 4420 3719 4469 ι,

2134 4501 2216 4556 ep.
2249 4485 2339 4552 66,
2369 4486 2482 4540 ind.
2513 4485 2591 4556 9.)

2215 4576 2346 4630 Item
2383 4575 2615 4646 Joanui,
2655 4578 2913 4651 episcopo
2941 4582 3128 4652 prima:
3155 4580 3503 4650 Justinianze,
3544 4587 3630 4640 cui
3669 4597 3723 4642 et

2142 4666 2361 4735 pallium
2391 4668 2590 4731 mittit,
2620 4659 2686 4724 et
2713 4670 2858 4727 vices
2886 4688 3010 4729 suas
3037 4675 3354 4742 committit,
3396 4685 3517 4746 post
3555 4676 3724 4733 multa

2141 4757 2329 4812 scribit
2371 4775 2383 4810 :
2430 4777 2449 4810 ι
2481 4757 2651 4814 Xenia
2678 4769 2858 4818 autem
2886 4773 3078 4820 vestra:
3113 4767 3416 4823 sanctitatis
3447 4769 3724 4837 suscipere

2141 4851 2362 4903 omnino
2385 4850 2679 4918 nolueram,
2707 4854 2832 4922 quia
2858 4855 3014 4910 valde
3040 4865 3183 4912 esset
3205 4857 3576 4927 incongruum,
3609 4867 3667 4914 ut
3693 4873 3724 4915 a

2143 4939 2392 5009 praedatis
2421 4951 2582 5011 atque
2619 4942 2829 5000 afflictis
2869 4944 3119 5002 fratribus
3153 4963 3377 5003 munera
3420 4950 3728 5018 percepisse

2139 5031 2476 5097 videremur;
2501 5032 2596 5086 sed
2617 5036 2957 5102 responsales
2976 5039 3140 5092 vestri
3162 5039 3270 5093 alio
3295 5054 3382 5094 me
3402 5049 3724 5108 argumento

2141 5119 2416 5185 vicerunt,
2450 5120 2516 5175 ad
2539 5137 2662 5175 eum
2692 5123 2779 5176 illa
2807 5123 3138 5194 deferentes,
3173 5143 3202 5182 a
3232 5143 3341 5197 quo
3369 5145 3476 5184 non
3501 5144 3726 5199 possent

2139 5221 2331 5266 vestrae
2382 5213 2730 5270 fraternitatis
2777 5216 3078 5276 oblationes
3123 5223 3332 5291 repelli.
3370 5242 3389 5274 ι
3448 5221 3597 5292 (Lib.
3653 5241 3726 5293 ιι,

2137 5319 2216 5372 ep.
2252 5301 2382 5373 25.)
3427 5330 3452 5350 .

2209 5392 2298 5447 25.
2322 5393 2462 5450 llinc
2480 5403 2561 5450 est
2582 5398 2724 5466 quod
2746 5397 3035 5470 Gregorius
3056 5403 3431 5472 episcoporum
3454 5404 3728 5459 neminem

2141 5483 2207 5537 ad
2238 5485 2424 5540 urbem
2451 5486 2676 5556 fatigare
2701 5491 2998 5556 delectans,
3029 5492 3354 5550 Maximiano
3384 5494 3731 5566 Syracusano

2139 5573 2429 5645 episcopo,
2477 5577 2622 5632 vices
2663 5593 2788 5634 suas
2824 5595 2921 5649 per
2955 5582 3192 5637 Siciliam
3227 5593 3394 5638 totam
3423 5584 3726 5650 commisit;

2140 5724 2278 5778 rum,
2312 5711 2401 5767 ubi
2429 5727 2498 5766 ex
2524 5713 2641 5769 aliis
2665 5713 2824 5770 editis
2851 5717 3166 5776 retinuimus
3193 5719 3484 5789 sigitlatim.
