4018 6320
313 284 417 341 MS

897 284 951 336 S.
996 282 1320 361 Cl'HLGORIl
1364 283 1564 338 PAPJ‘J
1611 286 1793 343 VITA.
1834 289 1850 339 .-‘

1956 286 2038 337 IT.
2081 284 2347 339 JQANNE
2390 286 2703 347 DIACONO.
2746 292 2873 348 LIB.
2916 295 3000 349 ΙΙΙ.

3479 306 3579 354 HD

304 398 623 468 pracipiens
653 405 709 448 ιιι
741 410 929 448 omnes
957 395 1199 464 episcopi
1228 396 1393 449 semel
1436 397 1485 449 in
1517 396 1885 464 quinquennio
1916 402 1962 460 Α
1990 396 2190 451 ballum
2215 400 2398 462 vobis,
2449 403 2662 470 qualem
2695 405 2937 464 invenire
2964 409 3234 478 potuimus
3256 452 3273 477 ,
3316 412 3384 467 de
3412 414 3577 471 bene-

304 494 533 549 ltomaut
561 490 818 544 venirent.
854 488 1088 558 (Regist.
1121 489 1209 542 lib.
1243 506 1311 553 ιι,
1344 506 1428 560 ep.
1463 491 1555 561 7.)
1602 491 1751 543 [Inde
1780 491 1885 560 Cy-

302 582 489 655 priano
525 586 750 639 diacono
789 582 1031 635 scribens
1076 599 1088 634 :
1139 601 1155 630 ι
1190 581 1377 643 Novit,
1408 583 1515 648 ait,
1548 582 1763 635 dilectio
1796 590 1881 633 tua

300 680 437 733 hanc
464 678 590 731 olim
619 674 1061 729 consul-tudinem
1097 673 1366 739 tenuisse,
1398 682 1455 725 nt
1484 671 1677 727 fratres
1706 680 1761 724 et
1786 687 1882 725 co-

295 768 534 838 episcopi
561 767 732 820 nostri
777 767 1000 819 Romam
1045 764 1212 819 semel
1250 763 1301 816 iu
1335 763 1567 817 triennio
1603 763 1669 817 de
1700 761 1880 816 Sicilia

292 859 673 923 convenirent;
704 858 800 912 sed
825 874 923 913 nos
945 872 1133 912 eorum
1158 856 1327 911 labori
1350 857 1713 922 consulentes,
1739 858 1879 912 scias

291 952 632 1005 constituisse
675 959 735 1003 ut
762 966 913 1004 suam
945 951 1034 1004 hic
1067 951 1234 1003 semel
1266 950 1316 1002 in
1348 949 1711 1019 quinquennio
1743 964 1876 1016 prm-

288 1040 514 1094 sentiam
554 1040 903 1104 exhibrrent,
937 1060 956 1092 ι
1005 1046 1060 1095 et
1102 1049 1320 1094 caetera.
1366 1039 1594 1110 (Regist.
1647 1037 1739 1093 lib.
1774 1053 1870 1101 νη,

287 1147 370 1199 ep.
418 1130 544 1202 2‘2.)
598 1131 700 1186 L‘bi
748 1133 1045 1184 notandtm
1090 1132 1215 1199 quia
1265 1132 1309 1185 si
1354 1131 1542 1184 beatus
1583 1128 1873 1196 Gregorius

288 1223 441 1277 xenia
460 1262 475 1287 ,
506 1223 653 1292 quod
682 1223 831 1279 credi
866 1224 1015 1280 nefas
1036 1233 1117 1278 est
1136 1264 1152 1289 ,
1182 1224 1484 1287 anhelaret,
1519 1240 1624 1276 non
1653 1224 1867 1291 cpisco-

285 1332 476 1385 porum
508 1318 775 1371 adventus
802 1333 830 1370 a
865 1318 1098 1373 triennio
1138 1319 1189 1371 in
1228 1318 1650 1387 quinquennium
1681 1324 1865 1385 prote-

282 1408 454 1477 laret,
506 1411 671 1463 immo
722 1426 751 1462 a
802 1410 1035 1465 triennio
1088 1412 1139 1465 in
1187 1409 1461 1464 biennium
1511 1410 1864 1479 proculdubio

278 1500 581 1556 festinaret.

355 1590 447 1646 26.
488 1593 595 1648 Sed
624 1592 835 1663 quando
865 1594 1017 1647 xenia
1041 1599 1189 1659 grate
1210 1592 1521 1663 susciperet,
1553 1594 1646 1662 qui
1674 1610 1864 1665 quam-

272 1682 367 1737 vis
388 1683 768 1752 dispensandas
796 1684 1016 1738 alterius
1040 1684 1405 1755 eleemosynas
1431 1702 1683 1743 recusare
1706 1689 1864 1745 time-

1988 486 2224 542 dictione
2259 491 2431 545 sancti
2469 492 2611 547 Petri
2640 497 3063 561 transmisimus,
3094 506 3152 551 ut
3181 500 3426 557 habeatis
3453 520 3576 558 cum

1986 592 2095 644 quo
2119 586 2240 646 post
2261 578 2624 637 infirmitatem
2645 586 2845 640 vectari
2870 588 3105 657 possitis.
3128 608 3147 642 ι
3171 588 3394 662 (Regist.
3410 593 3501 648 lib.
3519 612 3573 660 x,

1984 684 2065 737 ep.
2103 667 2198 735 45,
2230 672 2413 725 indici.
2443 673 2519 741 5.)

2054 757 2143 812 28.
2186 759 2300 815 Tali
2350 772 2580 830 patrono
2630 772 2757 820 tunc
2800 767 2942 823 illius
2987 771 3246 839 temporis
3290 773 3572 842 pontifices

1981 848 2250 915 ampliati,
2302 858 2411 905 tam
2454 867 2624 906 novas
2664 854 2924 911 ecclesias
2972 873 3001 911 a
3041 860 3398 919 fundamentis
3440 879 3573 918 con-

1978 946 2249 993 struentes
2268 955 2486 1006 ornare,
2505 957 2664 1009 quam
2683 953 2897 1000 veteres
2912 963 3129 1017 quoque
3147 951 3571 1018 splendidissime

1977 1042 2240 1083 renovare
2287 1041 2589 1099 cmperunt.
2641 1032 2776 1086 Nam
2829 1036 3124 1106 Gregorius
3177 1040 3307 1093 nihil
3355 1041 3409 1094 in
3461 1044 3571 1097 suis

1975 1118 2243 1185 episcopis
2293 1121 2482 1188 magis,
2529 1136 2689 1189 quam
2736 1125 3100 1189 sanctitatem,
3152 1128 3468 1197 sapientiam
3519 1140 3571 1186 et

1972 1207 2351 1263 liberalitatem
2380 1210 2747 1265 curiosissime
2768 1215 3108 1280 qumritabat.
3144 1216 3298 1281 Quod
3323 1228 3379 1272 ut
3401 1220 3569 1287 signi-

1972 1298 2216 1353 ficantius
2255 1299 2555 1367 elucescat,
2602 1302 2864 1369 quasdam
2897 1305 3249 1374 epistolarum
3272 1309 3390 1377 ejus
3410 1310 3564 1363 adhi-

1970 1389 2134 1455 bebo,
2181 1406 2408 1460 quarum
2449 1392 2755 1449 testimonio
2794 1395 2967 1449 lector
3010 1412 3164 1451 meus
3204 1400 3560 1465 quorumdam

1967 1480 2344 1550 episcoporum
2366 1482 2496 1537 vitia
2525 1484 2849 1553 reprehensa
2874 1496 3187 1552 cognoscat.
3219 1487 3305 1543 Ait
3335 1491 3477 1544 enim
3507 1492 3560 1545 in

1965 1572 2195 1641 epistola
2219 1572 2491 1639 Secundo,
2515 1590 2674 1629 servo
2697 1574 2815 1641 Dei,
2842 1576 2983 1631 inter
3011 1585 3225 1643 caetera,
3258 1579 3337 1635 sic
3364 1598 3377 1633 :

2036 1672 2125 1727 29.
2177 1690 2197 1725 ι
2236 1673 2477 1728 Fratrem
2507 1684 2746 1729 nostrum
2778 1674 3165 1743 Marinianum,
3207 1679 3519 1749 episcopum
3540 1722 3554 1745 ,

269 1779 386 1837 ret,
418 1787 511 1825 eas
543 1780 718 1825 tamen
749 1782 803 1826 et
834 1772 1067 1828 timendo
1089 1775 1436 1844 suscipiebat,
1469 1787 1524 1833 et
1551 1780 1858 1838 cautissime
1895 1774 1937 1832 Β
1961 1763 2141 1817 Verbis
2181 1763 2376 1834 quibus
2423 1765 2572 1820 vales
2618 1766 2792 1821 enim
2814 1809 2830 1835 θ
2875 1768 3003 1835 Ψ¹ί³
3048 1784 3173 1823 eum
3223 1771 3555 1827 Obdormisse

268 1860 622 1929 dispensabat
654 1878 667 1914 :
708 1862 907 1931 quique
942 1864 1077 1919 adeo
1111 1881 1209 1920 sua
1249 1866 1411 1931 dare,
1462 1879 1518 1924 et
1547 1872 1720 1927 aliena
1751 1890 1859 1929 non

270 1953 521 2022 accipere
549 1963 939 2021 consueverat,
984 1964 1044 2010 ut
1078 1959 1242 2012 etiam
1286 1976 1464 2014 rerum
1507 1970 1859 2031 quarumdam

271 2043 446 2111 pretia
494 2043 707 2112 penitus
749 2042 1029 2101 refutaret.
1083 2047 1231 2102 l‘nde
1273 2041 1496 2119 Etlll‘gio
1540 2055 1859 2122 patriarchae

271 2133 637 2189 Alexandrino
663 2135 802 2189 inter
827 2146 1023 2191 cetera
1051 2139 1257 2202 scribit,
1290 2142 1515 2198 dicens:
1549 2164 1568 2195 (
1600 2144 1673 2199 De
1702 2145 1858 2215 lignis

269 2226 418 2293 quod
460 2227 693 2280 scribitis
720 2229 844 2296 quia
886 2230 1068 2284 brevia
1115 2230 1341 2297 fut-rint,
1386 2235 1540 2289 navis
1569 2251 1665 2304 per
1691 2253 1853 2308 quam

272 2318 584 2373 transmissa
615 2328 742 2373 sunt
784 2321 1014 2387 qualitas
1056 2321 1184 2378 fecit
1216 2342 1227 2376 :
1260 2325 1385 2393 quia
1423 2326 1468 2380 si
1502 2326 1675 2397 major
1702 2331 1854 2386 navis

266 2409 522 2477 venisset,
558 2413 850 2480 potuissem
882 2414 1021 2483 ligna
1045 2417 1206 2470 etiam
1238 2418 1438 2487 majora
1465 2422 1848 2478 transmittere.

266 2502 423 2568 Quod
448 2513 627 2557 autem
667 2505 844 2560 dicitis
863 2549 878 2574 ,
924 2510 1048 2575 quia
1078 2509 1121 2562 si
1151 2511 1357 2578 majora
1385 2514 1812 2570 transmittamus
1834 2557 1849 2581 ,

263 2596 498 2665 pretium
527 2596 666 2651 datis
699 2616 712 2651 :
756 2599 988 2667 largitati
1016 2603 1230 2670 quidem
1262 2609 1459 2673 gratias
1486 2607 1724 2675 agimus,
1756 2610 1852 2664 sed

262 2689 516 2757 accipere
544 2690 815 2758 pretium,
853 2690 1144 2761 Evangelio
1174 2694 1556 2764 interdicente,
1600 2700 1853 2768 prohibe-

262 2795 404 2834 mur.
428 2780 539 2837 Nos
566 2784 710 2837 enim
733 2799 798 2838 ea
824 2800 941 2855 qua:
966 2788 1378 2843 transmittimus
1400 2790 1562 2859 ligna,
1596 2807 1703 2846 non
1726 2794 1853 2847 emi-

261 2888 420 2929 mus:
450 2883 506 2929 et
534 2878 803 2944 quomodo
828 2894 1113 2947 possumus
1144 2882 1375 2950 pretium
1416 2884 1694 2953 accipere,
1726 2901 1849 2941 cum

259 2967 525 3035 scriptum
540 2968 610 3021 sit
635 2986 648 3021 :
677 2965 853 3023 Gratis
871 2972 1159 3040 accepistis,
1185 2974 1348 3041 gratis
1371 2973 1529 3027 date?
1548 2974 1699 3030 Nunc
1720 2990 1849 3045 ergo

257 3058 411 3127 juxta
441 3059 661 3115 modum
690 3063 839 3115 navis
869 3078 965 3131 per
992 3065 1303 3118 nauclerum
1327 3082 1486 3134 parra
1505 3068 1644 3137 ligna
1671 3078 1843 3123 trans-

258 3150 503 3207 misimus
533 3169 546 3205 :
578 3154 824 3220 sequenti
860 3170 988 3208 vero
1019 3170 1191 3221 anno,
1242 3156 1284 3211 si
1326 3158 1683 3228 omnipotenti
1730 3161 1842 3215 Deo
1874 3132 1917 3194 C
1949 3133 1974 3228 ξ

257 3241 551 3311 placuerit,
583 3243 785 3311 majora
822 3260 1207 3314 prmparamus.
1240 3266 1257 3298 ι
1305 3247 1539 3319 (Reg/ist.
1587 3249 1675 3304 lib.
1720 3267 1841 3317 vui,

254 3332 512 3404 ep.29.)

329 3432 418 3485 27.
460 3432 578 3487 Non
617 3433 809 3488 mirum
848 3437 891 3490 si
933 3437 1335 3496 liberalissimus
1387 3441 1630 3510 p0utifrx
1671 3444 1843 3499 nullas

254 3526 676 3582 consuetudines
704 3544 734 3582 a
760 3530 871 3583 suis
899 3530 1245 3600 suffragaueis
1264 3572 1279 3597 ,
1309 3535 1452 3587 nulla
1486 3535 1640 3588 xenia
1664 3536 1841 3603 capie-

254 3618 369 3685 bat,
399 3620 594 3687 quibus
622 3620 757 3690 ipse,
790 3623 835 3676 si
865 3638 967 3693 qua
1000 3625 1307 3679 necessaria
1340 3625 1677 3691 videbantur,
1711 3629 1841 3682 satis

252 3709 501 3764 hilariter
529 3711 885 3767 ministrabat.
922 3714 1071 3768 Unde
1099 3714 1363 3770 Venantio
1393 3717 1647 3786 episcopo
1674 3716 1841 3773 Peru-

251 3804 376 3857 sino
416 3804 634 3870 scribit,
665 3805 847 3861 dicens
880 3824 892 3859 :
934 3826 952 3857 ‹
986 3806 1228 3861 Fratrem
1257 3816 1310 3863 ct
1338 3811 1717 3880 coepisc0pum
1746 3828 1841 3864 no-

251 3903 425 3947 strum
467 3893 762 3949 Ecclesium
805 3896 1001 3966 frigore
1041 3899 1263 3953 omnino
1303 3900 1549 3954 laborare
1587 3902 1842 3968 cognovi-

251 4002 402 4049 mus,
435 4002 533 4055 pro
560 4000 627 4040 eo
655 3987 798 4055 quod
830 3988 1127 4057 hyemalem
1161 3997 1362 4043 vestem
1391 4006 1495 4043 non
1528 3991 1744 4045 habeat.
1776 3990 1843 4046 Et

252 4080 378 4147 quia
419 4079 623 4147 aliquid
668 4080 769 4133 sibi
812 4095 841 4133 a
887 4081 1041 4135 nobis
1081 4082 1236 4150 petiit
1270 4083 1469 4140 debere
1505 4086 1838 4155 transmitti,

250 4169 575 4223 fraternitati
598 4180 699 4223 tuae
720 4169 786 4223 ad
812 4173 915 4225 hoc
936 4187 1031 4240 per
1052 4172 1278 4226 latorem
1302 4175 1642 4242 praesentium
1659 4185 1838 4232 trans~

252 4259 499 4312 misimus
528 4259 955 4328 amphimallum,
991 4262 1227 4316 tunicam
1268 4275 1321 4317 et
1358 4265 1651 4332 pectorale,
1684 4274 1742 4320 ut
1801 4285 1828 4323 a

255 4357 308 4403 te
331 4351 381 4403 ei
404 4349 637 4404 debeant
667 4351 785 4405 sine
807 4367 955 4405 mora
985 4355 1294 4411 transmitti.
1328 4353 1394 4407 Et
1416 4356 1536 4409 ideo
1560 4356 1625 4409 ad
1648 4357 1839 4426 praedi-

252 4448 397 4493 ctum
426 4439 645 4494 fratrem
668 4449 912 4495 nostrum
936 4442 1036 4496 sub
1059 4446 1201 4498 omni
1230 4444 1360 4499 illud
1382 4446 1659 4501 celeritate
1681 4447 1837 4502 stude

256 4531 647 4597 transmittere;
680 4541 841 4601 atque
871 4534 1025 4589 nobis
1054 4535 1157 4590 hoc
1185 4537 1388 4606 ipsum,
1431 4539 1555 4607 quia
1588 4541 1837 4594 transmi-

252 4624 419 4691 seris,
448 4626 559 4696 93
581 4626 687 4679 tuis
715 4628 1024 4681 renuntiare
1053 4628 1294 4698 epistolis
1325 4646 1429 4685 non
1457 4632 1708 4701 omittas,
1739 4633 1836 4689 sed

255 4717 326 4768 ita
358 4715 460 4779 fac,
494 4724 552 4768 ut
580 4717 646 4769 ad
677 4718 1171 4785 transmittendum,
1202 4720 1328 4787 quia
1355 4721 1645 4776 vehemens
1672 4721 1838 4778 frigus

252 4814 355 4870 est,
386 4820 596 4860 moram
626 4808 856 4876 aliquam
881 4808 1103 4864 minime
1132 4810 1317 4865 facias.
1358 4830 1377 4862 ι
1418 4811 1640 4883 (Βρςὶδι.
1666 4814 1755 4868 lib.
1781 4831 1833 4881 x,

249 4916 333 4967 ep.
366 4896 456 4964 55,
486 4899 667 4953 indici.
696 4900 774 4970 5.)

322 4998 456 5052 Item
487 4999 664 5053 eidem
702 4999 948 5055 Ecclesio
985 5002 1204 5059 Clusino
1228 5006 1481 5076 episcopo
1515 5026 1528 5062 :
1566 5026 1585 5062 ι
1622 5008 1831 5081 Scripta

248 5087 608 5143 fraternitatis
649 5098 841 5144 vestrm
881 5093 1258 5161 suscipientes,
1303 5100 1605 5154 contristati
1652 5117 1835 5157 sumus

247 5181 395 5248 quod
436 5195 535 5234 vos
562 5195 660 5250 per
685 5196 749 5235 ea
779 5190 831 5235 et
860 5184 1094 5252 graviter
1123 5185 1419 5245 intirmatos
1456 5199 1512 5245 et
1540 5192 1713 5249 adhuc
1741 5196 1836 5251 de-

246 5271 385 5326 biles
416 5287 537 5326 esse
566 5274 933 5341 cognovimus.
968 5275 1035 5332 Et
1066 5277 1193 5334 licet
1232 5283 1571 5339 sanctitatem
1600 5298 1834 5342 vestram

244 5364 463 5419 videndi
493 5366 818 5423 desiderium
857 5370 1206 5440 haberemus,
1252 5375 1390 5431 bene
1419 5386 1600 5435 tamen
1634 5381 1836 5440 fecistis

246 5456 354 5510 isto
391 5473 492 5513 vos
530 5460 640 5515 illic
668 5470 911 5533 tempore
946 5468 1225 5524 continere
1255 5487 1269 5526 :
1300 5488 1368 5527 ne
1398 5476 1677 5531 venientes
1705 5478 1829 5547 huc,

244 5546 314 5600 de
342 5550 672 5616 mgritudinis
693 5563 880 5608 vestite
900 5557 1143 5613 molestia
1168 5562 1457 5619 recidivam
1490 5567 1643 5622 nobis
1667 5546 1832 5625 tristi-

248 5637 376 5695 tiam
414 5638 683 5697 faceretis.
718 5662 736 5695 ι
773 5642 835 5697 Et
862 5656 981 5711 post
1007 5665 1179 5718 pauca
1213 5671 1223 5705 :
1266 5672 1283 5705 ι
1326 5654 1495 5711 Unum
1526 5670 1703 5718 autem
1732 5682 1826 5720 ca-

1963 1854 2229 1923 suspicor.
2280 1855 2414 1909 Nam
2456 1866 2726 1912 venerunt
2771 1858 2988 1927 quidam
3029 1860 3096 1914 ad
3135 1877 3221 1917 me
3261 1863 3313 1931 in
3361 1864 3555 1931 quibus

1959 1955 2117 2000 erant
2146 1947 2364 2015 quidam
2399 1962 2557 2002 senes
2592 1949 2997 2017 mendicantes,
3028 1953 3121 2020 qui
3152 1968 3179 2005 a
3213 1968 3300 2007 me
3329 1952 3555 2011 discussi

1960 2045 2089 2092 sunt
2113 2052 2142 2090 a
2166 2038 2361 2104 quibus
2382 2046 2437 2092 et
2458 2039 2584 2107 quid
2615 2041 2948 2109 acceperint,
2978 2052 3033 2096 et
3058 2058 3154 2112 per
3172 2043 3379 2112 singula
3409 2056 3553 2099 retu-

1956 2124 2133 2179 lerunt
2173 2134 2374 2194 quanta
2420 2128 2500 2182 eis
2545 2136 2601 2181 et
2643 2143 2673 2181 a
2716 2130 2912 2198 quibus
2951 2131 3001 2184 in
3044 2132 3237 2187 itinere
3271 2133 3394 2187 data
3423 2135 3547 2188 sint.

1956 2213 2139 2280 Quos,
2185 2215 2309 2268 dum
2359 2217 2592 2272 sollicite
2633 2219 2701 2271 de
2738 2219 2993 2288 praedicto
3024 2222 3191 2277 fratre
3220 2227 3549 2293 requirerem

1955 2303 2080 2371 quid
2108 2303 2186 2357 eis
2208 2304 2479 2373 dedisset,
2510 2307 2906 2376 responderunt
2935 2324 2994 2364 se
3020 2326 3141 2365 eum
3172 2327 3423 2382 rogasse,
3455 2318 3547 2371 sed

1953 2396 2021 2450 ab
2048 2411 2116 2450 eo
2138 2411 2197 2450 se
2223 2397 2444 2451 omnino
2475 2398 2609 2452 nihil
2638 2401 2931 2469 accepisse,
2966 2402 3037 2456 ita
3068 2412 3127 2457 ut
3151 2419 3326 2472 neque
3353 2422 3545 2476 panem

1953 2486 2007 2539 in
2041 2486 2124 2539 via
2155 2488 2493 2556 acceperint,
2543 2490 2687 2557 quod
2728 2492 2859 2546 dare
2900 2494 3149 2548 omnibus
3190 2495 3266 2549 illi
3306 2498 3547 2552 ecclesia:

1952 2592 2169 2646 semper
2214 2578 2477 2633 familiare
2522 2579 2639 2633 fuit.
2690 2581 2950 2637 Dixerunt
2997 2585 3140 2638 enim
3185 2603 3197 2638 :
3250 2585 3547 2657 Respondit

1953 2665 2110 2719 nobis
2133 2666 2354 2721 dicens:
2385 2667 2502 2723 Non
2527 2670 2701 2723 habeo
2728 2671 2873 2739 quod
2898 2673 3049 2727 vobis
3071 2674 3202 2729 dare
3232 2678 3457 2745 possim.
3481 2677 3545 2733 Et

1954 2757 2122 2810 miror
2144 2757 2189 2810 si
2216 2758 2261 2810 is
2290 2759 2382 2827 qui
2405 2769 2583 2815 vestes
2608 2761 2789 2827 habet,
2814 2772 3092 2831 argentum
3120 2767 3305 2835 habet,
3329 2770 3543 2828 cellaria

1954 2845 2147 2910 habet,
2179 2848 2322 2916 quod
2353 2851 2682 2918 pauperibus
2710 2854 2907 2907 debeat
2935 2855 3063 2909 dare
3091 2873 3199 2910 non
3228 2858 3408 2914 habet.
3451 2861 3544 2917 Dic

1953 2949 2083 3003 ergo
2110 2936 2188 2990 illi
2215 2945 2272 2990 ut
2299 2953 2420 2991 cum
2450 2940 2571 2995 loco
2599 2949 2773 2994 mutet
2802 2951 3059 2998 menteut.
3092 2946 3208 3000 Non
3234 2947 3335 3001 sibi
3362 2950 3544 3003 credat

1953 3028 2124 3081 solam
2155 3028 2441 3084 lectionetn
2471 3038 2526 3084 et
2559 3033 2860 3087 orationem
2889 3033 3165 3100 sufficere,
3211 3047 3267 3091 ut
3306 3048 3543 3096 remotus

1980 3117 2162 3172 tudeat
2188 3119 2379 3174 sedere
2404 3129 2458 3175 et
2478 3119 2546 3175 de
2572 3137 2736 3176 manu
2766 3124 2897 3177 nihil
2927 3125 3277 3196 fructificare;
3309 3130 3402 3185 sed
3431 3131 3541 3184 lar-

1950 3222 2073 3276 gam
2114 3225 2333 3263 manum
2370 3211 2597 3278 habeat,
2640 3216 3015 3270 necessitatem
3056 3219 3383 3286 patientibus
3410 3237 3541 3276 con-

1948 3312 2163 3368 currat,
2203 3304 2438 3358 alienam
2467 3304 2708 3378 inopiam
2737 3323 2889 3363 suam
2917 3310 3101 3365 credat
3143 3329 3156 3363 :
3196 3313 3321 3381 quia
3350 3317 3393 3368 si
3423 3314 3540 3369 haec

1948 3410 2055 3448 non
2087 3396 2269 3462 habet,
2300 3411 2526 3452 vacuum
2556 3398 2797 3469 episcopi
2824 3416 3023 3456 nomen
3046 3409 3214 3459 tenet.
3247 3424 3267 3457 ι
3299 3407 3535 3479 (Regist.

1944 3482 2035 3537 lib.
2064 3500 2136 3551 γι,
2178 3502 2259 3555 ep.
2293 3485 2410 3555 50.)

2015 3584 2103 3638 3t).
2145 3583 2278 3639 Item
2316 3584 2550 3653 Sereno,
2590 3590 2848 3661 episcopo
2885 3590 3238 3662 Massiliensi,
3279 3605 3402 3667 post
3438 3601 3537 3657 ali-

1943 3689 2049 3742 qua
2078 3693 2091 3727 :
2132 3692 2151 3726 ‹
2183 3675 2450 3730 Perlatum
2477 3679 2546 3731 ad
2585 3694 2686 3734 nos
2714 3681 2925 3747 fuerat,
2966 3685 3110 3751 quod
3139 3686 3535 3743 inconsiderato

1944 3766 2061 3821 zelo
2099 3782 2422 3835 succensus,
2462 3781 2775 3826 sanctorum
2809 3773 3097 3842 imagines,
3129 3778 3228 3831 sub
3255 3778 3355 3833 hac
3382 3782 3535 3849 quasi

1943 3858 2321 3923 excusatione,
2364 3874 2432 3913 ne
2461 3860 2675 3914 adorari
2703 3863 3048 3931 debuissent,
3079 3868 3427 3937 confregeris.
3470 3872 3534 3927 Et

1942 3943 2178 4014 quidem,
2210 3946 2337 4015 quia
2365 3961 2459 4002 eas
2487 3948 2702 4003 adorari
2730 3953 3012 4018 vetuisses,
3045 3957 3267 4012 omnino
3296 3959 3530 4015 laudavi-

1940 4050 2061 4089 mus
2102 4051 2116 4089 :
2156 4036 2384 4103 fregisse
2422 4053 2554 4094 vero
2593 4041 3056 4109 reprehendimus.
3095 4046 3220 4112 Dic,
3263 4047 3461 4119 frater,
3501 4068 3531 4108 a

1939 4142 2048 4197 quo
2086 4127 2288 4183 factum
2328 4132 2612 4187 sacerdote
2650 4134 2970 4205 aliquando,
3010 4140 3095 4193 vel
3132 4140 3369 4195 auditum
3407 4152 3530 4212 est,

1938 4222 2083 4289 quod
2103 4221 2314 4277 fecisti?
2344 4221 2400 4276 Si
2426 4239 2533 4277 non
2559 4225 2729 4293 aliud,
2755 4228 2842 4282 vel
2872 4228 2999 4283 illud
3027 4239 3079 4286 te
3104 4248 3210 4286 non
3237 4233 3420 4288 debuit
3441 4250 3528 4289 re-

1937 4330 2163 4380 vocare,
2216 4325 2241 4353 ιι
2269 4323 2355 4382 ut,
2398 4316 2674 4386 despectis
2710 4320 2829 4374 aliis
2866 4320 3152 4388 fratribus,
3194 4326 3365 4381 solum
3397 4335 3449 4382 te
3475 4336 3529 4382 et

1936 4413 2182 4459 sanctum
2214 4421 2334 4461 esse
2364 4409 2615 4463 crederes
2644 4417 2700 4463 et
2724 4412 3043 4479 sapientem.
3088 4416 3241 4471 Aliud
3270 4428 3352 4472 est
3385 4421 3529 4476 enim

1865 4531 1914 4590 υ
1940 4494 2204 4563 picturam
2234 4497 2490 4563 adorare,
2526 4500 2667 4553 aliud
2693 4516 2788 4569 per
2810 4503 3033 4571 pictura:
3060 4506 3367 4570 historiam,
3401 4510 3528 4579 quid

1938 4587 2009 4642 sit
2038 4587 2365 4644 adorandum
2383 4591 2695 4656 addiscere.
2738 4593 2866 4648 Nam
2898 4596 3040 4663 quod
3071 4598 3370 4663 legentibus
3397 4602 3527 4654 scri-

1939 4686 2128 4745 ptura,
2161 4680 2264 4735 hoc
2286 4681 2467 4736 idiotis
2495 4692 2715 4751 praestat
2743 4685 2948 4752 pictura
2980 4689 3324 4741 cernentibus
3357 4706 3368 4740 :
3402 4690 3526 4758 quia

1851 4797 1859 4805 -
1940 4766 1993 4819 in
2020 4768 2133 4836 ipsa
2162 4768 2473 4835 ignorantes
2498 4771 2681 4825 vident
2707 4774 2849 4841 quod
2879 4776 3027 4842 sequi
3052 4775 3303 4844 debeant,
3334 4779 3386 4831 in
3413 4780 3526 4848 ipsa

1936 4858 2152 4925 legunt,
2184 4861 2274 4926 qui
2306 4860 2511 4915 litteras
2539 4863 2804 4917 nesciunt.
2838 4863 2991 4920 Unde
3019 4874 3073 4919 et
3104 4867 3368 4937 praecipue
3395 4884 3525 4938 geu-

1942 4949 2084 5003 tibus
2106 4964 2202 5016 pro
2232 4950 2464 5005 lectione
2492 4952 2698 5020 pictura
2728 4962 2832 5008 est.
2856 4954 3010 5019 Quod
3038 4972 3364 5026 magnopere
3391 4977 3421 5012 a
3447 4972 3520 5026 te,

1940 5042 2032 5111 qui
2062 5041 2201 5095 inter
2225 5050 2411 5109 gentes
2442 5044 2679 5111 habitas,
2724 5047 2929 5100 attendi
2968 5048 3224 5103 decuerat
3256 5069 3268 5103 :
3302 5067 3371 5106 ne
3396 5053 3524 5107 dum

1940 5141 2092 5186 recto
2120 5132 2237 5185 zelo
2267 5132 2483 5187 incaute
2514 5136 2875 5204 succenderis,
2897 5138 3008 5207 99
3028 5138 3379 5197 ferocioribus
3407 5143 3523 5196 ani-

1941 5221 2045 5278 mis
2083 5223 2398 5278 scandalum
2438 5240 2744 5294 generares.
2786 5229 2985 5298 Frangi
3025 5246 3156 5301 ergo
3194 5250 3303 5289 non
3342 5237 3522 5295 debuit

1942 5311 2087 5380 quod
2132 5328 2240 5367 non
2279 5315 2347 5369 ad
2384 5316 2716 5371 adorandum
2757 5319 2813 5373 in
2854 5319 3143 5390 Ecclesiis,
3195 5325 3290 5381 sed
3331 5328 3402 5382 ad
3445 5330 3522 5386 in-

1942 5403 2228 5460 struendas
2259 5406 2596 5463 solummodo
2618 5418 2827 5466 mentes
2851 5412 2950 5466 fuit
2977 5415 3327 5472 nescientium
3356 5421 3522 5477 collo.

1938 5503 2138 5550 catum.
2189 5496 2258 5551 Et
2308 5499 2433 5566 quia
2482 5501 2537 5555 in
2585 5502 2717 5559 locis
2770 5508 3166 5565 venerabilibus
3213 5521 3521 5573 sanctorum

1935 5587 2152 5657 depingi
2179 5588 2432 5646 historias
2446 5607 2561 5648 non
2582 5594 2701 5651 sine
2721 5598 2934 5655 ratione
2953 5609 3190 5657 vetustas
3218 5604 3454 5671 admisit,
3478 5607 3521 5668 si

1937 5678 2111 5735 zelum
2152 5679 2484 5739 discretione
2509 5685 2831 5758 eondiisses,
2862 5692 2979 5747 sine
3008 5692 3197 5763 dubio,
3227 5704 3284 5752 et
3310 5712 3375 5754 ea
3402 5712 3517 5767 quae

320 5763 345 5791 ⁸
372 5752 592 5823 Exeusi,
622 5773 684 5811 ne
707 5757 973 5832 despectis,
1002 5771 1058 5821 at
1082 5781 1134 5820 in
1163 5766 1259 5827 Ms.
1296 5780 1406 5827 tum
1431 5775 1549 5831 vitae
1575 5778 1629 5834 S.
1664 5780 1849 5853 Greg,

1957 5805 1988 5845 n
2019 5794 2363 5860 epistularum
2394 5804 2706 5860 constanter
2732 5803 2898 5863 habes
2926 5817 3001 5877 ut,
3029 5827 3137 5871 non
3164 5828 3245 5870 me.
