4018 6312
470 286 566 342 Μῖ

1039 289 1097 344 S.
1141 285 1466 344 GREGORII
1509 284 1708 341 ΡΑΡᾸΞ
1745 281 1937 346 VITA,
1980 280 2184 334 AUCT.
2226 279 2485 335 .IOANNE
2532 279 2846 334 DIACONO.
2889 277 3016 332 LIB.
3061 279 3146 334 III.

3628 280 3729 336 I18

467 404 805 472 intendebas,
837 405 1122 460 salubriter
1148 405 1415 470 obtinere,
1447 413 1504 457 et
1526 401 1807 458 collectum
1830 409 2042 466 gregem
2074 393 2126 454 Α
2152 395 2341 461 lauda;
2383 394 2475 450 sed
2515 394 2638 464 quia
2679 393 3076 462 simplicitatem
3123 401 3265 447 tuam
3297 409 3416 448 eum
3455 403 3730 452 senectute

467 511 576 551 non
611 495 952 566 dispergere,
994 496 1089 552 sed
1127 496 1421 565 dispersum
1460 493 1637 562 potius
1675 499 1891 560 poteras
1917 501 2048 542 con-

467 599 689 655 gregare
715 603 727 638 :
755 593 810 638 ut
833 585 1063 655 pastoris
1088 585 1140 638 in
1171 594 1221 638 te
1241 584 1490 637 meritum
1517 595 1712 634 nomen
1737 577 2044 640 excelleret,

471 691 576 731 non
607 676 763 744 culpa
794 673 1111 744 dispersoris
1153 672 1503 726 incumberet.
1547 669 1670 724 Haec
1704 675 1884 722 autem
1922 665 2048 720 dum

469 767 521 820 in
553 766 658 821 hoc
685 766 846 820 animi
877 765 951 818 tui
984 764 1198 816 incauto
1237 762 1395 815 nimis
1432 769 1581 814 motu
1623 758 1932 827 exequeris,
1975 757 2046 810 ita

468 863 591 910 tuos
611 855 1003 910 scandalizasse
1020 850 1158 906 ﬁlios
1179 851 1500 920 perhiberis,
1527 861 1584 904 ut
1607 849 1839 902 maxima
1861 862 2045 902 eorum

470 959 594 1012 pars
613 959 643 996 a
675 951 764 996 tua
785 957 845 995 se
870 941 1247 996 communione
1268 941 1638 1010 suspenderet.
1673 939 1898 1005 Quando
1920 951 2048 1004 ergo

468 1034 535 1086 ad
559 1032 701 1086 ovile
724 1031 1060 1086 Dominicum
1091 1040 1333 1084 errantes
1363 1045 1492 1085 oves
1518 1031 1766 1093 adduces,
1799 1030 1888 1098 qui
1918 1043 2048 1097 quas

467 1122 653 1186 habes,
689 1123 924 1176 retinere
955 1138 1061 1176 non
1092 1122 1386 1191 przevales?
1427 1120 1657 1176 Proinde
1687 1123 1964 1176 hortamur
1992 1129 2050 1174 ut

470 1214 552 1266 vel
583 1229 721 1268 nunc
742 1213 962 1268 studeas
988 1227 1106 1267 esse
1133 1214 1415 1278 sollicitus,
1447 1222 1607 1282 atque
1629 1213 1694 1267 ab
1717 1213 1816 1267 hac
1837 1219 1890 1266 te
1915 1227 2050 1281 pra:-

467 1305 772 1374 sumptione
797 1320 1111 1373 compescas
1139 1324 1149 1357 :
1183 1315 1236 1359 et
1265 1319 1450 1360 eorum
1483 1307 1710 1372 animos,
1741 1321 1874 1376 quos
1899 1321 1929 1359 a
1963 1315 2050 1358 tua

467 1394 762 1463 disjnnctos
789 1398 992 1448 unitate
1023 1396 1324 1462 cognoscis,
1353 1403 1577 1464 paterna
1605 1396 1670 1450 ad
1702 1404 1752 1449 te
1773 1395 2051 1449 dulcedine

469 1487 616 1540 omni
665 1487 854 1540 annisu
912 1487 1164 1554 omnique
1219 1487 1396 1542 studio
1445 1502 1700 1543 revocare
1750 1485 1985 1542 festines.
2026 1505 2044 1538 υ

471 1576 691 1648 (Regist.
723 1580 759 1632 ι,
791 1594 863 1641 xu,
895 1595 974 1646 ep.
1005 1577 1116 1645 15.)

539 1691 626 1742 51.
669 1689 924 1744 Januario
973 1706 1189 1759 quoque
1232 1690 1537 1745 Caralitano
1584 1691 1872 1761 episcopo,
1929 1697 2052 1760 poSt

471 1781 646 1846 aliqua
675 1780 890 1844 scribit,
940 1779 1122 1834 dicens
1152 1801 1161 1832 ;
1200 1801 1218 1832 ‹
1247 1781 1391 1836 Inter
1417 1782 1665 1850 querelas
1700 1782 2049 1852 multiplices,
2083 1755 2133 1817 Β

469 1869 700 1924 Isidorus
730 1869 808 1923 vir
835 1871 1194 1938 clarissimus,
1226 1888 1256 1926 a
1287 1873 1622 1927 fraternitate
1651 1882 1740 1927 tua
1771 1873 1964 1926 frustra
1995 1887 2053 1924 se

470 1963 988 2020 excommunicatum
1052 1964 1674 2032 anathematizatumque
1727 1974 2054 2033 conquestus

470 2063 570 2107 est.
603 2052 756 2119 Quod
787 2070 946 2123 quam
975 2054 1043 2110 ob
1073 2071 1186 2109 rem
1217 2056 1410 2110 factum
1435 2055 1614 2121 fuerit,
1644 2059 1766 2111 dum
1799 2071 1828 2110 a
1857 2057 2055 2110 clerico

472 2154 594 2212 tuo,
651 2146 741 2214 qui
785 2155 1186 2216 praesenserat,
1222 2147 1574 2203 voluissemus
1603 2148 1909 2212 addiscere,
1958 2164 2056 2216 pro

473 2237 614 2290 nulla
641 2237 742 2290 alia
775 2254 957 2300 causa,
989 2239 1091 2292 nisi
1122 2255 1220 2308 pro
1244 2255 1309 2294 eo
1337 2239 1482 2309 quod
1511 2249 1562 2295 te
1586 2240 1948 2309 injuriaverat,
1981 2243 2055 2294 fa-

473 2337 616 2381 ctum
643 2330 892 2382 innotuit.
927 2329 1056 2396 Qua:
1085 2348 1170 2386 res
1201 2347 1298 2387 nos
1325 2335 1671 2389 vehementer
1693 2334 1902 2402 afﬂixit,
1932 2336 2055 2404 quia

473 2421 514 2474 si
552 2421 626 2474 ita
656 2429 754 2484 est,
789 2422 862 2475 nil
897 2431 946 2477 te
972 2423 1210 2478 ostendis
1237 2425 1303 2480 de
1335 2426 1638 2481 cmlestibus
1663 2428 1903 2496 cogitare
1923 2467 1935 2490 ,
1964 2426 2056 2481 sed

474 2521 742 2568 terrenam
777 2524 827 2567 te
865 2517 1332 2572 conversationem
1362 2519 1559 2574 habere
1586 2519 1854 2588 significas
1887 2538 1898 2571 :
1930 2519 2056 2573 dum

477 2618 574 2670 pro
625 2603 858 2658 vindicta
901 2607 1132 2674 propria:
1177 2607 1414 2675 injuria-3,
1463 2611 1606 2678 quod
1655 2611 1821 2664 sacris
1863 2611 2060 2678 regulis

475 2695 830 2761 prohibetur,
887 2697 1316 2753 maledictionem
1373 2701 1730 2754 anathematis
1785 2701 2056 2756 invexisti.

476 2781 628 2838 Unde
676 2785 741 2838 de
786 2791 981 2840 caetero
1028 2788 1247 2842 omnino
1289 2799 1403 2845 esto
1442 2791 1859 2861 circumspectus
1899 2803 2059 2860 atque

476 2877 772 2942 sollicitus.
824 2887 878 2932 et
923 2865 1046 2932 talia
1091 2881 1338 2948 cuiquam
1377 2897 1475 2952 pro
1504 2882 1813 2938 defensione
1856 2884 2060 2952 injuria:

477 2977 581 3020 tua:
631 2966 828 3023 inferre
871 2968 1050 3024 denuo
1106 2986 1211 3026 non
1243 2987 1552 3041 praesumus.
1587 2974 1716 3028 Nam
1747 2976 1790 3028 si
1823 2976 1927 3028 tale
1958 2977 2057 3027 ali-

477 3059 602 3127 quid
626 3058 834 3124 feceris,
863 3061 912 3114 in
940 3070 990 3116 tc
1011 3063 1148 3117 scias
1171 3075 1353 3131 postea
1369 3065 1766 3120 vindicandum.
1791 3086 1808 3118 ι
1834 3065 2055 3137 (Regist.

475 3147 563 3202 tib.
595 3164 666 3212 xi,
699 3166 779 3218 ep.
809 3149 922 3218 to.)

546 3259 634 3312 '52.
673 3259 804 3314 Item
846 3260 1021 3315 eidem
1064 3281 1076 3315 :
1135 3283 1152 3315 ι
1187 3264 1514 3320 Praedicator
1551 3268 1936 3336 omnipotentis
1973 3269 2066 3324 Dei

477 3351 673 3404 Paulus
704 3354 980 3420 apostolus
1011 3357 1286 3424 przecipit,
1318 3357 1502 3410 dicens
1536 3376 1547 3410 :
1583 3359 1850 3413 Seniorem
1879 3378 1942 3416 ne
1981 3364 2066 3415 in-

479 3441 762 3509 crepaveris
795 3439 858 3510 (Ι
892 3440 1022 3495 Tim.
1057 3460 1120 3506 ν,
1157 3443 1239 3506 I).
1272 3443 1376 3498 Sed
1403 3448 1518 3500 lucc
1547 3445 1660 3514 ejus
1687 3449 1869 3516 regula
1909 3451 1961 3504 in
1999 3467 2065 3506 eo

476 3529 738 3583 servanda
779 3538 891 3589 est.
939 3545 1058 3585 cum
1091 3533 1246 3602 culpa
1275 3535 1504 3592 senioris
1544 3539 1792 3608 exemplo
1831 3556 1928 3596 suo
1957 3557 2063 3596 non

477 3619 642 3672 trahit
669 3621 734 3672 ad
765 3621 1036 3675 interitum
1069 3624 1230 3678 corla
1255 3624 1550 3692 juniorum.
1589 3627 1684 3682 Ubi
1717 3630 1858 3684 enim
1887 3633 2067 3687 senior

480 3710 757 3780 iuvenibus
780 3713 1081 3782 exemplum
1102 3714 1166 3768 ad
1189 3716 1460 3768 interitum
1480 3719 1700 3786 prmbet,
1729 3720 1800 3773 ibi
1827 3720 2062 3776 districta

479 3802 848 3870 increpatione
881 3801 1152 3858 feriendus
1193 3816 1294 3860 est.
1339 3807 1470 3860 Nam
1511 3810 1768 3878 scriptum
1799 3821 1880 3865 est
1911 3831 1922 3864 :
1958 3812 2062 3866 La-

481 3909 639 3964 queus
661 3895 906 3964 jurenum
937 3913 1111 3950 omnes
1141 3914 1226 3950 ros
1260 3896 1418 3968 (Ism'.
1449 3915 1582 3963 XLII,
1615 3901 1727 3965 2'2).
1761 3901 1826 3956 Et
1856 3919 2065 3959 rursum

477 3986 741 4056 propheta
769 3987 897 4042 dicit
929 4005 940 4040 :
985 3987 1236 4042 Peccator
1264 4001 1464 4046 centum
1489 4009 1744 4046 annorum
1765 3997 2066 4052 maledictus

481 4089 558 4132 est
589 4079 754 4148 (Isai.
789 4096 921 4144 va,
950 4079 1070 4149 ΞΟ).
1113 4081 1282 4135 Tanta
1321 4092 1499 4138 autem
1539 4085 1774 4152 nequitia
1815 4087 1881 4139 ad
1911 4103 2067 4142 aures

483 4183 634 4222 meas
660 4169 726 4223 de
757 4180 848 4222 tua
878 4181 1155 4226 snnectute
1186 4173 1457 4241 pervenit,
1500 4183 1556 4227 ut
1594 4190 1714 4229 eam
1754 4177 1855 4230 nisi
1893 4179 2066 4232 adhuc

485 4259 796 4312 humanitus
819 4275 1182 4328 pensaremus,
1217 4263 1317 4316 fixa
1345 4263 1452 4331 jam
1477 4266 1850 4322 maledictione
1877 4268 2066 4324 ferire-

485 4367 626 4404 inus.
677 4349 883 4402 Dictum
924 4351 1119 4420 quippe
1163 4353 1294 4406 mihi
1344 4365 1425 4408 est
1463 4356 1606 4422 quod
1655 4357 1931 4414 Dominico
1979 4362 2068 4416 die

487 4442 791 4511 priusquam
817 4441 910 4494 mis

487 4531 606 4582 dam
649 4544 876 4583 messem
916 4530 1102 4586 latoris
1131 4535 1468 4601 praesentium
1507 4540 1816 4604 perrexisu:
1865 4552 1920 4595 et
1947 4553 2068 4612 pozt

488 4623 854 4676 exarationem
881 4622 997 4691 ejus
1020 4624 1302 4679 missarum
1325 4627 1580 4682 solemnia
1607 4631 1910 4687 celebrasti.
1939 4634 2069 4692 Post

487 4711 774 4765 tnivsarum
813 4712 1072 4766 solemnia
1103 4715 1294 4778 etiam,
1335 4726 1390 4771 et
1428 4721 1686 4776 terminos
1716 4729 2070 4792 possessionis

487 4800 630 4854 illius
657 4801 937 4856 eradicare
983 4804 1203 4858 minime
1243 4806 1483 4888 timuisti.
1524 4809 1678 4876 Quod
1726 4812 1922 4870 factum
1952 4833 2070 4886 qua:

485 4907 642 4959 pcena
671 4894 853 4948 debuit
879 4895 1106 4964 insequi,
1136 4914 1323 4954 omnes
1351 4904 1440 4969 qui
1469 4904 1708 4972 audiunt,
1741 4909 1934 4964 sciunt.
1969 4913 2074 4966 Du-

487 4981 560 5035 bii
590 4993 766 5038 antem
808 4983 874 5038 de
913 4995 1058 5040 tanta
1103 4987 1204 5042 hac
1243 4995 1594 5060 perversitate
1629 4996 1938 5068 fueramus;
1977 5005 2074 5058 sed

491 5074 628 5128 filius
655 5087 836 5130 noster
854 5075 1110 5148 Cyriacus
1139 5081 1334 5148 abbas,
1384 5100 1412 5138 a
1455 5087 1607 5142 nobis
1635 5093 1922 5159 requisitos
1949 5095 2074 5149 dum

490 5173 634 5218 esset
673 5161 909 5233 Caralis,
955 5168 1024 5222 ita
1065 5185 1124 5224 se
1166 5175 1483 5238 cognovisse
1521 5179 1809 5245 perhibuit.
1855 5182 1923 5236 Et
1951 5186 2074 5253 quia

491 5253 665 5308 adhuc
685 5257 835 5310 canis
857 5259 958 5310 tuis
979 5261 1268 5328 parcimus,
1299 5264 1594 5330 hortamur,
1623 5269 1910 5340 aliquando
1940 5277 2073 5330 resi-

493 5343 642 5410 pisce
672 5360 869 5411 senex,
909 5356 1070 5418 atque
1110 5366 1140 5404 a
1183 5361 1330 5407 tanta
1359 5355 1577 5412 levitate
1603 5375 1814 5416 morum
1855 5373 1910 5418 et
1946 5381 2080 5434 ope-

497 5449 615 5488 rum
646 5437 996 5503 perversitate
1025 5455 1304 5511 compesce
1329 5462 1340 5497 :
1372 5448 1496 5514 quia
1533 5458 1732 5518 quanto
1761 5455 1920 5509 morti
1949 5457 2080 5510 vici-

500 5523 624 5612 nior
657 5524 921 5612 efficeris,
971 5535 1120 5584 tanto
1163 5533 1273 5586 fieri
1314 5537 1598 5596 sollicitior
1635 5551 1796 5612 atque
1841 5547 2082 5603 timidior

507 5607 687 5670 debes.
725 5609 792 5668 Et
833 5615 1043 5684 quidem
1071 5635 1209 5692 pene
1247 5629 1512 5683 sententia
1551 5633 1604 5686 in
1633 5641 1684 5688 te
1709 5607 1886 5696 fuerat
1921 5637 2078 5708 jacu-

2153 487 2414 551 novimns,
2447 487 2661 540 interim
2694 493 2952 539 tacemus.
2993 504 3011 536 ι
3051 484 3186 556 (Lib.
3221 501 3296 553 Ix,
3327 504 3406 554 cp.
3443 487 3520 550 I.)

2219 579 2306 631 3'5.
2348 579 2546 632 Omnes
2575 577 2793 632 omnino
2831 577 3114 646 pontifices
3142 593 3172 630 a
3215 577 3448 632 lectione
3479 579 3734 635 librorum

2156 671 2310 739 130
2362 669 2637 736 gentilium
2691 667 2984 736 Gregorius
3040 667 3334 722 inhibebat.
3397 667 3732 738 Quapropter

2152 759 2426 812 Desiderio
2473 757 2766 811 Galliarum
2815 757 3094 826 episcopo,
3143 757 3364 826 pallium
3411 758 3734 828 postulanti,

2149 851 2351 915 scribit,
2383 849 2626 918 inquiens
2655 867 2667 901 :
2701 867 2719 898 ς
2747 848 2881 903 Cum
2913 849 3077 902 multa
3099 848 3254 902 nobis
3279 849 3420 903 bona
3449 849 3516 903 de
3541 851 3734 905 vestris

2152 941 2376 993 fuissent
2412 938 2602 993 studiis
2651 938 2922 1003 nuntiata,
2977 937 3050 990 ita
3087 937 3237 992 cordi
3282 945 3468 991 nostro
3499 946 3582 992 est
3610 949 3734 992 nata

2153 1032 2355 1094 lzetitia,
2390 1041 2448 1083 ut
2477 1043 2672 1096 negare
2700 1043 2784 1093 ea,
2813 1042 2934 1096 quae
2959 1027 3057 1082 sibi
3082 1027 3386 1082 fraternitas
3411 1036 3587 1082 vestra
3609 1043 3736 1083 con-

2151 1120 2384 1177 cedenda
2417 1120 2681 1190 poposcit,
2709 1118 2928 1173 minime
2958 1125 3284 1187 pateremur.
3327 1119 3432 1173 Sed
3473 1129 3595 1188 post
3623 1121 3738 1175 haec

2153 1212 2400 1282 pervenit
2423 1210 2487 1264 ad
2513 1225 2630 1274 nos,
2663 1209 2804 1278 quod
2828 1210 2944 1263 sine
2965 1209 3286 1279 verecundia
3309 1224 3610 1263 memorare
3631 1226 3738 1264 non

2154 1317 2436 1373 possumus
2456 1342 2470 1364 ,
2502 1300 2892 1355 fraternitatem
2924 1309 3066 1352 tuam
3097 1299 3495 1365 grammaticam
3521 1300 3738 1368 quibus-

2153 1392 2276 1446 dam
2315 1405 2604 1460 exponere.
2651 1391 2818 1455 Quam
2858 1403 2971 1442 retu
3011 1388 3238 1442 moleste
3275 1389 3634 1457 suscepimus,
3675 1406 3740 1444 ac

2153 1499 2338 1538 sumus
2369 1483 2739 1536 vehementius
2765 1481 3064 1550 aspernati,
3097 1489 3156 1534 ut
3185 1493 3246 1534 ea
3279 1495 3398 1548 qua:
3423 1481 3570 1550 prius
3598 1481 3740 1536 dicta

2155 1573 2372 1627 fuerunt
2402 1573 2451 1626 in
2477 1572 2732 1640 gemitum
2760 1583 2814 1624 et
2842 1571 3110 1625 tristitiam
3137 1580 3500 1638 verteremus,
3532 1573 3656 1640 quia
3685 1573 3739 1627 in

2157 1679 2266 1718 uno
2292 1678 2350 1717 se
2377 1678 2470 1716 ore
2500 1679 2620 1718 cum
2647 1661 2794 1717 Jovis
2823 1663 3066 1716 laudibus
3091 1663 3286 1717 Christi
3315 1663 3496 1718 laudes
3525 1679 3630 1718 non
3659 1679 3742 1719 ca-

2161 1755 2328 1825 piunt.
2380 1753 2447 1807 Et
2487 1769 2648 1820 quam
2693 1769 2854 1823 grave
2900 1753 3298 1824 nefandumque
3342 1756 3410 1809 sit
3458 1757 3742 1826 episcopos

2157 1859 2384 1907 canere,
2435 1844 2576 1913 quod
2624 1859 2725 1900 nec
2771 1844 2909 1898 laico
2956 1845 3208 1912 religioso
3257 1847 3571 1912 conveniat,
3627 1847 3744 1916 ipse

2157 1933 2458 1988 considera.
2500 1934 2632 1987 Nam
2671 1936 2915 2003 quamvis
2951 1935 3335 1990 dilectissimus
3381 1937 3517 1992 lilius
3557 1947 3746 1993 noster

2157 2025 2451 2089 Candidus,
2481 2025 2778 2096 presbyter,
2811 2027 3156 2096 postmodum
3185 2029 3428 2094 veniens,
3459 2029 3555 2084 hac
3583 2031 3652 2084 de
3680 2045 3744 2084 re

2156 2116 2422 2170 subtiliter
2466 2116 2779 2184 inquisitus,
2835 2117 3140 2184 negaverit,
3189 2125 3350 2185 atque
3383 2133 3478 2171 vos
3519 2127 3745 2172 conatus

2161 2208 2320 2261 fuerit
2365 2222 2655 2272 excusare,
2697 2208 2764 2261 de
2801 2216 2985 2262 nostro
3025 2219 3202 2262 tamen
3232 2209 3404 2264 adhuc
3432 2211 3610 2264 animo
3635 2225 3746 2263 non

2160 2305 2376 2354 recessit
2403 2317 2415 2364 ;
2461 2300 2583 2369 quia
2613 2309 2876 2369 quantum
2904 2302 3205 2356 execrabile
3233 2309 3316 2356 est
3344 2303 3448 2357 hoc
3471 2303 3538 2357 de
3562 2319 3746 2358 sacer-

2159 2391 2284 2445 dote
2307 2391 2532 2454 narrari,
2557 2398 2707 2444 tanto
2731 2399 2906 2444 utrum
2930 2407 2996 2445 ne
3019 2393 3089 2444 ita
3113 2393 3200 2456 sit,
3228 2393 3465 2448 districta
3488 2403 3543 2448 et
3562 2395 3746 2449 veraci

2159 2482 2768 2550 oportebsatisfactione
2795 2483 3068 2548 cognosci.
3105 2482 3256 2537 Unde
3281 2485 3322 2538 si
3353 2492 3476 2554 post
3506 2485 3609 2539 hoc
3633 2486 3749 2539 evi-

2161 2575 2349 2627 denter
2371 2574 2484 2626 hzcc
2505 2588 2624 2642 quae
2647 2573 2712 2626 ad
2739 2587 2838 2627 nos
2862 2573 3064 2641 perlata
3095 2584 3218 2629 sunt
3241 2574 3370 2629 falsa
3396 2591 3513 2630 esse
3540 2577 3748 2631 clarue-

2160 2663 2299 2728 rint,
2331 2677 2504 2730 neque
2530 2677 2628 2716 vos
2672 2663 2826 2731 nugis
2855 2669 2910 2715 et
2940 2663 3282 2718 stucularibus
3313 2665 3504 2719 litteris
3531 2665 3750 2720 studere

2161 2752 2494 2817 constiterit;
2535 2759 2588 2804 et
2618 2752 2726 2806 Deo
2767 2759 2953 2805 nostro
2983 2752 3182 2819 gratias
3213 2766 3467 2820 agemus,
3517 2754 3609 2822 qui
3653 2769 3752 2808 cor

2165 2849 2397 2896 vestrum
2438 2841 2695 2895 maculari
2742 2840 3070 2909 blasphemis
3112 2842 3464 2896 nelandornm
3507 2843 3754 2896 laudibus

2163 2947 2268 2986 non
2300 2931 2562 2999 permisit,
2592 2940 2648 2985 et
2673 2929 2740 2984 de
2766 2931 3125 2986 concedeudis
3153 2946 3273 3000 qum
3298 2933 3542 3002 poscitis,
3571 2934 3754 2988 securi

2159 3021 2268 3089 jam
2299 3030 2352 3074 et
2379 3021 2494 3074 sine
2519 3022 2694 3089 aliqua
2723 3020 3058 3075 dubitatione
3089 3023 3492 3078 tractabimus.»
3523 3023 3764 3096 (Begist.

2087 3121 2134 3186 ο
2165 3112 2254 3164 tib.
2285 3127 2356 3174 XI,
2387 3127 2468 3179 ep.
2503 3109 2614 3178 54.)

2241 3201 2330 3254 5i.
2363 3201 2718 3257 Nihilominus
2745 3203 2938 3268 Natali,
2969 3203 3283 3259 Salonitano
3313 3205 3588 3275 episcopo,
3621 3209 3760 3262 seri.

2169 3295 2271 3362 bit,
2301 3296 2482 3350 dicens
2514 3313 2528 3348 :
2567 3315 2586 3346 ι
2625 3297 2804 3351 Multis
2831 3299 2898 3351 ab
2925 3298 3056 3353 urbe
3083 3307 3174 3353 tua
3205 3301 3557 3366 venientibus,
3591 3303 3764 3359 frater

2170 3384 2514 3448 charissimc,
2546 3385 2739 3450 didici,
2781 3389 3192 3456 pastorali'cura
3220 3391 3508 3457 derelicta,
3541 3395 3674 3449 solis
3707 3405 3760 3450 te

2169 3474 2428 3528 conviviis
2453 3485 2792 3544 occupatum.
2818 3477 2946 3542 Quae
2977 3479 3156 3534 audita
3183 3495 3288 3534 non
3317 3483 3616 3544 crederem,
3650 3485 3762 3539 nisi

2168 3563 2280 3616 haec
2333 3563 2603 3618 actionum
2663 3573 2872 3619 tuarum
2928 3569 3314 3636 experimentis
3367 3573 3758 3642 approbarem.

2168 3654 2298 3707 Nam
2342 3656 2466 3722 quia
2512 3671 2846 3725 nequaquam
2891 3659 3104 3712 lectioni
3147 3661 3384 3728 studeas,
3417 3677 3758 3732 nequaquam

2167 3745 2528 3798 exhortationi
2557 3747 2818 3814 invigiles,
2847 3749 2938 3803 sed
2964 3751 3142 3818 ipsum
3166 3767 3380 3820 quoque
3403 3769 3554 3807 usum
3579 3758 3756 3813 eccle-

2167 3835 2368 3888 s‘astici
2396 3834 2599 3888 ordinis
2631 3837 2877 3904 ignores,
2911 3838 3016 3892 hoc
3045 3849 3128 3893 est
3155 3840 3208 3894 in
3237 3843 3542 3897 testimonio
3561 3885 3574 3908 ,
3607 3847 3756 3912 quod

2168 3927 2245 3980 eis
2265 3927 2362 3979 sub
2385 3926 2578 3993 quibus
2596 3941 2652 3980 es
2675 3929 2880 3994 positus
2901 3945 3122 3985 servare
3143 3935 3500 3988 reverentiam
3521 3937 3752 3991 IIeStIS.)

2173 4017 2394 4088 (It-'gist.
2430 4016 2520 4070 lib.
2551 4034 2604 4080 II,
2635 4035 2716 4088 ep.
2751 4017 2862 4087 IS.)

2240 4107 2330 4161 55.
2371 4107 2474 4162 Sed
2521 4125 2641 4163 cum
2691 4109 2895 4166 Natalis
2943 4128 3040 4183 per
3089 4114 3303 4169 inanem
3357 4117 3758 4188 philosophiam

2168 4199 2379 4268 scriptis
2420 4200 2650 4268 propriis
2693 4215 2755 4254 se
2802 4203 3064 4258 niteretur
3105 4206 3482 4276 inculpabilem
3530 4209 3756 4264 demon-

2171 4298 2378 4354 strare,
2420 4292 2734 4346 tnitissimus
2771 4293 2960 4349 doctor
2997 4294 3288 4365 Gregorius
3327 4301 3399 4353 ita
3437 4302 3710 4372 rescripsit
3741 4319 3756 4356 :

2179 4398 2198 4430 σ
2248 4379 2306 4432 In
2365 4381 2736 4434 conviviorum
2793 4381 3162 4464 defensionem
3219 4397 3394 4442 vestra
3451 4387 3758 4446 fraternitas

918 4457 1096 4494 sarum
1119 4444 1376 4498 solemnia
1401 4447 1720 4510 celebrares,
1753 4451 1818 4504 ad
1848 4467 2062 4506 exaran-

2178 4471 2404 4524 Abralae
2426 4471 2730 4524 convivium
2761 4459 3046 4538 memorat,
3079 4477 3128 4528 in
3153 4491 3278 4544 quo,
3309 4486 3444 4532 teste
3471 4493 3626 4533 sacro
3647 4481 3757 4535 elo-

2171 4562 2329 4632 quio,
2383 4572 2490 4619 tres
2536 4565 2756 4632 angelos
2794 4569 3094 4638 suscepisse
3129 4573 3458 4640 perhibetur.
3505 4572 3612 4630 Sed
3655 4577 3760 4632 hoc

2173 4654 2419 4723 exemplo
2441 4655 2508 4709 de
2520 4656 2788 4720 convivio,
2815 4673 2992 4726 neque
3007 4677 3104 4715 nos
3119 4663 3508 4720 beatitudinem
3527 4677 3758 4722 vestram

2173 4746 2634 4816 reprehendimus,
2667 4749 2712 4802 si
2739 4750 2875 4806 hanc
2899 4755 3173 4822 suscipere
3197 4757 3418 4825 angelos
3445 4759 3497 4812 in
3521 4761 3758 4830 lioSpita-

2176 4837 2382 4890 litatem
2425 4838 2820 4904 cognoscimus.
2861 4840 3092 4897 Rursum
3125 4857 3304 4901 narrat
3335 4857 3422 4902 tua
3455 4848 3760 4908 fraternitas

2175 4927 2324 4980 Isaac.
2374 4928 2668 4995 satiatum,
2720 4929 2828 4985 tilio
2873 4931 3304 4991 benedictionem
3351 4940 3580 4996 dedisse.
3632 4943 3760 5008 Qum

2179 5028 2405 5084 utraque
2436 5021 2631 5074 veteris
2671 5019 3030 5088 'I'estamenti,
3073 5029 3196 5096 quia
3237 5031 3308 5083 ita
3339 5040 3464 5086 sunt
3491 5043 3636 5101 gesta
3669 5049 3762 5104 per

2177 5109 2476 5194 III:I.0I'i:IllI,
2498 5120 2554 5164 ut
2579 5119 2755 5166 tamen
2779 5116 3053 5183 signarent
3077 5121 3282 5190 aliquid
3307 5139 3402 5192 per
3419 5127 3752 5195 allegoriam.

2181 5199 2380 5251 utinam
2422 5202 2693 5256 valeamus
2728 5203 2806 5258 sic
2845 5221 2929 5260 res
2959 5217 3137 5274 gestas
3173 5211 3397 5280 legendo
3429 5232 3758 5284 percurrere,

2181 5295 2240 5340 ut
2269 5289 2535 5355 pos-imus
2563 5294 2723 5346 etiam
2753 5299 3014 5362 gerendas
3045 5303 3384 5365 praevidendo
3413 5307 3631 5362 sentire.
3667 5308 3778 5362 Ille.

2187 5379 2384 5447 quippe
2423 5380 2472 5432 in
2515 5384 2680 5437 tribus
2719 5387 2918 5454 angelis
2966 5407 3126 5446 unum
3165 5395 3428 5462 salutans,
3485 5397 3761 5455 Trinitatis

2186 5467 2556 5526 subsistentias
2596 5475 2752 5530 unius
2789 5479 3096 5536 substantiae
3135 5501 3254 5540 esse
3290 5487 3604 5546 declaravit.
3657 5490 3762 5545 Isle

2187 5573 2314 5612 vero
2337 5559 2560 5616 sntiatns
2585 5564 2852 5621 benedicit
2880 5569 3045 5624 lilium
3073 5591 3084 5626 :
3113 5577 3237 5642 quia
3263 5579 3351 5646 qui
3375 5579 3569 5635 divinis
3594 5585 3763 5651 t‘pu'il

2187 5651 2443 5718 repletur,
2475 5654 2614 5711 illius
2640 5673 2825 5714 sensus
2848 5659 2898 5715 in
2923 5665 3217 5731 pruplictizc
3243 5670 3490 5726 virtutem
3519 5677 3759 5732 cxtendi-
