  <div class='ocr_page' id='page_1' title='image "/cluster/home/n/w/nwhite01/storage/ocr_20150623/75/uva.x000827087/082.png"; bbox 0 0 4018 6314; ppageno 0'>
   <div class='ocr_carea' id='block_1_1' title="bbox 267 286 370 341">
    <p class='ocr_par' dir='ltr' id='par_1_1' title="bbox 267 286 370 341">
     <span class='ocr_line' id='line_1_1' title="bbox 267 286 370 341; baseline 0 0"><span class='ocrx_word' id='word_1_1' title='bbox 267 286 370 341; x_wconf 74' lang='grc' dir='ltr'><strong>με)</strong></span> 
     </span>
    </p>
   </div>
   <div class='ocr_carea' id='block_1_2' title="bbox 868 294 2962 361">
    <p class='ocr_par' dir='ltr' id='par_1_2' title="bbox 868 294 2962 361">
     <span class='ocr_line' id='line_1_2' title="bbox 868 294 2962 361; baseline 0.005 -11"><span class='ocrx_word' id='word_1_2' title='bbox 868 294 924 350; x_wconf 84' lang='lat' dir='ltr'><strong>S.</strong></span> <span class='ocrx_word' id='word_1_3' title='bbox 968 295 1293 353; x_wconf 75' lang='lat' dir='ltr'><strong>GltEGORII</strong></span> <span class='ocrx_word' id='word_1_4' title='bbox 1337 297 1534 353; x_wconf 75' lang='lat' dir='ltr'><strong>PANE</strong></span> <span class='ocrx_word' id='word_1_5' title='bbox 1582 300 1762 360; x_wconf 86' lang='lat' dir='ltr'><strong>VITA.</strong></span> <span class='ocrx_word' id='word_1_6' title='bbox 1806 297 2006 354; x_wconf 80' lang='lat' dir='ltr'><strong>AUCT.</strong></span> <span class='ocrx_word' id='word_1_7' title='bbox 2050 297 2309 353; x_wconf 73' lang='lat' dir='ltr'><strong>.IOANNE</strong></span> <span class='ocrx_word' id='word_1_8' title='bbox 2355 302 2666 358; x_wconf 73' lang='lat' dir='ltr'><strong>DIACONO.</strong></span> <span class='ocrx_word' id='word_1_9' title='bbox 2707 305 2834 360; x_wconf 81' lang='lat' dir='ltr'><strong>LIB.</strong></span> <span class='ocrx_word' id='word_1_10' title='bbox 2879 307 2962 361; x_wconf 78' lang='grc' dir='ltr'><strong>ιη.</strong></span> 
     </span>
    </p>
   </div>
   <div class='ocr_carea' id='block_1_3' title="bbox 3436 315 3535 371">
    <p class='ocr_par' dir='ltr' id='par_1_3' title="bbox 3436 315 3535 371">
     <span class='ocr_line' id='line_1_3' title="bbox 3436 315 3535 371; baseline 0.03 -3"><span class='ocrx_word' id='word_1_11' title='bbox 3436 315 3535 371; x_wconf 72' lang='grc'><strong>150</strong></span> 
     </span>
    </p>
   </div>
   <div class='ocr_carea' id='block_1_4' title="bbox 267 406 3530 483">
    <p class='ocr_par' dir='ltr' id='par_1_4' title="bbox 267 406 3530 483">
     <span class='ocr_line' id='line_1_4' title="bbox 267 406 3530 483; baseline 0.008 -28"><span class='ocrx_word' id='word_1_12' title='bbox 267 411 374 458; x_wconf 93' lang='lat' dir='ltr'><strong>tur.</strong></span> <span class='ocrx_word' id='word_1_13' title='bbox 408 406 606 461; x_wconf 74' lang='lat' dir='ltr'><strong>Divinae</strong></span> <span class='ocrx_word' id='word_1_14' title='bbox 634 418 808 462; x_wconf 85' lang='lat' dir='ltr'><strong>autem</strong></span> <span class='ocrx_word' id='word_1_15' title='bbox 839 410 1008 478; x_wconf 71' lang='lat' dir='ltr'><strong>epulzr</strong></span> <span class='ocrx_word' id='word_1_16' title='bbox 1034 413 1169 466; x_wconf 84' lang='lat' dir='ltr'><strong>sacri</strong></span> <span class='ocrx_word' id='word_1_17' title='bbox 1198 412 1397 482; x_wconf 86' lang='lat' dir='ltr'><strong>eloquii</strong></span> <span class='ocrx_word' id='word_1_18' title='bbox 1423 415 1585 470; x_wconf 75' lang='lat' dir='ltr'><strong>verba</strong></span> <span class='ocrx_word' id='word_1_19' title='bbox 1613 425 1755 469; x_wconf 87' lang='lat' dir='ltr'><strong>sunt.</strong></span> <span class='ocrx_word' id='word_1_20' title='bbox 1787 415 1843 469; x_wconf 92' lang='lat' dir='ltr'><strong>Si</strong></span> <span class='ocrx_word' id='word_1_21' title='bbox 1875 416 1920 476; x_wconf 82' lang='grc' dir='ltr'>Α</span> <span class='ocrx_word' id='word_1_22' title='bbox 1950 419 2168 479; x_wconf 77' lang='lat' dir='ltr'><strong>ceptum</strong></span> <span class='ocrx_word' id='word_1_23' title='bbox 2199 414 2515 481; x_wconf 91' lang='lat' dir='ltr'><strong>susceperit,</strong></span> <span class='ocrx_word' id='word_1_24' title='bbox 2538 429 2659 470; x_wconf 88' lang='lat' dir='ltr'><strong>eum</strong></span> <span class='ocrx_word' id='word_1_25' title='bbox 2691 416 2762 470; x_wconf 90' lang='lat' dir='ltr'><strong>ita</strong></span> <span class='ocrx_word' id='word_1_26' title='bbox 2793 418 2858 471; x_wconf 90' lang='lat' dir='ltr'><strong>ad</strong></span> <span class='ocrx_word' id='word_1_27' title='bbox 2885 423 3263 475; x_wconf 78' lang='lat' dir='ltr'><strong>revertendum</strong></span> <span class='ocrx_word' id='word_1_28' title='bbox 3290 424 3530 483; x_wconf 87' lang='lat' dir='ltr'><strong>districta</strong></span> 
     </span>
    </p>
   </div>
   <div class='ocr_carea' id='block_1_5' title="bbox 267 495 1846 573">
    <p class='ocr_par' dir='ltr' id='par_1_5' title="bbox 267 495 1846 573">
     <span class='ocr_line' id='line_1_5' title="bbox 267 495 1846 573; baseline 0.007 -24"><span class='ocrx_word' id='word_1_29' title='bbox 267 495 433 564; x_wconf 78' lang='lat' dir='ltr'><strong>igitur</strong></span> <span class='ocrx_word' id='word_1_30' title='bbox 471 498 677 553; x_wconf 84' lang='lat' dir='ltr'><strong>assidue</strong></span> <span class='ocrx_word' id='word_1_31' title='bbox 721 500 913 567; x_wconf 79' lang='lat' dir='ltr'><strong>legitis,</strong></span> <span class='ocrx_word' id='word_1_32' title='bbox 960 503 1005 556; x_wconf 89' lang='lat' dir='ltr'><strong>si</strong></span> <span class='ocrx_word' id='word_1_33' title='bbox 1047 503 1351 573; x_wconf 80' lang='lat' dir='ltr'><strong>exemplum</strong></span> <span class='ocrx_word' id='word_1_34' title='bbox 1388 508 1455 561; x_wconf 87' lang='lat' dir='ltr'><strong>ab</strong></span> <span class='ocrx_word' id='word_1_35' title='bbox 1489 507 1846 561; x_wconf 67' lang='lat' dir='ltr'><strong>exterioribus</strong></span> 
     </span>
    </p>
   </div>
   <div class='ocr_carea' id='block_1_6' title="bbox 268 589 1846 665">
    <p class='ocr_par' dir='ltr' id='par_1_6' title="bbox 268 589 1846 665">
     <span class='ocr_line' id='line_1_6' title="bbox 268 589 1846 665; baseline 0.007 -24"><span class='ocrx_word' id='word_1_36' title='bbox 268 589 558 654; x_wconf 74' lang='lat' dir='ltr'><strong>trahentes,</strong></span> <span class='ocrx_word' id='word_1_37' title='bbox 587 590 794 644; x_wconf 88' lang='lat' dir='ltr'><strong>interna</strong></span> <span class='ocrx_word' id='word_1_38' title='bbox 817 595 1130 661; x_wconf 88' lang='lat' dir='ltr'><strong>penetratis,</strong></span> <span class='ocrx_word' id='word_1_39' title='bbox 1160 597 1312 665; x_wconf 88' lang='lat' dir='ltr'><strong>quasi</strong></span> <span class='ocrx_word' id='word_1_40' title='bbox 1335 596 1404 652; x_wconf 89' lang='lat' dir='ltr'><strong>de</strong></span> <span class='ocrx_word' id='word_1_41' title='bbox 1427 601 1536 665; x_wconf 86' lang='lat' dir='ltr'><strong>agri</strong></span> <span class='ocrx_word' id='word_1_42' title='bbox 1559 599 1846 652; x_wconf 82' lang='lat' dir='ltr'><strong>venatione</strong></span> 
     </span>
    </p>
   </div>
   <div class='ocr_carea' id='block_1_7' title="bbox 267 679 1842 759">
    <p class='ocr_par' dir='ltr' id='par_1_7' title="bbox 267 679 1842 759">
     <span class='ocr_line' id='line_1_7' title="bbox 267 679 1842 759; baseline 0.008 -27"><span class='ocrx_word' id='word_1_43' title='bbox 267 679 462 742; x_wconf 75' lang='lat' dir='ltr'><strong>satiati,</strong></span> <span class='ocrx_word' id='word_1_44' title='bbox 493 682 686 736; x_wconf 90' lang='lat' dir='ltr'><strong>mentis</strong></span> <span class='ocrx_word' id='word_1_45' title='bbox 716 694 958 738; x_wconf 83' lang='lat' dir='ltr'><strong>ventrem</strong></span> <span class='ocrx_word' id='word_1_46' title='bbox 992 686 1250 756; x_wconf 79' lang='lat' dir='ltr'><strong>&#39;repletis,</strong></span> <span class='ocrx_word' id='word_1_47' title='bbox 1296 700 1352 742; x_wconf 91' lang='lat' dir='ltr'><strong>ut</strong></span> <span class='ocrx_word' id='word_1_48' title='bbox 1382 691 1684 759; x_wconf 87' lang='lat' dir='ltr'><strong>anteposito</strong></span> <span class='ocrx_word' id='word_1_49' title='bbox 1715 690 1842 756; x_wconf 92' lang='lat' dir='ltr'><strong>ﬁlio,</strong></span> 
     </span>
    </p>
   </div>
   <div class='ocr_carea' id='block_1_8' title="bbox 263 771 1840 845">
    <p class='ocr_par' dir='ltr' id='par_1_8' title="bbox 263 771 1840 845">
     <span class='ocr_line' id='line_1_8' title="bbox 263 771 1840 845; baseline 0.012 -27"><span class='ocrx_word' id='word_1_50' title='bbox 263 776 513 836; x_wconf 86' lang='lat' dir='ltr'><strong>suscepto</strong></span> <span class='ocrx_word' id='word_1_51' title='bbox 539 771 787 827; x_wconf 82' lang='lat' dir='ltr'><strong>videlicet</strong></span> <span class='ocrx_word' id='word_1_52' title='bbox 817 776 1043 845; x_wconf 86' lang='lat' dir='ltr'><strong>populo,</strong></span> <span class='ocrx_word' id='word_1_53' title='bbox 1077 780 1292 845; x_wconf 83' lang='lat' dir='ltr'><strong>possitis</strong></span> <span class='ocrx_word' id='word_1_54' title='bbox 1321 791 1544 835; x_wconf 87' lang='lat' dir='ltr'><strong>ventura</strong></span> <span class='ocrx_word' id='word_1_55' title='bbox 1576 783 1840 838; x_wconf 83' lang='lat' dir='ltr'><strong>nuntiare.</strong></span> 
     </span>
    </p>
   </div>
   <div class='ocr_carea' id='block_1_9' title="bbox 260 853 1839 941">
    <p class='ocr_par' dir='ltr' id='par_1_9' title="bbox 260 853 1839 941">
     <span class='ocr_line' id='line_1_9' title="bbox 260 853 1839 941; baseline 0.011 -33"><span class='ocrx_word' id='word_1_56' title='bbox 260 853 368 910; x_wconf 85' lang='lat' dir='ltr'><strong>Sed</strong></span> <span class='ocrx_word' id='word_1_57' title='bbox 402 857 512 926; x_wconf 90' lang='lat' dir='ltr'><strong>jam</strong></span> <span class='ocrx_word' id='word_1_58' title='bbox 551 861 602 915; x_wconf 92' lang='lat' dir='ltr'><strong>in</strong></span> <span class='ocrx_word' id='word_1_59' title='bbox 650 862 756 918; x_wconf 91' lang='lat' dir='ltr'><strong>hoc</strong></span> <span class='ocrx_word' id='word_1_60' title='bbox 785 867 984 921; x_wconf 87' lang='lat' dir='ltr'><strong>saeculo</strong></span> <span class='ocrx_word' id='word_1_61' title='bbox 1023 868 1242 936; x_wconf 82' lang='lat' dir='ltr'><strong>caligat,</strong></span> <span class='ocrx_word' id='word_1_62' title='bbox 1284 871 1373 938; x_wconf 90' lang='lat' dir='ltr'><strong>qui</strong></span> <span class='ocrx_word' id='word_1_63' title='bbox 1412 871 1477 924; x_wconf 87' lang='lat' dir='ltr'><strong>de</strong></span> <span class='ocrx_word' id='word_1_64' title='bbox 1507 872 1616 924; x_wconf 85' lang='lat' dir='ltr'><strong>Deo</strong></span> <span class='ocrx_word' id='word_1_65' title='bbox 1645 873 1839 941; x_wconf 91' lang='lat' dir='ltr'><strong>aliquid</strong></span> 
     </span>
    </p>
   </div>
   <div class='ocr_carea' id='block_1_10' title="bbox 257 945 1843 1030">
    <p class='ocr_par' dir='ltr' id='par_1_10' title="bbox 257 945 1843 1030">
     <span class='ocr_line' id='line_1_10' title="bbox 257 945 1843 1030; baseline 0.011 -34"><span class='ocrx_word' id='word_1_66' title='bbox 257 945 543 1013; x_wconf 80' lang='lat' dir='ltr'><strong>prophetat</strong></span> <span class='ocrx_word' id='word_1_67' title='bbox 573 967 584 1003; x_wconf 94' lang='lat'>:</span> <span class='ocrx_word' id='word_1_68' title='bbox 617 953 744 1020; x_wconf 88' lang='lat' dir='ltr'><strong>quia</strong></span> <span class='ocrx_word' id='word_1_69' title='bbox 778 953 1025 1023; x_wconf 86' lang='lat' dir='ltr'><strong>profecto</strong></span> <span class='ocrx_word' id='word_1_70' title='bbox 1053 955 1267 1023; x_wconf 88' lang='lat' dir='ltr'><strong>dignum</strong></span> <span class='ocrx_word' id='word_1_71' title='bbox 1299 965 1381 1012; x_wconf 91' lang='lat' dir='ltr'><strong>est</strong></span> <span class='ocrx_word' id='word_1_72' title='bbox 1411 967 1466 1012; x_wconf 92' lang='lat' dir='ltr'><strong>ut</strong></span> <span class='ocrx_word' id='word_1_73' title='bbox 1497 959 1580 1014; x_wconf 90' lang='lat' dir='ltr'><strong>hic</strong></span> <span class='ocrx_word' id='word_1_74' title='bbox 1603 959 1716 1028; x_wconf 92' lang='lat' dir='ltr'><strong>jam</strong></span> <span class='ocrx_word' id='word_1_75' title='bbox 1747 977 1843 1030; x_wconf 91' lang='lat' dir='ltr'><strong>per</strong></span> 
     </span>
    </p>
   </div>
   <div class='ocr_carea' id='block_1_11' title="bbox 256 1039 1838 1120">
    <p class='ocr_par' dir='ltr' id='par_1_11' title="bbox 256 1039 1838 1120">
     <span class='ocr_line' id='line_1_11' title="bbox 256 1039 1838 1120; baseline 0.011 -32"><span class='ocrx_word' id='word_1_76' title='bbox 256 1039 748 1106; x_wconf 79' lang='lat' dir='ltr'><strong>concupiscentiam</strong></span> <span class='ocrx_word' id='word_1_77' title='bbox 777 1047 952 1100; x_wconf 92' lang='lat' dir='ltr'><strong>minus</strong></span> <span class='ocrx_word' id='word_1_78' title='bbox 982 1047 1191 1112; x_wconf 84' lang='lat' dir='ltr'><strong>videat,</strong></span> <span class='ocrx_word' id='word_1_79' title='bbox 1237 1049 1386 1119; x_wconf 90' lang='lat' dir='ltr'><strong>cujus</strong></span> <span class='ocrx_word' id='word_1_80' title='bbox 1414 1067 1602 1105; x_wconf 90' lang='lat' dir='ltr'><strong>sensus</strong></span> <span class='ocrx_word' id='word_1_81' title='bbox 1632 1068 1726 1120; x_wconf 88' lang='lat' dir='ltr'><strong>per</strong></span> <span class='ocrx_word' id='word_1_82' title='bbox 1755 1055 1838 1106; x_wconf 93' lang='lat' dir='ltr'><strong>in-</strong></span> 
     </span>
    </p>
   </div>
   <div class='ocr_carea' id='block_1_12' title="bbox 256 1127 1838 1212">
    <p class='ocr_par' dir='ltr' id='par_1_12' title="bbox 256 1127 1838 1212">
     <span class='ocr_line' id='line_1_12' title="bbox 256 1127 1838 1212; baseline 0.013 -33"><span class='ocrx_word' id='word_1_83' title='bbox 256 1127 604 1197; x_wconf 86' lang='lat' dir='ltr'><strong>telligentiam</strong></span> <span class='ocrx_word' id='word_1_84' title='bbox 636 1137 781 1193; x_wconf 90' lang='lat' dir='ltr'><strong>intus</strong></span> <span class='ocrx_word' id='word_1_85' title='bbox 803 1148 1073 1194; x_wconf 86' lang='lat' dir='ltr'><strong>coruscat.</strong></span> <span class='ocrx_word' id='word_1_86' title='bbox 1103 1139 1228 1195; x_wconf 72' lang='lat' dir='ltr'><strong>llaec</strong></span> <span class='ocrx_word' id='word_1_87' title='bbox 1251 1157 1378 1210; x_wconf 86' lang='lat' dir='ltr'><strong>ergo</strong></span> <span class='ocrx_word' id='word_1_88' title='bbox 1400 1143 1464 1196; x_wconf 87' lang='lat' dir='ltr'><strong>ad</strong></span> <span class='ocrx_word' id='word_1_89' title='bbox 1485 1145 1838 1212; x_wconf 82' lang='lat' dir='ltr'><strong>vosmetipsos</strong></span> 
     </span>
    </p>
   </div>
   <div class='ocr_carea' id='block_1_13' title="bbox 257 1222 1835 1304">
    <p class='ocr_par' dir='ltr' id='par_1_13' title="bbox 257 1222 1835 1304">
     <span class='ocr_line' id='line_1_13' title="bbox 257 1222 1835 1304; baseline 0.011 -30"><span class='ocrx_word' id='word_1_90' title='bbox 257 1222 408 1291; x_wconf 77' lang='lat'><strong>101</strong></span> <span class='ocrx_word' id='word_1_91' title='bbox 433 1225 667 1293; x_wconf 89' lang='lat' dir='ltr'><strong>trahite;</strong></span> <span class='ocrx_word' id='word_1_92' title='bbox 692 1240 745 1282; x_wconf 76' lang='lat' dir='ltr'><strong>et</strong></span> <span class='ocrx_word' id='word_1_93' title='bbox 772 1231 817 1283; x_wconf 94' lang='lat' dir='ltr'><strong>si</strong></span> <span class='ocrx_word' id='word_1_94' title='bbox 842 1247 936 1285; x_wconf 90' lang='lat' dir='ltr'><strong>vos</strong></span> <span class='ocrx_word' id='word_1_95' title='bbox 958 1232 1091 1285; x_wconf 80' lang='lat' dir='ltr'><strong>tales</strong></span> <span class='ocrx_word' id='word_1_96' title='bbox 1112 1233 1418 1299; x_wconf 83' lang='lat' dir='ltr'><strong>agnoscitis,</strong></span> <span class='ocrx_word' id='word_1_97' title='bbox 1446 1235 1572 1288; x_wconf 89' lang='lat' dir='ltr'><strong>nihil</strong></span> <span class='ocrx_word' id='word_1_98' title='bbox 1595 1237 1835 1304; x_wconf 78' lang='lat' dir='ltr'><strong>estquod</strong></span> 
     </span>
    </p>
   </div>
   <div class='ocr_carea' id='block_1_14' title="bbox 249 1311 1836 1395">
    <p class='ocr_par' dir='ltr' id='par_1_14' title="bbox 249 1311 1836 1395">
     <span class='ocr_line' id='line_1_14' title="bbox 249 1311 1836 1395; baseline 0.011 -33"><span class='ocrx_word' id='word_1_99' title='bbox 249 1311 318 1365; x_wconf 87' lang='lat' dir='ltr'><strong>de</strong></span> <span class='ocrx_word' id='word_1_100' title='bbox 367 1323 554 1370; x_wconf 89' lang='lat' dir='ltr'><strong>nostra</strong></span> <span class='ocrx_word' id='word_1_101' title='bbox 598 1320 960 1375; x_wconf 84' lang='lat' dir='ltr'><strong>aestimatione</strong></span> <span class='ocrx_word' id='word_1_102' title='bbox 1013 1322 1285 1377; x_wconf 90' lang='lat' dir='ltr'><strong>dubitetis.</strong></span> <span class='ocrx_word' id='word_1_103' title='bbox 1335 1323 1578 1380; x_wconf 86' lang='lat' dir='ltr'><strong>Gaudere</strong></span> <span class='ocrx_word' id='word_1_104' title='bbox 1623 1341 1836 1395; x_wconf 87' lang='lat' dir='ltr'><strong>quoque</strong></span> 
     </span>
    </p>
   </div>
   <div class='ocr_carea' id='block_1_15' title="bbox 247 1398 1831 1473">
    <p class='ocr_par' dir='ltr' id='par_1_15' title="bbox 247 1398 1831 1473">
     <span class='ocr_line' id='line_1_15' title="bbox 247 1398 1831 1473; baseline 0.013 -21"><span class='ocrx_word' id='word_1_105' title='bbox 247 1398 649 1462; x_wconf 84' lang='lat' dir='ltr'><strong>Beatitudinem</strong></span> <span class='ocrx_word' id='word_1_106' title='bbox 675 1418 908 1464; x_wconf 87' lang='lat' dir='ltr'><strong>vestram</strong></span> <span class='ocrx_word' id='word_1_107' title='bbox 933 1413 1164 1473; x_wconf 89' lang='lat' dir='ltr'><strong>invenio,</strong></span> <span class='ocrx_word' id='word_1_108' title='bbox 1193 1413 1236 1466; x_wconf 90' lang='lat' dir='ltr'><strong>si</strong></span> <span class='ocrx_word' id='word_1_109' title='bbox 1263 1417 1471 1469; x_wconf 83' lang='lat' dir='ltr'><strong>voracis</strong></span> <span class='ocrx_word' id='word_1_110' title='bbox 1493 1432 1684 1470; x_wconf 86' lang='lat' dir='ltr'><strong>nomen</strong></span> <span class='ocrx_word' id='word_1_111' title='bbox 1710 1434 1831 1473; x_wconf 91' lang='lat' dir='ltr'><strong>cum</strong></span> 
     </span>
    </p>
   </div>
   <div class='ocr_carea' id='block_1_16' title="bbox 244 1504 1828 1579">
    <p class='ocr_par' dir='ltr' id='par_1_16' title="bbox 244 1504 1828 1579">
     <span class='ocr_line' id='line_1_16' title="bbox 244 1504 1828 1579; baseline 0.012 -33"><span class='ocrx_word' id='word_1_112' title='bbox 244 1504 429 1549; x_wconf 88' lang='lat' dir='ltr'><strong>rerum</strong></span> <span class='ocrx_word' id='word_1_113' title='bbox 459 1507 686 1555; x_wconf 89' lang='lat' dir='ltr'><strong>auctore</strong></span> <span class='ocrx_word' id='word_1_114' title='bbox 714 1504 995 1558; x_wconf 85' lang='lat' dir='ltr'><strong>sustineat.</strong></span> <span class='ocrx_word' id='word_1_115' title='bbox 1027 1504 1177 1569; x_wconf 86' lang='lat' dir='ltr'><strong>Quod</strong></span> <span class='ocrx_word' id='word_1_116' title='bbox 1206 1519 1306 1572; x_wconf 88' lang='lat' dir='ltr'><strong>ego</strong></span> <span class='ocrx_word' id='word_1_117' title='bbox 1335 1507 1569 1563; x_wconf 90' lang='lat' dir='ltr'><strong>breviter</strong></span> <span class='ocrx_word' id='word_1_118' title='bbox 1595 1523 1828 1579; x_wconf 82' lang='lat' dir='ltr'><strong>expono,</strong></span> 
     </span>
    </p>
   </div>
   <div class='ocr_carea' id='block_1_17' title="bbox 241 1586 1832 1657">
    <p class='ocr_par' dir='ltr' id='par_1_17' title="bbox 241 1586 1832 1657">
     <span class='ocr_line' id='line_1_17' title="bbox 241 1586 1832 1657; baseline 0.011 -21"><span class='ocrx_word' id='word_1_119' title='bbox 241 1586 372 1652; x_wconf 86' lang='lat' dir='ltr'><strong>quia</strong></span> <span class='ocrx_word' id='word_1_120' title='bbox 402 1587 448 1643; x_wconf 88' lang='lat' dir='ltr'><strong>si</strong></span> <span class='ocrx_word' id='word_1_121' title='bbox 481 1589 549 1643; x_wconf 89' lang='lat' dir='ltr'><strong>de</strong></span> <span class='ocrx_word' id='word_1_122' title='bbox 576 1590 730 1645; x_wconf 86' lang='lat' dir='ltr'><strong>vobis</strong></span> <span class='ocrx_word' id='word_1_123' title='bbox 760 1592 942 1646; x_wconf 85' lang='lat' dir='ltr'><strong>falsum</strong></span> <span class='ocrx_word' id='word_1_124' title='bbox 970 1593 1180 1657; x_wconf 89' lang='lat' dir='ltr'><strong>dicitur,</strong></span> <span class='ocrx_word' id='word_1_125' title='bbox 1214 1609 1406 1648; x_wconf 92' lang='lat' dir='ltr'><strong>nomen</strong></span> <span class='ocrx_word' id='word_1_126' title='bbox 1434 1597 1537 1650; x_wconf 89' lang='lat' dir='ltr'><strong>hoc</strong></span> <span class='ocrx_word' id='word_1_127' title='bbox 1565 1599 1832 1652; x_wconf 54' lang='lat' dir='ltr'><strong>veraciter</strong></span> 
     </span>
    </p>
   </div>
   <div class='ocr_carea' id='block_1_18' title="bbox 238 1664 1830 1742">
    <p class='ocr_par' dir='ltr' id='par_1_18' title="bbox 238 1664 1830 1742">
     <span class='ocr_line' id='line_1_18' title="bbox 238 1664 1830 1742; baseline 0.009 -14"><span class='ocrx_word' id='word_1_128' title='bbox 238 1690 369 1730; x_wconf 90' lang='lat' dir='ltr'><strong>cum</strong></span> <span class='ocrx_word' id='word_1_129' title='bbox 394 1664 572 1733; x_wconf 65' lang='lat' dir='ltr'><strong>riarum</strong></span> <span class='ocrx_word' id='word_1_130' title='bbox 597 1689 815 1734; x_wconf 88' lang='lat' dir='ltr'><strong>auctore</strong></span> <span class='ocrx_word' id='word_1_131' title='bbox 838 1683 1128 1735; x_wconf 88' lang='lat' dir='ltr'><strong>sustinetis.</strong></span> <span class='ocrx_word' id='word_1_132' title='bbox 1153 1681 1208 1736; x_wconf 91' lang='lat' dir='ltr'><strong>Si</strong></span> <span class='ocrx_word' id='word_1_133' title='bbox 1232 1697 1361 1738; x_wconf 90' lang='lat' dir='ltr'><strong>vero</strong></span> <span class='ocrx_word' id='word_1_134' title='bbox 1383 1684 1450 1738; x_wconf 91' lang='lat' dir='ltr'><strong>de</strong></span> <span class='ocrx_word' id='word_1_135' title='bbox 1466 1687 1619 1741; x_wconf 89' lang='lat' dir='ltr'><strong>vobis</strong></span> <span class='ocrx_word' id='word_1_136' title='bbox 1641 1702 1830 1742; x_wconf 88' lang='lat' dir='ltr'><strong>verum</strong></span> 
     </span>
    </p>
   </div>
   <div class='ocr_carea' id='block_1_19' title="bbox 1951 500 3528 582">
    <p class='ocr_par' dir='ltr' id='par_1_19' title="bbox 1951 500 3528 582">
     <span class='ocr_line' id='line_1_19' title="bbox 1951 500 3528 582; baseline 0.011 -29"><span class='ocrx_word' id='word_1_137' title='bbox 1951 500 2270 555; x_wconf 79' lang='lat' dir='ltr'><strong>executione</strong></span> <span class='ocrx_word' id='word_1_138' title='bbox 2291 503 2601 571; x_wconf 76' lang='lat' dir='ltr'><strong>Compellat,</strong></span> <span class='ocrx_word' id='word_1_139' title='bbox 2625 514 2889 573; x_wconf 81' lang='lat' dir='ltr'><strong>quatenus</strong></span> <span class='ocrx_word' id='word_1_140' title='bbox 2913 509 2962 562; x_wconf 92' lang='lat' dir='ltr'><strong>ei</strong></span> <span class='ocrx_word' id='word_1_141' title='bbox 2992 509 3120 574; x_wconf 93' lang='lat' dir='ltr'><strong>illic,</strong></span> <span class='ocrx_word' id='word_1_142' title='bbox 3149 519 3200 565; x_wconf 92' lang='lat' dir='ltr'><strong>te</strong></span> <span class='ocrx_word' id='word_1_143' title='bbox 3227 511 3528 582; x_wconf 84' lang='lat' dir='ltr'><strong>insistente,</strong></span> 
     </span>
    </p>
   </div>
   <div class='ocr_carea' id='block_1_20' title="bbox 1948 595 3530 665">
    <p class='ocr_par' dir='ltr' id='par_1_20' title="bbox 1948 595 3530 665">
     <span class='ocr_line' id='line_1_20' title="bbox 1948 595 3530 665; baseline 0.01 -19"><span class='ocrx_word' id='word_1_144' title='bbox 1948 602 2187 662; x_wconf 80' lang='lat' dir='ltr'><strong>quinque</strong></span> <span class='ocrx_word' id='word_1_145' title='bbox 2231 595 2419 650; x_wconf 91' lang='lat' dir='ltr'><strong>diebus</strong></span> <span class='ocrx_word' id='word_1_146' title='bbox 2459 598 2557 650; x_wconf 90' lang='lat' dir='ltr'><strong>sub</strong></span> <span class='ocrx_word' id='word_1_147' title='bbox 2596 599 2834 665; x_wconf 89' lang='lat' dir='ltr'><strong>qualibet</strong></span> <span class='ocrx_word' id='word_1_148' title='bbox 2880 604 3224 658; x_wconf 84' lang='lat' dir='ltr'><strong>excusatione</strong></span> <span class='ocrx_word' id='word_1_149' title='bbox 3252 605 3530 664; x_wconf 80' lang='lat' dir='ltr'><strong>immorari</strong></span> 
     </span>
    </p>
   </div>
   <div class='ocr_carea' id='block_1_21' title="bbox 1947 685 3530 768">
    <p class='ocr_par' dir='ltr' id='par_1_21' title="bbox 1947 685 3530 768">
     <span class='ocr_line' id='line_1_21' title="bbox 1947 685 3530 768; baseline 0.011 -30"><span class='ocrx_word' id='word_1_150' title='bbox 1947 700 2056 740; x_wconf 91' lang='lat' dir='ltr'><strong>non</strong></span> <span class='ocrx_word' id='word_1_151' title='bbox 2083 685 2244 741; x_wconf 91' lang='lat' dir='ltr'><strong>liceat</strong></span> <span class='ocrx_word' id='word_1_152' title='bbox 2276 704 2288 738; x_wconf 93' lang='lat'>:</span> <span class='ocrx_word' id='word_1_153' title='bbox 2321 701 2389 741; x_wconf 91' lang='lat' dir='ltr'><strong>ne</strong></span> <span class='ocrx_word' id='word_1_154' title='bbox 2410 687 2454 740; x_wconf 92' lang='lat' dir='ltr'><strong>si</strong></span> <span class='ocrx_word' id='word_1_155' title='bbox 2477 689 2714 755; x_wconf 89' lang='lat' dir='ltr'><strong>quolibet</strong></span> <span class='ocrx_word' id='word_1_156' title='bbox 2743 691 2904 746; x_wconf 93' lang='lat' dir='ltr'><strong>modo</strong></span> <span class='ocrx_word' id='word_1_157' title='bbox 2931 708 3052 747; x_wconf 91' lang='lat' dir='ltr'><strong>eum</strong></span> <span class='ocrx_word' id='word_1_158' title='bbox 3079 696 3273 750; x_wconf 83' lang='lat' dir='ltr'><strong>ibidem</strong></span> <span class='ocrx_word' id='word_1_159' title='bbox 3301 701 3530 768; x_wconf 86' lang='lat' dir='ltr'><strong>amplius</strong></span> 
     </span>
    </p>
   </div>
   <div class='ocr_carea' id='block_1_22' title="bbox 1945 776 3529 858">
    <p class='ocr_par' dir='ltr' id='par_1_22' title="bbox 1945 776 3529 858">
     <span class='ocr_line' id='line_1_22' title="bbox 1945 776 3529 858; baseline 0.011 -31"><span class='ocrx_word' id='word_1_160' title='bbox 1945 790 2152 831; x_wconf 89' lang='lat' dir='ltr'><strong>moram</strong></span> <span class='ocrx_word' id='word_1_161' title='bbox 2185 776 2386 831; x_wconf 86' lang='lat' dir='ltr'><strong>habere</strong></span> <span class='ocrx_word' id='word_1_162' title='bbox 2413 780 2752 848; x_wconf 90' lang='lat' dir='ltr'><strong>permiseris,</strong></span> <span class='ocrx_word' id='word_1_163' title='bbox 2797 797 2918 835; x_wconf 89' lang='lat' dir='ltr'><strong>cum</strong></span> <span class='ocrx_word' id='word_1_164' title='bbox 2967 784 3082 850; x_wconf 91' lang='lat' dir='ltr'><strong>ipso</strong></span> <span class='ocrx_word' id='word_1_165' title='bbox 3111 789 3251 854; x_wconf 89' lang='lat' dir='ltr'><strong>apud</strong></span> <span class='ocrx_word' id='word_1_166' title='bbox 3279 804 3378 842; x_wconf 90' lang='lat' dir='ltr'><strong>nos</strong></span> <span class='ocrx_word' id='word_1_167' title='bbox 3405 804 3529 858; x_wconf 85' lang='lat' dir='ltr'><strong>gra-</strong></span> 
     </span>
    </p>
   </div>
   <div class='ocr_carea' id='block_1_23' title="bbox 1943 865 3526 953">
    <p class='ocr_par' dir='ltr' id='par_1_23' title="bbox 1943 865 3526 953">
     <span class='ocr_line' id='line_1_23' title="bbox 1943 865 3526 953; baseline 0.011 -35"><span class='ocrx_word' id='word_1_168' title='bbox 1943 865 2321 936; x_wconf 88' lang='lat' dir='ltr'><strong>viterincipias</strong></span> <span class='ocrx_word' id='word_1_169' title='bbox 2339 883 2458 922; x_wconf 89' lang='lat' dir='ltr'><strong>esse</strong></span> <span class='ocrx_word' id='word_1_170' title='bbox 2473 870 2772 939; x_wconf 89' lang='lat' dir='ltr'><strong>culpabilis.</strong></span> <span class='ocrx_word' id='word_1_171' title='bbox 2805 893 2822 925; x_wconf 79' lang='grc'><strong>»</strong></span> <span class='ocrx_word' id='word_1_172' title='bbox 2855 873 3078 946; x_wconf 83' lang='lat' dir='ltr'><strong>(Regist.</strong></span> <span class='ocrx_word' id='word_1_173' title='bbox 3109 879 3199 930; x_wconf 78' lang='lat' dir='ltr'><strong>lib.</strong></span> <span class='ocrx_word' id='word_1_174' title='bbox 3230 895 3284 947; x_wconf 89' lang='lat' dir='ltr'><strong>x,</strong></span> <span class='ocrx_word' id='word_1_175' title='bbox 3306 898 3387 950; x_wconf 80' lang='lat' dir='ltr'><strong>ep.</strong></span> <span class='ocrx_word' id='word_1_176' title='bbox 3419 883 3526 953; x_wconf 86' lang='lat' dir='ltr'><strong>IO.)</strong></span> 
     </span>
    </p>
   </div>
   <div class='ocr_carea' id='block_1_24' title="bbox 2011 954 3526 1025">
    <p class='ocr_par' dir='ltr' id='par_1_24' title="bbox 2011 954 3526 1025">
     <span class='ocr_line' id='line_1_24' title="bbox 2011 954 3526 1025; baseline 0.011 -17"><span class='ocrx_word' id='word_1_177' title='bbox 2011 954 2100 1008; x_wconf 80' lang='grc'><strong>57.</strong></span> <span class='ocrx_word' id='word_1_178' title='bbox 2127 954 2261 1010; x_wconf 90' lang='lat' dir='ltr'><strong>ltem</strong></span> <span class='ocrx_word' id='word_1_179' title='bbox 2286 957 2575 1013; x_wconf 84' lang='lat' dir='ltr'><strong>Anthemio</strong></span> <span class='ocrx_word' id='word_1_180' title='bbox 2597 962 2928 1018; x_wconf 90' lang='lat' dir='ltr'><strong>subdiacono</strong></span> <span class='ocrx_word' id='word_1_181' title='bbox 2963 982 2975 1017; x_wconf 89' lang='lat'>:</span> <span class='ocrx_word' id='word_1_182' title='bbox 3011 983 3029 1015; x_wconf 75' lang='grc' dir='ltr'>σ</span> <span class='ocrx_word' id='word_1_183' title='bbox 3065 965 3316 1022; x_wconf 87' lang='lat' dir='ltr'><strong>Pervenit</strong></span> <span class='ocrx_word' id='word_1_184' title='bbox 3338 971 3404 1024; x_wconf 90' lang='lat' dir='ltr'><strong>ad</strong></span> <span class='ocrx_word' id='word_1_185' title='bbox 3429 988 3526 1025; x_wconf 83' lang='lat' dir='ltr'><strong>nos</strong></span> 
     </span>
    </p>
   </div>
   <div class='ocr_carea' id='block_1_25' title="bbox 1941 1041 3525 1125">
    <p class='ocr_par' dir='ltr' id='par_1_25' title="bbox 1941 1041 3525 1125">
     <span class='ocr_line' id='line_1_25' title="bbox 1941 1041 3525 1125; baseline 0.013 -31"><span class='ocrx_word' id='word_1_186' title='bbox 1941 1041 2263 1110; x_wconf 88' lang='lat' dir='ltr'><strong>Pimenium,</strong></span> <span class='ocrx_word' id='word_1_187' title='bbox 2295 1045 2632 1102; x_wconf 67' lang='lat' dir='ltr'><strong>Amalﬁtanm</strong></span> <span class='ocrx_word' id='word_1_188' title='bbox 2660 1051 2893 1106; x_wconf 88' lang='lat' dir='ltr'><strong>civitatis</strong></span> <span class='ocrx_word' id='word_1_189' title='bbox 2922 1055 3252 1125; x_wconf 86' lang='lat' dir='ltr'><strong>episc0pum,</strong></span> <span class='ocrx_word' id='word_1_190' title='bbox 3287 1059 3338 1111; x_wconf 91' lang='lat' dir='ltr'><strong>in</strong></span> <span class='ocrx_word' id='word_1_191' title='bbox 3361 1061 3525 1114; x_wconf 83' lang='lat' dir='ltr'><strong>eccle-</strong></span> 
     </span>
    </p>
   </div>
   <div class='ocr_carea' id='block_1_26' title="bbox 1935 1136 3524 1220">
    <p class='ocr_par' dir='ltr' id='par_1_26' title="bbox 1935 1136 3524 1220">
     <span class='ocr_line' id='line_1_26' title="bbox 1935 1136 3524 1220; baseline 0.011 -33"><span class='ocrx_word' id='word_1_192' title='bbox 1935 1136 2014 1188; x_wconf 81' lang='lat' dir='ltr'><strong>sia</strong></span> <span class='ocrx_word' id='word_1_193' title='bbox 2039 1151 2133 1189; x_wconf 90' lang='lat' dir='ltr'><strong>sua</strong></span> <span class='ocrx_word' id='word_1_194' title='bbox 2165 1136 2402 1191; x_wconf 82' lang='lat' dir='ltr'><strong>residere</strong></span> <span class='ocrx_word' id='word_1_195' title='bbox 2440 1155 2546 1192; x_wconf 92' lang='lat' dir='ltr'><strong>non</strong></span> <span class='ocrx_word' id='word_1_196' title='bbox 2577 1155 2699 1195; x_wconf 85' lang='lat' dir='ltr'><strong>esse</strong></span> <span class='ocrx_word' id='word_1_197' title='bbox 2725 1151 3062 1212; x_wconf 88' lang='lat' dir='ltr'><strong>contentum,</strong></span> <span class='ocrx_word' id='word_1_198' title='bbox 3099 1148 3197 1201; x_wconf 87' lang='lat' dir='ltr'><strong>sed</strong></span> <span class='ocrx_word' id='word_1_199' title='bbox 3241 1148 3386 1204; x_wconf 87' lang='lat' dir='ltr'><strong>foras</strong></span> <span class='ocrx_word' id='word_1_200' title='bbox 3428 1165 3524 1220; x_wconf 87' lang='lat' dir='ltr'><strong>per</strong></span> 
     </span>
    </p>
   </div>
   <div class='ocr_carea' id='block_1_27' title="bbox 1937 1226 3522 1307">
    <p class='ocr_par' dir='ltr' id='par_1_27' title="bbox 1937 1226 3522 1307">
     <span class='ocr_line' id='line_1_27' title="bbox 1937 1226 3522 1307; baseline 0.009 -28"><span class='ocrx_word' id='word_1_201' title='bbox 1937 1227 2052 1280; x_wconf 86' lang='lat' dir='ltr'><strong>loca</strong></span> <span class='ocrx_word' id='word_1_202' title='bbox 2077 1226 2286 1281; x_wconf 89' lang='lat' dir='ltr'><strong>diversa</strong></span> <span class='ocrx_word' id='word_1_203' title='bbox 2318 1228 2520 1294; x_wconf 86' lang='lat' dir='ltr'><strong>vagari.</strong></span> <span class='ocrx_word' id='word_1_204' title='bbox 2554 1228 2708 1294; x_wconf 86' lang='lat' dir='ltr'><strong>Quod</strong></span> <span class='ocrx_word' id='word_1_205' title='bbox 2737 1231 2986 1286; x_wconf 86' lang='lat' dir='ltr'><strong>videntes</strong></span> <span class='ocrx_word' id='word_1_206' title='bbox 3013 1234 3124 1299; x_wconf 89' lang='lat' dir='ltr'><strong>alii,</strong></span> <span class='ocrx_word' id='word_1_207' title='bbox 3170 1251 3272 1290; x_wconf 90' lang='lat' dir='ltr'><strong>nec</strong></span> <span class='ocrx_word' id='word_1_208' title='bbox 3318 1239 3418 1307; x_wconf 92' lang='lat' dir='ltr'><strong>ipsi</strong></span> <span class='ocrx_word' id='word_1_209' title='bbox 3468 1241 3522 1294; x_wconf 92' lang='lat' dir='ltr'><strong>in</strong></span> 
     </span>
    </p>
   </div>
   <div class='ocr_carea' id='block_1_28' title="bbox 1936 1316 3521 1394">
    <p class='ocr_par' dir='ltr' id='par_1_28' title="bbox 1936 1316 3521 1394">
     <span class='ocr_line' id='line_1_28' title="bbox 1936 1316 3521 1394; baseline 0.011 -26"><span class='ocrx_word' id='word_1_210' title='bbox 1936 1323 2114 1369; x_wconf 89' lang='lat' dir='ltr'><strong>castro</strong></span> <span class='ocrx_word' id='word_1_211' title='bbox 2129 1331 2187 1370; x_wconf 90' lang='lat' dir='ltr'><strong>se</strong></span> <span class='ocrx_word' id='word_1_212' title='bbox 2210 1316 2462 1381; x_wconf 86' lang='lat' dir='ltr'><strong>retinent,</strong></span> <span class='ocrx_word' id='word_1_213' title='bbox 2480 1318 2573 1371; x_wconf 90' lang='lat' dir='ltr'><strong>sed</strong></span> <span class='ocrx_word' id='word_1_214' title='bbox 2594 1317 2709 1387; x_wconf 92' lang='lat' dir='ltr'><strong>ejus</strong></span> <span class='ocrx_word' id='word_1_215' title='bbox 2730 1320 3037 1388; x_wconf 82' lang='lat' dir='ltr'><strong>exemplum</strong></span> <span class='ocrx_word' id='word_1_216' title='bbox 3060 1335 3369 1394; x_wconf 88' lang='lat' dir='ltr'><strong>sequentes,</strong></span> <span class='ocrx_word' id='word_1_217' title='bbox 3392 1328 3521 1385; x_wconf 78' lang='lat' dir='ltr'><strong>foris</strong></span> 
     </span>
    </p>
   </div>
   <div class='ocr_carea' id='block_1_29' title="bbox 1934 1406 3518 1486">
    <p class='ocr_par' dir='ltr' id='par_1_29' title="bbox 1934 1406 3518 1486">
     <span class='ocr_line' id='line_1_29' title="bbox 1934 1406 3518 1486; baseline 0.01 -29"><span class='ocrx_word' id='word_1_218' title='bbox 1934 1407 2102 1474; x_wconf 87' lang='lat' dir='ltr'><strong>magis</strong></span> <span class='ocrx_word' id='word_1_219' title='bbox 2131 1406 2332 1473; x_wconf 85' lang='lat' dir='ltr'><strong>eligunt</strong></span> <span class='ocrx_word' id='word_1_220' title='bbox 2360 1407 2622 1463; x_wconf 85' lang='lat' dir='ltr'><strong>habitare.</strong></span> <span class='ocrx_word' id='word_1_221' title='bbox 2658 1409 2723 1462; x_wconf 87' lang='lat' dir='ltr'><strong>Et</strong></span> <span class='ocrx_word' id='word_1_222' title='bbox 2746 1412 2873 1480; x_wconf 87' lang='lat' dir='ltr'><strong>quia</strong></span> <span class='ocrx_word' id='word_1_223' title='bbox 2900 1413 2978 1467; x_wconf 91' lang='lat' dir='ltr'><strong>sic</strong></span> <span class='ocrx_word' id='word_1_224' title='bbox 3021 1423 3261 1480; x_wconf 82' lang='lat' dir='ltr'><strong>agentes,</strong></span> <span class='ocrx_word' id='word_1_225' title='bbox 3293 1418 3392 1485; x_wconf 90' lang='lat' dir='ltr'><strong>ipsi</strong></span> <span class='ocrx_word' id='word_1_226' title='bbox 3419 1435 3518 1486; x_wconf 58' lang='lat' dir='ltr'><strong>po-</strong></span> 
     </span>
    </p>
   </div>
   <div class='ocr_carea' id='block_1_30' title="bbox 1936 1494 3517 1572">
    <p class='ocr_par' dir='ltr' id='par_1_30' title="bbox 1936 1494 3517 1572">
     <span class='ocr_line' id='line_1_30' title="bbox 1936 1494 3517 1572; baseline 0.009 -25"><span class='ocrx_word' id='word_1_227' title='bbox 1936 1494 2038 1550; x_wconf 91' lang='lat' dir='ltr'><strong>tius</strong></span> <span class='ocrx_word' id='word_1_228' title='bbox 2075 1496 2141 1550; x_wconf 89' lang='lat' dir='ltr'><strong>ad</strong></span> <span class='ocrx_word' id='word_1_229' title='bbox 2163 1511 2314 1551; x_wconf 88' lang='lat' dir='ltr'><strong>suam</strong></span> <span class='ocrx_word' id='word_1_230' title='bbox 2345 1497 2528 1551; x_wconf 86' lang='lat' dir='ltr'><strong>hostes</strong></span> <span class='ocrx_word' id='word_1_231' title='bbox 2558 1499 3014 1569; x_wconf 82' lang='lat' dir='ltr'><strong>depraedationem</strong></span> <span class='ocrx_word' id='word_1_232' title='bbox 3041 1503 3286 1572; x_wconf 90' lang='lat' dir='ltr'><strong>invitant,</strong></span> <span class='ocrx_word' id='word_1_233' title='bbox 3320 1507 3517 1562; x_wconf 90' lang='lat' dir='ltr'><strong>idcirco</strong></span> 
     </span>
    </p>
   </div>
   <div class='ocr_carea' id='block_1_31' title="bbox 1931 1585 3518 1666">
    <p class='ocr_par' dir='ltr' id='par_1_31' title="bbox 1931 1585 3518 1666">
     <span class='ocr_line' id='line_1_31' title="bbox 1931 1585 3518 1666; baseline 0.009 -28"><span class='ocrx_word' id='word_1_234' title='bbox 1931 1585 2034 1640; x_wconf 90' lang='lat' dir='ltr'><strong>hac</strong></span> <span class='ocrx_word' id='word_1_235' title='bbox 2064 1586 2159 1640; x_wconf 91' lang='lat' dir='ltr'><strong>tibi</strong></span> <span class='ocrx_word' id='word_1_236' title='bbox 2201 1589 2521 1643; x_wconf 87' lang='lat' dir='ltr'><strong>auctoritate</strong></span> <span class='ocrx_word' id='word_1_237' title='bbox 2567 1592 2904 1661; x_wconf 91' lang='lat' dir='ltr'><strong>praecipimus</strong></span> <span class='ocrx_word' id='word_1_238' title='bbox 2934 1601 2992 1646; x_wconf 89' lang='lat' dir='ltr'><strong>ut</strong></span> <span class='ocrx_word' id='word_1_239' title='bbox 3025 1596 3175 1665; x_wconf 79' lang='lat'><strong>102</strong></span> <span class='ocrx_word' id='word_1_240' title='bbox 3206 1597 3518 1666; x_wconf 89' lang='lat' dir='ltr'><strong>supradicto</strong></span> 
     </span>
    </p>
   </div>
   <div class='ocr_carea' id='block_1_32' title="bbox 1931 1675 3518 1754">
    <p class='ocr_par' dir='ltr' id='par_1_32' title="bbox 1931 1675 3518 1754">
     <span class='ocr_line' id='line_1_32' title="bbox 1931 1675 3518 1754; baseline 0.01 -26"><span class='ocrx_word' id='word_1_241' title='bbox 1931 1675 2188 1744; x_wconf 88' lang='lat' dir='ltr'><strong>episcopo</strong></span> <span class='ocrx_word' id='word_1_242' title='bbox 2231 1677 2562 1733; x_wconf 89' lang='lat' dir='ltr'><strong>interminari</strong></span> <span class='ocrx_word' id='word_1_243' title='bbox 2604 1696 2711 1734; x_wconf 89' lang='lat' dir='ltr'><strong>non</strong></span> <span class='ocrx_word' id='word_1_244' title='bbox 2751 1681 2984 1748; x_wconf 89' lang='lat' dir='ltr'><strong>desinas,</strong></span> <span class='ocrx_word' id='word_1_245' title='bbox 3027 1693 3292 1754; x_wconf 87' lang='lat' dir='ltr'><strong>quatenus</strong></span> <span class='ocrx_word' id='word_1_246' title='bbox 3320 1688 3424 1742; x_wconf 90' lang='lat' dir='ltr'><strong>hoc</strong></span> <span class='ocrx_word' id='word_1_247' title='bbox 3450 1689 3518 1744; x_wconf 85' lang='lat' dir='ltr'><strong>de</strong></span> 
     </span>
    </p>
   </div>
   <div class='ocr_carea' id='block_1_33' title="bbox 237 1767 3517 1850">
    <p class='ocr_par' dir='ltr' id='par_1_33' title="bbox 237 1767 3517 1850">
     <span class='ocr_line' id='line_1_33' title="bbox 237 1767 3517 1850; baseline 0.01 -33"><span class='ocrx_word' id='word_1_248' title='bbox 237 1773 345 1830; x_wconf 89' lang='lat' dir='ltr'><strong>est,</strong></span> <span class='ocrx_word' id='word_1_249' title='bbox 376 1767 481 1821; x_wconf 91' lang='lat' dir='ltr'><strong>hoc</strong></span> <span class='ocrx_word' id='word_1_250' title='bbox 504 1768 572 1821; x_wconf 90' lang='lat' dir='ltr'><strong>de</strong></span> <span class='ocrx_word' id='word_1_251' title='bbox 594 1769 685 1822; x_wconf 89' lang='lat' dir='ltr'><strong>illo</strong></span> <span class='ocrx_word' id='word_1_252' title='bbox 712 1767 900 1823; x_wconf 82' lang='lat' dir='ltr'><strong>falsum</strong></span> <span class='ocrx_word' id='word_1_253' title='bbox 927 1771 1090 1826; x_wconf 88' lang='lat' dir='ltr'><strong>luisse</strong></span> <span class='ocrx_word' id='word_1_254' title='bbox 1115 1773 1230 1841; x_wconf 88' lang='lat' dir='ltr'><strong>quis</strong></span> <span class='ocrx_word' id='word_1_255' title='bbox 1259 1772 1501 1829; x_wconf 81' lang='lat' dir='ltr'><strong>dubitet?</strong></span> <span class='ocrx_word' id='word_1_256' title='bbox 1530 1776 1825 1835; x_wconf 83' lang='lat' dir='ltr'><strong>Absolvere</strong></span> <span class='ocrx_word' id='word_1_257' title='bbox 1857 1790 1904 1850; x_wconf 80' lang='grc' dir='ltr'>Β</span> <span class='ocrx_word' id='word_1_258' title='bbox 1931 1778 2126 1825; x_wconf 71' lang='lat' dir='ltr'><strong>caetero</strong></span> <span class='ocrx_word' id='word_1_259' title='bbox 2145 1769 2324 1826; x_wconf 77' lang='lat' dir='ltr'><strong>facere</strong></span> <span class='ocrx_word' id='word_1_260' title='bbox 2352 1787 2460 1826; x_wconf 80' lang='lat' dir='ltr'><strong>non</strong></span> <span class='ocrx_word' id='word_1_261' title='bbox 2487 1783 2792 1842; x_wconf 59' lang='lat' dir='ltr'><strong>praesumat.</strong></span> <span class='ocrx_word' id='word_1_262' title='bbox 2824 1776 2920 1830; x_wconf 81' lang='lat' dir='ltr'><strong>sed</strong></span> <span class='ocrx_word' id='word_1_263' title='bbox 2948 1777 3000 1829; x_wconf 83' lang='lat' dir='ltr'><strong>in</strong></span> <span class='ocrx_word' id='word_1_264' title='bbox 3027 1776 3268 1833; x_wconf 76' lang='lat' dir='ltr'><strong>Ecclesia</strong></span> <span class='ocrx_word' id='word_1_265' title='bbox 3288 1796 3407 1846; x_wconf 71' lang='lat' dir='ltr'><strong>sua.</strong></span> <span class='ocrx_word' id='word_1_266' title='bbox 3431 1797 3517 1836; x_wconf 77' lang='lat' dir='ltr'><strong>sa-</strong></span> 
     </span>
    </p>
   </div>
   <div class='ocr_carea' id='block_1_34' title="bbox 238 1858 1824 1936">
    <p class='ocr_par' dir='ltr' id='par_1_34' title="bbox 238 1858 1824 1936">
     <span class='ocr_line' id='line_1_34' title="bbox 238 1858 1824 1936; baseline 0.013 -30"><span class='ocrx_word' id='word_1_267' title='bbox 238 1869 337 1910; x_wconf 89' lang='lat' dir='ltr'><strong>vos</strong></span> <span class='ocrx_word' id='word_1_268' title='bbox 365 1871 473 1910; x_wconf 93' lang='lat' dir='ltr'><strong>non</strong></span> <span class='ocrx_word' id='word_1_269' title='bbox 504 1858 643 1912; x_wconf 76' lang='lat' dir='ltr'><strong>valet</strong></span> <span class='ocrx_word' id='word_1_270' title='bbox 671 1874 768 1927; x_wconf 89' lang='lat' dir='ltr'><strong>par</strong></span> <span class='ocrx_word' id='word_1_271' title='bbox 797 1876 990 1915; x_wconf 88' lang='lat' dir='ltr'><strong>nomen</strong></span> <span class='ocrx_word' id='word_1_272' title='bbox 1015 1903 1028 1926; x_wconf 95' lang='lat'><strong>,</strong></span> <span class='ocrx_word' id='word_1_273' title='bbox 1074 1879 1303 1932; x_wconf 89' lang='lat' dir='ltr'><strong>quorum</strong></span> <span class='ocrx_word' id='word_1_274' title='bbox 1329 1866 1512 1936; x_wconf 85' lang='lat' dir='ltr'><strong>dispar</strong></span> <span class='ocrx_word' id='word_1_275' title='bbox 1535 1877 1617 1924; x_wconf 88' lang='lat' dir='ltr'><strong>est</strong></span> <span class='ocrx_word' id='word_1_276' title='bbox 1644 1885 1824 1926; x_wconf 88' lang='lat' dir='ltr'><strong>causa.</strong></span> 
     </span>
    </p>
   </div>
   <div class='ocr_carea' id='block_1_35' title="bbox 239 1944 1821 2030">
    <p class='ocr_par' dir='ltr' id='par_1_35' title="bbox 239 1944 1821 2030">
     <span class='ocr_line' id='line_1_35' title="bbox 239 1944 1821 2030; baseline 0.01 -31"><span class='ocrx_word' id='word_1_277' title='bbox 239 1944 371 2000; x_wconf 82' lang='lat' dir='ltr'><strong>Nam</strong></span> <span class='ocrx_word' id='word_1_278' title='bbox 401 1961 522 2000; x_wconf 91' lang='lat' dir='ltr'><strong>cum</strong></span> <span class='ocrx_word' id='word_1_279' title='bbox 553 1962 621 2001; x_wconf 91' lang='lat' dir='ltr'><strong>eo</strong></span> <span class='ocrx_word' id='word_1_280' title='bbox 651 1964 868 2004; x_wconf 87' lang='lat' dir='ltr'><strong>crucem</strong></span> <span class='ocrx_word' id='word_1_281' title='bbox 895 1952 1059 2006; x_wconf 85' lang='lat' dir='ltr'><strong>etiam</strong></span> <span class='ocrx_word' id='word_1_282' title='bbox 1090 1955 1361 2022; x_wconf 86' lang='lat' dir='ltr'><strong>periturus</strong></span> <span class='ocrx_word' id='word_1_283' title='bbox 1387 1955 1527 2011; x_wconf 88' lang='lat' dir='ltr'><strong>latro</strong></span> <span class='ocrx_word' id='word_1_284' title='bbox 1555 1962 1821 2030; x_wconf 88' lang='lat' dir='ltr'><strong>suscepit;</strong></span> 
     </span>
    </p>
   </div>
   <div class='ocr_carea' id='block_1_36' title="bbox 238 2039 1824 2120">
    <p class='ocr_par' dir='ltr' id='par_1_36' title="bbox 238 2039 1824 2120">
     <span class='ocr_line' id='line_1_36' title="bbox 238 2039 1824 2120; baseline 0.013 -27"><span class='ocrx_word' id='word_1_285' title='bbox 238 2039 332 2094; x_wconf 82' lang='lat' dir='ltr'><strong>sed</strong></span> <span class='ocrx_word' id='word_1_286' title='bbox 361 2056 519 2108; x_wconf 85' lang='lat' dir='ltr'><strong>quem</strong></span> <span class='ocrx_word' id='word_1_287' title='bbox 559 2055 744 2100; x_wconf 90' lang='lat' dir='ltr'><strong>reatus</strong></span> <span class='ocrx_word' id='word_1_288' title='bbox 772 2049 1019 2116; x_wconf 91' lang='lat' dir='ltr'><strong>proprius</strong></span> <span class='ocrx_word' id='word_1_289' title='bbox 1049 2051 1247 2116; x_wconf 89' lang='lat' dir='ltr'><strong>tenuit,</strong></span> <span class='ocrx_word' id='word_1_290' title='bbox 1287 2067 1384 2120; x_wconf 90' lang='lat' dir='ltr'><strong>par</strong></span> <span class='ocrx_word' id='word_1_291' title='bbox 1411 2055 1687 2111; x_wconf 85' lang='lat' dir='ltr'><strong>cruciﬁxio</strong></span> <span class='ocrx_word' id='word_1_292' title='bbox 1716 2073 1824 2114; x_wconf 92' lang='lat' dir='ltr'><strong>non</strong></span> 
     </span>
    </p>
   </div>
   <div class='ocr_carea' id='block_1_37' title="bbox 239 2128 1223 2211">
    <p class='ocr_par' dir='ltr' id='par_1_37' title="bbox 239 2128 1223 2211">
     <span class='ocr_line' id='line_1_37' title="bbox 239 2128 1223 2211; baseline 0.016 -30"><span class='ocrx_word' id='word_1_293' title='bbox 239 2128 484 2186; x_wconf 88' lang='lat' dir='ltr'><strong>absolvit.</strong></span> <span class='ocrx_word' id='word_1_294' title='bbox 523 2151 540 2184; x_wconf 71' lang='grc' dir='ltr'><strong><em>ι</em></strong></span> <span class='ocrx_word' id='word_1_295' title='bbox 581 2133 803 2205; x_wconf 79' lang='lat' dir='ltr'><strong>(Regist.</strong></span> <span class='ocrx_word' id='word_1_296' title='bbox 836 2138 871 2192; x_wconf 84' lang='grc' dir='ltr'><strong>ι.</strong></span> <span class='ocrx_word' id='word_1_297' title='bbox 904 2154 960 2203; x_wconf 83' lang='grc' dir='ltr'><strong>ιι,</strong></span> <span class='ocrx_word' id='word_1_298' title='bbox 993 2155 1074 2208; x_wconf 85' lang='lat' dir='ltr'><strong>ep.</strong></span> <span class='ocrx_word' id='word_1_299' title='bbox 1108 2141 1223 2211; x_wconf 72' lang='grc'>52.)</span> 
     </span>
    </p>
   </div>
   <div class='ocr_carea' id='block_1_38' title="bbox 310 2218 1823 2304">
    <p class='ocr_par' dir='ltr' id='par_1_38' title="bbox 310 2218 1823 2304">
     <span class='ocr_line' id='line_1_38' title="bbox 310 2218 1823 2304; baseline 0.013 -32"><span class='ocrx_word' id='word_1_300' title='bbox 310 2218 420 2288; x_wconf 86' lang='lat' dir='ltr'><strong>Ego</strong></span> <span class='ocrx_word' id='word_1_301' title='bbox 447 2230 645 2288; x_wconf 88' lang='lat' dir='ltr'><strong>tamen,</strong></span> <span class='ocrx_word' id='word_1_302' title='bbox 670 2228 856 2294; x_wconf 86' lang='lat' dir='ltr'><strong>quanti</strong></span> <span class='ocrx_word' id='word_1_303' title='bbox 877 2230 1031 2284; x_wconf 84' lang='lat' dir='ltr'><strong>valeo</strong></span> <span class='ocrx_word' id='word_1_304' title='bbox 1054 2232 1302 2300; x_wconf 85' lang='lat' dir='ltr'><strong>precibus</strong></span> <span class='ocrx_word' id='word_1_305' title='bbox 1325 2233 1578 2304; x_wconf 86' lang='lat' dir='ltr'><strong>deposco,</strong></span> <span class='ocrx_word' id='word_1_306' title='bbox 1610 2247 1667 2291; x_wconf 88' lang='lat' dir='ltr'><strong>ut</strong></span> <span class='ocrx_word' id='word_1_307' title='bbox 1691 2253 1788 2291; x_wconf 88' lang='lat' dir='ltr'><strong>san</strong></span> <span class='ocrx_word' id='word_1_308' title='bbox 1805 2267 1823 2276; x_wconf 90' lang='lat'><strong>-</strong></span> 
     </span>
    </p>
   </div>
   <div class='ocr_carea' id='block_1_39' title="bbox 238 2312 1818 2388">
    <p class='ocr_par' dir='ltr' id='par_1_39' title="bbox 238 2312 1818 2388">
     <span class='ocr_line' id='line_1_39' title="bbox 238 2312 1818 2388; baseline 0.015 -23"><span class='ocrx_word' id='word_1_309' title='bbox 238 2312 312 2365; x_wconf 89' lang='lat' dir='ltr'><strong>cti</strong></span> <span class='ocrx_word' id='word_1_310' title='bbox 342 2314 530 2368; x_wconf 81' lang='lat' dir='ltr'><strong>simam</strong></span> <span class='ocrx_word' id='word_1_311' title='bbox 556 2318 949 2376; x_wconf 76' lang='lat' dir='ltr'><strong>fraternitatem</strong></span> <span class='ocrx_word' id='word_1_312' title='bbox 975 2334 1210 2379; x_wconf 85' lang='lat' dir='ltr'><strong>vestram</strong></span> <span class='ocrx_word' id='word_1_313' title='bbox 1241 2331 1448 2384; x_wconf 89' lang='lat' dir='ltr'><strong>auctori</strong></span> <span class='ocrx_word' id='word_1_314' title='bbox 1492 2340 1678 2387; x_wconf 91' lang='lat' dir='ltr'><strong>nostro</strong></span> <span class='ocrx_word' id='word_1_315' title='bbox 1707 2333 1818 2388; x_wconf 91' lang='lat' dir='ltr'><strong>Deo</strong></span> 
     </span>
    </p>
   </div>
   <div class='ocr_carea' id='block_1_40' title="bbox 238 2408 1816 2490">
    <p class='ocr_par' dir='ltr' id='par_1_40' title="bbox 238 2408 1816 2490">
     <span class='ocr_line' id='line_1_40' title="bbox 238 2408 1816 2490; baseline 0.013 -32"><span class='ocrx_word' id='word_1_316' title='bbox 238 2421 345 2459; x_wconf 90' lang='lat' dir='ltr'><strong>non</strong></span> <span class='ocrx_word' id='word_1_317' title='bbox 375 2408 549 2462; x_wconf 90' lang='lat' dir='ltr'><strong>solum</strong></span> <span class='ocrx_word' id='word_1_318' title='bbox 582 2426 800 2478; x_wconf 90' lang='lat' dir='ltr'><strong>nomen,</strong></span> <span class='ocrx_word' id='word_1_319' title='bbox 831 2415 924 2468; x_wconf 86' lang='lat' dir='ltr'><strong>sed</strong></span> <span class='ocrx_word' id='word_1_320' title='bbox 953 2417 1114 2470; x_wconf 88' lang='lat' dir='ltr'><strong>etiam</strong></span> <span class='ocrx_word' id='word_1_321' title='bbox 1148 2433 1307 2473; x_wconf 90' lang='lat' dir='ltr'><strong>causa</strong></span> <span class='ocrx_word' id='word_1_322' title='bbox 1339 2421 1643 2490; x_wconf 83' lang='lat' dir='ltr'><strong>conjungat.</strong></span> <span class='ocrx_word' id='word_1_323' title='bbox 1669 2423 1816 2479; x_wconf 93' lang='lat' dir='ltr'><strong>Con-</strong></span> 
     </span>
    </p>
   </div>
   <div class='ocr_carea' id='block_1_41' title="bbox 234 2495 1817 2576">
    <p class='ocr_par' dir='ltr' id='par_1_41' title="bbox 234 2495 1817 2576">
     <span class='ocr_line' id='line_1_41' title="bbox 234 2495 1817 2576; baseline 0.016 -32"><span class='ocrx_word' id='word_1_324' title='bbox 234 2495 373 2549; x_wconf 88' lang='lat' dir='ltr'><strong>vivia</strong></span> <span class='ocrx_word' id='word_1_325' title='bbox 400 2506 578 2552; x_wconf 88' lang='lat' dir='ltr'><strong>autem</strong></span> <span class='ocrx_word' id='word_1_326' title='bbox 601 2514 721 2568; x_wconf 84' lang='lat' dir='ltr'><strong>quae</strong></span> <span class='ocrx_word' id='word_1_327' title='bbox 738 2517 804 2556; x_wconf 82' lang='lat' dir='ltr'><strong>ex</strong></span> <span class='ocrx_word' id='word_1_328' title='bbox 827 2503 1120 2560; x_wconf 90' lang='lat' dir='ltr'><strong>intentione</strong></span> <span class='ocrx_word' id='word_1_329' title='bbox 1146 2507 1515 2576; x_wconf 79' lang='lat' dir='ltr'><strong>impendenda:</strong></span> <span class='ocrx_word' id='word_1_330' title='bbox 1536 2512 1817 2570; x_wconf 87' lang='lat' dir='ltr'><strong>charitatis</strong></span> 
     </span>
    </p>
   </div>
   <div class='ocr_carea' id='block_1_42' title="bbox 234 2586 1812 2671">
    <p class='ocr_par' dir='ltr' id='par_1_42' title="bbox 234 2586 1812 2671">
     <span class='ocr_line' id='line_1_42' title="bbox 234 2586 1812 2671; baseline 0.015 -34"><span class='ocrx_word' id='word_1_331' title='bbox 234 2586 390 2652; x_wconf 89' lang='lat' dir='ltr'><strong>ﬁunt,</strong></span> <span class='ocrx_word' id='word_1_332' title='bbox 413 2598 560 2644; x_wconf 88' lang='lat' dir='ltr'><strong>recte</strong></span> <span class='ocrx_word' id='word_1_333' title='bbox 600 2600 779 2646; x_wconf 85' lang='lat' dir='ltr'><strong>vestra</strong></span> <span class='ocrx_word' id='word_1_334' title='bbox 807 2595 1063 2650; x_wconf 88' lang='lat' dir='ltr'><strong>sanctitas</strong></span> <span class='ocrx_word' id='word_1_335' title='bbox 1091 2597 1145 2652; x_wconf 90' lang='lat' dir='ltr'><strong>in</strong></span> <span class='ocrx_word' id='word_1_336' title='bbox 1183 2599 1294 2654; x_wconf 92' lang='lat' dir='ltr'><strong>suis</strong></span> <span class='ocrx_word' id='word_1_337' title='bbox 1322 2601 1563 2670; x_wconf 79' lang='lat' dir='ltr'><strong>epistulis</strong></span> <span class='ocrx_word' id='word_1_338' title='bbox 1598 2603 1812 2671; x_wconf 89' lang='lat' dir='ltr'><strong>laudat;</strong></span> 
     </span>
    </p>
   </div>
   <div class='ocr_carea' id='block_1_43' title="bbox 235 2677 1813 2758">
    <p class='ocr_par' dir='ltr' id='par_1_43' title="bbox 235 2677 1813 2758">
     <span class='ocr_line' id='line_1_43' title="bbox 235 2677 1813 2758; baseline 0.015 -28"><span class='ocrx_word' id='word_1_339' title='bbox 235 2677 329 2731; x_wconf 89' lang='lat' dir='ltr'><strong>sed</strong></span> <span class='ocrx_word' id='word_1_340' title='bbox 363 2687 541 2736; x_wconf 86' lang='lat' dir='ltr'><strong>tamen</strong></span> <span class='ocrx_word' id='word_1_341' title='bbox 565 2682 842 2740; x_wconf 90' lang='lat' dir='ltr'><strong>sciendum</strong></span> <span class='ocrx_word' id='word_1_342' title='bbox 869 2697 953 2742; x_wconf 90' lang='lat' dir='ltr'><strong>est</strong></span> <span class='ocrx_word' id='word_1_343' title='bbox 980 2690 1104 2758; x_wconf 91' lang='lat' dir='ltr'><strong>quia</strong></span> <span class='ocrx_word' id='word_1_344' title='bbox 1137 2695 1267 2746; x_wconf 84' lang='lat' dir='ltr'><strong>tunc</strong></span> <span class='ocrx_word' id='word_1_345' title='bbox 1293 2695 1560 2749; x_wconf 82' lang='lat' dir='ltr'><strong>veraciter</strong></span> <span class='ocrx_word' id='word_1_346' title='bbox 1589 2711 1654 2750; x_wconf 87' lang='lat' dir='ltr'><strong>ex</strong></span> <span class='ocrx_word' id='word_1_347' title='bbox 1684 2698 1813 2752; x_wconf 82' lang='lat' dir='ltr'><strong>cha-</strong></span> 
     </span>
    </p>
   </div>
   <div class='ocr_carea' id='block_1_44' title="bbox 231 2765 1816 2842">
    <p class='ocr_par' dir='ltr' id='par_1_44' title="bbox 231 2765 1816 2842">
     <span class='ocr_line' id='line_1_44' title="bbox 231 2765 1816 2842; baseline 0.014 -22"><span class='ocrx_word' id='word_1_348' title='bbox 231 2765 393 2822; x_wconf 89' lang='lat' dir='ltr'><strong>ritate</strong></span> <span class='ocrx_word' id='word_1_349' title='bbox 425 2770 710 2839; x_wconf 86' lang='lat' dir='ltr'><strong>prodeunt,</strong></span> <span class='ocrx_word' id='word_1_350' title='bbox 734 2789 856 2829; x_wconf 90' lang='lat' dir='ltr'><strong>cum</strong></span> <span class='ocrx_word' id='word_1_351' title='bbox 879 2776 930 2830; x_wconf 91' lang='lat' dir='ltr'><strong>in</strong></span> <span class='ocrx_word' id='word_1_352' title='bbox 955 2778 1032 2833; x_wconf 90' lang='lat' dir='ltr'><strong>eis</strong></span> <span class='ocrx_word' id='word_1_353' title='bbox 1053 2780 1198 2834; x_wconf 91' lang='lat' dir='ltr'><strong>nulla</strong></span> <span class='ocrx_word' id='word_1_354' title='bbox 1220 2783 1523 2838; x_wconf 90' lang='lat' dir='ltr'><strong>absentium</strong></span> <span class='ocrx_word' id='word_1_355' title='bbox 1545 2787 1650 2839; x_wconf 88' lang='lat' dir='ltr'><strong>vita</strong></span> <span class='ocrx_word' id='word_1_356' title='bbox 1673 2802 1816 2842; x_wconf 92' lang='lat' dir='ltr'><strong>mor-</strong></span> 
     </span>
    </p>
   </div>
   <div class='ocr_carea' id='block_1_45' title="bbox 229 2857 1814 2941">
    <p class='ocr_par' dir='ltr' id='par_1_45' title="bbox 229 2857 1814 2941">
     <span class='ocr_line' id='line_1_45' title="bbox 229 2857 1814 2941; baseline 0.016 -32"><span class='ocrx_word' id='word_1_357' title='bbox 229 2857 406 2927; x_wconf 85' lang='lat' dir='ltr'><strong>detur,</strong></span> <span class='ocrx_word' id='word_1_358' title='bbox 430 2863 604 2918; x_wconf 85' lang='lat' dir='ltr'><strong>nullus</strong></span> <span class='ocrx_word' id='word_1_359' title='bbox 623 2879 690 2919; x_wconf 87' lang='lat' dir='ltr'><strong>ex</strong></span> <span class='ocrx_word' id='word_1_360' title='bbox 712 2866 961 2923; x_wconf 89' lang='lat' dir='ltr'><strong>irrisione</strong></span> <span class='ocrx_word' id='word_1_361' title='bbox 988 2874 1429 2941; x_wconf 88' lang='lat' dir='ltr'><strong>reprehenditur;</strong></span> <span class='ocrx_word' id='word_1_362' title='bbox 1454 2885 1509 2932; x_wconf 91' lang='lat' dir='ltr'><strong>et</strong></span> <span class='ocrx_word' id='word_1_363' title='bbox 1529 2893 1634 2933; x_wconf 90' lang='lat' dir='ltr'><strong>non</strong></span> <span class='ocrx_word' id='word_1_364' title='bbox 1661 2879 1714 2933; x_wconf 88' lang='lat' dir='ltr'><strong>in</strong></span> <span class='ocrx_word' id='word_1_365' title='bbox 1737 2881 1814 2934; x_wconf 90' lang='lat' dir='ltr'><strong>eis</strong></span> 
     </span>
    </p>
   </div>
   <div class='ocr_carea' id='block_1_46' title="bbox 227 2952 1810 3039">
    <p class='ocr_par' dir='ltr' id='par_1_46' title="bbox 227 2952 1810 3039">
     <span class='ocr_line' id='line_1_46' title="bbox 227 2952 1810 3039; baseline 0.013 -32"><span class='ocrx_word' id='word_1_366' title='bbox 227 2952 414 3010; x_wconf 87' lang='lat' dir='ltr'><strong>inanes</strong></span> <span class='ocrx_word' id='word_1_367' title='bbox 447 2960 779 3014; x_wconf 85' lang='lat' dir='ltr'><strong>saecularium</strong></span> <span class='ocrx_word' id='word_1_368' title='bbox 808 2966 1148 3032; x_wconf 79' lang='lat' dir='ltr'><strong>negotiorum</strong></span> <span class='ocrx_word' id='word_1_369' title='bbox 1179 2968 1392 3039; x_wconf 84' lang='lat' dir='ltr'><strong>fabulae,</strong></span> <span class='ocrx_word' id='word_1_370' title='bbox 1422 2972 1514 3026; x_wconf 89' lang='lat' dir='ltr'><strong>sed</strong></span> <span class='ocrx_word' id='word_1_371' title='bbox 1548 2973 1708 3026; x_wconf 90' lang='lat' dir='ltr'><strong>verba</strong></span> <span class='ocrx_word' id='word_1_372' title='bbox 1729 2990 1810 3028; x_wconf 85' lang='lat' dir='ltr'><strong>sa-</strong></span> 
     </span>
    </p>
   </div>
   <div class='ocr_carea' id='block_1_47' title="bbox 223 3047 1811 3132">
    <p class='ocr_par' dir='ltr' id='par_1_47' title="bbox 223 3047 1811 3132">
     <span class='ocr_line' id='line_1_47' title="bbox 223 3047 1811 3132; baseline 0.014 -34"><span class='ocrx_word' id='word_1_373' title='bbox 223 3060 332 3099; x_wconf 86' lang='lat' dir='ltr'><strong>crae</strong></span> <span class='ocrx_word' id='word_1_374' title='bbox 360 3047 607 3105; x_wconf 85' lang='lat' dir='ltr'><strong>lectionis</strong></span> <span class='ocrx_word' id='word_1_375' title='bbox 635 3053 942 3120; x_wconf 87' lang='lat' dir='ltr'><strong>audiuntur,</strong></span> <span class='ocrx_word' id='word_1_376' title='bbox 984 3074 1106 3113; x_wconf 90' lang='lat' dir='ltr'><strong>cum</strong></span> <span class='ocrx_word' id='word_1_377' title='bbox 1133 3076 1240 3114; x_wconf 90' lang='lat' dir='ltr'><strong>non</strong></span> <span class='ocrx_word' id='word_1_378' title='bbox 1262 3063 1380 3130; x_wconf 89' lang='lat' dir='ltr'><strong>plus</strong></span> <span class='ocrx_word' id='word_1_379' title='bbox 1400 3079 1559 3132; x_wconf 88' lang='lat' dir='ltr'><strong>quam</strong></span> <span class='ocrx_word' id='word_1_380' title='bbox 1589 3081 1811 3121; x_wconf 89' lang='lat' dir='ltr'><strong>necesse</strong></span> 
     </span>
    </p>
   </div>
   <div class='ocr_carea' id='block_1_48' title="bbox 1934 1863 3515 1932">
    <p class='ocr_par' dir='ltr' id='par_1_48' title="bbox 1934 1863 3515 1932">
     <span class='ocr_line' id='line_1_48' title="bbox 1934 1863 3515 1932; baseline 0.009 -17"><span class='ocrx_word' id='word_1_381' title='bbox 1934 1863 2192 1916; x_wconf 88' lang='lat' dir='ltr'><strong>cerdotali</strong></span> <span class='ocrx_word' id='word_1_382' title='bbox 2223 1879 2396 1932; x_wconf 91' lang='lat' dir='ltr'><strong>more,</strong></span> <span class='ocrx_word' id='word_1_383' title='bbox 2425 1865 2676 1921; x_wconf 88' lang='lat' dir='ltr'><strong>resideat.</strong></span> <span class='ocrx_word' id='word_1_384' title='bbox 2716 1867 2885 1932; x_wconf 88' lang='lat' dir='ltr'><strong>Quem</strong></span> <span class='ocrx_word' id='word_1_385' title='bbox 2932 1870 2977 1922; x_wconf 90' lang='lat' dir='ltr'><strong>si</strong></span> <span class='ocrx_word' id='word_1_386' title='bbox 3020 1871 3158 1925; x_wconf 84' lang='lat' dir='ltr'><strong>forte</strong></span> <span class='ocrx_word' id='word_1_387' title='bbox 3192 1889 3296 1927; x_wconf 92' lang='lat' dir='ltr'><strong>non</strong></span> <span class='ocrx_word' id='word_1_388' title='bbox 3332 1890 3515 1930; x_wconf 90' lang='lat' dir='ltr'><strong>emen-</strong></span> 
     </span>
    </p>
   </div>
   <div class='ocr_carea' id='block_1_49' title="bbox 1932 1953 3514 2034">
    <p class='ocr_par' dir='ltr' id='par_1_49' title="bbox 1932 1953 3514 2034">
     <span class='ocr_line' id='line_1_49' title="bbox 1932 1953 3514 2034; baseline 0.012 -28"><span class='ocrx_word' id='word_1_389' title='bbox 1932 1953 2046 2007; x_wconf 90' lang='lat' dir='ltr'><strong>dari</strong></span> <span class='ocrx_word' id='word_1_390' title='bbox 2077 1963 2200 2024; x_wconf 89' lang='lat' dir='ltr'><strong>post</strong></span> <span class='ocrx_word' id='word_1_391' title='bbox 2246 1962 2388 2010; x_wconf 92' lang='lat' dir='ltr'><strong>tuam</strong></span> <span class='ocrx_word' id='word_1_392' title='bbox 2422 1957 2909 2014; x_wconf 88' lang='lat' dir='ltr'><strong>interminationem</strong></span> <span class='ocrx_word' id='word_1_393' title='bbox 2941 1967 3282 2034; x_wconf 82' lang='lat' dir='ltr'><strong>cognoveris,</strong></span> <span class='ocrx_word' id='word_1_394' title='bbox 3315 1968 3368 2021; x_wconf 92' lang='lat' dir='ltr'><strong>in</strong></span> <span class='ocrx_word' id='word_1_395' title='bbox 3399 1986 3514 2025; x_wconf 91' lang='lat' dir='ltr'><strong>mo-</strong></span> 
     </span>
    </p>
   </div>
   <div class='ocr_carea' id='block_1_50' title="bbox 1929 2047 3512 2117">
    <p class='ocr_par' dir='ltr' id='par_1_50' title="bbox 1929 2047 3512 2117">
     <span class='ocr_line' id='line_1_50' title="bbox 1929 2047 3512 2117; baseline 0.01 -19"><span class='ocrx_word' id='word_1_396' title='bbox 1929 2049 2165 2099; x_wconf 88' lang='lat' dir='ltr'><strong>nasterio</strong></span> <span class='ocrx_word' id='word_1_397' title='bbox 2196 2062 2317 2100; x_wconf 91' lang='lat' dir='ltr'><strong>eum</strong></span> <span class='ocrx_word' id='word_1_398' title='bbox 2343 2047 2602 2117; x_wconf 84' lang='lat' dir='ltr'><strong>deputare</strong></span> <span class='ocrx_word' id='word_1_399' title='bbox 2627 2059 2680 2103; x_wconf 91' lang='lat' dir='ltr'><strong>et</strong></span> <span class='ocrx_word' id='word_1_400' title='bbox 2709 2052 2863 2105; x_wconf 90' lang='lat' dir='ltr'><strong>nobis</strong></span> <span class='ocrx_word' id='word_1_401' title='bbox 2892 2054 3103 2108; x_wconf 90' lang='lat' dir='ltr'><strong>curabis</strong></span> <span class='ocrx_word' id='word_1_402' title='bbox 3132 2057 3306 2112; x_wconf 89' lang='lat' dir='ltr'><strong>modis</strong></span> <span class='ocrx_word' id='word_1_403' title='bbox 3335 2061 3512 2113; x_wconf 90' lang='lat' dir='ltr'><strong>omni-</strong></span> 
     </span>
    </p>
   </div>
   <div class='ocr_carea' id='block_1_51' title="bbox 1926 2135 3509 2206">
    <p class='ocr_par' dir='ltr' id='par_1_51' title="bbox 1926 2135 3509 2206">
     <span class='ocr_line' id='line_1_51' title="bbox 1926 2135 3509 2206; baseline 0.008 -16"><span class='ocrx_word' id='word_1_404' title='bbox 1926 2135 2025 2190; x_wconf 87' lang='lat' dir='ltr'><strong>bus</strong></span> <span class='ocrx_word' id='word_1_405' title='bbox 2056 2136 2306 2202; x_wconf 88' lang='lat' dir='ltr'><strong>indicare,</strong></span> <span class='ocrx_word' id='word_1_406' title='bbox 2340 2147 2398 2191; x_wconf 88' lang='lat' dir='ltr'><strong>ut</strong></span> <span class='ocrx_word' id='word_1_407' title='bbox 2444 2139 2570 2206; x_wconf 88' lang='lat' dir='ltr'><strong>quid</strong></span> <span class='ocrx_word' id='word_1_408' title='bbox 2618 2140 2796 2195; x_wconf 87' lang='lat' dir='ltr'><strong>facere</strong></span> <span class='ocrx_word' id='word_1_409' title='bbox 2845 2141 3043 2198; x_wconf 86' lang='lat' dir='ltr'><strong>debeas</strong></span> <span class='ocrx_word' id='word_1_410' title='bbox 3087 2155 3272 2201; x_wconf 89' lang='lat' dir='ltr'><strong>nostra</strong></span> <span class='ocrx_word' id='word_1_411' title='bbox 3317 2149 3509 2203; x_wconf 90' lang='lat' dir='ltr'><strong>iterum</strong></span> 
     </span>
    </p>
   </div>
   <div class='ocr_carea' id='block_1_52' title="bbox 1923 2226 3400 2309">
    <p class='ocr_par' dir='ltr' id='par_1_52' title="bbox 1923 2226 3400 2309">
     <span class='ocr_line' id='line_1_52' title="bbox 1923 2226 3400 2309; baseline 0.009 -31"><span class='ocrx_word' id='word_1_412' title='bbox 1923 2226 2284 2295; x_wconf 89' lang='lat' dir='ltr'><strong>praeceptione</strong></span> <span class='ocrx_word' id='word_1_413' title='bbox 2323 2241 2638 2295; x_wconf 81' lang='lat' dir='ltr'><strong>cognoscas.</strong></span> <span class='ocrx_word' id='word_1_414' title='bbox 2673 2249 2690 2281; x_wconf 79' lang='grc' dir='ltr'><strong><em>ι</em></strong></span> <span class='ocrx_word' id='word_1_415' title='bbox 2730 2231 2955 2302; x_wconf 83' lang='lat' dir='ltr'><strong>(Regist.</strong></span> <span class='ocrx_word' id='word_1_416' title='bbox 2996 2234 3031 2286; x_wconf 82' lang='grc' dir='ltr'><strong>ι.</strong></span> <span class='ocrx_word' id='word_1_417' title='bbox 3065 2251 3135 2299; x_wconf 83' lang='lat' dir='ltr'><strong>vr,</strong></span> <span class='ocrx_word' id='word_1_418' title='bbox 3168 2254 3249 2307; x_wconf 90' lang='lat' dir='ltr'><strong>ep.</strong></span> <span class='ocrx_word' id='word_1_419' title='bbox 3284 2238 3400 2309; x_wconf 67' lang='lat'><strong>25.)</strong></span> 
     </span>
    </p>
   </div>
   <div class='ocr_carea' id='block_1_53' title="bbox 1992 2325 3506 2397">
    <p class='ocr_par' dir='ltr' id='par_1_53' title="bbox 1992 2325 3506 2397">
     <span class='ocr_line' id='line_1_53' title="bbox 1992 2325 3506 2397; baseline 0.011 -19"><span class='ocrx_word' id='word_1_420' title='bbox 1992 2325 2078 2379; x_wconf 80' lang='grc'><strong>58.</strong></span> <span class='ocrx_word' id='word_1_421' title='bbox 2101 2325 2215 2379; x_wconf 82' lang='lat' dir='ltr'><strong>Non</strong></span> <span class='ocrx_word' id='word_1_422' title='bbox 2246 2327 2437 2380; x_wconf 88' lang='lat' dir='ltr'><strong>mirmn</strong></span> <span class='ocrx_word' id='word_1_423' title='bbox 2461 2328 2503 2382; x_wconf 90' lang='lat' dir='ltr'><strong>si</strong></span> <span class='ocrx_word' id='word_1_424' title='bbox 2534 2327 2822 2397; x_wconf 85' lang='lat' dir='ltr'><strong>Gregorius</strong></span> <span class='ocrx_word' id='word_1_425' title='bbox 2851 2347 2917 2386; x_wconf 82' lang='lat' dir='ltr'><strong>ex</strong></span> <span class='ocrx_word' id='word_1_426' title='bbox 2938 2334 3234 2390; x_wconf 88' lang='lat' dir='ltr'><strong>ministerio</strong></span> <span class='ocrx_word' id='word_1_427' title='bbox 3258 2338 3358 2392; x_wconf 91' lang='lat' dir='ltr'><strong>sibi</strong></span> <span class='ocrx_word' id='word_1_428' title='bbox 3386 2355 3506 2395; x_wconf 87' lang='lat' dir='ltr'><strong>ere-</strong></span> 
     </span>
    </p>
   </div>
   <div class='ocr_carea' id='block_1_54' title="bbox 1918 2415 3500 2495">
    <p class='ocr_par' dir='ltr' id='par_1_54' title="bbox 1918 2415 3500 2495">
     <span class='ocr_line' id='line_1_54' title="bbox 1918 2415 3500 2495; baseline 0.013 -27"><span class='ocrx_word' id='word_1_429' title='bbox 1918 2415 2030 2470; x_wconf 90' lang='lat' dir='ltr'><strong>dito</strong></span> <span class='ocrx_word' id='word_1_430' title='bbox 2061 2419 2283 2471; x_wconf 58' lang='lat' dir='ltr'><strong>curabit</strong></span> <span class='ocrx_word' id='word_1_431' title='bbox 2320 2418 2448 2472; x_wconf 86' lang='lat' dir='ltr'><strong>vitia</strong></span> <span class='ocrx_word' id='word_1_432' title='bbox 2493 2423 2854 2488; x_wconf 89' lang='lat' dir='ltr'><strong>quorumlibet</strong></span> <span class='ocrx_word' id='word_1_433' title='bbox 2882 2427 3293 2495; x_wconf 67' lang='lat' dir='ltr'><strong>praepositorum</strong></span> <span class='ocrx_word' id='word_1_434' title='bbox 3325 2434 3500 2488; x_wconf 90' lang='lat' dir='ltr'><strong>verbis</strong></span> 
     </span>
    </p>
   </div>
   <div class='ocr_carea' id='block_1_55' title="bbox 1918 2509 3501 2588">
    <p class='ocr_par' dir='ltr' id='par_1_55' title="bbox 1918 2509 3501 2588">
     <span class='ocr_line' id='line_1_55' title="bbox 1918 2509 3501 2588; baseline 0.011 -25"><span class='ocrx_word' id='word_1_435' title='bbox 1918 2509 2226 2564; x_wconf 84' lang='lat' dir='ltr'><strong>salubribus</strong></span> <span class='ocrx_word' id='word_1_436' title='bbox 2251 2511 2549 2581; x_wconf 87' lang='lat' dir='ltr'><strong>increpare,</strong></span> <span class='ocrx_word' id='word_1_437' title='bbox 2580 2514 2671 2580; x_wconf 92' lang='lat' dir='ltr'><strong>qui</strong></span> <span class='ocrx_word' id='word_1_438' title='bbox 2700 2514 2909 2584; x_wconf 88' lang='lat' dir='ltr'><strong>lapsum</strong></span> <span class='ocrx_word' id='word_1_439' title='bbox 2934 2521 3164 2588; x_wconf 88' lang='lat' dir='ltr'><strong>propriae</strong></span> <span class='ocrx_word' id='word_1_440' title='bbox 3194 2524 3370 2576; x_wconf 77' lang='lat' dir='ltr'><strong>amitae</strong></span> <span class='ocrx_word' id='word_1_441' title='bbox 3393 2541 3501 2580; x_wconf 90' lang='lat' dir='ltr'><strong>non</strong></span> 
     </span>
    </p>
   </div>
   <div class='ocr_carea' id='block_1_56' title="bbox 1918 2597 3502 2676">
    <p class='ocr_par' dir='ltr' id='par_1_56' title="bbox 1918 2597 3502 2676">
     <span class='ocr_line' id='line_1_56' title="bbox 1918 2597 3502 2676; baseline 0.009 -24"><span class='ocrx_word' id='word_1_442' title='bbox 1918 2597 2243 2654; x_wconf 87' lang='lat' dir='ltr'><strong>dubitaverit</strong></span> <span class='ocrx_word' id='word_1_443' title='bbox 2271 2602 2337 2654; x_wconf 91' lang='lat' dir='ltr'><strong>ad</strong></span> <span class='ocrx_word' id='word_1_444' title='bbox 2369 2602 2777 2657; x_wconf 60' lang='lat' dir='ltr'><strong>instructionem</strong></span> <span class='ocrx_word' id='word_1_445' title='bbox 2808 2608 2992 2675; x_wconf 88' lang='lat' dir='ltr'><strong>p0puli</strong></span> <span class='ocrx_word' id='word_1_446' title='bbox 3023 2618 3361 2676; x_wconf 88' lang='lat' dir='ltr'><strong>posterorum</strong></span> <span class='ocrx_word' id='word_1_447' title='bbox 3392 2629 3502 2667; x_wconf 69' lang='lat' dir='ltr'><strong>me~</strong></span> 
     </span>
    </p>
   </div>
   <div class='ocr_carea' id='block_1_57' title="bbox 1916 2691 3500 2767">
    <p class='ocr_par' dir='ltr' id='par_1_57' title="bbox 1916 2691 3500 2767">
     <span class='ocr_line' id='line_1_57' title="bbox 1916 2691 3500 2767; baseline 0.009 -24"><span class='ocrx_word' id='word_1_448' title='bbox 1916 2691 2102 2744; x_wconf 85' lang='lat' dir='ltr'><strong>moriae</strong></span> <span class='ocrx_word' id='word_1_449' title='bbox 2128 2695 2524 2748; x_wconf 82' lang='lat' dir='ltr'><strong>commendare.</strong></span> <span class='ocrx_word' id='word_1_450' title='bbox 2569 2694 2848 2764; x_wconf 88' lang='lat' dir='ltr'><strong>Siquidem</strong></span> <span class='ocrx_word' id='word_1_451' title='bbox 2886 2697 3201 2767; x_wconf 85' lang='lat' dir='ltr'><strong>Evangelica</strong></span> <span class='ocrx_word' id='word_1_452' title='bbox 3241 2706 3500 2758; x_wconf 83' lang='lat' dir='ltr'><strong>sententia</strong></span> 
     </span>
    </p>
   </div>
   <div class='ocr_carea' id='block_1_58' title="bbox 1915 2781 3501 2857">
    <p class='ocr_par' dir='ltr' id='par_1_58' title="bbox 1915 2781 3501 2857">
     <span class='ocr_line' id='line_1_58' title="bbox 1915 2781 3501 2857; baseline 0.01 -26"><span class='ocrx_word' id='word_1_453' title='bbox 1915 2794 2022 2847; x_wconf 89' lang='lat' dir='ltr'><strong>qua</strong></span> <span class='ocrx_word' id='word_1_454' title='bbox 2044 2781 2241 2835; x_wconf 89' lang='lat' dir='ltr'><strong>dicitur</strong></span> <span class='ocrx_word' id='word_1_455' title='bbox 2294 2801 2305 2835; x_wconf 91' lang='lat'>:</span> <span class='ocrx_word' id='word_1_456' title='bbox 2359 2783 2511 2836; x_wconf 84' lang='lat' dir='ltr'><strong>Multi</strong></span> <span class='ocrx_word' id='word_1_457' title='bbox 2564 2797 2687 2838; x_wconf 79' lang='lat' dir='ltr'><strong>smit</strong></span> <span class='ocrx_word' id='word_1_458' title='bbox 2737 2791 2931 2852; x_wconf 84' lang='lat' dir='ltr'><strong>vocati,</strong></span> <span class='ocrx_word' id='word_1_459' title='bbox 2989 2792 3144 2857; x_wconf 81' lang='lat' dir='ltr'><strong>pauci</strong></span> <span class='ocrx_word' id='word_1_460' title='bbox 3192 2809 3308 2846; x_wconf 87' lang='lat' dir='ltr'><strong>vero</strong></span> <span class='ocrx_word' id='word_1_461' title='bbox 3359 2794 3501 2848; x_wconf 83' lang='lat' dir='ltr'><strong>electi</strong></span> 
     </span>
    </p>
   </div>
   <div class='ocr_carea' id='block_1_59' title="bbox 1918 2869 3509 2941">
    <p class='ocr_par' dir='ltr' id='par_1_59' title="bbox 1918 2869 3509 2941">
     <span class='ocr_line' id='line_1_59' title="bbox 1918 2869 3509 2941; baseline 0.011 -21"><span class='ocrx_word' id='word_1_462' title='bbox 1918 2869 2131 2938; x_wconf 81' lang='lat' dir='ltr'><strong>(Matth.</strong></span> <span class='ocrx_word' id='word_1_463' title='bbox 2191 2888 2322 2937; x_wconf 85' lang='lat' dir='ltr'><strong>xxtt,</strong></span> <span class='ocrx_word' id='word_1_464' title='bbox 2374 2873 2486 2941; x_wconf 76' lang='grc' dir='ltr'><strong>Μ),</strong></span> <span class='ocrx_word' id='word_1_465' title='bbox 2526 2875 2714 2929; x_wconf 89' lang='lat' dir='ltr'><strong>volens</strong></span> <span class='ocrx_word' id='word_1_466' title='bbox 2754 2879 3044 2932; x_wconf 85' lang='lat' dir='ltr'><strong>multorum</strong></span> <span class='ocrx_word' id='word_1_467' title='bbox 3090 2883 3427 2937; x_wconf 87' lang='lat' dir='ltr'><strong>vocationem</strong></span> <span class='ocrx_word' id='word_1_468' title='bbox 3472 2900 3509 2938; x_wconf 87' lang='lat' dir='ltr'><strong>a-</strong></span> 
     </span>
    </p>
   </div>
   <div class='ocr_carea' id='block_1_60' title="bbox 1917 2964 3498 3037">
    <p class='ocr_par' dir='ltr' id='par_1_60' title="bbox 1917 2964 3498 3037">
     <span class='ocr_line' id='line_1_60' title="bbox 1917 2964 3498 3037; baseline 0.008 -21"><span class='ocrx_word' id='word_1_469' title='bbox 1917 2978 2211 3032; x_wconf 90' lang='lat' dir='ltr'><strong>paucorum</strong></span> <span class='ocrx_word' id='word_1_470' title='bbox 2245 2965 2512 3020; x_wconf 91' lang='lat' dir='ltr'><strong>electione</strong></span> <span class='ocrx_word' id='word_1_471' title='bbox 2554 2964 2745 3022; x_wconf 80' lang='lat' dir='ltr'><strong>formis</strong></span> <span class='ocrx_word' id='word_1_472' title='bbox 2774 2971 3143 3037; x_wconf 79' lang='lat' dir='ltr'><strong>exemplorum</strong></span> <span class='ocrx_word' id='word_1_473' title='bbox 3175 2973 3498 3035; x_wconf 77' lang='lat' dir='ltr'><strong>discernere,</strong></span> 
     </span>
    </p>
   </div>
   <div class='ocr_carea' id='block_1_61' title="bbox 1915 3055 3497 3133">
    <p class='ocr_par' dir='ltr' id='par_1_61' title="bbox 1915 3055 3497 3133">
     <span class='ocr_line' id='line_1_61' title="bbox 1915 3055 3497 3133; baseline 0.009 -26"><span class='ocrx_word' id='word_1_474' title='bbox 1915 3055 2184 3123; x_wconf 88' lang='lat' dir='ltr'><strong>perhibet,</strong></span> <span class='ocrx_word' id='word_1_475' title='bbox 2214 3057 2401 3127; x_wconf 74' lang='lat' dir='ltr'><strong>dicens</strong></span> <span class='ocrx_word' id='word_1_476' title='bbox 2433 3075 2445 3110; x_wconf 89' lang='lat'><strong>:</strong></span> <span class='ocrx_word' id='word_1_477' title='bbox 2486 3077 2504 3109; x_wconf 72' lang='grc' dir='ltr'><strong>ε</strong></span> <span class='ocrx_word' id='word_1_478' title='bbox 2535 3059 2696 3113; x_wconf 80' lang='lat' dir='ltr'><strong>Pater</strong></span> <span class='ocrx_word' id='word_1_479' title='bbox 2720 3077 2870 3115; x_wconf 87' lang='lat' dir='ltr'><strong>meus</strong></span> <span class='ocrx_word' id='word_1_480' title='bbox 2903 3069 3010 3115; x_wconf 87' lang='lat' dir='ltr'><strong>tres</strong></span> <span class='ocrx_word' id='word_1_481' title='bbox 3047 3080 3262 3119; x_wconf 82' lang='lat' dir='ltr'><strong>sorores</strong></span> <span class='ocrx_word' id='word_1_482' title='bbox 3294 3067 3497 3133; x_wconf 89' lang='lat' dir='ltr'><strong>habuit,</strong></span> 
     </span>
    </p>
   </div>
   <div class='ocr_carea' id='block_1_62' title="bbox 226 3139 1812 3223">
    <p class='ocr_par' dir='ltr' id='par_1_62' title="bbox 226 3139 1806 3222">
     <span class='ocr_line' id='line_1_62' title="bbox 226 3139 1806 3222; baseline 0.014 -33"><span class='ocrx_word' id='word_1_483' title='bbox 226 3144 306 3190; x_wconf 88' lang='lat' dir='ltr'><strong>est</strong></span> <span class='ocrx_word' id='word_1_484' title='bbox 329 3139 566 3193; x_wconf 86' lang='lat' dir='ltr'><strong>servitur</strong></span> <span class='ocrx_word' id='word_1_485' title='bbox 593 3144 826 3212; x_wconf 86' lang='lat' dir='ltr'><strong>corpori,</strong></span> <span class='ocrx_word' id='word_1_486' title='bbox 852 3146 945 3200; x_wconf 89' lang='lat' dir='ltr'><strong>sed</strong></span> <span class='ocrx_word' id='word_1_487' title='bbox 977 3149 1089 3202; x_wconf 89' lang='lat' dir='ltr'><strong>sola</strong></span> <span class='ocrx_word' id='word_1_488' title='bbox 1118 3149 1231 3218; x_wconf 80' lang='lat' dir='ltr'><strong>ejus</strong></span> <span class='ocrx_word' id='word_1_489' title='bbox 1253 3152 1530 3208; x_wconf 90' lang='lat' dir='ltr'><strong>inlirmitas</strong></span> <span class='ocrx_word' id='word_1_490' title='bbox 1550 3154 1806 3222; x_wconf 88' lang='lat' dir='ltr'><strong>reﬁcitur,</strong></span> 
     </span>
    </p>
   </div>
   <div class='ocr_carea' id='block_1_63' title="bbox 1920 3139 3499 3223">
    <p class='ocr_par' dir='ltr' id='par_1_63' title="bbox 1920 3150 3499 3223">
     <span class='ocr_line' id='line_1_63' title="bbox 1920 3150 3499 3223; baseline 0.01 -26"><span class='ocrx_word' id='word_1_491' title='bbox 1920 3161 2034 3214; x_wconf 78' lang='lat' dir='ltr'><strong>quae</strong></span> <span class='ocrx_word' id='word_1_492' title='bbox 2081 3154 2289 3201; x_wconf 88' lang='lat' dir='ltr'><strong>cunctae</strong></span> <span class='ocrx_word' id='word_1_493' title='bbox 2342 3163 2509 3202; x_wconf 75' lang='lat' dir='ltr'><strong>sacrae</strong></span> <span class='ocrx_word' id='word_1_494' title='bbox 2549 3150 2782 3216; x_wconf 78' lang='lat' dir='ltr'><strong>virgines</strong></span> <span class='ocrx_word' id='word_1_495' title='bbox 2838 3151 3095 3205; x_wconf 80' lang='lat' dir='ltr'><strong>fuerunt:</strong></span> <span class='ocrx_word' id='word_1_496' title='bbox 3129 3171 3353 3223; x_wconf 90' lang='lat' dir='ltr'><strong>quarum</strong></span> <span class='ocrx_word' id='word_1_497' title='bbox 3397 3174 3499 3212; x_wconf 78' lang='lat' dir='ltr'><strong>una</strong></span> 
     </span>
    </p>
   </div>
   <div class='ocr_carea' id='block_1_64' title="bbox 224 3230 1808 3315">
    <p class='ocr_par' dir='ltr' id='par_1_64' title="bbox 224 3230 1808 3315">
     <span class='ocr_line' id='line_1_64' title="bbox 224 3230 1808 3315; baseline 0.014 -36"><span class='ocrx_word' id='word_1_498' title='bbox 224 3237 278 3280; x_wconf 88' lang='lat' dir='ltr'><strong>ut</strong></span> <span class='ocrx_word' id='word_1_499' title='bbox 307 3230 373 3281; x_wconf 87' lang='lat' dir='ltr'><strong>ad</strong></span> <span class='ocrx_word' id='word_1_500' title='bbox 402 3247 558 3286; x_wconf 88' lang='lat' dir='ltr'><strong>usum</strong></span> <span class='ocrx_word' id='word_1_501' title='bbox 586 3236 899 3290; x_wconf 76' lang='lat' dir='ltr'><strong>exercendae</strong></span> <span class='ocrx_word' id='word_1_502' title='bbox 929 3239 1142 3294; x_wconf 80' lang='lat' dir='ltr'><strong>virtutis</strong></span> <span class='ocrx_word' id='word_1_503' title='bbox 1169 3241 1447 3297; x_wconf 76' lang='lat' dir='ltr'><strong>habeatur.</strong></span> <span class='ocrx_word' id='word_1_504' title='bbox 1474 3243 1598 3300; x_wconf 72' lang='lat' dir='ltr'><strong>Haec</strong></span> <span class='ocrx_word' id='word_1_505' title='bbox 1630 3248 1808 3315; x_wconf 87' lang='lat' dir='ltr'><strong>itaque</strong></span> 
     </span>
    </p>
   </div>
   <div class='ocr_carea' id='block_1_65' title="bbox 222 3318 1809 3398">
    <p class='ocr_par' dir='ltr' id='par_1_65' title="bbox 222 3318 1809 3398">
     <span class='ocr_line' id='line_1_65' title="bbox 222 3318 1809 3398; baseline 0.015 -26"><span class='ocrx_word' id='word_1_506' title='bbox 222 3318 266 3372; x_wconf 92' lang='lat' dir='ltr'><strong>si</strong></span> <span class='ocrx_word' id='word_1_507' title='bbox 294 3335 394 3374; x_wconf 91' lang='lat' dir='ltr'><strong>vos</strong></span> <span class='ocrx_word' id='word_1_508' title='bbox 426 3322 477 3374; x_wconf 92' lang='lat' dir='ltr'><strong>in</strong></span> <span class='ocrx_word' id='word_1_509' title='bbox 511 3326 703 3378; x_wconf 70' lang='lat' dir='ltr'><strong>vestris</strong></span> <span class='ocrx_word' id='word_1_510' title='bbox 731 3329 993 3384; x_wconf 87' lang='lat' dir='ltr'><strong>conviviis</strong></span> <span class='ocrx_word' id='word_1_511' title='bbox 1021 3331 1197 3398; x_wconf 64' lang='lat' dir='ltr'><strong>agitis,</strong></span> <span class='ocrx_word' id='word_1_512' title='bbox 1227 3334 1608 3390; x_wconf 87' lang='lat' dir='ltr'><strong>abstinentium</strong></span> <span class='ocrx_word' id='word_1_513' title='bbox 1638 3339 1809 3395; x_wconf 91' lang='lat' dir='ltr'><strong>fateor</strong></span> 
     </span>
    </p>
   </div>
   <div class='ocr_carea' id='block_1_66' title="bbox 223 3412 1804 3495">
    <p class='ocr_par' dir='ltr' id='par_1_66' title="bbox 223 3412 1804 3495">
     <span class='ocr_line' id='line_1_66' title="bbox 223 3412 1804 3495; baseline 0.018 -34"><span class='ocrx_word' id='word_1_514' title='bbox 223 3412 465 3478; x_wconf 80' lang='lat' dir='ltr'><strong>magistri</strong></span> <span class='ocrx_word' id='word_1_515' title='bbox 495 3416 644 3470; x_wconf 87' lang='lat' dir='ltr'><strong>estis.</strong></span> <span class='ocrx_word' id='word_1_516' title='bbox 679 3418 830 3484; x_wconf 89' lang='lat' dir='ltr'><strong>Quod</strong></span> <span class='ocrx_word' id='word_1_517' title='bbox 861 3435 992 3488; x_wconf 85' lang='lat' dir='ltr'><strong>ergo</strong></span> <span class='ocrx_word' id='word_1_518' title='bbox 1021 3422 1168 3477; x_wconf 85' lang='lat' dir='ltr'><strong>Pauli</strong></span> <span class='ocrx_word' id='word_1_519' title='bbox 1191 3429 1420 3495; x_wconf 88' lang='lat' dir='ltr'><strong>apostoli</strong></span> <span class='ocrx_word' id='word_1_520' title='bbox 1443 3430 1511 3484; x_wconf 90' lang='lat' dir='ltr'><strong>ad</strong></span> <span class='ocrx_word' id='word_1_521' title='bbox 1542 3447 1625 3486; x_wconf 91' lang='lat' dir='ltr'><strong>me</strong></span> <span class='ocrx_word' id='word_1_522' title='bbox 1651 3435 1804 3489; x_wconf 85' lang='lat' dir='ltr'><strong>testi-</strong></span> 
     </span>
    </p>
   </div>
   <div class='ocr_carea' id='block_1_67' title="bbox 225 3501 1802 3590">
    <p class='ocr_par' dir='ltr' id='par_1_67' title="bbox 225 3501 1802 3590">
     <span class='ocr_line' id='line_1_67' title="bbox 225 3501 1802 3590; baseline 0.018 -41"><span class='ocrx_word' id='word_1_523' title='bbox 225 3501 468 3554; x_wconf 89' lang='lat' dir='ltr'><strong>monium</strong></span> <span class='ocrx_word' id='word_1_524' title='bbox 501 3506 771 3572; x_wconf 73' lang='lat' dir='ltr'><strong>posuistis,</strong></span> <span class='ocrx_word' id='word_1_525' title='bbox 812 3509 863 3562; x_wconf 91' lang='lat' dir='ltr'><strong>in</strong></span> <span class='ocrx_word' id='word_1_526' title='bbox 893 3525 1000 3578; x_wconf 93' lang='lat' dir='ltr'><strong>quo</strong></span> <span class='ocrx_word' id='word_1_527' title='bbox 1041 3513 1115 3566; x_wconf 88' lang='lat' dir='ltr'><strong>ait</strong></span> <span class='ocrx_word' id='word_1_528' title='bbox 1155 3531 1167 3566; x_wconf 93' lang='lat'><strong>:</strong></span> <span class='ocrx_word' id='word_1_529' title='bbox 1215 3513 1314 3578; x_wconf 81' lang='lat' dir='ltr'><strong>Qui</strong></span> <span class='ocrx_word' id='word_1_530' title='bbox 1354 3535 1455 3572; x_wconf 87' lang='lat' dir='ltr'><strong>non</strong></span> <span class='ocrx_word' id='word_1_531' title='bbox 1504 3523 1802 3590; x_wconf 73' lang='lat' dir='ltr'><strong>manducet,</strong></span> 
     </span>
    </p>
   </div>
   <div class='ocr_carea' id='block_1_68' title="bbox 220 3594 1803 3679">
    <p class='ocr_par' dir='ltr' id='par_1_68' title="bbox 220 3594 1803 3679">
     <span class='ocr_line' id='line_1_68' title="bbox 220 3594 1803 3679; baseline 0.019 -40"><span class='ocrx_word' id='word_1_532' title='bbox 220 3594 622 3647; x_wconf 78' lang='lat' dir='ltr'><strong>manducantem</strong></span> <span class='ocrx_word' id='word_1_533' title='bbox 644 3613 748 3649; x_wconf 81' lang='lat' dir='ltr'><strong>non</strong></span> <span class='ocrx_word' id='word_1_534' title='bbox 765 3600 966 3667; x_wconf 81' lang='lat' dir='ltr'><strong>judicet</strong></span> <span class='ocrx_word' id='word_1_535' title='bbox 997 3601 1174 3671; x_wconf 82' lang='lat' dir='ltr'><strong>(Rom.</strong></span> <span class='ocrx_word' id='word_1_536' title='bbox 1199 3621 1304 3672; x_wconf 81' lang='lat' dir='ltr'><strong>xw,</strong></span> <span class='ocrx_word' id='word_1_537' title='bbox 1331 3607 1404 3679; x_wconf 78' lang='grc'><strong>5),</strong></span> <span class='ocrx_word' id='word_1_538' title='bbox 1438 3611 1659 3667; x_wconf 86' lang='lat' dir='ltr'><strong>omnino</strong></span> <span class='ocrx_word' id='word_1_539' title='bbox 1685 3615 1803 3669; x_wconf 82' lang='lat' dir='ltr'><strong>exi-</strong></span> 
     </span>
    </p>
   </div>
   <div class='ocr_carea' id='block_1_69' title="bbox 216 3684 1804 3771">
    <p class='ocr_par' dir='ltr' id='par_1_69' title="bbox 216 3684 1804 3771">
     <span class='ocr_line' id='line_1_69' title="bbox 216 3684 1804 3771; baseline 0.018 -37"><span class='ocrx_word' id='word_1_540' title='bbox 216 3684 378 3738; x_wconf 88' lang='lat' dir='ltr'><strong>stimo</strong></span> <span class='ocrx_word' id='word_1_541' title='bbox 410 3688 761 3757; x_wconf 87' lang='lat' dir='ltr'><strong>incongruum</strong></span> <span class='ocrx_word' id='word_1_542' title='bbox 791 3691 952 3750; x_wconf 82' lang='lat' dir='ltr'><strong>fuisse</strong></span> <span class='ocrx_word' id='word_1_543' title='bbox 977 3714 990 3751; x_wconf 88' lang='lat'><strong>:</strong></span> <span class='ocrx_word' id='word_1_544' title='bbox 1014 3699 1137 3766; x_wconf 88' lang='lat' dir='ltr'><strong>quia</strong></span> <span class='ocrx_word' id='word_1_545' title='bbox 1171 3715 1345 3770; x_wconf 90' lang='lat' dir='ltr'><strong>neque</strong></span> <span class='ocrx_word' id='word_1_546' title='bbox 1373 3718 1472 3771; x_wconf 86' lang='lat' dir='ltr'><strong>ego</strong></span> <span class='ocrx_word' id='word_1_547' title='bbox 1495 3721 1600 3760; x_wconf 93' lang='lat' dir='ltr'><strong>non</strong></span> <span class='ocrx_word' id='word_1_548' title='bbox 1624 3722 1804 3762; x_wconf 91' lang='lat' dir='ltr'><strong>come-</strong></span> 
     </span>
    </p>
   </div>
   <div class='ocr_carea' id='block_1_70' title="bbox 213 3773 1804 3860">
    <p class='ocr_par' dir='ltr' id='par_1_70' title="bbox 213 3773 1804 3860">
     <span class='ocr_line' id='line_1_70' title="bbox 213 3773 1804 3860; baseline 0.017 -36"><span class='ocrx_word' id='word_1_549' title='bbox 213 3773 306 3839; x_wconf 87' lang='lat' dir='ltr'><strong>do,</strong></span> <span class='ocrx_word' id='word_1_550' title='bbox 343 3791 520 3844; x_wconf 90' lang='lat' dir='ltr'><strong>neque</strong></span> <span class='ocrx_word' id='word_1_551' title='bbox 565 3780 634 3832; x_wconf 92' lang='lat' dir='ltr'><strong>ob</strong></span> <span class='ocrx_word' id='word_1_552' title='bbox 680 3783 782 3836; x_wconf 91' lang='lat' dir='ltr'><strong>hoc</strong></span> <span class='ocrx_word' id='word_1_553' title='bbox 827 3801 855 3837; x_wconf 86' lang='lat' dir='ltr'><strong>a</strong></span> <span class='ocrx_word' id='word_1_554' title='bbox 901 3783 1068 3841; x_wconf 89' lang='lat' dir='ltr'><strong>Paulo</strong></span> <span class='ocrx_word' id='word_1_555' title='bbox 1115 3791 1362 3859; x_wconf 70' lang='lat' dir='ltr'><strong>apostolo</strong></span> <span class='ocrx_word' id='word_1_556' title='bbox 1392 3793 1589 3848; x_wconf 88' lang='lat' dir='ltr'><strong>dictum</strong></span> <span class='ocrx_word' id='word_1_557' title='bbox 1617 3805 1716 3860; x_wconf 90' lang='lat' dir='ltr'><strong>est,</strong></span> <span class='ocrx_word' id='word_1_558' title='bbox 1746 3807 1804 3851; x_wconf 92' lang='lat' dir='ltr'><strong>ut</strong></span> 
     </span>
    </p>
   </div>
   <div class='ocr_carea' id='block_1_71' title="bbox 214 3867 1803 3950">
    <p class='ocr_par' dir='ltr' id='par_1_71' title="bbox 214 3867 1803 3950">
     <span class='ocr_line' id='line_1_71' title="bbox 214 3867 1803 3950; baseline 0.016 -33"><span class='ocrx_word' id='word_1_559' title='bbox 214 3867 456 3920; x_wconf 84' lang='lat' dir='ltr'><strong>membra</strong></span> <span class='ocrx_word' id='word_1_560' title='bbox 479 3867 696 3935; x_wconf 88' lang='lat' dir='ltr'><strong>Christi,</strong></span> <span class='ocrx_word' id='word_1_561' title='bbox 727 3888 843 3941; x_wconf 74' lang='lat' dir='ltr'><strong>quae</strong></span> <span class='ocrx_word' id='word_1_562' title='bbox 879 3875 942 3929; x_wconf 67' lang='lat' dir='ltr'><strong>&#39;in</strong></span> <span class='ocrx_word' id='word_1_563' title='bbox 990 3877 1106 3946; x_wconf 89' lang='lat' dir='ltr'><strong>ejus</strong></span> <span class='ocrx_word' id='word_1_564' title='bbox 1153 3896 1412 3950; x_wconf 90' lang='lat' dir='ltr'><strong>corpore,</strong></span> <span class='ocrx_word' id='word_1_565' title='bbox 1445 3883 1496 3936; x_wconf 89' lang='lat' dir='ltr'><strong>id</strong></span> <span class='ocrx_word' id='word_1_566' title='bbox 1524 3895 1603 3937; x_wconf 89' lang='lat' dir='ltr'><strong>est</strong></span> <span class='ocrx_word' id='word_1_567' title='bbox 1628 3887 1677 3939; x_wconf 93' lang='lat' dir='ltr'><strong>in</strong></span> <span class='ocrx_word' id='word_1_568' title='bbox 1703 3885 1803 3942; x_wconf 86' lang='lat' dir='ltr'><strong>Ec-</strong></span> 
     </span>
    </p>
   </div>
   <div class='ocr_carea' id='block_1_72' title="bbox 201 3956 1800 4042">
    <p class='ocr_par' dir='ltr' id='par_1_72' title="bbox 201 3956 1800 4042">
     <span class='ocr_line' id='line_1_72' title="bbox 201 3956 1800 4042; baseline 0.015 -35"><span class='ocrx_word' id='word_1_569' title='bbox 201 3956 410 4022; x_wconf 84' lang='lat' dir='ltr'><strong>.clesia,</strong></span> <span class='ocrx_word' id='word_1_570' title='bbox 469 3959 699 4014; x_wconf 89' lang='lat' dir='ltr'><strong>invicem</strong></span> <span class='ocrx_word' id='word_1_571' title='bbox 753 3964 852 4018; x_wconf 80' lang='lat' dir='ltr'><strong>sibi</strong></span> <span class='ocrx_word' id='word_1_572' title='bbox 908 3967 1185 4023; x_wconf 88' lang='lat' dir='ltr'><strong>charitatis</strong></span> <span class='ocrx_word' id='word_1_573' title='bbox 1240 3986 1501 4042; x_wconf 89' lang='lat' dir='ltr'><strong>compage</strong></span> <span class='ocrx_word' id='word_1_574' title='bbox 1559 3991 1800 4031; x_wconf 85' lang='lat' dir='ltr'><strong>connexa</strong></span> 
     </span>
    </p>
   </div>
   <div class='ocr_carea' id='block_1_73' title="bbox 210 4050 1801 4131">
    <p class='ocr_par' dir='ltr' id='par_1_73' title="bbox 210 4050 1801 4131">
     <span class='ocr_line' id='line_1_73' title="bbox 210 4050 1801 4131; baseline 0.014 -33"><span class='ocrx_word' id='word_1_575' title='bbox 210 4056 356 4111; x_wconf 89' lang='lat' dir='ltr'><strong>sunt,</strong></span> <span class='ocrx_word' id='word_1_576' title='bbox 396 4050 596 4104; x_wconf 75' lang='lat' dir='ltr'><strong>nullam</strong></span> <span class='ocrx_word' id='word_1_577' title='bbox 619 4051 686 4105; x_wconf 84' lang='lat' dir='ltr'><strong>de</strong></span> <span class='ocrx_word' id='word_1_578' title='bbox 723 4069 780 4108; x_wconf 89' lang='lat' dir='ltr'><strong>se</strong></span> <span class='ocrx_word' id='word_1_579' title='bbox 814 4056 920 4109; x_wconf 91' lang='lat' dir='ltr'><strong>ullo</strong></span> <span class='ocrx_word' id='word_1_580' title='bbox 946 4057 1108 4113; x_wconf 91' lang='lat' dir='ltr'><strong>modo</strong></span> <span class='ocrx_word' id='word_1_581' title='bbox 1138 4075 1321 4114; x_wconf 87' lang='lat' dir='ltr'><strong>curam</strong></span> <span class='ocrx_word' id='word_1_582' title='bbox 1375 4072 1584 4131; x_wconf 86' lang='lat' dir='ltr'><strong>gerant.</strong></span> <span class='ocrx_word' id='word_1_583' title='bbox 1613 4064 1718 4120; x_wconf 86' lang='lat' dir='ltr'><strong>Sed</strong></span> <span class='ocrx_word' id='word_1_584' title='bbox 1754 4067 1801 4120; x_wconf 89' lang='lat' dir='ltr'><strong>si</strong></span> 
     </span>
    </p>
   </div>
   <div class='ocr_carea' id='block_1_74' title="bbox 210 4141 1797 4225">
    <p class='ocr_par' dir='ltr' id='par_1_74' title="bbox 210 4141 1797 4225">
     <span class='ocr_line' id='line_1_74' title="bbox 210 4141 1797 4225; baseline 0.016 -39"><span class='ocrx_word' id='word_1_585' title='bbox 210 4151 389 4205; x_wconf 86' lang='lat' dir='ltr'><strong>neque</strong></span> <span class='ocrx_word' id='word_1_586' title='bbox 413 4153 514 4206; x_wconf 84' lang='lat' dir='ltr'><strong>ego</strong></span> <span class='ocrx_word' id='word_1_587' title='bbox 543 4141 608 4192; x_wconf 91' lang='lat' dir='ltr'><strong>ad</strong></span> <span class='ocrx_word' id='word_1_588' title='bbox 643 4150 712 4205; x_wconf 80' lang='lat' dir='ltr'><strong>te,</strong></span> <span class='ocrx_word' id='word_1_589' title='bbox 739 4159 912 4214; x_wconf 87' lang='lat' dir='ltr'><strong>neque</strong></span> <span class='ocrx_word' id='word_1_590' title='bbox 944 4155 1000 4200; x_wconf 90' lang='lat' dir='ltr'><strong>tu</strong></span> <span class='ocrx_word' id='word_1_591' title='bbox 1041 4149 1238 4219; x_wconf 87' lang='lat' dir='ltr'><strong>aliquid</strong></span> <span class='ocrx_word' id='word_1_592' title='bbox 1278 4153 1576 4220; x_wconf 86' lang='lat' dir='ltr'><strong>pertineres</strong></span> <span class='ocrx_word' id='word_1_593' title='bbox 1601 4156 1668 4210; x_wconf 92' lang='lat' dir='ltr'><strong>ad</strong></span> <span class='ocrx_word' id='word_1_594' title='bbox 1694 4172 1797 4225; x_wconf 90' lang='lat' dir='ltr'><strong>me,</strong></span> 
     </span>
    </p>
   </div>
   <div class='ocr_carea' id='block_1_75' title="bbox 206 4223 1798 4313">
    <p class='ocr_par' dir='ltr' id='par_1_75' title="bbox 206 4223 1798 4313">
     <span class='ocr_line' id='line_1_75' title="bbox 206 4223 1798 4313; baseline 0.016 -36"><span class='ocrx_word' id='word_1_595' title='bbox 206 4223 328 4293; x_wconf 87' lang='lat' dir='ltr'><strong>jure</strong></span> <span class='ocrx_word' id='word_1_596' title='bbox 359 4235 542 4283; x_wconf 60' lang='lat' dir='ltr'><strong>tacere</strong></span> <span class='ocrx_word' id='word_1_597' title='bbox 570 4235 943 4302; x_wconf 90' lang='lat' dir='ltr'><strong>compellerer,</strong></span> <span class='ocrx_word' id='word_1_598' title='bbox 970 4246 1028 4292; x_wconf 93' lang='lat' dir='ltr'><strong>ut</strong></span> <span class='ocrx_word' id='word_1_599' title='bbox 1055 4254 1176 4293; x_wconf 92' lang='lat' dir='ltr'><strong>eum</strong></span> <span class='ocrx_word' id='word_1_600' title='bbox 1206 4257 1314 4296; x_wconf 91' lang='lat' dir='ltr'><strong>non</strong></span> <span class='ocrx_word' id='word_1_601' title='bbox 1343 4246 1798 4313; x_wconf 82' lang='lat' dir='ltr'><strong>reprehenderem</strong></span> 
     </span>
    </p>
   </div>
   <div class='ocr_carea' id='block_1_76' title="bbox 207 4318 1802 4410">
    <p class='ocr_par' dir='ltr' id='par_1_76' title="bbox 207 4318 1802 4410">
     <span class='ocr_line' id='line_1_76' title="bbox 207 4318 1802 4410; baseline 0.019 -43"><span class='ocrx_word' id='word_1_602' title='bbox 207 4318 299 4382; x_wconf 86' lang='lat' dir='ltr'><strong>qui</strong></span> <span class='ocrx_word' id='word_1_603' title='bbox 323 4320 602 4376; x_wconf 89' lang='lat' dir='ltr'><strong>emendari</strong></span> <span class='ocrx_word' id='word_1_604' title='bbox 629 4339 732 4378; x_wconf 91' lang='lat' dir='ltr'><strong>non</strong></span> <span class='ocrx_word' id='word_1_605' title='bbox 759 4336 958 4394; x_wconf 89' lang='lat' dir='ltr'><strong>posset.</strong></span> <span class='ocrx_word' id='word_1_606' title='bbox 985 4329 1110 4386; x_wconf 83' lang='lat' dir='ltr'><strong>llaec</strong></span> <span class='ocrx_word' id='word_1_607' title='bbox 1131 4347 1258 4402; x_wconf 91' lang='lat' dir='ltr'><strong>ergo</strong></span> <span class='ocrx_word' id='word_1_608' title='bbox 1281 4338 1546 4392; x_wconf 86' lang='lat' dir='ltr'><strong>sententia</strong></span> <span class='ocrx_word' id='word_1_609' title='bbox 1578 4350 1802 4410; x_wconf 91' lang='lat' dir='ltr'><strong>propter</strong></span> 
     </span>
    </p>
   </div>
   <div class='ocr_carea' id='block_1_77' title="bbox 207 4409 1798 4494">
    <p class='ocr_par' dir='ltr' id='par_1_77' title="bbox 207 4409 1798 4494">
     <span class='ocr_line' id='line_1_77' title="bbox 207 4409 1798 4494; baseline 0.018 -37"><span class='ocrx_word' id='word_1_610' title='bbox 207 4421 304 4460; x_wconf 86' lang='lat' dir='ltr'><strong>eos</strong></span> <span class='ocrx_word' id='word_1_611' title='bbox 326 4409 666 4468; x_wconf 87' lang='lat' dir='ltr'><strong>solummodo</strong></span> <span class='ocrx_word' id='word_1_612' title='bbox 694 4416 834 4471; x_wconf 89' lang='lat' dir='ltr'><strong>dicta</strong></span> <span class='ocrx_word' id='word_1_613' title='bbox 865 4429 947 4474; x_wconf 89' lang='lat' dir='ltr'><strong>est</strong></span> <span class='ocrx_word' id='word_1_614' title='bbox 989 4422 1079 4492; x_wconf 91' lang='lat' dir='ltr'><strong>qui</strong></span> <span class='ocrx_word' id='word_1_615' title='bbox 1120 4423 1241 4479; x_wconf 91' lang='lat' dir='ltr'><strong>illos</strong></span> <span class='ocrx_word' id='word_1_616' title='bbox 1281 4425 1526 4494; x_wconf 88' lang='lat' dir='ltr'><strong>judicare</strong></span> <span class='ocrx_word' id='word_1_617' title='bbox 1577 4409 1798 4485; x_wconf 82' lang='lat' dir='ltr'><strong>student</strong></span> 
     </span>
    </p>
   </div>
   <div class='ocr_carea' id='block_1_78' title="bbox 1913 3235 3495 3306">
    <p class='ocr_par' dir='ltr' id='par_1_78' title="bbox 1913 3235 3495 3306">
     <span class='ocr_line' id='line_1_78' title="bbox 1913 3235 3495 3306; baseline 0.008 -17"><span class='ocrx_word' id='word_1_618' title='bbox 1913 3235 2194 3302; x_wconf 88' lang='lat' dir='ltr'><strong>Tharsilla,</strong></span> <span class='ocrx_word' id='word_1_619' title='bbox 2227 3238 2334 3291; x_wconf 87' lang='lat' dir='ltr'><strong>alia</strong></span> <span class='ocrx_word' id='word_1_620' title='bbox 2378 3237 2674 3306; x_wconf 89' lang='lat' dir='ltr'><strong>Gordiana,</strong></span> <span class='ocrx_word' id='word_1_621' title='bbox 2725 3242 2827 3295; x_wconf 90' lang='lat' dir='ltr'><strong>alia</strong></span> <span class='ocrx_word' id='word_1_622' title='bbox 2860 3241 3148 3297; x_wconf 55' lang='lat' dir='ltr'><strong>{Emiliana</strong></span> <span class='ocrx_word' id='word_1_623' title='bbox 3197 3246 3495 3302; x_wconf 89' lang='lat' dir='ltr'><strong>dicebatur.</strong></span> 
     </span>
    </p>
   </div>
   <div class='ocr_carea' id='block_1_79' title="bbox 1912 3329 3496 3413">
    <p class='ocr_par' dir='ltr' id='par_1_79' title="bbox 1912 3329 3496 3413">
     <span class='ocr_line' id='line_1_79' title="bbox 1912 3329 3496 3413; baseline 0.009 -30"><span class='ocrx_word' id='word_1_624' title='bbox 1912 3329 2030 3384; x_wconf 91' lang='lat' dir='ltr'><strong>Uno</strong></span> <span class='ocrx_word' id='word_1_625' title='bbox 2059 3347 2247 3386; x_wconf 91' lang='lat' dir='ltr'><strong>omnes</strong></span> <span class='ocrx_word' id='word_1_626' title='bbox 2270 3347 2456 3388; x_wconf 87' lang='lat' dir='ltr'><strong>amore</strong></span> <span class='ocrx_word' id='word_1_627' title='bbox 2477 3349 2773 3402; x_wconf 84' lang='lat' dir='ltr'><strong>conversae,</strong></span> <span class='ocrx_word' id='word_1_628' title='bbox 2799 3353 2905 3392; x_wconf 91' lang='lat' dir='ltr'><strong>uno</strong></span> <span class='ocrx_word' id='word_1_629' title='bbox 2929 3341 3227 3410; x_wconf 91' lang='lat' dir='ltr'><strong>eodemque</strong></span> <span class='ocrx_word' id='word_1_630' title='bbox 3255 3353 3496 3413; x_wconf 88' lang='lat' dir='ltr'><strong>tempore</strong></span> 
     </span>
    </p>
   </div>
   <div class='ocr_carea' id='block_1_80' title="bbox 1906 3422 3491 3497">
    <p class='ocr_par' dir='ltr' id='par_1_80' title="bbox 1906 3422 3491 3497">
     <span class='ocr_line' id='line_1_80' title="bbox 1906 3422 3491 3497; baseline 0.013 -25"><span class='ocrx_word' id='word_1_631' title='bbox 1906 3431 2152 3485; x_wconf 79' lang='lat' dir='ltr'><strong>sacratae,</strong></span> <span class='ocrx_word' id='word_1_632' title='bbox 2183 3422 2282 3477; x_wconf 91' lang='lat' dir='ltr'><strong>sub</strong></span> <span class='ocrx_word' id='word_1_633' title='bbox 2311 3422 2649 3479; x_wconf 90' lang='lat' dir='ltr'><strong>districtione</strong></span> <span class='ocrx_word' id='word_1_634' title='bbox 2689 3428 2920 3497; x_wconf 84' lang='lat' dir='ltr'><strong>regulari</strong></span> <span class='ocrx_word' id='word_1_635' title='bbox 2959 3430 3216 3496; x_wconf 85' lang='lat' dir='ltr'><strong>degentes</strong></span> <span class='ocrx_word' id='word_1_636' title='bbox 3247 3433 3298 3488; x_wconf 92' lang='lat' dir='ltr'><strong>in</strong></span> <span class='ocrx_word' id='word_1_637' title='bbox 3329 3436 3491 3492; x_wconf 93' lang='lat' dir='ltr'><strong>domo</strong></span> 
     </span>
    </p>
   </div>
   <div class='ocr_carea' id='block_1_81' title="bbox 1907 3509 3496 3590">
    <p class='ocr_par' dir='ltr' id='par_1_81' title="bbox 1907 3509 3496 3590">
     <span class='ocr_line' id='line_1_81' title="bbox 1907 3509 3496 3590; baseline 0.014 -30"><span class='ocrx_word' id='word_1_638' title='bbox 1907 3509 2146 3577; x_wconf 90' lang='lat' dir='ltr'><strong>propria,</strong></span> <span class='ocrx_word' id='word_1_639' title='bbox 2190 3511 2448 3566; x_wconf 90' lang='lat' dir='ltr'><strong>socialem</strong></span> <span class='ocrx_word' id='word_1_640' title='bbox 2498 3514 2661 3568; x_wconf 88' lang='lat' dir='ltr'><strong>vitam</strong></span> <span class='ocrx_word' id='word_1_641' title='bbox 2702 3515 2989 3573; x_wconf 85' lang='lat' dir='ltr'><strong>ducebant.</strong></span> <span class='ocrx_word' id='word_1_642' title='bbox 3032 3519 3277 3590; x_wconf 88' lang='lat' dir='ltr'><strong>Cumque</strong></span> <span class='ocrx_word' id='word_1_643' title='bbox 3317 3535 3496 3581; x_wconf 90' lang='lat' dir='ltr'><strong>essent</strong></span> 
     </span>
    </p>
   </div>
   <div class='ocr_carea' id='block_1_82' title="bbox 1905 3601 3493 3682">
    <p class='ocr_par' dir='ltr' id='par_1_82' title="bbox 1905 3601 3493 3682">
     <span class='ocr_line' id='line_1_82' title="bbox 1905 3601 3493 3682; baseline 0.01 -28"><span class='ocrx_word' id='word_1_644' title='bbox 1905 3601 2106 3655; x_wconf 88' lang='lat' dir='ltr'><strong>diutius</strong></span> <span class='ocrx_word' id='word_1_645' title='bbox 2133 3603 2185 3656; x_wconf 88' lang='lat' dir='ltr'><strong>in</strong></span> <span class='ocrx_word' id='word_1_646' title='bbox 2207 3604 2396 3658; x_wconf 90' lang='lat' dir='ltr'><strong>eadem</strong></span> <span class='ocrx_word' id='word_1_647' title='bbox 2425 3608 2857 3675; x_wconf 86' lang='lat' dir='ltr'><strong>conversatione,</strong></span> <span class='ocrx_word' id='word_1_648' title='bbox 2904 3624 3183 3679; x_wconf 63' lang='lat' dir='ltr'><strong>creperum</strong></span> <span class='ocrx_word' id='word_1_649' title='bbox 3227 3617 3493 3682; x_wconf 88' lang='lat' dir='ltr'><strong>quotidia-</strong></span> 
     </span>
    </p>
   </div>
   <div class='ocr_carea' id='block_1_83' title="bbox 1907 3692 3493 3762">
    <p class='ocr_par' dir='ltr' id='par_1_83' title="bbox 1907 3692 3493 3762">
     <span class='ocr_line' id='line_1_83' title="bbox 1907 3692 3493 3762; baseline 0.011 -18"><span class='ocrx_word' id='word_1_650' title='bbox 1907 3692 1988 3745; x_wconf 87' lang='lat' dir='ltr'><strong>nis</strong></span> <span class='ocrx_word' id='word_1_651' title='bbox 2018 3693 2362 3749; x_wconf 85' lang='lat' dir='ltr'><strong>incrementis</strong></span> <span class='ocrx_word' id='word_1_652' title='bbox 2408 3696 2462 3750; x_wconf 94' lang='lat' dir='ltr'><strong>in</strong></span> <span class='ocrx_word' id='word_1_653' title='bbox 2510 3712 2749 3752; x_wconf 89' lang='lat' dir='ltr'><strong>amorem</strong></span> <span class='ocrx_word' id='word_1_654' title='bbox 2780 3699 3090 3757; x_wconf 88' lang='lat' dir='ltr'><strong>Conditoris</strong></span> <span class='ocrx_word' id='word_1_655' title='bbox 3119 3705 3200 3757; x_wconf 90' lang='lat' dir='ltr'><strong>sui</strong></span> <span class='ocrx_word' id='word_1_656' title='bbox 3233 3705 3493 3762; x_wconf 83' lang='lat' dir='ltr'><strong>Tharsilla</strong></span> 
     </span>
    </p>
   </div>
   <div class='ocr_carea' id='block_1_84' title="bbox 1905 3782 3494 3855">
    <p class='ocr_par' dir='ltr' id='par_1_84' title="bbox 1905 3782 3494 3855">
     <span class='ocr_line' id='line_1_84' title="bbox 1905 3782 3494 3855; baseline 0.009 -19"><span class='ocrx_word' id='word_1_657' title='bbox 1905 3792 1961 3837; x_wconf 88' lang='lat' dir='ltr'><strong>et</strong></span> <span class='ocrx_word' id='word_1_658' title='bbox 2003 3782 2290 3838; x_wconf 63' lang='lat' dir='ltr'><strong>{Emiliana</strong></span> <span class='ocrx_word' id='word_1_659' title='bbox 2334 3802 2698 3852; x_wconf 90' lang='lat' dir='ltr'><strong>succrescere,</strong></span> <span class='ocrx_word' id='word_1_660' title='bbox 2729 3800 2802 3855; x_wconf 89' lang='lat' dir='ltr'><strong>et,</strong></span> <span class='ocrx_word' id='word_1_661' title='bbox 2832 3807 2954 3845; x_wconf 86' lang='lat' dir='ltr'><strong>eum</strong></span> <span class='ocrx_word' id='word_1_662' title='bbox 3003 3794 3120 3847; x_wconf 91' lang='lat' dir='ltr'><strong>solo</strong></span> <span class='ocrx_word' id='word_1_663' title='bbox 3176 3795 3264 3849; x_wconf 87' lang='lat' dir='ltr'><strong>hic</strong></span> <span class='ocrx_word' id='word_1_664' title='bbox 3313 3806 3494 3852; x_wconf 87' lang='lat' dir='ltr'><strong>essent</strong></span> 
     </span>
    </p>
   </div>
   <div class='ocr_carea' id='block_1_85' title="bbox 1907 3875 3493 3941">
    <p class='ocr_par' dir='ltr' id='par_1_85' title="bbox 1907 3875 3493 3941">
     <span class='ocr_line' id='line_1_85' title="bbox 1907 3875 3493 3941; baseline 0.009 -15"><span class='ocrx_word' id='word_1_665' title='bbox 1907 3888 2158 3941; x_wconf 90' lang='lat' dir='ltr'><strong>corpore,</strong></span> <span class='ocrx_word' id='word_1_666' title='bbox 2190 3875 2431 3940; x_wconf 88' lang='lat' dir='ltr'><strong>quotidie</strong></span> <span class='ocrx_word' id='word_1_667' title='bbox 2460 3877 2640 3930; x_wconf 90' lang='lat' dir='ltr'><strong>animo</strong></span> <span class='ocrx_word' id='word_1_668' title='bbox 2672 3880 2736 3931; x_wconf 90' lang='lat' dir='ltr'><strong>ad</strong></span> <span class='ocrx_word' id='word_1_669' title='bbox 2761 3887 2964 3933; x_wconf 84' lang='lat' dir='ltr'><strong>aeterna</strong></span> <span class='ocrx_word' id='word_1_670' title='bbox 2995 3884 3240 3936; x_wconf 91' lang='lat' dir='ltr'><strong>transire.</strong></span> <span class='ocrx_word' id='word_1_671' title='bbox 3274 3884 3343 3938; x_wconf 84' lang='lat' dir='ltr'><strong>At</strong></span> <span class='ocrx_word' id='word_1_672' title='bbox 3371 3903 3493 3940; x_wconf 83' lang='lat' dir='ltr'><strong>con-</strong></span> 
     </span>
    </p>
   </div>
   <div class='ocr_carea' id='block_1_86' title="bbox 1908 3961 3492 4035">
    <p class='ocr_par' dir='ltr' id='par_1_86' title="bbox 1908 3961 3492 4035">
     <span class='ocr_line' id='line_1_86' title="bbox 1908 3961 3492 4035; baseline 0.009 -20"><span class='ocrx_word' id='word_1_673' title='bbox 1908 3970 1988 4016; x_wconf 88' lang='lat' dir='ltr'><strong>tra</strong></span> <span class='ocrx_word' id='word_1_674' title='bbox 2013 3961 2300 4018; x_wconf 76' lang='lat' dir='ltr'><strong>Gordianae</strong></span> <span class='ocrx_word' id='word_1_675' title='bbox 2331 3965 2542 4020; x_wconf 91' lang='lat' dir='ltr'><strong>animus</strong></span> <span class='ocrx_word' id='word_1_676' title='bbox 2567 3967 2729 4035; x_wconf 77' lang='lat' dir='ltr'><strong>caepit</strong></span> <span class='ocrx_word' id='word_1_677' title='bbox 2756 3969 2823 4020; x_wconf 90' lang='lat' dir='ltr'><strong>ab</strong></span> <span class='ocrx_word' id='word_1_678' title='bbox 2852 3983 3037 4024; x_wconf 89' lang='lat' dir='ltr'><strong>amore</strong></span> <span class='ocrx_word' id='word_1_679' title='bbox 3083 3971 3279 4028; x_wconf 90' lang='lat' dir='ltr'><strong>caloris</strong></span> <span class='ocrx_word' id='word_1_680' title='bbox 3320 3975 3492 4029; x_wconf 90' lang='lat' dir='ltr'><strong>intimi</strong></span> 
     </span>
    </p>
   </div>
   <div class='ocr_carea' id='block_1_87' title="bbox 1905 4055 3492 4134">
    <p class='ocr_par' dir='ltr' id='par_1_87' title="bbox 1905 4055 3492 4134">
     <span class='ocr_line' id='line_1_87' title="bbox 1905 4055 3492 4134; baseline 0.009 -26"><span class='ocrx_word' id='word_1_681' title='bbox 1905 4070 1999 4124; x_wconf 91' lang='lat' dir='ltr'><strong>per</strong></span> <span class='ocrx_word' id='word_1_682' title='bbox 2026 4056 2337 4123; x_wconf 89' lang='lat' dir='ltr'><strong>quotidiana</strong></span> <span class='ocrx_word' id='word_1_683' title='bbox 2362 4055 2701 4112; x_wconf 87' lang='lat' dir='ltr'><strong>decrementa</strong></span> <span class='ocrx_word' id='word_1_684' title='bbox 2727 4071 3022 4128; x_wconf 82' lang='lat' dir='ltr'><strong>tepescere,</strong></span> <span class='ocrx_word' id='word_1_685' title='bbox 3055 4071 3109 4116; x_wconf 90' lang='lat' dir='ltr'><strong>et</strong></span> <span class='ocrx_word' id='word_1_686' title='bbox 3137 4065 3407 4134; x_wconf 82' lang='lat' dir='ltr'><strong>paulisper</strong></span> <span class='ocrx_word' id='word_1_687' title='bbox 3427 4068 3492 4123; x_wconf 92' lang='lat' dir='ltr'><strong>ad</strong></span> 
     </span>
    </p>
   </div>
   <div class='ocr_carea' id='block_1_88' title="bbox 1903 4147 3490 4215">
    <p class='ocr_par' dir='ltr' id='par_1_88' title="bbox 1903 4147 3490 4215">
     <span class='ocr_line' id='line_1_88' title="bbox 1903 4147 3490 4215; baseline 0.007 -15"><span class='ocrx_word' id='word_1_688' title='bbox 1903 4147 2061 4215; x_wconf 90' lang='lat' dir='ltr'><strong>hujus</strong></span> <span class='ocrx_word' id='word_1_689' title='bbox 2090 4148 2270 4201; x_wconf 81' lang='lat' dir='ltr'><strong>saeculi</strong></span> <span class='ocrx_word' id='word_1_690' title='bbox 2294 4163 2530 4202; x_wconf 88' lang='lat' dir='ltr'><strong>amorem</strong></span> <span class='ocrx_word' id='word_1_691' title='bbox 2563 4149 2760 4205; x_wconf 90' lang='lat' dir='ltr'><strong>redire.</strong></span> <span class='ocrx_word' id='word_1_692' title='bbox 2787 4150 2992 4206; x_wconf 89' lang='lat' dir='ltr'><strong>Crebro</strong></span> <span class='ocrx_word' id='word_1_693' title='bbox 3020 4163 3197 4207; x_wconf 88' lang='lat' dir='ltr'><strong>autem</strong></span> <span class='ocrx_word' id='word_1_694' title='bbox 3227 4155 3490 4211; x_wconf 86' lang='lat' dir='ltr'><strong>Tharsilla</strong></span> 
     </span>
    </p>
   </div>
   <div class='ocr_carea' id='block_1_89' title="bbox 1902 4234 3490 4311">
    <p class='ocr_par' dir='ltr' id='par_1_89' title="bbox 1902 4234 3490 4311">
     <span class='ocr_line' id='line_1_89' title="bbox 1902 4234 3490 4311; baseline 0.006 -21"><span class='ocrx_word' id='word_1_695' title='bbox 1902 4235 2080 4290; x_wconf 89' lang='lat' dir='ltr'><strong>dicere</strong></span> <span class='ocrx_word' id='word_1_696' title='bbox 2105 4234 2409 4290; x_wconf 63' lang='lat' dir='ltr'><strong>IEmilianae</strong></span> <span class='ocrx_word' id='word_1_697' title='bbox 2439 4238 2612 4291; x_wconf 91' lang='lat' dir='ltr'><strong>sorori</strong></span> <span class='ocrx_word' id='word_1_698' title='bbox 2634 4254 2743 4292; x_wconf 85' lang='lat' dir='ltr'><strong>suae</strong></span> <span class='ocrx_word' id='word_1_699' title='bbox 2763 4256 2884 4294; x_wconf 90' lang='lat' dir='ltr'><strong>cum</strong></span> <span class='ocrx_word' id='word_1_700' title='bbox 2911 4256 3104 4310; x_wconf 85' lang='lat' dir='ltr'><strong>magno</strong></span> <span class='ocrx_word' id='word_1_701' title='bbox 3127 4247 3324 4311; x_wconf 87' lang='lat' dir='ltr'><strong>gemitu</strong></span> <span class='ocrx_word' id='word_1_702' title='bbox 3351 4247 3490 4301; x_wconf 87' lang='lat' dir='ltr'><strong>sole-</strong></span> 
     </span>
    </p>
   </div>
   <div class='ocr_carea' id='block_1_90' title="bbox 1901 4326 3488 4394">
    <p class='ocr_par' dir='ltr' id='par_1_90' title="bbox 1901 4326 3488 4394">
     <span class='ocr_line' id='line_1_90' title="bbox 1901 4326 3488 4394; baseline 0.008 -13"><span class='ocrx_word' id='word_1_703' title='bbox 1901 4326 2032 4381; x_wconf 86' lang='lat' dir='ltr'><strong>bat:</strong></span> <span class='ocrx_word' id='word_1_704' title='bbox 2066 4326 2237 4382; x_wconf 85' lang='lat' dir='ltr'><strong>Video</strong></span> <span class='ocrx_word' id='word_1_705' title='bbox 2275 4327 2598 4383; x_wconf 86' lang='lat' dir='ltr'><strong>Gordianam</strong></span> <span class='ocrx_word' id='word_1_706' title='bbox 2627 4347 2870 4388; x_wconf 90' lang='lat' dir='ltr'><strong>sororem</strong></span> <span class='ocrx_word' id='word_1_707' title='bbox 2918 4345 3154 4390; x_wconf 67' lang='grc' dir='ltr'><strong>ηοδιιωιι</strong></span> <span class='ocrx_word' id='word_1_708' title='bbox 3194 4339 3260 4392; x_wconf 90' lang='lat' dir='ltr'><strong>de</strong></span> <span class='ocrx_word' id='word_1_709' title='bbox 3305 4332 3488 4394; x_wconf 81' lang='lat' dir='ltr'><strong>noStra</strong></span> 
     </span>
    </p>
   </div>
   <div class='ocr_carea' id='block_1_91' title="bbox 1901 4417 3488 4495">
    <p class='ocr_par' dir='ltr' id='par_1_91' title="bbox 1901 4417 3488 4495">
     <span class='ocr_line' id='line_1_91' title="bbox 1901 4417 3488 4495; baseline 0.008 -25"><span class='ocrx_word' id='word_1_710' title='bbox 1901 4425 2049 4471; x_wconf 87' lang='lat' dir='ltr'><strong>sorte</strong></span> <span class='ocrx_word' id='word_1_711' title='bbox 2078 4433 2185 4471; x_wconf 91' lang='lat' dir='ltr'><strong>non</strong></span> <span class='ocrx_word' id='word_1_712' title='bbox 2213 4432 2352 4472; x_wconf 83' lang='lat' dir='ltr'><strong>esse.</strong></span> <span class='ocrx_word' id='word_1_713' title='bbox 2385 4417 2668 4488; x_wconf 90' lang='lat' dir='ltr'><strong>Perpendo</strong></span> <span class='ocrx_word' id='word_1_714' title='bbox 2703 4423 2846 4476; x_wconf 90' lang='lat' dir='ltr'><strong>enim</strong></span> <span class='ocrx_word' id='word_1_715' title='bbox 2877 4425 3001 4490; x_wconf 90' lang='lat' dir='ltr'><strong>quia</strong></span> <span class='ocrx_word' id='word_1_716' title='bbox 3031 4424 3172 4480; x_wconf 87' lang='lat' dir='ltr'><strong>foras</strong></span> <span class='ocrx_word' id='word_1_717' title='bbox 3195 4427 3400 4495; x_wconf 79' lang='lat' dir='ltr'><strong>deﬂuit,</strong></span> <span class='ocrx_word' id='word_1_718' title='bbox 3432 4442 3488 4482; x_wconf 84' lang='lat' dir='ltr'><strong>et</strong></span> 
     </span>
    </p>
   </div>
   <div class='ocr_carea' id='block_1_92' title="bbox 204 4503 1812 4589">
    <p class='ocr_par' dir='ltr' id='par_1_92' title="bbox 204 4503 1795 4589">
     <span class='ocr_line' id='line_1_92' title="bbox 204 4503 1795 4589; baseline 0.02 -43"><span class='ocrx_word' id='word_1_719' title='bbox 204 4509 436 4561; x_wconf 79' lang='lat' dir='ltr'><strong>quarunt</strong></span> <span class='ocrx_word' id='word_1_720' title='bbox 460 4515 587 4555; x_wconf 88' lang='lat' dir='ltr'><strong>cura</strong></span> <span class='ocrx_word' id='word_1_721' title='bbox 610 4503 711 4557; x_wconf 88' lang='lat' dir='ltr'><strong>sibi</strong></span> <span class='ocrx_word' id='word_1_722' title='bbox 729 4509 1012 4564; x_wconf 88' lang='lat' dir='ltr'><strong>commissa</strong></span> <span class='ocrx_word' id='word_1_723' title='bbox 1034 4528 1139 4565; x_wconf 88' lang='lat' dir='ltr'><strong>non</strong></span> <span class='ocrx_word' id='word_1_724' title='bbox 1162 4522 1262 4568; x_wconf 90' lang='lat' dir='ltr'><strong>est.</strong></span> <span class='ocrx_word' id='word_1_725' title='bbox 1288 4516 1355 4570; x_wconf 87' lang='lat' dir='ltr'><strong>At</strong></span> <span class='ocrx_word' id='word_1_726' title='bbox 1373 4526 1652 4588; x_wconf 89' lang='lat' dir='ltr'><strong>postquam</strong></span> <span class='ocrx_word' id='word_1_727' title='bbox 1678 4537 1795 4589; x_wconf 93' lang='lat' dir='ltr'><strong>nos,</strong></span> 
     </span>
    </p>
   </div>
   <div class='ocr_carea' id='block_1_93' title="bbox 1920 4503 3488 4589">
    <p class='ocr_par' dir='ltr' id='par_1_93' title="bbox 1920 4505 3488 4580">
     <span class='ocr_line' id='line_1_93' title="bbox 1920 4505 3488 4580; baseline 0.009 -21"><span class='ocrx_word' id='word_1_728' title='bbox 1920 4521 1999 4559; x_wconf 79' lang='lat' dir='ltr'><strong>:or</strong></span> <span class='ocrx_word' id='word_1_729' title='bbox 2031 4505 2085 4560; x_wconf 90' lang='lat' dir='ltr'><strong>id</strong></span> <span class='ocrx_word' id='word_1_730' title='bbox 2114 4507 2260 4576; x_wconf 89' lang='lat' dir='ltr'><strong>quod</strong></span> <span class='ocrx_word' id='word_1_731' title='bbox 2290 4509 2571 4577; x_wconf 89' lang='lat' dir='ltr'><strong>proposuit</strong></span> <span class='ocrx_word' id='word_1_732' title='bbox 2592 4525 2700 4565; x_wconf 90' lang='lat' dir='ltr'><strong>non</strong></span> <span class='ocrx_word' id='word_1_733' title='bbox 2725 4514 2981 4567; x_wconf 89' lang='lat' dir='ltr'><strong>custodit.</strong></span> <span class='ocrx_word' id='word_1_734' title='bbox 3022 4514 3192 4580; x_wconf 90' lang='lat' dir='ltr'><strong>Quam</strong></span> <span class='ocrx_word' id='word_1_735' title='bbox 3225 4520 3488 4575; x_wconf 87' lang='lat' dir='ltr'><strong>curabant</strong></span> 
     </span>
    </p>
   </div>
   <div class='ocr_carea' id='block_1_94' title="bbox 205 4589 1794 4674">
    <p class='ocr_par' dir='ltr' id='par_1_94' title="bbox 205 4589 1794 4674">
     <span class='ocr_line' id='line_1_94' title="bbox 205 4589 1794 4674; baseline 0.019 -36"><span class='ocrx_word' id='word_1_736' title='bbox 205 4596 435 4642; x_wconf 83' lang='lat' dir='ltr'><strong>auctore</strong></span> <span class='ocrx_word' id='word_1_737' title='bbox 463 4589 596 4654; x_wconf 91' lang='lat' dir='ltr'><strong>Deo,</strong></span> <span class='ocrx_word' id='word_1_738' title='bbox 632 4609 793 4650; x_wconf 90' lang='lat' dir='ltr'><strong>unum</strong></span> <span class='ocrx_word' id='word_1_739' title='bbox 821 4613 1022 4667; x_wconf 90' lang='lat' dir='ltr'><strong>sumus,</strong></span> <span class='ocrx_word' id='word_1_740' title='bbox 1050 4612 1073 4638; x_wconf 74' lang='grc'>⁸</span> <span class='ocrx_word' id='word_1_741' title='bbox 1098 4604 1142 4657; x_wconf 93' lang='lat' dir='ltr'><strong>si</strong></span> <span class='ocrx_word' id='word_1_742' title='bbox 1186 4620 1248 4659; x_wconf 91' lang='lat' dir='ltr'><strong>ea</strong></span> <span class='ocrx_word' id='word_1_743' title='bbox 1289 4621 1406 4674; x_wconf 75' lang='lat' dir='ltr'><strong>qua:</strong></span> <span class='ocrx_word' id='word_1_744' title='bbox 1440 4610 1594 4665; x_wconf 83' lang='lat' dir='ltr'><strong>nobis</strong></span> <span class='ocrx_word' id='word_1_745' title='bbox 1621 4614 1794 4666; x_wconf 82' lang='lat' dir='ltr'><strong>corri-</strong></span> 
     </span>
    </p>
   </div>
   <div class='ocr_carea' id='block_1_95' title="bbox 203 4677 1406 4762">
    <p class='ocr_par' dir='ltr' id='par_1_95' title="bbox 203 4677 1406 4762">
     <span class='ocr_line' id='line_1_95' title="bbox 203 4677 1406 4762; baseline 0.019 -34"><span class='ocrx_word' id='word_1_746' title='bbox 203 4677 379 4744; x_wconf 89' lang='lat' dir='ltr'><strong>genda</strong></span> <span class='ocrx_word' id='word_1_747' title='bbox 410 4689 538 4734; x_wconf 91' lang='lat' dir='ltr'><strong>sunt</strong></span> <span class='ocrx_word' id='word_1_748' title='bbox 567 4691 824 4753; x_wconf 88' lang='lat' dir='ltr'><strong>tacemus,</strong></span> <span class='ocrx_word' id='word_1_749' title='bbox 856 4691 1012 4744; x_wconf 90' lang='lat' dir='ltr'><strong>valde</strong></span> <span class='ocrx_word' id='word_1_750' title='bbox 1034 4692 1406 4762; x_wconf 89' lang='lat' dir='ltr'><strong>delinquimus.</strong></span> 
     </span>
    </p>
   </div>
   <div class='ocr_carea' id='block_1_96' title="bbox 272 4772 1792 4860">
    <p class='ocr_par' dir='ltr' id='par_1_96' title="bbox 272 4772 1792 4860">
     <span class='ocr_line' id='line_1_96' title="bbox 272 4772 1792 4860; baseline 0.018 -34"><span class='ocrx_word' id='word_1_751' title='bbox 272 4772 363 4827; x_wconf 80' lang='lat'><strong>56.</strong></span> <span class='ocrx_word' id='word_1_752' title='bbox 383 4775 664 4833; x_wconf 80' lang='lat' dir='ltr'><strong>Neminem</strong></span> <span class='ocrx_word' id='word_1_753' title='bbox 687 4797 818 4836; x_wconf 91' lang='lat' dir='ltr'><strong>sane</strong></span> <span class='ocrx_word' id='word_1_754' title='bbox 840 4787 1148 4852; x_wconf 89' lang='lat' dir='ltr'><strong>pontiﬁcum</strong></span> <span class='ocrx_word' id='word_1_755' title='bbox 1167 4805 1197 4843; x_wconf 90' lang='lat' dir='ltr'><strong>a</strong></span> <span class='ocrx_word' id='word_1_756' title='bbox 1214 4795 1462 4860; x_wconf 90' lang='lat' dir='ltr'><strong>parochia</strong></span> <span class='ocrx_word' id='word_1_757' title='bbox 1482 4811 1576 4850; x_wconf 91' lang='lat' dir='ltr'><strong>sua</strong></span> <span class='ocrx_word' id='word_1_758' title='bbox 1601 4798 1792 4853; x_wconf 88' lang='lat' dir='ltr'><strong>saltem</strong></span> 
     </span>
    </p>
   </div>
   <div class='ocr_carea' id='block_1_97' title="bbox 199 4869 1794 4948">
    <p class='ocr_par' dir='ltr' id='par_1_97' title="bbox 199 4869 1794 4948">
     <span class='ocr_line' id='line_1_97' title="bbox 199 4869 1794 4948; baseline 0.019 -33"><span class='ocrx_word' id='word_1_759' title='bbox 199 4879 496 4934; x_wconf 88' lang='lat' dir='ltr'><strong>parumper</strong></span> <span class='ocrx_word' id='word_1_760' title='bbox 515 4869 717 4938; x_wconf 85' lang='lat' dir='ltr'><strong>absque</strong></span> <span class='ocrx_word' id='word_1_761' title='bbox 736 4875 1022 4930; x_wconf 88' lang='lat' dir='ltr'><strong>inevitabili</strong></span> <span class='ocrx_word' id='word_1_762' title='bbox 1045 4895 1261 4948; x_wconf 91' lang='lat' dir='ltr'><strong>prorsus</strong></span> <span class='ocrx_word' id='word_1_763' title='bbox 1284 4887 1602 4942; x_wconf 87' lang='lat' dir='ltr'><strong>necessitate</strong></span> <span class='ocrx_word' id='word_1_764' title='bbox 1621 4890 1794 4946; x_wconf 83' lang='lat' dir='ltr'><strong>disce-</strong></span> 
     </span>
    </p>
   </div>
   <div class='ocr_carea' id='block_1_98' title="bbox 199 4954 1791 5040">
    <p class='ocr_par' dir='ltr' id='par_1_98' title="bbox 199 4954 1791 5040">
     <span class='ocr_line' id='line_1_98' title="bbox 199 4954 1791 5040; baseline 0.021 -33"><span class='ocrx_word' id='word_1_765' title='bbox 199 4954 332 5008; x_wconf 86' lang='lat' dir='ltr'><strong>dere</strong></span> <span class='ocrx_word' id='word_1_766' title='bbox 371 4955 669 5025; x_wconf 82' lang='lat' dir='ltr'><strong>Gregorius</strong></span> <span class='ocrx_word' id='word_1_767' title='bbox 718 4966 1062 5031; x_wconf 86' lang='lat' dir='ltr'><strong>permittebat</strong></span> <span class='ocrx_word' id='word_1_768' title='bbox 1091 4988 1104 5022; x_wconf 88' lang='lat'><strong>:</strong></span> <span class='ocrx_word' id='word_1_769' title='bbox 1137 4987 1270 5040; x_wconf 85' lang='lat' dir='ltr'><strong>quos</strong></span> <span class='ocrx_word' id='word_1_770' title='bbox 1300 4974 1548 5032; x_wconf 89' lang='lat' dir='ltr'><strong>nimirum</strong></span> <span class='ocrx_word' id='word_1_771' title='bbox 1578 4982 1630 5035; x_wconf 94' lang='lat' dir='ltr'><strong>in</strong></span> <span class='ocrx_word' id='word_1_772' title='bbox 1659 5000 1791 5039; x_wconf 91' lang='lat' dir='ltr'><strong>cau-</strong></span> 
     </span>
    </p>
   </div>
   <div class='ocr_carea' id='block_1_99' title="bbox 197 5044 1786 5138">
    <p class='ocr_par' dir='ltr' id='par_1_99' title="bbox 197 5044 1786 5138">
     <span class='ocr_line' id='line_1_99' title="bbox 197 5044 1786 5138; baseline 0.021 -41"><span class='ocrx_word' id='word_1_773' title='bbox 197 5044 270 5098; x_wconf 88' lang='lat' dir='ltr'><strong>sis</strong></span> <span class='ocrx_word' id='word_1_774' title='bbox 292 5047 657 5105; x_wconf 88' lang='lat' dir='ltr'><strong>mundialibus</strong></span> <span class='ocrx_word' id='word_1_775' title='bbox 675 5057 933 5124; x_wconf 91' lang='lat' dir='ltr'><strong>occupari</strong></span> <span class='ocrx_word' id='word_1_776' title='bbox 955 5061 1429 5122; x_wconf 87' lang='lat' dir='ltr'><strong>vehementissime</strong></span> <span class='ocrx_word' id='word_1_777' title='bbox 1451 5072 1786 5138; x_wconf 87' lang='lat' dir='ltr'><strong>prohibebat.</strong></span> 
     </span>
    </p>
   </div>
   <div class='ocr_carea' id='block_1_100' title="bbox 203 5133 1795 5220">
    <p class='ocr_par' dir='ltr' id='par_1_100' title="bbox 203 5133 1795 5220">
     <span class='ocr_line' id='line_1_100' title="bbox 203 5133 1795 5220; baseline 0.021 -33"><span class='ocrx_word' id='word_1_778' title='bbox 203 5133 359 5192; x_wconf 87' lang='lat' dir='ltr'><strong>Unde</strong></span> <span class='ocrx_word' id='word_1_779' title='bbox 391 5137 672 5211; x_wconf 83' lang='lat' dir='ltr'><strong>Romano,</strong></span> <span class='ocrx_word' id='word_1_780' title='bbox 703 5145 996 5218; x_wconf 80' lang='lat' dir='ltr'><strong>defensori,</strong></span> <span class='ocrx_word' id='word_1_781' title='bbox 1025 5154 1240 5220; x_wconf 90' lang='lat' dir='ltr'><strong>scribit,</strong></span> <span class='ocrx_word' id='word_1_782' title='bbox 1278 5157 1513 5216; x_wconf 70' lang='lat' dir='ltr'><strong>dicens:</strong></span> <span class='ocrx_word' id='word_1_783' title='bbox 1555 5182 1573 5215; x_wconf 72' lang='grc' dir='ltr'>ι</span> <span class='ocrx_word' id='word_1_784' title='bbox 1609 5163 1795 5220; x_wconf 67' lang='lat' dir='ltr'><strong>Perla~</strong></span> 
     </span>
    </p>
   </div>
   <div class='ocr_carea' id='block_1_101' title="bbox 204 5230 1791 5312">
    <p class='ocr_par' dir='ltr' id='par_1_101' title="bbox 204 5230 1791 5312">
     <span class='ocr_line' id='line_1_101' title="bbox 204 5230 1791 5312; baseline 0.021 -33"><span class='ocrx_word' id='word_1_785' title='bbox 204 5235 313 5279; x_wconf 88' lang='lat' dir='ltr'><strong>tum</strong></span> <span class='ocrx_word' id='word_1_786' title='bbox 336 5237 421 5281; x_wconf 89' lang='lat' dir='ltr'><strong>est</strong></span> <span class='ocrx_word' id='word_1_787' title='bbox 444 5230 510 5283; x_wconf 88' lang='lat' dir='ltr'><strong>ad</strong></span> <span class='ocrx_word' id='word_1_788' title='bbox 535 5239 1168 5299; x_wconf 70' lang='lat' dir='ltr'><strong>nos,reverendissimutn</strong></span> <span class='ocrx_word' id='word_1_789' title='bbox 1186 5244 1404 5302; x_wconf 85' lang='lat' dir='ltr'><strong>fratrem</strong></span> <span class='ocrx_word' id='word_1_790' title='bbox 1426 5262 1664 5309; x_wconf 89' lang='lat' dir='ltr'><strong>nostrum</strong></span> <span class='ocrx_word' id='word_1_791' title='bbox 1688 5257 1791 5312; x_wconf 87' lang='lat' dir='ltr'><strong>Ba-</strong></span> 
     </span>
    </p>
   </div>
   <div class='ocr_carea' id='block_1_102' title="bbox 195 5315 1784 5401">
    <p class='ocr_par' dir='ltr' id='par_1_102' title="bbox 195 5315 1784 5401">
     <span class='ocr_line' id='line_1_102' title="bbox 195 5315 1784 5401; baseline 0.021 -34"><span class='ocrx_word' id='word_1_792' title='bbox 195 5315 374 5372; x_wconf 89' lang='lat' dir='ltr'><strong>silium</strong></span> <span class='ocrx_word' id='word_1_793' title='bbox 392 5321 726 5393; x_wconf 86' lang='lat' dir='ltr'><strong>episcopum,</strong></span> <span class='ocrx_word' id='word_1_794' title='bbox 742 5328 890 5382; x_wconf 87' lang='lat' dir='ltr'><strong>velut</strong></span> <span class='ocrx_word' id='word_1_795' title='bbox 912 5347 1073 5385; x_wconf 91' lang='lat' dir='ltr'><strong>unum</strong></span> <span class='ocrx_word' id='word_1_796' title='bbox 1095 5335 1163 5389; x_wconf 70' lang='lat' dir='ltr'><strong>de</strong></span> <span class='ocrx_word' id='word_1_797' title='bbox 1181 5335 1327 5392; x_wconf 86' lang='lat' dir='ltr'><strong>laicis</strong></span> <span class='ocrx_word' id='word_1_798' title='bbox 1349 5341 1400 5393; x_wconf 91' lang='lat' dir='ltr'><strong>in</strong></span> <span class='ocrx_word' id='word_1_799' title='bbox 1417 5345 1591 5398; x_wconf 91' lang='lat' dir='ltr'><strong>causis</strong></span> <span class='ocrx_word' id='word_1_800' title='bbox 1611 5360 1784 5401; x_wconf 80' lang='lat' dir='ltr'><strong>saecu-</strong></span> 
     </span>
    </p>
   </div>
   <div class='ocr_carea' id='block_1_103' title="bbox 197 5403 1789 5502">
    <p class='ocr_par' dir='ltr' id='par_1_103' title="bbox 197 5403 1789 5502">
     <span class='ocr_line' id='line_1_103' title="bbox 197 5403 1789 5502; baseline 0.021 -44"><span class='ocrx_word' id='word_1_801' title='bbox 197 5403 401 5463; x_wconf 85' lang='lat' dir='ltr'><strong>laribus</strong></span> <span class='ocrx_word' id='word_1_802' title='bbox 425 5415 702 5482; x_wconf 82' lang='lat' dir='ltr'><strong>occupari,</strong></span> <span class='ocrx_word' id='word_1_803' title='bbox 719 5422 1052 5487; x_wconf 77' lang='lat' dir='ltr'><strong>etpraetoriis</strong></span> <span class='ocrx_word' id='word_1_804' title='bbox 1067 5423 1326 5481; x_wconf 90' lang='lat' dir='ltr'><strong>inutiliter</strong></span> <span class='ocrx_word' id='word_1_805' title='bbox 1345 5429 1632 5489; x_wconf 85' lang='lat' dir='ltr'><strong>deservire.</strong></span> <span class='ocrx_word' id='word_1_806' title='bbox 1663 5438 1789 5502; x_wconf 84' lang='lat' dir='ltr'><strong>Quae</strong></span> 
     </span>
    </p>
   </div>
   <div class='ocr_carea' id='block_1_104' title="bbox 199 5503 1789 5585">
    <p class='ocr_par' dir='ltr' id='par_1_104' title="bbox 199 5503 1789 5585">
     <span class='ocr_line' id='line_1_104' title="bbox 199 5503 1789 5585; baseline 0.023 -37"><span class='ocrx_word' id='word_1_807' title='bbox 199 5511 305 5561; x_wconf 90' lang='lat' dir='ltr'><strong>res,</strong></span> <span class='ocrx_word' id='word_1_808' title='bbox 326 5503 589 5568; x_wconf 88' lang='lat' dir='ltr'><strong>quoniam</strong></span> <span class='ocrx_word' id='word_1_809' title='bbox 607 5515 665 5560; x_wconf 93' lang='lat' dir='ltr'><strong>et</strong></span> <span class='ocrx_word' id='word_1_810' title='bbox 682 5507 854 5576; x_wconf 89' lang='lat' dir='ltr'><strong>ipsum</strong></span> <span class='ocrx_word' id='word_1_811' title='bbox 875 5512 1034 5566; x_wconf 87' lang='lat' dir='ltr'><strong>vilem</strong></span> <span class='ocrx_word' id='word_1_812' title='bbox 1055 5515 1253 5585; x_wconf 78' lang='lat' dir='ltr'><strong>reddit,</strong></span> <span class='ocrx_word' id='word_1_813' title='bbox 1275 5527 1694 5581; x_wconf 84' lang='lat' dir='ltr'><strong>etreverentiam</strong></span> <span class='ocrx_word' id='word_1_814' title='bbox 1709 5545 1789 5585; x_wconf 86' lang='lat' dir='ltr'><strong>sa-</strong></span> 
     </span>
    </p>
   </div>
   <div class='ocr_carea' id='block_1_105' title="bbox 199 5589 1785 5691">
    <p class='ocr_par' dir='ltr' id='par_1_105' title="bbox 199 5589 1785 5691">
     <span class='ocr_line' id='line_1_105' title="bbox 199 5589 1785 5691; baseline 0.021 -50"><span class='ocrx_word' id='word_1_815' title='bbox 199 5589 532 5648; x_wconf 83' lang='lat' dir='ltr'><strong>cerdotalem</strong></span> <span class='ocrx_word' id='word_1_816' title='bbox 544 5599 1011 5664; x_wconf 86' lang='lat' dir='ltr'><strong>annihilat,statim</strong></span> <span class='ocrx_word' id='word_1_817' title='bbox 1025 5613 1084 5659; x_wconf 87' lang='lat' dir='ltr'><strong>ut</strong></span> <span class='ocrx_word' id='word_1_818' title='bbox 1097 5610 1428 5678; x_wconf 84' lang='lat' dir='ltr'><strong>experientia</strong></span> <span class='ocrx_word' id='word_1_819' title='bbox 1445 5621 1533 5668; x_wconf 91' lang='lat' dir='ltr'><strong>tua</strong></span> <span class='ocrx_word' id='word_1_820' title='bbox 1548 5616 1651 5672; x_wconf 92' lang='lat' dir='ltr'><strong>hoc</strong></span> <span class='ocrx_word' id='word_1_821' title='bbox 1665 5635 1785 5691; x_wconf 70' lang='lat' dir='ltr'><strong>prae</strong></span> 
     </span>
    </p>
   </div>
   <div class='ocr_carea' id='block_1_106' title="bbox 269 5749 1611 5828">
    <p class='ocr_par' dir='ltr' id='par_1_106' title="bbox 269 5749 1611 5828">
     <span class='ocr_line' id='line_1_106' title="bbox 269 5749 1611 5828; baseline 0.015 -26"><span class='ocrx_word' id='word_1_822' title='bbox 269 5754 294 5783; x_wconf 84' lang='grc'><strong><em>⁸</em></strong></span> <span class='ocrx_word' id='word_1_823' title='bbox 315 5749 406 5803; x_wconf 83' lang='lat' dir='ltr'><strong>Al.</strong></span> <span class='ocrx_word' id='word_1_824' title='bbox 438 5751 482 5803; x_wconf 71' lang='lat' dir='ltr'><strong>si</strong></span> <span class='ocrx_word' id='word_1_825' title='bbox 513 5751 651 5807; x_wconf 76' lang='lat' dir='ltr'><strong>vobis</strong></span> <span class='ocrx_word' id='word_1_826' title='bbox 682 5769 740 5807; x_wconf 82' lang='lat' dir='ltr'><strong>ea</strong></span> <span class='ocrx_word' id='word_1_827' title='bbox 767 5773 879 5820; x_wconf 61' lang='lat' dir='ltr'><strong>quae</strong></span> <span class='ocrx_word' id='word_1_828' title='bbox 901 5761 1201 5828; x_wconf 81' lang='lat' dir='ltr'><strong>corrigenda</strong></span> <span class='ocrx_word' id='word_1_829' title='bbox 1224 5772 1340 5817; x_wconf 82' lang='lat' dir='ltr'><strong>sunt</strong></span> <span class='ocrx_word' id='word_1_830' title='bbox 1369 5774 1611 5823; x_wconf 76' lang='lat' dir='ltr'><strong>tacemus.</strong></span> 
     </span>
    </p>
   </div>
   <div class='ocr_carea' id='block_1_107' title="bbox 1904 4595 3484 4674">
    <p class='ocr_par' dir='ltr' id='par_1_107' title="bbox 1904 4595 3484 4674">
     <span class='ocr_line' id='line_1_107' title="bbox 1904 4595 3484 4674; baseline 0.009 -25"><span class='ocrx_word' id='word_1_831' title='bbox 1904 4595 2099 4650; x_wconf 84' lang='lat' dir='ltr'><strong>blanda</strong></span> <span class='ocrx_word' id='word_1_832' title='bbox 2128 4597 2367 4666; x_wconf 89' lang='lat' dir='ltr'><strong>quotidie</strong></span> <span class='ocrx_word' id='word_1_833' title='bbox 2397 4599 2778 4669; x_wconf 87' lang='lat' dir='ltr'><strong>redargutione</strong></span> <span class='ocrx_word' id='word_1_834' title='bbox 2801 4604 3098 4671; x_wconf 84' lang='lat' dir='ltr'><strong>corripere,</strong></span> <span class='ocrx_word' id='word_1_835' title='bbox 3132 4617 3293 4674; x_wconf 88' lang='lat' dir='ltr'><strong>atque</strong></span> <span class='ocrx_word' id='word_1_836' title='bbox 3324 4623 3354 4662; x_wconf 90' lang='lat' dir='ltr'><strong>a</strong></span> <span class='ocrx_word' id='word_1_837' title='bbox 3401 4611 3484 4664; x_wconf 84' lang='lat' dir='ltr'><strong>le-</strong></span> 
     </span>
    </p>
   </div>
   <div class='ocr_carea' id='block_1_108' title="bbox 1902 4687 3482 4758">
    <p class='ocr_par' dir='ltr' id='par_1_108' title="bbox 1902 4687 3482 4758">
     <span class='ocr_line' id='line_1_108' title="bbox 1902 4687 3482 4758; baseline 0.011 -20"><span class='ocrx_word' id='word_1_838' title='bbox 1902 4687 2071 4741; x_wconf 89' lang='lat' dir='ltr'><strong>vitate</strong></span> <span class='ocrx_word' id='word_1_839' title='bbox 2110 4703 2320 4742; x_wconf 89' lang='lat' dir='ltr'><strong>morum</strong></span> <span class='ocrx_word' id='word_1_840' title='bbox 2362 4690 2428 4743; x_wconf 90' lang='lat' dir='ltr'><strong>ad</strong></span> <span class='ocrx_word' id='word_1_841' title='bbox 2467 4693 2784 4758; x_wconf 85' lang='lat' dir='ltr'><strong>gravitatem</strong></span> <span class='ocrx_word' id='word_1_842' title='bbox 2817 4694 2899 4748; x_wconf 91' lang='lat' dir='ltr'><strong>sui</strong></span> <span class='ocrx_word' id='word_1_843' title='bbox 2931 4696 3143 4750; x_wconf 89' lang='lat' dir='ltr'><strong>habitus</strong></span> <span class='ocrx_word' id='word_1_844' title='bbox 3171 4698 3482 4755; x_wconf 86' lang='lat' dir='ltr'><strong>reformare.</strong></span> 
     </span>
    </p>
   </div>
   <div class='ocr_carea' id='block_1_109' title="bbox 1903 4777 3484 4856">
    <p class='ocr_par' dir='ltr' id='par_1_109' title="bbox 1903 4777 3484 4856">
     <span class='ocr_line' id='line_1_109' title="bbox 1903 4777 3484 4856; baseline 0.009 -25"><span class='ocrx_word' id='word_1_845' title='bbox 1903 4777 2032 4844; x_wconf 86' lang='lat' dir='ltr'><strong>Quae</strong></span> <span class='ocrx_word' id='word_1_846' title='bbox 2052 4779 2266 4847; x_wconf 91' lang='lat' dir='ltr'><strong>quidem</strong></span> <span class='ocrx_word' id='word_1_847' title='bbox 2298 4781 2607 4836; x_wconf 83' lang='lat' dir='ltr'><strong>resumebat</strong></span> <span class='ocrx_word' id='word_1_848' title='bbox 2651 4787 2856 4839; x_wconf 90' lang='lat' dir='ltr'><strong>vultum</strong></span> <span class='ocrx_word' id='word_1_849' title='bbox 2884 4787 3066 4841; x_wconf 90' lang='lat' dir='ltr'><strong>subito</strong></span> <span class='ocrx_word' id='word_1_850' title='bbox 3095 4791 3371 4856; x_wconf 87' lang='lat' dir='ltr'><strong>gravitatis</strong></span> <span class='ocrx_word' id='word_1_851' title='bbox 3402 4791 3484 4845; x_wconf 91' lang='lat' dir='ltr'><strong>in-</strong></span> 
     </span>
    </p>
   </div>
   <div class='ocr_carea' id='block_1_110' title="bbox 1903 4872 3484 4951">
    <p class='ocr_par' dir='ltr' id='par_1_110' title="bbox 1903 4872 3484 4951">
     <span class='ocr_line' id='line_1_110' title="bbox 1903 4872 3484 4951; baseline 0.008 -27"><span class='ocrx_word' id='word_1_852' title='bbox 1903 4879 1985 4924; x_wconf 87' lang='lat' dir='ltr'><strong>ter</strong></span> <span class='ocrx_word' id='word_1_853' title='bbox 2003 4872 2165 4925; x_wconf 89' lang='lat' dir='ltr'><strong>verba</strong></span> <span class='ocrx_word' id='word_1_854' title='bbox 2195 4873 2582 4940; x_wconf 89' lang='lat' dir='ltr'><strong>correptionis;</strong></span> <span class='ocrx_word' id='word_1_855' title='bbox 2635 4877 2728 4930; x_wconf 89' lang='lat' dir='ltr'><strong>sed</strong></span> <span class='ocrx_word' id='word_1_856' title='bbox 2769 4893 2889 4931; x_wconf 92' lang='lat' dir='ltr'><strong>cum</strong></span> <span class='ocrx_word' id='word_1_857' title='bbox 2920 4878 3156 4946; x_wconf 86' lang='lat' dir='ltr'><strong>ejusdem</strong></span> <span class='ocrx_word' id='word_1_858' title='bbox 3189 4883 3484 4951; x_wconf 83' lang='lat' dir='ltr'><strong>correptio-</strong></span> 
     </span>
    </p>
   </div>
   <div class='ocr_carea' id='block_1_111' title="bbox 1902 4961 3482 5039">
    <p class='ocr_par' dir='ltr' id='par_1_111' title="bbox 1902 4961 3482 5039">
     <span class='ocr_line' id='line_1_111' title="bbox 1902 4961 3482 5039; baseline 0.008 -25"><span class='ocrx_word' id='word_1_859' title='bbox 1902 4961 1986 5015; x_wconf 91' lang='lat' dir='ltr'><strong>nis</strong></span> <span class='ocrx_word' id='word_1_860' title='bbox 2013 4961 2144 5015; x_wconf 87' lang='lat' dir='ltr'><strong>bora</strong></span> <span class='ocrx_word' id='word_1_861' title='bbox 2171 4964 2473 5030; x_wconf 87' lang='lat' dir='ltr'><strong>transisset,</strong></span> <span class='ocrx_word' id='word_1_862' title='bbox 2504 4967 2767 5020; x_wconf 85' lang='lat' dir='ltr'><strong>transibat</strong></span> <span class='ocrx_word' id='word_1_863' title='bbox 2807 4969 3056 5036; x_wconf 91' lang='lat' dir='ltr'><strong>protinus</strong></span> <span class='ocrx_word' id='word_1_864' title='bbox 3076 4981 3130 5023; x_wconf 91' lang='lat' dir='ltr'><strong>et</strong></span> <span class='ocrx_word' id='word_1_865' title='bbox 3159 4973 3482 5039; x_wconf 88' lang='lat' dir='ltr'><strong>superducta</strong></span> 
     </span>
    </p>
   </div>
   <div class='ocr_carea' id='block_1_112' title="bbox 1901 5051 3480 5126">
    <p class='ocr_par' dir='ltr' id='par_1_112' title="bbox 1901 5051 3480 5126">
     <span class='ocr_line' id='line_1_112' title="bbox 1901 5051 3480 5126; baseline 0.011 -23"><span class='ocrx_word' id='word_1_866' title='bbox 1901 5051 2134 5118; x_wconf 78' lang='lat' dir='ltr'><strong>gravitas</strong></span> <span class='ocrx_word' id='word_1_867' title='bbox 2177 5053 2496 5119; x_wconf 89' lang='lat' dir='ltr'><strong>honestatis,</strong></span> <span class='ocrx_word' id='word_1_868' title='bbox 2529 5072 2764 5126; x_wconf 84' lang='lat' dir='ltr'><strong>moxque</strong></span> <span class='ocrx_word' id='word_1_869' title='bbox 2799 5061 2864 5111; x_wconf 89' lang='lat' dir='ltr'><strong>ad</strong></span> <span class='ocrx_word' id='word_1_870' title='bbox 2896 5061 3031 5113; x_wconf 87' lang='lat' dir='ltr'><strong>levia</strong></span> <span class='ocrx_word' id='word_1_871' title='bbox 3063 5062 3222 5115; x_wconf 90' lang='lat' dir='ltr'><strong>verba</strong></span> <span class='ocrx_word' id='word_1_872' title='bbox 3251 5065 3480 5121; x_wconf 87' lang='lat' dir='ltr'><strong>redibat.</strong></span> 
     </span>
    </p>
   </div>
   <div class='ocr_carea' id='block_1_113' title="bbox 1900 5140 3476 5224">
    <p class='ocr_par' dir='ltr' id='par_1_113' title="bbox 1900 5140 3476 5224">
     <span class='ocr_line' id='line_1_113' title="bbox 1900 5140 3476 5224; baseline 0.011 -31"><span class='ocrx_word' id='word_1_873' title='bbox 1900 5140 2205 5196; x_wconf 90' lang='lat' dir='ltr'><strong>Puellarum</strong></span> <span class='ocrx_word' id='word_1_874' title='bbox 2235 5144 2504 5212; x_wconf 88' lang='lat' dir='ltr'><strong>gaudebat</strong></span> <span class='ocrx_word' id='word_1_875' title='bbox 2530 5147 2794 5201; x_wconf 88' lang='lat' dir='ltr'><strong>societate</strong></span> <span class='ocrx_word' id='word_1_876' title='bbox 2823 5149 3104 5215; x_wconf 88' lang='lat' dir='ltr'><strong>laicarum,</strong></span> <span class='ocrx_word' id='word_1_877' title='bbox 3154 5153 3311 5222; x_wconf 86' lang='lat' dir='ltr'><strong>eique</strong></span> <span class='ocrx_word' id='word_1_878' title='bbox 3359 5171 3476 5224; x_wconf 56' lang='lat' dir='ltr'><strong>per.</strong></span> 
     </span>
    </p>
   </div>
   <div class='ocr_carea' id='block_1_114' title="bbox 1898 5235 3481 5307">
    <p class='ocr_par' dir='ltr' id='par_1_114' title="bbox 1898 5235 3481 5307">
     <span class='ocr_line' id='line_1_114' title="bbox 1898 5235 3481 5307; baseline 0.009 -20"><span class='ocrx_word' id='word_1_879' title='bbox 1898 5248 2030 5287; x_wconf 87' lang='lat' dir='ltr'><strong>sona</strong></span> <span class='ocrx_word' id='word_1_880' title='bbox 2053 5235 2206 5288; x_wconf 90' lang='lat' dir='ltr'><strong>valde</strong></span> <span class='ocrx_word' id='word_1_881' title='bbox 2228 5251 2454 5290; x_wconf 86' lang='lat' dir='ltr'><strong>onerosa</strong></span> <span class='ocrx_word' id='word_1_882' title='bbox 2478 5247 2613 5302; x_wconf 90' lang='lat' dir='ltr'><strong>erat,</strong></span> <span class='ocrx_word' id='word_1_883' title='bbox 2643 5254 2995 5307; x_wconf 69' lang='lat' dir='ltr'><strong>quaecumque</strong></span> <span class='ocrx_word' id='word_1_884' title='bbox 3016 5241 3138 5296; x_wconf 89' lang='lat' dir='ltr'><strong>huic</strong></span> <span class='ocrx_word' id='word_1_885' title='bbox 3165 5245 3364 5300; x_wconf 88' lang='lat' dir='ltr'><strong>mundo</strong></span> <span class='ocrx_word' id='word_1_886' title='bbox 3385 5246 3481 5302; x_wconf 84' lang='lat' dir='ltr'><strong>de-</strong></span> 
     </span>
    </p>
   </div>
   <div class='ocr_carea' id='block_1_115' title="bbox 1895 5322 3481 5391">
    <p class='ocr_par' dir='ltr' id='par_1_115' title="bbox 1895 5322 3481 5391">
     <span class='ocr_line' id='line_1_115' title="bbox 1895 5322 3481 5391; baseline 0.009 -14"><span class='ocrx_word' id='word_1_887' title='bbox 1895 5322 2004 5377; x_wconf 88' lang='lat' dir='ltr'><strong>dita</strong></span> <span class='ocrx_word' id='word_1_888' title='bbox 2033 5339 2139 5377; x_wconf 92' lang='lat' dir='ltr'><strong>non</strong></span> <span class='ocrx_word' id='word_1_889' title='bbox 2181 5333 2318 5378; x_wconf 88' lang='lat' dir='ltr'><strong>erat.</strong></span> <span class='ocrx_word' id='word_1_890' title='bbox 2364 5325 2606 5389; x_wconf 91' lang='lat' dir='ltr'><strong>Quadam</strong></span> <span class='ocrx_word' id='word_1_891' title='bbox 2657 5341 2784 5381; x_wconf 85' lang='lat' dir='ltr'><strong>vero</strong></span> <span class='ocrx_word' id='word_1_892' title='bbox 2827 5339 2987 5384; x_wconf 86' lang='lat' dir='ltr'><strong>nocte</strong></span> <span class='ocrx_word' id='word_1_893' title='bbox 3035 5331 3158 5386; x_wconf 93' lang='lat' dir='ltr'><strong>huic</strong></span> <span class='ocrx_word' id='word_1_894' title='bbox 3208 5333 3481 5391; x_wconf 79' lang='lat' dir='ltr'><strong>Tharsillae</strong></span> 
     </span>
    </p>
   </div>
   <div class='ocr_carea' id='block_1_116' title="bbox 1903 5410 3482 5480">
    <p class='ocr_par' dir='ltr' id='par_1_116' title="bbox 1903 5410 3482 5480">
     <span class='ocr_line' id='line_1_116' title="bbox 1903 5410 3482 5480; baseline 0.011 -18"><span class='ocrx_word' id='word_1_895' title='bbox 1903 5410 2077 5463; x_wconf 81' lang='lat' dir='ltr'><strong>amitae</strong></span> <span class='ocrx_word' id='word_1_896' title='bbox 2103 5425 2258 5474; x_wconf 81' lang='lat' dir='ltr'><strong>mean,</strong></span> <span class='ocrx_word' id='word_1_897' title='bbox 2293 5427 2411 5479; x_wconf 82' lang='lat' dir='ltr'><strong>quae</strong></span> <span class='ocrx_word' id='word_1_898' title='bbox 2439 5411 2578 5465; x_wconf 89' lang='lat' dir='ltr'><strong>inter</strong></span> <span class='ocrx_word' id='word_1_899' title='bbox 2605 5427 2822 5470; x_wconf 87' lang='lat' dir='ltr'><strong>sorores</strong></span> <span class='ocrx_word' id='word_1_900' title='bbox 2847 5432 2973 5474; x_wconf 89' lang='lat' dir='ltr'><strong>suas</strong></span> <span class='ocrx_word' id='word_1_901' title='bbox 3002 5419 3198 5475; x_wconf 90' lang='lat' dir='ltr'><strong>virtute</strong></span> <span class='ocrx_word' id='word_1_902' title='bbox 3223 5424 3482 5480; x_wconf 89' lang='lat' dir='ltr'><strong>orationis</strong></span> 
     </span>
    </p>
   </div>
   <div class='ocr_carea' id='block_1_117' title="bbox 1898 5499 3477 5584">
    <p class='ocr_par' dir='ltr' id='par_1_117' title="bbox 1898 5499 3477 5584">
     <span class='ocr_line' id='line_1_117' title="bbox 1898 5499 3477 5584; baseline 0.011 -30"><span class='ocrx_word' id='word_1_903' title='bbox 1898 5499 2187 5561; x_wconf 87' lang='lat' dir='ltr'><strong>continuae,</strong></span> <span class='ocrx_word' id='word_1_904' title='bbox 2222 5500 2526 5554; x_wconf 80' lang='lat' dir='ltr'><strong>afﬂictionis</strong></span> <span class='ocrx_word' id='word_1_905' title='bbox 2555 5503 2835 5573; x_wconf 52' lang='lat' dir='ltr'><strong>studiosa},</strong></span> <span class='ocrx_word' id='word_1_906' title='bbox 2879 5508 3214 5567; x_wconf 71' lang='lat' dir='ltr'><strong>abstinentia:</strong></span> <span class='ocrx_word' id='word_1_907' title='bbox 3242 5515 3477 5584; x_wconf 76' lang='lat' dir='ltr'><strong>singula~</strong></span> 
     </span>
    </p>
   </div>
   <div class='ocr_carea' id='block_1_118' title="bbox 1895 5590 3473 5666">
    <p class='ocr_par' dir='ltr' id='par_1_118' title="bbox 1895 5590 3473 5666">
     <span class='ocr_line' id='line_1_118' title="bbox 1895 5590 3473 5666; baseline 0.011 -20"><span class='ocrx_word' id='word_1_908' title='bbox 1895 5591 1990 5657; x_wconf 90' lang='lat' dir='ltr'><strong>ris,</strong></span> <span class='ocrx_word' id='word_1_909' title='bbox 2022 5590 2284 5660; x_wconf 81' lang='lat' dir='ltr'><strong>gravitate</strong></span> <span class='ocrx_word' id='word_1_910' title='bbox 2318 5590 2437 5644; x_wconf 72' lang='lat' dir='ltr'><strong>vita:</strong></span> <span class='ocrx_word' id='word_1_911' title='bbox 2466 5593 2810 5663; x_wconf 86' lang='lat' dir='ltr'><strong>venerabilis,</strong></span> <span class='ocrx_word' id='word_1_912' title='bbox 2848 5597 2900 5651; x_wconf 91' lang='lat' dir='ltr'><strong>in</strong></span> <span class='ocrx_word' id='word_1_913' title='bbox 2931 5599 3137 5658; x_wconf 92' lang='lat' dir='ltr'><strong>honore</strong></span> <span class='ocrx_word' id='word_1_914' title='bbox 3157 5613 3210 5659; x_wconf 89' lang='lat' dir='ltr'><strong>et</strong></span> <span class='ocrx_word' id='word_1_915' title='bbox 3241 5607 3473 5666; x_wconf 81' lang='lat' dir='ltr'><strong>culmine</strong></span> 
     </span>
    </p>
   </div>
  </div>
