4018 6312
502 282 597 336 Fit

1093 276 1149 332 S.
1192 273 1523 330 GREGORII
1564 270 1766 328 ΡΑΡᾸΕ
1804 270 1991 336 Vl'l‘A,
2034 269 2234 326 AUCT.
2278 265 2540 324 JUANNE
2585 264 2895 321 DlACONO.
2940 266 3065 322 LIB.
3109 238 3192 321 lll.

3670 269 3771 321 l52

498 392 801 450 sanctitatis
825 397 1160 450 excreverat.
1185 390 1323 444 sicut
1353 388 1465 458 ipsa
1496 385 1755 454 narravit,
1783 398 1882 454 per
1907 384 2075 437 visio-
2110 386 2155 443 Α
2183 381 2255 435 ris
2283 379 2665 435 coercitionem
2695 387 2968 450 expertus,
3004 381 3057 434 in
3117 382 3234 435 aliis
3272 380 3568 451 disciplina:
3593 382 3772 439 distri-

500 501 621 541 nem
642 493 828 538 atavus
853 496 1006 536 meus
1031 480 1202 548 Felix,
1225 478 1382 548 hujus
1404 478 1660 531 Romanae
1690 474 1939 529 Ecclesia:
1980 487 2080 525 an-

500 579 676 640 tistes,
703 573 975 642 apparuit,
1003 570 1157 638 eique
1186 568 1518 622 mansionem
1546 573 1822 635 perpetuae
1861 562 2079 619 clarita-

499 668 569 722 tis
597 664 852 727 ostendit,
885 662 1068 716 dicens
1097 677 1109 712 :
1145 658 1297 721 Veni,
1325 656 1446 724 quia
1477 656 1530 709 in
1557 656 1659 709 hac
1683 662 1735 708 te
1763 654 1897 708 lucis
1930 669 2084 707 man-

500 763 653 817 sione
690 758 945 825 suscipio.
970 756 1098 819 Qua:
1118 750 1467 819 subsequenti
1492 764 1618 803 mox
1640 747 1785 802 febre
1807 755 2078 816 correpta,

498 853 567 907 ad
589 851 729 905 diem
755 844 1000 919 pervenit
1029 850 1348 897 extremum.
1379 837 1445 891 Et
1469 839 1606 893 sicut
1632 836 1899 892 nobilibus
1926 836 2082 890 femi-

499 944 583 997 nis
609 941 842 1006 virisque
867 932 1236 995 morientibus,
1258 930 1415 984 multi
1437 928 1871 996 conveniuntqui
1894 941 2083 982 eorum

499 1032 773 1101 proximos
793 1027 1164 1093 consolentur,
1195 1023 1387 1079 eadem
1418 1024 1550 1077 hora
1572 1022 1689 1090 ejus
1717 1022 1921 1075 exitum
1944 1034 2084 1089 pra:-

498 1122 759 1176 stolantes
790 1119 889 1173 viri
920 1133 984 1172 ac
1030 1116 1244 1171 feminas
1290 1113 1545 1168 lectulum
1593 1112 2082 1176 circumsteterunt,

498 1213 640 1266 inter
671 1224 807 1278 quas
843 1215 1020 1262 mater
1059 1218 1277 1273 quoque
1325 1217 1445 1256 mea
1495 1200 1686 1255 adluit.
1739 1200 1872 1255 Cum
1907 1199 2085 1254 subito

498 1316 708 1357 sursum
732 1300 822 1353 illa
842 1296 1162 1366 respiciens,
1182 1292 1364 1348 Jesum
1385 1293 1691 1347 venientem
1716 1291 1866 1354 vidit,
1889 1300 1944 1344 et
1963 1304 2084 1345 cum

499 1406 691 1461 magna
704 1388 1167 1444 animadversione
1179 1386 1340 1455 erepit
1351 1382 1817 1440 circumstantibus
1829 1382 2085 1447 clamare,

501 1483 685 1537 dicens
714 1500 727 1533 :
756 1480 1030 1545 Recedite,
1063 1477 1330 1543 recedite,
1359 1475 1513 1531 Jesus
1536 1475 1703 1529 venit.
1748 1474 1989 1542 Cumque
2030 1474 2085 1527 in

501 1589 623 1628 eum
652 1573 957 1627 intenderet
982 1585 1141 1639 quem
1168 1568 1403 1634 videbat,
1434 1576 1622 1621 sancta
1646 1567 1736 1620 illa
1761 1566 1935 1620 anima
1966 1581 2086 1621 car-

502 1681 571 1721 ne
597 1664 773 1720 soluta
797 1671 909 1728 est;
942 1670 1201 1731 tantaque
1225 1661 1405 1716 subito
1434 1659 1726 1730 fragrantia
1756 1660 1878 1714 miri
1903 1659 2084 1715 odoris

2182 472 2417 523 ctionem
2444 469 2657 524 nescias
2683 469 2950 523 custodire
2981 512 2996 537 ,
3028 470 3257 539 qualiter
3281 471 3478 527 debeas
3505 487 3625 526 esse
3661 476 3774 529 sol-

2183 559 2380 625 licitus,
2430 572 2671 626 congruo
2727 558 2843 623 tibi,
2885 560 2927 612 si
2961 558 3187 615 Domino
3216 562 3497 632 placuerit,
3528 570 3775 637 tempore

2184 649 2692 704 demonstrabimus.
2727 668 2745 701 ι
2781 650 3003 721 (chist.
3030 651 3119 705 lib.
3146 668 3255 717 νηί,
3282 671 3361 722 ep.
3405 652 3484 722 8.)

2255 743 2344 795 40.
2395 743 2524 796 ltem
2564 741 2754 811 Sergio
2799 742 3067 797 defensori
3101 761 3114 796 :
3154 762 3174 796 ι
3201 744 3260 798 Si
3296 745 3459 799 homo
3486 760 3652 810 esses,
3676 756 3772 805 aut

2183 833 2561 887 discretionem
2593 831 2698 903 [ΑΙ.
2744 831 3155 902 districtionem]
3197 833 3430 901 aliquam
3468 835 3772 906 habuisses,

2186 924 2256 977 ita
2281 922 2541 993 regularis
2561 922 2858 992 disciplina:
2882 922 3112 977 debuisti
3143 932 3322 979 custos
3351 927 3600 992 existere,
3627 938 3683 983 ut
3704 947 3772 985 ea

2183 1030 2304 1085 qua:
2348 1014 2457 1069 illic
2500 1014 2687 1070 illicile
2716 1015 3146 1078 committuntur,
3179 1024 3306 1071 ante
3334 1018 3571 1073 vindicta
3600 1022 3772 1075 corri-

2184 1112 2357 1173 geret,
2390 1119 2551 1173 quam
2584 1105 2652 1159 ad
2695 1120 2795 1159 nos
2823 1119 3008 1160 eorum
3055 1107 3271 1161 nuntius
3305 1110 3632 1177 perveniret.
3664 1111 3774 1166 Sed

2186 1195 2313 1249 dum
2342 1195 2504 1257 nimia
2532 1202 2585 1249 te
2615 1195 2741 1250 facit
2770 1196 2996 1250 stultitia
3030 1197 3405 1265 negligentem,
3446 1215 3553 1254 non
3596 1202 3772 1255 solum

2185 1286 2253 1339 de
2290 1286 2393 1339 illis
2432 1285 2774 1351 offendimur,
2824 1286 2919 1342 sed
2950 1287 3110 1341 etiam
3141 1288 3208 1340 ad
3237 1288 3597 1344 ulciscendam
3625 1291 3772 1346 desi-

2186 1374 2326 1429 diam
2346 1384 2488 1430 tuam
2508 1377 2852 1433 nihilominus
2870 1393 3277 1447 provocamur.»
3307 1379 3528 1452 (Regist.
3553 1382 3641 1436 lib.
3659 1400 3774 1451 vm,

2186 1484 2267 1537 ερ.
2303 1466 2382 1537 θ.)

2255 1558 2346 1614 41.
2372 1558 2505 1614 Item
2529 1560 2840 1626 Anthemio,
2863 1560 3191 1617 subdiacono
3220 1563 3525 1633 Campania:
3549 1583 3562 1618 :
3601 1584 3618 1617 ‹
3649 1565 3776 1622 Per—

2186 1650 2333 1705 venit
2362 1651 2427 1704 ad
2459 1668 2557 1706 nos
2590 1651 2809 1707 fratrem
2858 1662 2913 1707 et
2960 1655 3341 1723 coepiscopum
3396 1666 3637 1711 nostrum
3677 1657 3775 1713 Pa-

501 1770 718 1825 aepersa
748 1762 850 1818 est,
886 1762 944 1807 ut
965 1754 1079 1823 ipsa
1104 1767 1321 1821 quoque
1346 1752 1583 1806 suavitas
1611 1752 1821 1807 cunctis
1843 1752 2085 1808 ostende-

2197 1740 2457 1796 schasium
2484 1741 2556 1796 ita
2585 1742 2825 1796 desidem
2848 1743 3315 1813 negligentemque
3340 1746 3390 1799 in
3424 1748 3632 1802 cunctis
3654 1748 3774 1801 exi-

501 1857 585 1902 ret
614 1847 723 1901 illic
752 1853 1026 1900 auctorem
1056 1845 1337 1898 suavitatis
1364 1845 1591 1899 venisse.
1620 1844 1862 1912 Cumque
1890 1859 2085 1914 corpus

500 1938 617 2007 ejus
645 1952 713 1991 ex
759 1953 910 1991 more
956 1943 1291 1991 mortuorum
1320 1937 1473 2006 103
1503 1934 1569 1988 ad
1616 1935 1900 1989 lavandum
1942 1944 2088 1991 esset

501 2027 777 2097 nudatum,
806 2026 979 2096 longae
1004 2026 1264 2081 orationis
1286 2041 1385 2080 usu
1410 2026 1462 2079 in
1486 2025 1680 2080 cubitis
1706 2024 1821 2093 ejus
1850 2033 1903 2079 et
1930 2026 2083 2093 geni-

501 2119 622 2188 bus,
644 2119 970 2176 camelorum
996 2133 1166 2183 more,
1194 2119 1409 2195 inventa
1439 2125 1525 2172 est
1544 2117 1805 2171 obdurata
1827 2119 1962 2173 cutis
1986 2133 2084 2173 ex-

501 2211 767 2276 crevisse;
794 2218 849 2264 et
876 2209 1002 2279 quid
1034 2209 1217 2263 vivens
1255 2208 1371 2276 ejus
1399 2208 1618 2277 spiritus
1654 2223 1868 2277 semper
1895 2209 2083 2275 egerit,

503 2310 713 2356 mortua
738 2317 865 2356 caro
898 2301 1215 2355 testabatur.
1248 2298 1376 2356 Haec
1417 2309 1595 2355 autem
1625 2309 1774 2369 gesta
1803 2309 1927 2355 sunt
1963 2312 2088 2358 ante

503 2392 763 2447 Dominici
787 2392 979 2447 natalis
1007 2391 1167 2447 diem.
1202 2391 1320 2457 Quo
1351 2399 1641 2454 transacto,
1676 2407 1803 2446 mox
1834 2391 2085 2445 fEmilia-

502 2497 586 2537 na:
627 2483 802 2537 sorori
844 2497 956 2537 sua:
1009 2497 1106 2551 per
1133 2482 1495 2536 visitationem
1555 2489 1829 2536 nocturnm
1868 2483 2088 2538 visionis

502 2573 768 2642 apparuit,
801 2571 983 2627 dicens
1017 2591 1029 2625 :
1066 2572 1218 2633 Veni,
1245 2579 1306 2625 ut
1332 2571 1456 2639 quia
1483 2569 1725 2625 Natalem
1755 2571 2086 2626 Dominicum

502 2664 620 2719 sine
636 2672 689 2717 te
707 2662 828 2728 feci,
846 2672 871 2698 ³
894 2674 1139 2718 sanctum
1161 2661 1522 2731 Theophania:
1537 2660 1649 2729 jam
1672 2668 1848 2716 tecum
1874 2663 2088 2716 faciam.

502 2751 600 2807 Cui
622 2753 709 2807 illa
729 2752 973 2821 protinus
996 2751 1062 2807 de
1081 2750 1368 2807 Gordianus
1389 2751 1592 2805 sororis
1616 2766 1726 2805 sum
1744 2751 1921 2805 salute
1937 2750 2085 2805 solli-

500 2841 630 2909 cita,
657 2842 935 2909 resroudit
962 2859 974 2894 :
1007 2839 1071 2893 Et
1101 2842 1145 2896 si
1191 2841 1306 2896 sola
1350 2841 1529 2905 venio,
1570 2855 1815 2895 sororem
1846 2848 2088 2895 nostram

503 2932 850 2999 Gordianam,
875 2933 1229 2991 cuidimitto"
1254 2932 1351 2987 Cui
1380 2932 1517 2986 tristi
1538 2930 1687 2985 vultu
1706 2931 1901 2986 iterum
1923 2929 2085 2985 dixit:

502 3022 661 3088 Ven‘,
690 3022 962 3079 Gordiana
986 3023 1184 3077 etenim
1212 3038 1369 3077 soror
1397 3030 1581 3076 nostra
1614 3022 1755 3091 inter
1790 3020 1953 3074 laicas
1989 3019 2087 3073 de-

2191 1840 2357 1897 stere,
2377 1843 2436 1887 ut
2465 1833 2517 1886 in
2541 1833 2688 1887 nullo
2709 1833 2832 1901 quia
2858 1842 2940 1888 est
2961 1836 3245 1904 episcopus
3273 1845 3613 1903 agnoscatur,
3639 1839 3783 1892 adeo

2199 1931 2260 1977 ut
2289 1938 2465 1991 neque
2495 1923 2726 1978 ecclesia
2762 1925 2945 1994 ipsius,
2978 1940 3151 1994 neque
3172 1927 3513 1988 monasteria.
3544 1931 3656 1985 sive
3684 1929 3780 1985 lilii

2192 2017 2450 2080 ecclesiae,
2475 2016 2560 2070 vel
2587 2018 2850 2085 oppressi,
2877 2018 2962 2072 vel
2990 2034 3267 2089 pauperes.
3304 2020 3419 2087 ejus
3449 2036 3569 2089 erga
3600 2038 3658 2077 se
3687 2022 3780 2075 di-

2192 2105 2439 2161 lectionis
2488 2106 2721 2161 studium
2766 2108 3029 2174 sentiant,
3074 2125 3174 2174 nec
3206 2110 3435 2179 aliquam
3469 2114 3778 2183 supplican-

2194 2197 2333 2249 tibus
2358 2196 2460 2250 sibi
2490 2197 2577 2261 iis,
2608 2197 2660 2251 in
2687 2198 2880 2267 quibus
2897 2198 3101 2266 justum
3128 2212 3233 2269 est,
3265 2217 3424 2271 opem
3452 2201 3784 2260 defensionis

2192 2289 2602 2358 accommodet;
2635 2301 2690 2346 et
2717 2292 2861 2360 quod
2888 2293 3062 2348 adhuc
3090 2295 3193 2349 dici
3224 2297 3438 2363 gravius
3469 2305 3573 2362 est,
3598 2301 3780 2353 consi-

2193 2377 2262 2432 lia
2284 2380 2605 2449 sapientium
2634 2391 2688 2438 et
2713 2393 2861 2438 recta
2892 2384 3231 2439 suadentiqu
3265 2387 3404 2440 nulla
3436 2390 3671 2457 patiatur
3690 2407 3780 2443 ra-

2194 2469 2342 2523 tione
2364 2472 2655 2541 suscipere,
2681 2482 2737 2526 ttt
2764 2473 2907 2543 quod
2930 2474 3043 2543 ipse
3072 2490 3168 2543 per
3190 2491 3250 2530 se
3270 2478 3454 2547 nequit
3476 2480 3779 2544 attendere,

2195 2560 2262 2613 ab
2289 2561 2396 2616 alio
2419 2562 2608 2617 saltem
2640 2564 2809 2633 possit
2847 2563 3149 2631 addiscere,
3200 2567 3293 2621 sed
3314 2610 3329 2635 ,
3380 2570 3544 2623 rebus
3564 2585 3683 2639 qua:
3716 2572 3781 2625 ad

2201 2653 2358 2723 105,
2386 2651 2622 2710 Pastoris
2650 2671 2832 2710 curam
2874 2659 3146 2727 pertinent
3187 2663 3579 2728 praetermissis,
3610 2663 3676 2716 ad
3709 2663 3784 2716 fa-

2194 2745 2503 2799 bricandam
2538 2748 2715 2801 navim
2745 2756 2860 2803 toto
2914 2764 2972 2803 se
3017 2750 3195 2804 studio
3228 2751 3485 2805 inutiliter
3529 2762 3782 2823 ocwpet.

2198 2833 2383 2902 Unde,
2414 2837 2554 2891 sicut
2607 2838 2809 2905 fertur,
2842 2841 3066 2908 contigit
3094 2841 3517 2910 quadringentos
3571 2854 3665 2899 aut
3721 2862 3787 2899 eo

2194 2928 2425 2997 amplius
2470 2930 2618 2983 illum
2669 2930 2777 2999 jam
2822 2931 3021 2986 solidos
3069 2933 3381 3002 perdidisse.
3412 2934 3527 2989 floc
3565 2951 3788 3004 quoque

2195 3017 2312 3086 ejus
2340 3017 2511 3087 culpis
2539 3019 2868 3087 adjungitur,
2912 3024 3053 3089 quod
3101 3022 3173 3074 ita
3217 3025 3455 3090 quotidie
3497 3025 3791 3095 despectus

502 3125 688 3187 putata
705 3125 806 3171 est.
832 3115 999 3180 Quam
1031 3115 1292 3168 visionem
1314 3128 1437 3167 mox
1467 3112 1715 3167 molestia
1743 3110 1986 3178 corporis
2008 3117 2093 3164 est
2122 3118 2165 3181 ς
2196 3120 2318 3159 Cum
2340 3121 2449 3160 uno
2477 3115 2573 3160 aut
2590 3108 2800 3161 duobus
2827 3109 3033 3163 clericis
3067 3111 3260 3164 dicitur
3284 3113 3348 3164 ad
3379 3128 3525 3167 mare
3556 3116 3791 3169 descen-

504 3216 721 3271 secuta;
753 3216 917 3273 atque
958 3206 1029 3258 ita
1070 3212 1127 3258 ut
1151 3204 1351 3258 dictum
1397 3204 1590 3266 fuerat,
1630 3209 1756 3255 ante
1799 3200 2087 3255 Dominietn

505 3295 858 3366 apparitionis
900 3293 1067 3359 diem,
1120 3293 1311 3349 eadem
1361 3293 1608 3347 molestia
1660 3292 2087 3360 ingravescente,

506 3384 756 3441 defuncta
784 3391 884 3437 est.
1578 3430 1581 3433 γ

582 3495 601 3528 ι
633 3474 905 3530 Gordiana
933 3482 1114 3528 autem
1142 3488 1268 3528 mox
1290 3480 1350 3526 ut
1375 3472 1545 3528 solam
1574 3472 1897 3529 remansisse
1919 3488 1977 3527 se
1999 3489 2090 3529 re-

508 3568 670 3639 perit,
703 3567 821 3636 ejus
849 3567 1090 3636 pravitas
1120 3565 1391 3628 excrevit;
1424 3574 1481 3618 et
1508 3565 1649 3635 quod
1679 3565 1827 3633 prius
1856 3565 2011 3619 latuit
2037 3567 2094 3619 in

509 3657 781 3714 desiderio
830 3657 1197 3726 cogitationis,
1242 3664 1363 3725 post
1408 3654 1603 3710 effectu
1652 3671 1829 3725 pravte
1866 3657 2092 3711 actionis

507 3751 767 3807 exercuit.
801 3749 932 3803 Nam
964 3750 1128 3805 oblita
1173 3749 1435 3804 Dominici
1468 3749 1697 3813 timoris,
1729 3750 1892 3803 oblita
1923 3750 2093 3819 pudo-

506 3847 583 3902 ris
612 3855 667 3901 et
688 3845 1023 3907 reverentias,
1049 3844 1215 3898 oblita
1242 3843 1685 3907 consecrationis,
1707 3851 2091 3898 conductorem

505 3936 847 4008 postmodum
898 3949 1147 4003 agrorum
1196 3950 1413 3989 suorum
1462 3935 1712 3989 maritum
1756 3935 1925 3988 duxit.
1956 3932 2093 3988 Ecre

508 4045 701 4085 omnes
730 4038 839 4083 tres
859 4044 967 4082 uno
996 4028 1142 4098 prius
1170 4028 1364 4081 ardore
1391 4040 1667 4080 conversa:
1687 4034 1829 4088 sunt,
1863 4024 1955 4079 sed
1983 4040 2091 4078 non

509 4134 698 4174 omnes
723 4120 777 4173 in
822 4133 930 4172 uno
960 4116 1257 4184 eodemque
1284 4116 1465 4171 studio
1503 4125 1937 4184 permanserunt,
1967 4115 2090 4183 quia

509 4206 658 4277 iuxta
681 4207 1010 4262 Dominicam
1033 4222 1220 4260 vocem
1253 4224 1266 4259 :
1298 4205 1455 4259 Multi
1467 4214 1584 4258 sunt
1602 4206 1954 4273 rocati,pauci
1977 4220 2093 4258 vero

510 4298 655 4353 electi
686 4296 899 4368 (Matth.
933 4312 1062 4361 χχιι,
1094 4294 1208 4365 14).
1246 4314 1264 4347 ι
1294 4294 1518 4366 (Homil.
1548 4294 1618 4348 58
1641 4297 1696 4349 in
1734 4294 1959 4365 Evang.)

581 4390 674 4446 '59.
704 4388 1053 4443 Subditorum
1081 4403 1297 4457 quoque
1328 4387 1677 4454 negligentias
1701 4384 2012 4453 Gregorius,
2040 4395 2095 4440 et

2190 3198 2337 3262 dere,
2371 3203 2429 3250 ut
2478 3204 2534 3250 et
2569 3198 2710 3266 apud
2740 3214 2865 3253 suos
2895 3200 2945 3252 in
2978 3199 3157 3253 fabula
3187 3203 3273 3266 sit,
3317 3211 3374 3256 et
3400 3207 3681 3260 extraneis
3714 3209 3790 3262 sic

2191 3290 2314 3345 vilis
2341 3299 2397 3345 et
2423 3290 2762 3360 despicabilis
2787 3292 3054 3360 videatur,
3096 3303 3155 3346 ut
3200 3295 3329 3347 nihil
3377 3296 3429 3348 in
3479 3311 3537 3350 se
3572 3298 3792 3355 habere

2192 3380 2512 3450 episcopalis
2540 3382 2737 3449 ingenii
2768 3383 2851 3435 vel
2881 3384 3193 3437 reverentiae
3218 3383 3507 3449 judicetur.
3540 3387 3698 3451 Quod
3744 3390 3789 3443 si

2193 3471 2267 3525 ita
2296 3480 2397 3535 est,
2432 3488 2538 3527 non
2567 3472 2683 3529 sine
2710 3473 2865 3542 culpa
2898 3482 2986 3526 tua
3013 3488 3130 3527 esse
3157 3487 3480 3542 cognoscas,
3529 3479 3623 3544 qui
3654 3494 3788 3532 eum

2193 3564 2477 3632 objurgare
2515 3574 2676 3633 atque
2713 3567 2967 3620 coercere
3018 3576 3073 3620 ut
3113 3568 3333 3636 dignum
3380 3576 3463 3625 est
3505 3570 3786 3625 distulisti.

2194 3657 2328 3724 Quia
2359 3672 2487 3725 ergo
2515 3658 2618 3712 hoc
2647 3666 2817 3712 totum
2846 3675 2951 3712 nun
2982 3662 3154 3713 solum
3187 3662 3334 3715 illum
3364 3664 3641 3731 reprobat,
3686 3664 3786 3718 sed

2193 3749 2356 3801 etiam
2388 3747 2456 3800 ad
2495 3746 2849 3801 sacerdotalis
2902 3749 3062 3802 otiieii
3096 3752 3365 3817 pertinere
3398 3752 3655 3820 probatur
3685 3769 3786 3822 op-

2196 3838 2493 3908 probrium,
2523 3838 2770 3892 volumus
2795 3849 2849 3891 ut
2881 3853 3001 3893 eum
3032 3855 3216 3894 coram
3246 3841 3363 3896 aliis
3390 3842 3783 3908 sacerdotibus,

2193 3929 2278 3984 vel
2308 3928 2627 3999 quibusdam
2651 3929 2718 3983 de
2759 3927 2879 3983 filiis
2902 3931 3013 3985 suis
3050 3932 3335 3995 nobilibus,
3369 3934 3658 3987 contestari
3686 3933 3786 3988 de-

2194 4023 2323 4077 beas
2348 4037 2411 4076 ac
2430 4021 2655 4087 hortari,
2686 4029 2746 4075 ut
2772 4023 2903 4076 vitio
2937 4025 3169 4093 torporis
3209 4040 3453 4090 excusso,
3485 4025 3641 4079 deses
3664 4041 3785 4081 esse

2196 4129 2305 4167 non
2325 4114 2537 4177 debeat,
2567 4113 2661 4168 sed
2693 4114 2745 4167 in
2776 4115 3016 4170 ecclesiae
3070 4131 3180 4170 sum
3227 4132 3291 4172 ac
3333 4119 3782 4171 monasteriorum

2196 4220 2323 4260 cura
2340 4206 2410 4259 sit
2430 4205 2678 4271 vigilans;
2704 4216 2982 4276 paternam
3013 4207 3136 4262 filiis
3158 4209 3268 4262 suis
3290 4209 3607 4263 cbaritatem
3633 4212 3783 4264 exbi~

2194 4294 2358 4359 beat;
2387 4295 2437 4348 in
2466 4294 2780 4350 defensione
2806 4312 3102 4366 pauperum
3129 4299 3199 4352 sit
3224 4300 3403 4353 alacer
3432 4316 3553 4354 cum
3578 4301 3783 4354 discre-

2197 4386 2377 4450 tione;
2404 4387 2457 4441 in
2480 4387 2674 4457 quibus
2688 4388 2891 4457 justitia
2915 4392 3161 4456 suaserit,
3193 4394 3260 4446 sit
3290 4400 3530 4455 erectus;
3558 4395 3782 4447 consilia

510 4480 776 4538 subtiliter
791 4478 1097 4546 inquirebat
1125 4485 1180 4531 et
1199 4477 1606 4533 districtissimis
1628 4463 2173 4547 redargutionibusq)
2197 4478 2517 4547 sapientium
2567 4478 2795 4534 libenter
2835 4482 3092 4551 suscipiat
3121 4501 3133 4535 :
3173 4493 3463 4551 quatenus,
3496 4492 3550 4538 et
3595 4485 3784 4540 civitas

514 4571 857 4628 emendabat.
876 4569 1027 4624 Unde
1043 4570 1338 4638 Vitaliano,
1358 4570 1611 4639 episcopo
1627 4568 1935 4638 Sipontino,
1957 4569 2093 4623 scri-

513 4665 687 4720 bens:
726 4679 744 4712 ι
781 4659 838 4715 Si
868 4669 1067 4726 custos,
1100 4661 1294 4729 inquit,
1343 4660 1578 4728 religiosi
1621 4660 1837 4714 habitus
1884 4660 2094 4727 fuisses,

513 4763 606 4808 aut
633 4768 752 4808 esse
779 4767 966 4807 nosses
992 4753 1298 4822 episcopus,
1332 4751 1494 4805 ﬁliam
1523 4752 1771 4821 gloriosae
1820 4754 2093 4808 memoria:

515 4842 765 4910 Tulliani,
789 4844 1024 4912 magistri
1056 4843 1275 4908 militiae,
1311 4852 1363 4897 te
1390 4843 1500 4897 illic
1528 4843 1729 4911 posito,
1753 4858 1853 4899 nec
1880 4842 2093 4912 projec-

514 4935 581 4988 tis
608 4934 871 5003 religiosis
896 4934 1129 4989 vestibus
1158 4934 1223 4987 ad
1254 4934 1561 4989 stccularem
1590 4936 1788 4990 reverti
1830 4936 2095 5003 habitum,

516 5038 616 5076 nec
640 5023 706 5077 ad
731 5040 830 5079 nos
865 5023 1102 5079 licuisset
1146 5038 1457 5093 perversam
1486 5025 1767 5093 epistolam
1798 5027 2091 5081 destinare.

512 5111 621 5167 Sed
651 5114 775 5180 quia
806 5115 967 5168 nimia
991 5115 1191 5169 desidia
1214 5115 1487 5185 nimioque
1516 5124 1736 5185 torpore
1759 5116 2094 5186 deprimeris,

514 5202 568 5255 in
597 5210 689 5258 tuo
712 5204 978 5259 dedecore
1006 5221 1093 5260 res
1121 5206 1187 5261 ad
1220 5221 1458 5275 prmsens
1487 5206 1671 5260 illicita
1700 5208 1917 5275 impune
1943 5223 2093 5261 com-

515 5293 677 5347 missa
702 5304 800 5352 est.
837 5296 967 5350 Nam
997 5298 1063 5361 si,
1094 5306 1151 5352 ut
1178 5298 1383 5367 praifati
1413 5314 1620 5363 sumus,
1661 5298 1926 5355 sollicitus
1955 5299 2093 5353 exti-

516 5384 693 5449 tisses,
726 5388 872 5454 prius
898 5389 963 5442 ad
996 5406 1093 5443 nos
1116 5389 1251 5445 ultio
1284 5389 1524 5443 mulieris
1553 5390 1904 5460 pravissimm,
1935 5405 2095 5456 quam

515 5474 695 5543 culpa.
720 5477 905 5531 debuit
947 5481 1247 5547 pervenire.
1294 5479 1428 5545 Quia
1470 5494 1599 5547 ergo
1648 5489 1852 5533 tantum
1909 5479 2098 5547 hebes,

521 5570 834 5635 tantumque
855 5585 911 5623 es
944 5570 1234 5636 negligens,
1263 5580 1319 5623 ut
1348 5571 1448 5624 nisi
1479 5572 1793 5626 canonicam
1823 5570 1874 5625 in
1907 5579 1957 5626 te
1987 5569 2099 5626 fuc-

594 5707 620 5737 ι
641 5699 816 5767 Bigot.
850 5714 901 5757 cl
936 5704 1097 5768 υιίεη
1124 5715 1355 5759 sanctum
1385 5705 1735 5772 Tlteophania.

2199 4569 2286 4622 illa
2317 4569 2435 4638 ejus
2462 4578 2628 4639 queat
2655 4571 3017 4628 sollicitudine
3064 4576 3359 4641 consolari,
3404 4583 3459 4631 et
3504 4576 3615 4645 ipse
3644 4576 3783 4630 desi-

2198 4659 2300 4714 dia:
2325 4675 2433 4714 sum
2461 4661 2646 4729 culpas
2683 4662 2858 4716 valeat
2910 4664 3141 4733 Operire.
3193 4664 3249 4719 Si
3290 4681 3438 4730 vero,
3487 4666 3629 4734 quod
3676 4681 3782 4720 lltm

2197 4752 2492 4815 credimus,
2536 4759 2658 4821 post
2686 4753 2825 4808 hanc
2852 4754 3277 4810 adhortationem
3319 4765 3579 4822 nostram,
3620 4756 3781 4810 solito

2198 4844 2373 4897 adhuc
2401 4858 2551 4897 more
2590 4844 2862 4912 negligens
2901 4860 3017 4899 esse
3067 4848 3381 4910 tentaverit,
3439 4847 3506 4901 ad
3559 4863 3656 4901 nos
3701 4855 3782 4901 est

2198 4933 2374 4988 modis
2396 4935 2642 4988 omnibus
2664 4935 3104 4992 transmittendus
3138 4956 3150 4991 :
3185 4948 3242 4992 ut
3264 4939 3350 4992 hic
3373 4941 3577 5009 positus
3605 4940 3779 4995 disce-

2197 5042 2258 5080 re
2298 5027 2490 5095 possit,
2519 5026 2647 5095 quid
2675 5027 2759 5081 vel
2798 5030 3029 5097 qualiter
3058 5033 3348 5085 secundum
3400 5033 3493 5087 Dei
3535 5035 3778 5087 timorem

2198 5129 2359 5183 agere
2388 5116 2674 5170 conveniat
2694 5117 3048 5173 sacerdotem.
3084 5138 3102 5170 ι
3134 5119 3271 5187 (Lib.
3297 5137 3410 5187 xm,
3439 5139 3519 5192 ep.
3543 5120 3659 5191 26.)

2271 5205 2518 5260 42.1mm
2547 5206 2758 5260 eidem:
2798 5227 2816 5259 ι
2849 5206 3071 5274 Quoties
3118 5210 3205 5263 illa
3247 5211 3314 5265 de
3364 5211 3614 5265 fratribus
3655 5224 3779 5264 eoe-

2198 5296 2540 5366 piscopisque
2570 5299 2764 5353 nostris
2794 5301 3037 5355 audimus
3065 5316 3184 5370 quas
3212 5310 3267 5356 et
3302 5302 3421 5356 illos
3441 5301 3778 5371 reprehensi-

2200 5385 2335 5440 bilcs
2363 5387 2665 5453 ostendere,
2694 5397 2749 5442 et
2777 5390 2930 5444 nobis
2958 5391 3226 5445 tristitiam
3259 5393 3471 5447 valeant
3499 5406 3774 5460 generare,

2201 5476 2267 5530 de
2309 5490 2496 5529 eorum
2534 5492 2633 5531 nos
2669 5478 3042 5534 emendatione
3084 5497 3190 5536 non
3240 5482 3590 5537 mediocriter
3634 5482 3775 5549 cogit

2206 5569 2495 5625 necessitas
2524 5570 2777 5641 cogitare.
2807 5571 2940 5637 Quia
2985 5588 3114 5643 ergo
3164 5576 3470 5633 nuntiatum
3516 5575 3671 5633 nobis
3696 5582 3771 5630 est
