4018 6316
210 289 306 342 1115

210 508 394 548 mores
418 492 638 548 honoris
666 490 766 555 sui,
791 504 964 559 neque
989 503 1120 556 erga
1153 488 1432 552 ecclesias,
1475 501 1649 555 neque
1671 499 1798 552 erga

212 581 352 638 ﬁlios
398 598 522 637 suos
549 589 789 650 paterna:
840 579 1130 647 vigilantia:
1158 593 1341 632 curam
1374 576 1685 636 exhibeant,
1717 575 1802 628 vel

213 675 658 730 monasteriorum
690 669 1104 727 sollicitudinem
1132 677 1342 738 gerant,
1376 684 1471 723 seu
1503 668 1557 721 in
1581 681 1803 736 oppres-

209 779 390 820 sorum
420 778 714 833 pauperum
738 777 798 816 se
835 762 1119 815 tuitionem
1153 759 1469 829 impendant
1501 776 1512 810 :
1548 757 1670 811 ideo
1703 759 1802 810 hac

212 855 306 908 tibi
332 853 652 908 auctoritate
674 851 1014 922 prtecipimus
1036 860 1095 904 ut
1116 850 1195 906 eis
1218 849 1284 904 ad
1314 858 1366 904 te
1385 848 1713 910 convocatis,
1734 861 1799 899 ex

211 951 396 998 nostro
421 943 546 999 illos
573 943 854 1010 mandato,
891 941 1139 996 districte
1168 954 1514 996 commoneas
1533 946 1799 1008 quatenus

211 1034 420 1090 desides
447 1035 674 1090 ulterius
694 1051 815 1089 esse
841 1050 950 1088 non
980 1033 1236 1098 debeant,
1282 1031 1375 1086 sed
1410 1029 1796 1084 sacerdotalem

211 1139 268 1177 se
295 1124 498 1180 habere
546 1125 748 1186 zelum,
799 1131 854 1179 et
898 1121 1308 1178 sollicitudinem
1339 1135 1501 1189 opere
1530 1117 1794 1182 doceant;

211 1225 372 1284 atque
401 1216 476 1270 ita
504 1217 555 1270 in
584 1216 670 1270 his
688 1230 810 1284 qua:
838 1230 933 1269 eos
953 1214 1097 1281 juste
1124 1211 1414 1268 secundum
1445 1211 1610 1264 Deum
1639 1222 1798 1277 agere

210 1308 500 1375 convenit,
549 1307 838 1375 vigilantes
885 1307 1139 1369 existant,
1179 1313 1236 1357 ut
1264 1302 1466 1356 nullum
1497 1315 1596 1354 nos
1624 1300 1691 1354 de
1719 1299 1798 1354 eis

208 1400 389 1454 denuo
415 1415 662 1454 murmur
701 1405 1002 1467 exasperet.
1045 1395 1102 1450 Si
1130 1409 1288 1462 quem
1320 1409 1446 1447 vero
1473 1407 1657 1446 eorum
1677 1399 1799 1458 po.-t

207 1490 326 1544 haec
354 1490 722 1558 negligentem
743 1486 1080 1556 cognoveris,
1110 1483 1176 1537 ad
1200 1498 1298 1536 nos
1325 1497 1445 1535 eum
1475 1482 1592 1534 sine
1621 1481 1798 1547 aliqua

205 1583 569 1636 excusatione
616 1579 944 1642 transmitte,
995 1584 1080 1640 ut,
1125 1589 1286 1642 quam
1335 1574 1405 1627 sit
1452 1585 1614 1639 grave
1655 1572 1798 1627 nolle

199 1672 276 1725 ab
308 1673 396 1726 his
423 1689 544 1740 qua:
574 1667 1007 1740 reprehensibilia
1029 1675 1084 1720 et
1113 1664 1266 1718 valde
1294 1664 1646 1732 vituperanda
1674 1670 1800 1717 sunt

805 289 861 344 S.
904 287 1228 343 GREGOIKII
1271 285 1467 340 PAPJE
1505 284 1687 348 VITA,
1730 281 1929 337 AUCT.
1971 283 2230 339 J‘OANNE
2273 282 2584 340 DIACONO.
2627 287 2755 340 LIB.
2801 287 2884 340 111.

162 468 165 469 ν
207 400 520 473 Campania
541 399 821 469 episcopos
848 399 918 451 ita
943 397 1272 466 negligentes
1300 397 1554 458 existere,
1599 403 1658 448 ut
1698 394 1794 448 im-
1826 397 1868 453 Α

3378 292 3478 348 ili-‘4

1966 394 2096 448 Item
2135 394 2350 460 Joaoni,
2395 396 2994 468 Constantinopolitano
3022 400 3318 469 episcopo,
3357 414 3482 470 post

1902 487 2160 540 nonnulla
2184 504 2197 538 :
2229 506 2247 538 ι
2276 485 2386 555 Ego
2415 489 2722 544 beatissimo
2759 493 2872 543 viro
2894 489 3095 545 domno
3122 488 3316 545 Joanni
3345 494 3480 546 seri-

1903 593 2146 646 pseram;
2199 578 2293 632 sed
2337 579 2501 633 credo
2546 581 2670 647 quia
2709 582 2837 634 mihi
2879 581 3154 635 familiaris
3180 581 3272 636 ille
3300 591 3484 637 vester

1897 667 2214 737 juvenculus
2241 671 2534 738 rescripsit,
2563 671 2652 738 qui
2681 672 2856 725 adhuc
2879 670 2946 725 de
2975 671 3084 726 Deo
3117 671 3245 726 nihil
3273 673 3480 736 didicit,

1901 759 1992 827 qui
2013 760 2218 814 viscera
2248 761 2526 815 charitatis
2550 762 2746 826 neseit,
2772 763 2859 828 qui
2889 762 2940 814 in
2970 763 3208 817 scelestis
3237 765 3393 818 rebus
3415 767 3482 818 ab

1901 851 2152 904 omnibus
2182 862 2486 916 accusatur,
2519 855 2608 922 qtti
2635 853 2872 907 insidiari
2895 853 3132 921 quotidie
3155 854 3482 908 diversorum

1900 940 2166 993 mortibus
2198 955 2294 1008 per
2321 942 2530 996 occulta
2558 952 2902 1008 testamenta,
2935 958 3033 996 nec
3062 942 3340 996 Dominum
3368 957 3482 996 me-

1903 1028 2021 1091 tuit,
2054 1044 2154 1082 nec
2184 1029 2430 1083 homines
2459 1032 2746 1085 erubescit.
2797 1031 2926 1085 Mihi
2954 1032 3138 1099 crede,
3170 1032 3330 1085 frater
3359 1033 3488 1085 cha-

1898 1119 2126 1182 rissime,
2145 1119 2186 1171 si
2207 1119 2378 1172 zelum
2404 1120 2646 1174 veritatis
2668 1120 2908 1188 perfecte
2928 1122 3116 1185 habes,
3148 1123 3318 1190 ipsum
3346 1121 3492 1189 prius

1899 1210 2126 1278 corrige,
2155 1220 2214 1263 ιιι
2243 1225 2309 1264 ex
2341 1211 2420 1263 his
2450 1225 2540 1278 qut
2571 1211 2724 1265 vobis
2755 1212 2918 1265 vicini
2949 1221 3094 1279 sunt,
3123 1218 3283 1266 etiam
3315 1215 3368 1266 hi
3397 1214 3490 1282 qui

1900 1302 2056 1356 vicini
2099 1319 2202 1355 non
2248 1311 2394 1369 sunt,
2437 1303 2684 1372 exemplo
2715 1303 2906 1357 melius
2935 1304 3312 1358 emendentur.
3343 1304 3491 1358 Illius

1898 1392 2132 1460 linguam
2163 1393 2272 1446 noli
2303 1393 2567 1461 recipere.
2599 1392 2693 1447 llle
2721 1391 2787 1446 ad
2817 1393 3100 1447 consilium
3130 1401 3323 1445 vestra:
3363 1408 3493 1446 san-

1900 1487 2103 1540 ctitatis
2133 1486 2292 1541 debet
2314 1487 2468 1554 dirigi
2495 1528 2510 1554 ,
2559 1503 2669 1541 non
2719 1498 2895 1542 autem
2925 1495 3105 1542 vestra
3134 1488 3391 1541 sanctitas
3420 1489 3490 1542 ad

1900 1579 2063 1633 verba
2111 1579 2254 1633 illius
2293 1578 2508 1634 inflecti.
2558 1578 2616 1634 Si
2661 1583 2802 1633 enim
2845 1580 2990 1633 illum
3019 1580 3187 1643 audit,
3219 1580 3334 1634 scio
3363 1580 3488 1648 quia

1902 1687 2088 1740 pacem
2121 1687 2242 1726 cum
2272 1672 2382 1726 suis
2408 1671 2660 1726 fratribus
2683 1672 2882 1726 habere
2909 1687 3018 1725 non
3044 1673 3258 1741 poterit.
3291 1691 3311 1723 ι
3348 1671 3488 1743 (Re—

201 1763 432 1828 corrigi,
478 1759 712 1829 regulari
758 1759 810 1812 in
839 1773 898 1811 se
937 1757 1112 1810 valeat
1138 1755 1474 1811 districtione
1521 1754 1744 1811 sentire.
1775 1774 1792 1807 ι
1832 1751 1880 1812 Β
1905 1765 2026 1833 gist.
2059 1763 2149 1818 lib.
2180 1778 2259 1832 tn,
2287 1781 2367 1833 ep.
2401 1763 2527 1834 55.)

205 1850 434 1920 (Ilegis'.
465 1847 556 1902 lib.
588 1863 697 1912 xm,
720 1863 802 1917 ep.
829 1843 943 1916 27.)

276 1940 413 1994 item
442 1938 668 2004 Victori,
698 1937 956 2006 episcopo
987 1934 1396 2003 Panormitano,
1419 1944 1542 2005 post
1577 1935 1756 2003 aliqua
1781 1951 1794 1987 :

209 2054 227 2080 ε
269 2033 455 2102 Cujus,
481 2030 679 2098 inquit,
707 2028 819 2099 jam
849 2028 1020 2100 culpa:
1047 2029 1122 2084 sis
1151 2030 1356 2097 intellig
1379 2045 1426 2090 s,
1472 2037 1530 2083 ut
1558 2042 1658 2097 ego
1689 2037 1798 2081 tam

204 2125 368 2192 longe
412 2121 646 2192 positus,
687 2134 808 2189 quae
854 2119 910 2173 in
955 2118 1175 2174 civitate
1217 2126 1308 2173 tua
1339 2126 1587 2186 aguntur,
1634 2131 1800 2185 agno-

209 2231 392 2278 scam,
433 2222 485 2269 et
522 2220 603 2269 tot
648 2212 791 2268 euris
839 2219 1159 2281 occupatus,
1199 2225 1318 2280 qua:
1367 2210 1479 2266 fieri
1534 2211 1798 2278 debeant,

207 2306 516 2374 disponam.
554 2325 574 2358 ι
609 2304 834 2377 (Regist.
865 2303 956 2359 lib.
989 2319 1042 2368 v,
1072 2319 1154 2373 ep.
1178 2301 1257 2374 6.)

281 2396 373 2449 43.
407 2395 710 2451 Notandum
735 2411 887 2460 sane,
913 2395 1038 2464 quia
1075 2395 1216 2449 sicut
1259 2393 1539 2448 manifesta
1577 2393 1802 2448 crimina

211 2486 629 2541 discretissimus
657 2485 852 2555 pratsul
873 2485 1191 2553 Gregorius,
1243 2492 1335 2537 aut
1378 2484 1466 2537 vix
1493 2523 1509 2548 ,
1540 2492 1632 2538 aut
1662 2500 1806 2538 nun-

211 2578 520 2643 quam-sine
541 2577 775 2631 vindicta
799 2577 1012 2630 laxabat
1037 2593 1050 2628 :
1079 2576 1154 2630 ita
1175 2575 1423 2628 nimirum
1449 2575 1500 2627 in
1521 2575 1682 2628 rebus
1705 2573 1802 2627 du-

215 2669 316 2723 biis
335 2683 608 2736 nunquam
625 2667 911 2738 aliquando
925 2675 1126 2722 certam
1143 2667 1461 2722 sententiam
1475 2665 1802 2736 proferebat.

213 2756 560 2826 Quapropter
594 2755 813 2810 Andreae
859 2756 1174 2821 Tarentino,
1205 2757 1484 2826 episcopo,
1505 2756 1691 2811 scribit
1718 2756 1803 2810 di-

215 2864 390 2904 cens:
429 2867 448 2900 ‹
505 2849 762 2903 Tribunal
807 2848 1003 2918 jndicis
1048 2849 1236 2903 aeterni
1285 2864 1505 2904 securus
1556 2849 1806 2918 aspiciet,

216 2941 490 3010 quisquis,
519 2949 700 2994 reatus
729 2941 810 2994 sui
833 2941 1100 3004 conscius,
1124 2940 1285 3008 digna
1314 2955 1435 2995 eum
1458 2940 1620 2994 modo
1641 2940 1814 3009 pecni-

218 3033 386 3084 tentia
413 3032 630 3101 placare
658 3031 952 3086 contendit.
985 3028 1250 3084 llabuisse
1293 3029 1555 3100 siquidem
1595 3039 1650 3084 te
1679 3044 1813 3084 con-

1975 1854 2104 1909 ltem
2134 1854 2411 1920 Januario,
2443 1853 2750 1908 Caralitano
2775 1856 3030 1924 episcopo
3057 1873 3070 1908 :
3105 1874 3124 1906 c
3146 1854 3270 1921 Eos,
3295 1856 3489 1926 inquit,

1901 1959 2132 2013 quorum
2161 1945 2398 2000 consiliis
2426 1959 2656 1999 messem
2686 1947 2906 2000 alterius
2935 1947 3189 2011 exarasti,
3234 1954 3289 2000 et
3316 1947 3492 2001 eradi-

1901 2053 2026 2093 care
2057 2038 2317 2092 terminos
2344 2037 2563 2092 minime
2592 2038 2832 2104 timuisti,
2877 2038 2928 2092 in
2961 2038 3171 2092 duobus
3215 2039 3489 2093 mensibus

1901 2130 2399 2184 exeommunicatos
2429 2145 2548 2184 esse
2579 2129 2947 2195 decernimus;
2995 2131 3066 2183 ita
3097 2138 3154 2183 ut
3181 2130 3224 2183 si
3257 2129 3382 2199 quid
3413 2130 3498 2184 eis

1901 2220 2039 2273 intra
2071 2219 2299 2274 duorum
2329 2221 2593 2274 mensium
2623 2221 2854 2289 spatium
2887 2220 3197 2273 humanitus
3226 2220 3489 2282 evenerit,

1901 2310 2276 2366 benedictione
2324 2311 2504 2365 viatici
2533 2327 2640 2364 non
2673 2311 2966 2380 priventur.
3022 2311 3076 2364 D:
3098 2311 3282 2379 inceps
3311 2319 3491 2364 autem

1902 2402 1970 2455 ab
1998 2417 2185 2455 eorum
2215 2402 2454 2456 consiliis
2483 2410 2674 2456 cautus
2697 2402 2892 2468 existe,
2942 2409 3103 2469 teque
3142 2400 3369 2454 sollicite
3397 2416 3493 2454 cu-

1902 2490 2216 2557 stodi:ne,
2268 2492 2312 2545 si
2357 2492 2434 2546 eis
2478 2493 2530 2546 in
2579 2493 2720 2546 malo
2762 2491 3056 2560 discipulus
3084 2490 3266 2552 fueris,
3301 2491 3494 2556 quibus

1904 2583 2162 2651 magister
2191 2583 2242 2636 in
2273 2583 2418 2637 bono
2446 2597 2564 2638 esse
2593 2582 2824 2637 debuisti
2848 2621 2863 2644 ,
2907 2598 3006 2637 nec
3032 2582 3356 2651 simplicitati
3389 2591 3494 2636 tuan

1908 2671 2164 2735 ulterius,
2203 2687 2305 2727 nec
2329 2673 2592 2727 senectuti
2638 2687 2939 2744 parcamus.
2972 2691 2990 2724 ι
3030 2670 3260 2744 (Regist.
3295 2671 3385 2726 lib.
3416 2688 3494 2736 ιι,
3562 2745 3564 2749 _

1908 2779 1990 2832 ep.
2027 2762 2102 2830 l.)

1983 2851 2114 2906 item
2137 2851 2414 2918 Callinieo,
2438 2853 2676 2906 exarcho
2699 2852 2881 2916 italiat,
2906 2860 3030 2922 post
3054 2853 3311 2906 nonnulla
3337 2869 3350 2906 :
3384 2873 3400 2903 ι
3429 2853 3498 2907 ll-

1913 2942 2002 2997 lud
2032 2958 2162 2996 vero
2191 2943 2523 3011 cognoscite,
2552 2943 2674 3011 quia
2712 2957 2799 2996 me
2831 2958 2936 2996 non
2967 2942 3174 2997 modice
3205 2945 3498 2998 contrista-

1913 3034 1990 3087 vit
2017 3033 2161 3102 quod
2190 3033 2362 3101 major
2394 3035 2586 3088 domus
2607 3074 2621 3097 ,
2671 3034 2758 3101 qui
2790 3033 3104 3102 petitionem
3136 3033 3370 3103 episcopi
3401 3050 3501 3088 vo-

219 3123 476 3177 cubinam
519 3122 800 3176 manifesta
839 3121 1076 3175 veritate
1131 3120 1282 3190 105
1327 3120 1711 3189 comperimus,
1746 3120 1814 3174 de
1841 3112 1885 3171 C
1917 3123 2078 3178 lentis
2103 3139 2132 3176 a
2160 3124 2449 3178 schismate
2475 3125 2668 3177 reverti
2690 3124 2946 3193 suscepit,
2971 3138 3090 3177 eam
3119 3138 3178 3177 se
3203 3124 3505 3192 perdidisse

220 3229 325 3282 qua
376 3212 543 3267 etiam
587 3211 856 3266 contraria
899 3218 984 3265 est
1010 3208 1331 3280 quibusdam
1375 3217 1503 3262 nata
1551 3209 1810 3277 suspicio.

221 3304 326 3358 Sed
347 3304 476 3372 quia
506 3303 558 3356 in
589 3303 748 3357 rebus
768 3300 1028 3369 ambiguis
1055 3299 1356 3355 absolutum
1385 3315 1494 3354 non
1515 3299 1672 3354 debet
1695 3314 1815 3353 esse

223 3395 506 3466 judicium,
533 3393 640 3448 hoc
667 3402 769 3446 tua!
793 3390 1139 3446 con~cientite
1185 3389 1443 3456 elegimus
1472 3387 1810 3442 committen-

223 3489 372 3540 dum.
405 3486 522 3552 Qua
553 3485 621 3539 de
649 3500 730 3549 re,
760 3483 801 3539 si
833 3483 886 3537 in
910 3497 1068 3538 sacro
1096 3481 1284 3536 ordine
1328 3481 1668 3546 constitutus,
1699 3480 1816 3543 ejus

227 3589 281 3632 te
309 3577 673 3648 perminuione
725 3591 844 3630 esse
889 3574 1083 3628 recolis
1136 3572 1481 3635 maculatum,
1531 3569 1818 3625 sacerdotii

227 3672 440 3723 honore
461 3667 731 3736 deposito,
763 3665 828 3719 ad
863 3663 1268 3717 ministrandum
1302 3661 1449 3716 nullo
1485 3660 1646 3715 modo
1677 3675 1817 3729 pra)-

228 3775 412 3814 sumas
444 3757 705 3812 accedere
736 3756 999 3810 :sciturus
1024 3755 1075 3808 in
1107 3754 1298 3807 anima:
1328 3762 1433 3806 tua:
1459 3752 1700 3820 periculo
1722 3752 1820 3805 mi-

230 3853 485 3913 nistrare,
517 3859 572 3902 et
612 3849 722 3902 [)co
764 3856 946 3900 nostro
987 3856 1040 3899 te
1069 3845 1185 3898 sine
1213 3843 1378 3896 dubio
1403 3841 1628 3896 reddere
1651 3843 1821 3897 ratio.

230 3955 379 4003 nem,
413 3939 459 3991 si
488 3936 646 4005 hujus
674 3936 891 3990 sceleris
915 3933 1180 3997 conscius,
1210 3933 1262 3986 in
1291 3946 1357 3985 eo
1385 3945 1494 3999 quo
1524 3945 1582 3984 es
1608 3931 1821 3996 ordine,

231 4028 418 4083 celans
440 4026 720 4081 veritatem
739 4039 1053 4095 permanere
1079 4021 1334 4080 volueris.
1370 4039 1389 4072 ›
1425 4019 1645 4092 (Regist.
1677 4023 1716 4076 ι.
1743 4037 1822 4087 ιιι,

234 4138 317 4190 ep.
351 4118 471 4188 45.)

309 4211 401 4266 Η.
434 4209 513 4264 Ob
538 4210 640 4264 hoc
659 4209 1068 4264 sollicitissimus
1097 4208 1349 4263 Ecclesitc
1372 4207 1466 4262 Dei
1488 4214 1672 4262 custos
1693 4203 1828 4260 Gre-

239 4302 448 4370 gorius,
475 4299 899 4369 uniuscujusque
920 4300 1253 4354 consiliarios
1282 4314 1534 4367 arguens,
1565 4305 1827 4365 quantum

242 4394 294 4447 iu
321 4409 378 4447 se
397 4401 534 4457 erat,
565 4408 754 4446 omnes
780 4392 998 4445 omnino
1022 4392 1229 4445 salvare
1259 4392 1518 4446 certabat.
1551 4387 1702 4442 Unde
1733 4385 1830 4441 Ve-

1916 3215 2189 3286 professus
2217 3224 2320 3282 est,
2351 3224 2403 3270 et
2432 3216 2772 3286 postmodum
2805 3217 2870 3270 ab
2902 3215 3221 3271 adversariis
3248 3213 3502 3270 Ecclesia:

1917 3309 2217 3363 tenebatur.
2249 3307 2402 3374 Quod
2431 3322 2533 3376 ego
2560 3324 2666 3362 non
2701 3309 3044 3376 negligentia,
3076 3309 3170 3363 sed
3209 3311 3504 3365 venalitate

1917 3398 2050 3466 ejus,
2081 3397 2281 3452 factum
2310 3398 2562 3453 arbitror.
2592 3396 2745 3452 Unde
2769 3399 2936 3452 miror
2960 3399 3086 3469 quia
3111 3400 3162 3452 in
3192 3415 3258 3454 eo
3287 3400 3501 3470 culpam

1916 3489 2055 3542 banc
2084 3488 2304 3542 minime
2334 3496 2510 3543 vestra
2558 3487 2876 3543 excellentia
2905 3489 3221 3552 vindicavit;
3273 3491 3366 3545 sed
3420 3499 3503 3543 ta-

1919 3593 2041 3631 men
2068 3577 2190 3644 quia
2217 3577 2321 3632 boc
2344 3577 2570 3630 miratus
2599 3593 2713 3630 sum
2745 3579 3117 3648 memetipsnm
3140 3580 3297 3633 citius
3319 3594 3506 3648 repre-

1922 3669 2099 3723 hendi.
2148 3668 2278 3722 Nam
2324 3669 2415 3722 ubi
2443 3669 2672 3721 domnus
2699 3668 2938 3722 Justinus
2967 3670 3248 3723 consilium
3283 3671 3504 3735 υτειξινιι,

1920 3758 2010 3826 qui
2040 3773 2225 3826 pacem
2255 3773 2377 3811 cum
2405 3757 2670 3811 catholica
2693 3755 2928 3810 Ecclesia
2956 3773 3063 3811 non
3091 3758 3270 3815 habet.
3297 3759 3366 3811 ibi
3399 3775 3505 3812 non

1929 3851 2082 3918 108
2111 3856 2338 3915 possunt
2359 3847 2596 3900 hmretici
2618 3846 2812 3899 addici.
2838 3844 3106 3900 Prazterea
3135 3849 3306 3900 sancti
3338 3846 3508 3911 Petri,

1925 3936 2292 4006 apostolorum
2322 3935 2599 4003 principis,
2647 3935 2944 3988 natalitium
2974 3935 3116 3990 diem
3164 3935 3218 3990 in
3267 3936 3509 3989 Ronnana

1925 4027 2141 4082 civitate
2168 4041 2266 4080 vos
2296 4026 2472 4079 facere
2502 4025 2637 4079 velle
2665 4025 2997 4094 perhibetis;
3049 4035 3103 4080 et
3151 4042 3368 4081 oramus
3395 4043 3513 4078 om-

1928 4118 2260 4186 nipotentem
2307 4115 2590 4170 Dominum
2612 4156 2626 4181 ,
2658 4123 2717 4169 ut
2745 4130 2840 4169 sua
2870 4131 2965 4170 vos
2993 4117 3356 4173 misericordia
3389 4132 3514 4185 pro-

1929 4213 2095 4273 tegat,
2127 4214 2182 4259 et
2206 4212 2328 4258 vota
2357 4212 2532 4258 vestra
2563 4219 2656 4257 vos
2685 4203 2906 4271 implere
2934 4203 3214 4257 concedat.
3242 4204 3346 4258 Sed
3378 4220 3514 4272 pne-

1928 4299 2104 4352 dictus
2131 4297 2211 4350 vir
2235 4295 2702 4364 eloquentissimus
2732 4303 2857 4365 peto
2888 4302 2946 4348 ut
2974 4295 3131 4348 simul
3162 4297 3372 4360 veniat;
3421 4295 3514 4364 qui

1929 4388 1972 4442 si
2004 4403 2111 4440 non
2144 4387 2372 4451 venerit,
2404 4401 2434 4438 a
2461 4385 2653 4438 vestris
2679 4385 2951 4455 obsequiis
2979 4385 3230 4438 recedat:
3257 4386 3338 4440 vel
3369 4395 3517 4441 certe

244 4485 461 4551 nautio,
499 4483 836 4538 exmonacho
883 4483 1140 4552 patricio,
1182 4489 1304 4550 post
1343 4480 1520 4548 aliqua
1566 4477 1826 4544 scribens,
1859 4469 1904 4525 1)
1933 4479 1977 4532 si
2015 4488 2193 4532 vestra
2233 4475 2553 4532 excellentia
2585 4475 2843 4540 fortasse,
2886 4475 3278 4542 emet-gentibus
3317 4475 3518 4538 causis,

246 4577 320 4630 ait
349 4594 362 4628 :
397 4595 414 4625 ι
443 4574 569 4629 Scio
597 4575 720 4643 quia
749 4591 867 4628 cum
911 4575 1135 4643 epistola
1167 4589 1285 4626 utea
1314 4571 1625 4640 suscipitur,
1656 4569 1826 4638 proti-

247 4684 346 4722 nus
374 4666 534 4720 amici
563 4666 910 4730 conveniunt,
942 4665 1158 4719 litterati
1187 4665 1410 4719 clientes
1444 4671 1731 4724 vocantur,
1776 4666 1832 4714 ct

245 4758 312 4812 de
341 4773 503 4813 causa
536 4757 656 4809 vita:
687 4757 968 4811 consilium
1012 4771 1042 4808 a
1086 4753 1386 4810 fautoribus
1418 4754 1606 4807 mortis
1632 4752 1831 4821 qnzeri-

251 4848 489 4916 tur:qui
540 4847 665 4901 dum
716 4863 823 4901 non
855 4855 937 4914 te,
967 4847 1060 4901 sed
1106 4862 1192 4901 res
1241 4854 1359 4901 tuas
1399 4845 1642 4912 diligunt,
1687 4843 1832 4898 nu'la

247 4941 362 5004 tibi,
395 4939 499 4993 nisi
530 4954 647 5007 qua:
676 4938 743 4992 ad
775 4947 982 5007 tempus
1008 4938 1276 5007 placeant,
1317 4936 1628 5005 loquuntur.
1674 4933 1831 4987 Tales

251 5034 392 5090 enim
425 5032 663 5096 fuerunt,
693 5031 829 5085 sient
858 5030 972 5100 ip~e
1001 5029 1380 5096 reminisceris,
1409 5027 1609 5082 dudutn
1657 5027 1831 5081 consi-

245 5125 409 5185 liarii,
440 5124 609 5194 quite
634 5122 700 5175 ad
733 5123 867 5176 tanti
891 5121 1095 5176 facinus
1121 5120 1489 5191 perduxerunt
1515 5117 1715 5172 delicti.
1749 5120 1830 5181 Et,

251 5231 309 5274 ttt
337 5221 431 5274 tibi
470 5219 672 5285 aliquid
701 5218 973 5272 sateularis
1000 5216 1234 5273 auctoris
1276 5216 1467 5284 loquar
1496 5212 1723 5283 (Seneca
1751 5227 1834 5282 ep.

249 5312 340 5378 5),
371 5327 498 5365 cum
547 5311 734 5365 amicis
763 5311 944 5364 omnia
973 5309 1250 5366 tractanda
1282 5317 1428 5373 sunt,
1451 5308 1546 5364 sed
1591 5306 1736 5375 prius
1770 5304 1838 5358 de

249 5401 400 5470 ipsis.
451 5401 511 5457 Si
560 5418 690 5457 vero
742 5403 792 5455 in
842 5417 1000 5456 causa
1043 5411 1130 5457 tua
1170 5403 1442 5456 hom’nem
1472 5399 1838 5454 consiliarium

247 5494 470 5559 quieris,
519 5492 887 5558 consiliarium
939 5508 1069 5560 rogo
1113 5508 1198 5546 tne
1235 5493 1466 5561 suscipe.
1518 5490 1702 5544 Nullus
1748 5488 1840 5542 tibi

250 5579 465 5635 ﬁdelior
492 5596 614 5635 esse
643 5577 713 5634 ad
744 5578 1025 5634 consilium
1056 5588 1248 5648 potest,
1281 5595 1441 5648 quam
1469 5580 1560 5649 qui
1592 5593 1697 5633 non
1731 5585 1842 5640 tua,

255 5670 354 5724 sed
382 5681 431 5728 te
463 5672 653 5740 diligit.
686 5691 703 5725 ›
743 5674 758 5729 l
786 5671 977 5743 Iidgisl.
1017 5671 1107 5724 lib.
1143 5686 1178 5736 t,
1211 5689 1293 5737 cp.
1327 5669 1456 5736 51.)

1930 4571 2113 4626 venire
2137 4568 2455 4637 nequiverit.
2485 4568 2598 4636 ipse
2627 4575 2800 4620 tamen
2821 4574 3020 4620 sanctae.
3047 4564 3296 4618 Ecclesim
3326 4564 3515 4615 unitati

1931 4662 2310 4718 communicet.
2344 4660 2548 4712 Bonum
2578 4659 2721 4711 enim
2752 4659 2920 4711 virum
2959 4656 3118 4710 audio
3147 4697 3160 4717 ,
3211 4656 3255 4708 si
3300 4655 3520 4725 pessimi

1935 4770 2041 4807 non
2073 4761 2216 4806 esset
2244 4751 2460 4805 erroris.
2493 4769 2511 4800 ι
2549 4756 2562 4812 l
2590 4748 2788 4818 Regist.
2821 4747 2858 4801 ι.
2891 4763 2965 4809 tx,
2997 4763 3077 4815 ep.
3111 4745 3200 4813 9.)

2006 4842 2095 4897 45.
2140 4844 2267 4895 ltem
2300 4841 2524 4903 Sereno,
2557 4837 2889 4891 Massilitano
2918 4837 3188 4904 episcopo,
3228 4842 3347 4902 post
3379 4835 3515 4887 ntul-

1940 4942 1995 4989 ta
2027 4951 2041 4989 :
2075 4953 2093 4985 ι
2125 4933 2374 4986 Pervenit
2418 4931 2482 4983 ad
2529 4944 2644 4992 me,
2697 4927 2843 4994 quod
2893 4926 3109 4980 dilectio
3156 4934 3245 4977 tua
3296 4924 3526 4977 libenter

1940 5027 2112 5082 malos
2137 5024 2380 5077 homines
2403 5022 2453 5074 in
2476 5019 2735 5073 societate
2763 5033 2860 5071 sua
2913 5016 2998 5069 vel
3027 5014 3251 5068 consilio
3278 5013 3520 5082 recipiat,

1941 5119 2078 5174 adeo
2101 5126 2162 5170 ut
2182 5113 2549 5184 ptcsbyterum
2579 5107 2882 5178 quemdam,
2906 5105 3017 5173 qui,
3041 5113 3319 5173 postquam
3344 5105 3525 5173 lapsus

1942 5218 2046 5271 est,
2094 5215 2151 5259 et
2198 5206 2247 5258 in
2298 5217 2408 5256 suae
2456 5201 2632 5253 adhuc
2661 5198 2857 5251 dicitur
2886 5195 3180 5250 ini.uitatis
3229 5196 3526 5264 pollutione

1944 5318 1994 5355 νι
2013 5299 2168 5365 rsari,
2197 5296 2321 5349 fami
2345 5295 2508 5348 iarent
2531 5291 2745 5344 habeat.
2778 5286 2931 5353 Quod
2959 5286 3175 5354 quidem
3199 5302 3296 5339 nos
3319 5303 3382 5339 ex
3411 5293 3529 5339 toto

1946 5405 2052 5443 non
2081 5387 2377 5448 credimus,
2430 5381 2551 5449 quia
2581 5378 2670 5448 qui
2703 5386 2752 5430 ta
2779 5394 2864 5430 etn
2911 5376 3099 5445 tecipit
3123 5416 3139 5441 ,
3185 5374 3386 5428 scelera
3419 5389 3526 5428 non

1944 5477 2204 5548 corrigit,
2253 5475 2347 5528 sed
2394 5470 2563 5538 magis
2611 5467 2729 5521 aliis
2771 5469 2898 5520 talia
2945 5463 3288 5534 perpetrandi
3318 5464 3526 5518 videtur

1941 5572 2073 5625 dare
2119 5569 2407 5621 licentiam.
2437 5562 2564 5625 Sed,
2598 5576 2666 5614 ne
2695 5559 2832 5613 forte
2858 5558 3035 5626 aliqua
3066 5554 3160 5610 tibi
3190 5555 3527 5624 surreptione

1945 5664 2029 5720 vel
2057 5657 2502 5720 dissimulatione,
2526 5664 2582 5709 ut
2626 5670 2653 5708 a
2704 5664 2756 5708 te
2803 5652 3138 5724 reciperetur
3164 5660 3326 5722 atque
3355 5648 3531 5704 adhuc
