4018 6326
561 265 660 322 15⁵5

1078 267 1136 322 S.
1176 264 1498 322 GREGORI-l
1540 264 1740 321 PAP/E
1783 265 1964 324 VITA,
2007 263 2328 319 AUCTORE
2365 265 2619 321 JOANNE
2667 265 2980 321 DIACONU.
3025 264 3147 320 LIB.
3197 266 3280 318 Ill.

3730 265 3833 323 μ’ἱῦ

555 381 844 437 haberetur
871 386 1053 447 gratus
1077 379 1331 445 suaserit,
1363 393 1470 431 non
1498 375 1672 430 solum
1700 375 1843 428 hunc
1872 389 1902 426 a
1936 385 1986 426 te
2018 377 2133 428 lon-
2163 379 2210 433 Α
2239 384 2446 429 stanter
2468 376 2610 441 novi,
2636 391 2780 444 quia,
2815 383 2868 428 et
2889 375 2934 429 si
2962 391 3122 444 quam
3149 375 3226 428 rel
3248 390 3310 427 us
3334 375 3562 445 publicis
3591 376 3834 432 fraudem

552 474 672 539 gius
699 472 986 542 expellere,
1019 487 1204 524 verum
1228 471 1389 524 etiam
1411 481 1664 521 excessus
1693 466 1856 534 ip~ius
1885 468 2137 520 sacerdo-

553 553 646 618 tali
690 573 744 618 te
786 563 902 618 zelo
932 563 1106 617 modis
1133 561 1382 615 erunibus
1411 558 1664 612 convenit
1694 571 1970 619 resecare;
2004 557 2138 611 alios

550 669 700 718 vero,
751 651 844 724 qui
889 651 1036 722 pravi
1067 665 1185 704 esse
1214 654 1599 706 memorantur.
1633 655 1854 714 paterna
1883 645 2139 699 adhorta-

553 744 698 797 tione
726 758 757 796 a
787 758 882 797 sua
913 741 1176 810 pravitate
1207 753 1492 807 compesce
1515 776 1530 800 ,
1583 747 1637 790 et
1685 736 1756 790 ad
1800 736 1938 790 viam
1981 737 2138 792 stude

551 833 885 888 rectitudinis
912 845 1188 886 revocare.
1221 830 1376 896 Quod
1423 829 1496 893 si,
1546 829 1692 898 quod
1721 829 1883 894 absit,
1934 830 2138 884 salubri

548 923 756 976 monitu
786 937 881 976 eos
909 921 1107 974 videris
1136 921 1189 974 in
1217 920 1365 974 nullo
1392 920 1676 988 prolicere,
1708 927 1764 973 et
1791 919 1891 973 hos
1918 934 2137 988 quoque

546 1011 759 1067 curabis
787 1027 817 1064 a
849 1019 901 1064 te
933 1010 1118 1079 procul
1153 1011 1406 1078 abjicerc,
1441 1025 1506 1063 ne
1535 1010 1826 1078 pravitates
1853 1024 2038 1063 eorum
2067 1025 2136 1065 ex

553 1115 622 1158 eo
651 1101 795 1170 quod
825 1101 1160 1170 recipiuntur
1187 1101 1470 1169 displicere
1499 1099 1718 1153 minime
1744 1099 2044 1161 videantur.
2081 1110 2137 1156 et

544 1206 650 1246 non
697 1192 870 1246 solmn
918 1191 1018 1260 ipsi
1068 1190 1400 1244 inemendati
1433 1197 1778 1251 remaneant,
1829 1189 1922 1242 sed
1971 1191 2132 1244 etiam

542 1297 731 1337 eorum
780 1282 1091 1352 reccptione
1137 1280 1228 1334 alii
1273 1289 1706 1350 corrumpantur.
1758 1278 1821 1332 Et
1849 1280 2131 1335 considera

543 1390 708 1443 quam
736 1383 792 1427 et
819 1374 1126 1428 hominibus
1179 1373 1483 1427 execrabile
1513 1380 1569 1425 et.
1611 1371 1976 1440 periculosum
2006 1381 2132 1427 ante

545 1467 640 1522 Dei
670 1467 740 1521 sit
768 1467 976 1530 oculos,
1007 1466 1050 1519 si
1081 1481 1178 1534 per
1205 1480 1329 1519 eum
1361 1480 1389 1517 a
1420 1480 1526 1532 quo
1569 1463 1848 1532 plectentia
1877 1473 2004 1516 sunt
2027 1463 2130 1517 eri-

539 1558 706 1623 mina,
737 1557 929 1610 nutriri
957 1556 1081 1610 vitia
1103 1556 1402 1609 videantur.
1429 1554 1552 1608 Ηωε
1575 1554 1754 1622 igitur,
1785 1550 2130 1609 dilectissime

539 1647 722 1712 frater,
751 1647 1036 1715 diligenter
1065 1645 1300 1709 attende,
1341 1652 1395 1698 et
1426 1644 1496 1696 ita
1527 1657 1689 1709 agere
1715 1643 1891 1707 stude,
1922 1652 1981 1696 ut
2006 1657 2128 1712 pra—

2245 466 2390 529 fecit.
2421 468 2722 520 substantia
2753 467 2868 534 ejus
2895 465 3024 520 caedi
3055 466 3261 529 debuit,
3294 483 3396 519 non
3429 467 3664 522 libertas.
3697 469 3835 526 Nam

2243 557 2294 608 in
2325 557 2427 610 hoc
2456 557 2602 624 quod
2634 558 2788 610 liberi
2835 558 3080 612 homines
3106 557 3385 612 creduntur
3417 559 3502 613 vel
3549 561 3838 617 includun-

2241 653 2347 708 tur,
2379 653 2439 696 ut
2466 652 2671 699 taceam
2701 645 2844 713 quod
2873 646 3214 714 omnipotens
3248 647 3388 702 Deus
3419 647 3734 717 offenditur,
3776 661 3836 706 ut

2241 742 2449 789 taceam
2499 733 2644 801 quod
2691 745 2870 790 vestra
2915 736 3100 804 Opinio
3150 738 3499 795 vehementer
3542 749 3831 808 gravatur,

2241 825 2465 895 piissimi
2507 833 2687 880 tamen
2731 827 3074 897 imperatoris
3122 831 3291 884 nostri
3335 832 3557 887 omnino
3587 841 3835 905 tempora

2238 914 2534 970 fuscantur.
2564 915 2680 970 Hoc
2706 916 2848 970 enim
2880 917 3022 972 inter
3051 933 3204 987 reges
3247 919 3486 987 gentium
3512 930 3569 976 et
3598 923 3836 994 impera-

2239 1018 2384 1064 tores
2415 1011 2782 1064 ltomanorum
2810 1010 2992 1078 distat,
3022 1011 3167 1079 quod
3198 1025 3352 1079 reges
3377 1013 3616 1080 gentium
3647 1014 3835 1072 Domi-

2238 1102 2291 1156 ni
2319 1116 2593 1155 servorum
2636 1108 2763 1154 sunt
2783 1141 2798 1166 ,
2846 1101 3141 1170 imperator
3167 1116 3299 1156 vero
3333 1102 3702 1159 Romanorum
3732 1105 3832 1160 do-

2236 1191 2413 1244 minus
2439 1189 2752 1244 liberorum.
2788 1186 2935 1244 Unde
2960 1198 3017 1244 et
3045 1205 3142 1244 vos
3169 1191 3431 1260 quidquid
3460 1193 3638 1262 agitis,
3683 1195 3832 1264 prius

2235 1280 2451 1346 quidem
2481 1285 2692 1333 servata
2719 1277 2947 1346 justitia,
2977 1277 3170 1332 deinde
3199 1279 3467 1334 custodita
3497 1295 3598 1350 per
3642 1283 3828 1338 omnia

2234 1370 2510 1435 libertate,
2555 1383 2717 1438 agere
2763 1370 2990 1424 debetis.
3033 1369 3302 1440 Scriptum
3343 1381 3428 1426 est
3457 1374 3599 1427 enim
3631 1392 3645 1429 :
3676 1373 3828 1439 Quod

2232 1463 2322 1518 tibi
2352 1481 2454 1518 non
2482 1466 2553 1518 vis
2601 1466 2738 1533 ﬁeri,
2771 1465 2882 1517 vide
2909 1482 2973 1520 ne
3002 1466 3154 1517 alteri
3185 1467 3351 1535 facias
3383 1465 3541 1533 (Tob.
3575 1484 3628 1522 tv
3652 1510 3668 1535 ,
3701 1469 3823 1537 16).

2231 1552 2298 1607 Ει
2327 1570 2421 1623 per
2459 1555 2802 1622 semetipsam
2833 1555 3042 1609 Veritas
3089 1555 3220 1609 dicit
3247 1573 3259 1607 :
3295 1554 3425 1619 Qua:
3473 1558 3627 1611 vultis
3654 1569 3709 1610 ut
3737 1561 3824 1628 [a-

2231 1647 2374 1698 ciant
2403 1645 2540 1700 robis
2571 1647 2803 1701 homines
2829 1686 2843 1710 ,
2875 1657 2924 1701 et
2954 1664 3038 1701 vos
3069 1649 3248 1700 eadem
3276 1651 3433 1719 facile
3459 1651 3564 1704 illis
3595 1651 3817 1720 (Matth.

534 1754 631 1792 vos
673 1738 962 1791 salubriter
990 1737 1227 1804 corrigas
1253 1774 1268 1798 ,
1319 1743 1374 1788 et
1423 1734 1732 1788 scandalum
1762 1734 1829 1788 de
1858 1734 2122 1787 malorum
2158 1745 2201 1803 Β
2229 1750 2323 1800 vn,
2353 1735 2470 1804 12).
2505 1734 2560 1788 lu
2591 1735 2836 1789 libertate
2866 1749 2996 1804 ergo
3025 1751 3213 1790 eorum
3243 1737 3335 1804 qui
3360 1738 3512 1791 vobis
3541 1738 3595 1791 in
3622 1738 3821 1800 discus-

532 1829 830 1893 societate,
883 1826 1112 1882 filiorum
1161 1835 1378 1880 tuorum
1424 1826 1616 1880 animis
1666 1841 1772 1879 non
1822 1825 2059 1880 inducas.
2092 1845 2113 1878 ι

533 1919 767 1989 (Regist.
800 1917 889 1972 lib.
920 1934 996 1983 ιι,
1028 1935 1110 1988 ep.
1143 1916 1261 1987 15.)

602 2011 690 2064 Mi.
732 2011 838 2063 Pro
887 2010 1044 2064 unius
1090 2010 1246 2078 culpa
1292 2009 1549 2062 vindicari
1587 2008 1748 2063 alium
1790 2007 2119 2063 rectissimus

528 2103 685 2171 iudex
717 2101 1010 2169 Gregorius
1040 2102 1258 2154 minime
1288 2101 1651 2169 permittebat.
1686 2100 1920 2168 Ideoque
1948 2099 2116 2154 Gudi-

528 2195 732 2260 scalco,
767 2194 889 2248 duci
918 2191 1245 2261 Campaniaz,
1278 2193 1539 2256 scribens,
1571 2194 1684 2246 ait:
1719 2213 1736 2244 ‹
1765 2192 1856 2246 llla
1904 2209 2118 2262 [mepe-

526 2285 752 2340 silorum
781 2283 1083 2337 sollicitudo
1128 2282 1296 2348 utilis,
1337 2282 1426 2335 illa
1457 2291 1540 2337 est.
1569 2284 1779 2337 cautela
1813 2284 2112 2349 laudab‘lis,

527 2375 580 2427 in
610 2389 716 2442 qua
746 2380 917 2427 totum
949 2373 1086 2428 rafio
1120 2373 1266 2441 agit,
1313 2380 1367 2427 et
1394 2373 1542 2427 furor
1569 2373 1670 2427 sibi
1699 2373 1831 2427 nihil
1857 2374 2114 2430 vindicat.

526 2466 916 2534 Restringenda
944 2482 1072 2534 ergo
1098 2469 1195 2521 sub
1217 2467 1429 2522 ratione
1456 2476 1693 2536 potestas
1716 2479 1817 2530 est.
1843 2485 1941 2524 nec
1961 2470 2117 2534 quid-

526 2573 687 2627 quam
714 2557 975 2625 agendum
1007 2559 1153 2627 prius
1176 2575 1338 2628 quam
1361 2560 1629 2614 concitata
1659 2561 1727 2614 ad
1760 2561 2118 2629 tranquillita-

525 2655 638 2700 tem
687 2664 836 2702 mens
882 2649 1086 2702 redeat.
1118 2649 1250 2702 Nam
1296 2651 1674 2704 connnotionis
1704 2659 1947 2720 tempore
1975 2691 1990 2716 ,
2027 2651 2115 2720 ju-

523 2748 666 2794 stum
693 2755 852 2794 omne
881 2749 1033 2808 putat
1058 2740 1136 2793 ira
1157 2741 1302 2808 quod
1331 2739 1536 2795 fecerit.
1563 2740 1813 2796 Pervenit
1842 2742 2022 2812 itaque
2045 2742 2114 2796 ad

523 2844 622 2884 nos
660 2828 1083 2896 magnitudinem
1128 2837 1276 2883 tuam
1316 2845 1485 2899 usque
1523 2830 1589 2883 ad
1628 2831 1730 2886 hoc
1759 2847 1879 2886 esse
1908 2832 2110 2901 impetu

518 2921 714 2975 furoris
744 2921 1047 2990 impulsam,
1080 2927 1141 2973 ut
1171 2936 1278 2974 non
1305 2921 1478 2975 solum
1509 2921 1677 2989 frangi
1704 2921 1897 2996 januas
1924 2939 2112 2976 mona-

518 3012 664 3068 sterii
696 3011 864 3066 sancti
895 3010 1213 3079 Archangeli
1240 3052 1255 3077 ,
1306 3026 1490 3065 verum
1533 3011 1696 3064 etiam
1729 3012 1885 3080 diripi
1916 3011 2112 3065 exinde

518 3101 664 3168 quod
714 3101 788 3154 ibi
839 3100 1113 3152 inventum
1155 3107 1239 3153 est
1284 3099 1494 3153 feceris.
1539 3099 1762 3168 Insuper
1803 3110 1984 3153 autem
2031 3101 2110 3155 sic
2140 3121 2180 3179 ρ

518 3199 705 3244 contra
728 3189 975 3242 abbatem
998 3188 1237 3255 ejusdem
1261 3188 1575 3242 monasterii
1605 3188 1800 3242 diceris
1821 3189 2103 3255 exarsisse,

519 3290 578 3334 ut
605 3280 706 3334 nisi
735 3279 1013 3333 occultans
1037 3295 1095 3333 se
1121 3278 1411 3332 iracundia:
1441 3287 1544 3332 tua:
1573 3287 1815 3346 tempore
1845 3279 2104 3344 latuisset,

520 3385 629 3424 non
678 3367 795 3422 leve
837 3367 1122 3421 discrimen
1168 3367 1512 3432 incurrisset;
1561 3367 1822 3435 denique,
1865 3378 1923 3422 ut
1963 3377 2106 3424 metu

519 3469 614 3512 tuo
656 3457 994 3526 perterritus,
1018 3456 1085 3512 de
1106 3457 1268 3511 domo
1317 3457 1370 3510 in
1416 3472 1520 3524 qua
1549 3472 1607 3512 se
1635 3458 1761 3510 olim
1804 3469 2103 3528 receperat,

516 3547 662 3599 exire
690 3546 964 3614 hucusque
993 3562 1097 3600 non
1130 3545 1346 3600 audeat.
1379 3545 1532 3612 Quod
1579 3563 1646 3602 ne
1690 3547 1883 3602 frustra
1914 3551 2105 3605 fecisse

515 3639 738 3692 forsitan
788 3637 1050 3693 videreris
1079 3679 1094 3703 ,
1143 3637 1320 3707 fugam
1375 3641 1622 3694 monachi
1676 3641 1848 3710 ipsius
1898 3644 1989 3710 qui
2037 3645 2106 3698 ad

516 3730 698 3783 hostes
728 3730 896 3792 abiit,
939 3729 1005 3784 ad
1046 3729 1166 3798 ejus
1195 3739 1453 3800 quantum
1486 3731 1553 3784 ad
1585 3746 1684 3786 nos
1724 3733 1988 3800 perlatum
2023 3741 2108 3788 est

515 3819 716 3874 Crimen
749 3820 1017 3890 impingis,
1052 3835 1297 3875 asserens
1318 3822 1460 3891 quod
1489 3823 1626 3876 illius
1652 3824 1928 3879 voluntate
1957 3823 2105 3893 fuge-

514 3912 602 3965 rit.
637 3911 788 3977 Quod
836 3914 878 3965 si
928 3911 998 3964 ita
1047 3922 1148 3976 est,
1184 3913 1584 3978 contristamur,
1617 3921 1673 3967 et
1699 3913 1856 3967 vahle
1893 3915 2106 3983 sapien-

515 4005 642 4058 tiam
683 4013 911 4058 vestram
957 4004 1234 4057 miramur.
1273 4004 1405 4058 Nam
1454 4005 1500 4058 si
1543 4005 1745 4059 licitum
1784 4008 2002 4074 putatis,
2044 4014 2106 4059 ut

518 4094 746 4147 aliorum
797 4095 952 4163 culpa
1001 4095 1120 4148 aliis
1169 4094 1240 4148 sit
1291 4095 1498 4156 nociva,
1530 4095 1683 4148 multi
1726 4095 1850 4150 huic
1878 4105 2106 4164 possunt.

515 4185 724 4238 crimini
755 4185 1056 4253 subjacere.
1093 4185 1433 4240 Diversarum
1474 4185 1615 4239 enim
1651 4185 1911 4238 nobilium
1940 4187 2103 4252 servi,

517 4276 806 4328 multarum
831 4275 1180 4328 ecclesiarum
1212 4277 1362 4345 107
1388 4275 1588 4342 clerici,
1612 4274 1946 4329 diversorum
1987 4292 2106 4331 mo-

516 4363 875 4418 nasteriorum
926 4365 1214 4429 monachi,
1258 4369 1545 4418 muﬁtorum
1579 4364 1823 4432 judicum
1860 4366 2105 4422 homines

2219 1826 2430 1879 sionem
2462 1825 2732 1881 commissi
2763 1835 2910 1893 sunt,
2939 1836 3173 1881 vestram
3205 1827 3510 1895 specialiter
3536 1831 3821 1885 attendere

2217 1914 2425 1968 debetis
2451 1931 2464 1966 :
2490 1921 2547 1968 et
2575 1914 2618 1968 si
2651 1903 2750 1983 ipsi
2779 1931 2811 1969 a
2841 1914 3135 1982 majoribus
3161 1917 3353 1970 vestris
3383 1916 3621 1986 injuriari
3649 1919 3816 1973 liber-

2217 2013 2382 2058 tatem
2432 2012 2667 2058 vestram
2715 2021 2821 2059 non
2855 2007 3048 2071 vultis,
3098 2005 3460 2075 subjectorum
3507 2018 3816 2063 vestrorum

2217 2094 2523 2148 libertatem
2575 2096 2894 2149 honorando
2941 2095 3228 2150 custodite.
3279 2095 3489 2151 Scimus
3527 2097 3674 2151 enim
3720 2099 3816 2166 qui

2215 2184 2350 2238 dixit
2374 2202 2384 2236 :
2411 2183 2604 2238 Cretum
2627 2196 2677 2238 et
2701 2197 2841 2239 terra
2866 2187 3177 2252 transibunt,
3205 2187 3354 2240 verba
3381 2197 3548 2241 autem
3573 2205 3689 2242 mea
3710 2206 3815 2242 non

2218 2274 2504 2328 transibunt
2547 2275 2772 2345 (Mauh.
2801 2291 2954 2341 xxiv,
2989 2274 3113 2346 55).
3157 2276 3320 2345 Cujus
3349 2279 3470 2347 quia
3510 2278 3674 2333 verba
3705 2295 3812 2332 non

2217 2373 2514 2427 transeunt,
2543 2367 2636 2420 sed
2670 2382 2767 2434 per
2792 2368 2969 2421 omnia
3000 2367 3312 2436 implentur,
3337 2376 3640 2423 metuamus
3667 2370 3811 2438 quod

2216 2456 2410 2510 iterum
2434 2457 2562 2511 dicit
2588 2475 2600 2510 :
2630 2457 2695 2510 In
2721 2476 2822 2528 qua
2848 2475 3090 2512 mensura
3114 2461 3277 2512 mensi
3303 2459 3525 2529 fueritis,
3545 2461 3599 2512 in
3622 2477 3685 2512 ea
3715 2477 3801 2513 re—

2217 2549 2452 2600 ntetietur
2479 2549 2618 2602 vobis
2649 2548 2870 2619 (Matth.
2905 2565 2995 2613 vn,
3026 2548 3102 2619 9.).
3138 2550 3272 2616 Quid
3301 2558 3480 2604 autem
3509 2551 3682 2618 gloria
3715 2565 3807 2606 ve-

2215 2647 2326 2694 stra
2355 2640 2649 2708 existimat,
2678 2641 2802 2709 quia
2830 2641 2876 2695 si
2903 2642 3158 2710 superbe,
3192 2641 3235 2695 si
3265 2640 3553 2695 crudeliter
3574 2642 3805 2709 agimus,

2215 2732 2472 2801 despecto
2503 2733 2634 2799 Deo,
2666 2735 2820 2788 nobis
2862 2735 3132 2789 hominem
3165 2735 3472 2804 placamus?
3501 2734 3660 2789 Nullo
3688 2752 3810 2791 nte-

2216 2824 2304 2878 do.
2333 2823 2464 2878 Nam
2497 2824 2610 2893 ipse
2638 2825 2727 2891 qui
2755 2826 3068 2894 despicitur,
3101 2841 3222 2880 eum
3254 2834 3442 2880 contra
3490 2841 3609 2889 nos,
3643 2841 3810 2894 quem

2215 2919 2470 2989 despecto
2495 2918 2606 2975 Deo
2635 2921 2848 2989 placare
2874 2921 3141 2987 volumus,
3171 2921 3361 2974 irritat.
3384 2919 3648 2974 Curemus
3677 2933 3811 2989 ergo

2216 3023 2313 3076 per
2357 3008 2536 3061 omnia
2567 3009 2780 3077 placare
2809 3008 2998 3064 Deum.
3051 3009 3144 3076 qui
3174 3018 3362 3076 potens
3412 3017 3494 3063 est
3536 3017 3593 3062 et
3640 3007 3811 3062 iratos

2217 3097 2462 3152 homines
2508 3097 2575 3151 ad
2613 3098 3076 3151 mansuetudinem
3123 3098 3406 3153 reducere.
3456 3099 3634 3164 Nam,
3664 3099 3811 3154 sicut

2213 3188 2356 3253 dixi,
2386 3188 2550 3242 etiam
2579 3188 2846 3241 mansueti
2891 3187 3165 3251 homines,
3198 3187 3514 3254 indignante
3544 3187 3660 3242 Deo
3683 3228 3699 3254 ,
3738 3189 3809 3241 ad

2212 3278 2540 3333 iracundiam
2569 3287 2948 3348 provocamur.
2982 3277 3039 3331 Si
3069 3286 3248 3330 aut-'m
3277 3277 3490 3340 dicitur,
3530 3278 3657 3345 quia
3685 3279 3810 3332 sine

2208 3369 2524 3423 verberibus
2555 3377 2715 3437 atque
2745 3368 3041 3422 terroribus
3068 3367 3282 3422 fraudes
3315 3369 3539 3438 publica:
3569 3371 3807 3426 inveniri

2210 3476 2316 3514 non
2346 3469 2590 3530 possunt,
2620 3462 2724 3515 hoc
2752 3460 3036 3513 admittere
3062 3467 3331 3528 poteram,
3383 3460 3427 3513 si
3476 3462 3528 3514 in
3576 3462 3806 3516 ratioci-

2209 3553 2420 3606 niorum
2469 3567 2632 3606 causa
2680 3552 2910 3606 domnus
2953 3552 3210 3605 Leontius
3242 3568 3348 3605 non
3378 3552 3631 3606 venisset.
3664 3552 3804 3606 Nam

2206 3659 2394 3698 verum
2431 3653 2514 3698 est
2556 3645 2682 3712 quia
2714 3644 2789 3697 illi
2820 3644 2998 3698 solent
3025 3645 3269 3698 manibus
3297 3644 3580 3711 excedere,
3621 3646 3711 3713 qui
3743 3645 3802 3699 in

2207 3748 2367 3788 sensu
2397 3743 2452 3787 et
2478 3733 2654 3800 lingua
2687 3732 2964 3787 delicium.
2990 3751 3009 3784 ι
3065 3731 3300 3802 (Regist.
3347 3733 3436 3786 lib.
3469 3749 3520 3797 x,
3553 3749 3636 3802 ep.
3671 3731 3800 3803 51.)

2279 3822 2370 3878 48.
2410 3823 2736 3878 Cunctorum
2761 3822 3000 3892 judicum
3045 3823 3404 3892 cupiditates,
3455 3823 3539 3876 vel
3584 3822 3798 3877 scelera

2207 3911 2498 3981 Gregorius
2539 3913 2692 3981 quasi
2738 3927 2891 3967 eamo
2923 3915 3183 3983 frenoque
3212 3913 3470 3982 pontificii
3502 3913 3621 3978 sui,
3662 3915 3797 3968 valio

2207 4002 2439 4058 dissimis
2477 4004 2886 4065 auctoritatibus
2925 4005 3309 4072 restringebat,
3350 4015 3400 4059 et
3431 4007 3474 4058 si
3504 4021 3644 4073 quos
3679 4007 3796 4059 dul-

2207 4096 2342 4150 citer
2369 4111 2399 4148 a
2431 4094 2694 4164 pravitate
2731 4095 3001 4164 corrigere
3029 4109 3137 4148 non
3168 4095 3420 4159 valebat,
3469 4095 3794 4164 scriptorum

2207 4200 2426 4239 suorum
2457 4185 2921 4252 redargutionibus
2967 4185 3293 4253 publicabat.
3346 4184 3494 4240 Unde
3523 4185 3790 4250 Ilonmno,

2205 4276 2442 4330 exarcho
2467 4274 2648 4339 Italia},
2678 4275 2932 4329 residenti
2962 4274 3247 4340 Ravennae,
3276 4276 3480 4339 scribit,
3507 4276 3793 4344 inquiens:

2217 4385 2234 4416 ι
2257 4365 2413 4435 Apud
2437 4367 2812 4422 excellentiam
2836 4376 3089 4434 vestram,
3117 4385 3402 4438 pravorum
3426 4370 3648 4424 audacia
3673 4386 3790 4425 cor-

515 4469 663 4522 smpe
691 4467 751 4508 se
779 4453 1025 4508 hostibus
1055 4454 1408 4509 tradiderunt.
1459 4454 1599 4523 Ergo
1625 4456 1669 4510 si
1699 4457 1802 4510 hoc
1845 4457 2101 4520 creditur,
2135 4491 2179 4546 ι)
2211 4458 2470 4527 reptionis
2492 4460 2653 4512 debet
2677 4459 2895 4514 aculeos
2918 4460 3087 4528 magis
3115 4475 3274 4528 quam
3300 4460 3626 4516 defensionis
3654 4463 3792 4516 inve-

516 4559 792 4598 servorum
821 4545 1008 4612 utique
1048 4544 1284 4612 domini,
1335 4545 1651 4600 clericorum
1679 4547 1937 4616 episcopi,
1979 4563 2099 4601 mo-

519 4638 814 4692 nachorum
851 4637 1104 4704 abbates,
1156 4639 1489 4694 diversorum
1539 4640 1808 4708 fugacium
1857 4641 2096 4710 judices,

519 4742 707 4783 omnes
735 4728 832 4783 sub
861 4729 1016 4798 culpa
1041 4738 1166 4785 sunt
1187 4739 1242 4784 et
1261 4731 1489 4786 crimine
1514 4731 1811 4785 constituti.
1851 4731 2100 4801 Nunquid

518 4832 572 4878 et
599 4823 788 4878 diebus
831 4824 1210 4890 magnitudinis
1242 4833 1344 4878 tuae
1375 4825 1524 4879 multi
1563 4825 1629 4880 de
1668 4827 1885 4881 civitate
1914 4827 1965 4880 in
1995 4842 2099 4893 qua

518 4916 768 4971 consistis
797 4916 863 4968 ad
905 4914 1379 4984 Langobardorum
1420 4917 1618 4973 milites
1657 4917 1777 4986 fuga
1818 4935 1925 4972 non
1969 4919 2102 4988 lapsi

515 5009 674 5062 sunt?
723 5005 786 5061 Et
828 5007 950 5075 quis
998 5016 1156 5062 tanta:
1204 5007 1597 5063 iudiseretionis
1626 5016 1898 5078 tantmque
1935 5011 2102 5079 possit

515 5097 758 5152 stultitia:
787 5099 1028 5166 reperiri,
1062 5107 1123 5153 ut
1163 5113 1352 5154 eorum
1386 5100 1724 5168 iniquitatem
1754 5102 1845 5156 tibi
1873 5105 2100 5158 aestimet

515 5189 928 5256 applicandam?
956 5209 974 5241 ι
1009 5189 1154 5260 (Lib.
1184 5207 1236 5255 x,
1271 5207 1352 5260 ep.
1386 5190 1506 5260 ll.)

589 5278 679 5332 47.
722 5277 1047 5336 Libertatem
1078 5283 1494 5351 uniuscujusque
1543 5282 1773 5336 hominis
1809 5281 2099 5350 Gregodus

517 5369 965 5438 contraijudicum
998 5371 1313 5426 insolentias
1344 5372 1527 5426 liberis
1577 5371 1923 5426 nihilominus
1958 5373 2102 5427 voci-

516 5457 618 5511 bus
663 5458 1003 5514 defendebat.
1043 5461 1199 5516 Unde
1245 5462 1493 5527 Leontio,
1524 5462 1824 5527 exeonsuli,
1853 5471 1972 5532 post
1999 5463 2099 5516 ali-

515 5559 640 5613 qua,
669 5549 926 5615 scribens,
956 5553 1032 5604 ait
1056 5568 1069 5603 :
1109 5571 1127 5602 ‹
1157 5551 1212 5605 Si
1244 5552 1548 5606 [.ibertinus
1577 5552 1628 5605 in
1657 5553 1754 5606 ista
1782 5568 1941 5607 causa
1968 5569 2098 5608 cau-

517 5637 678 5691 tionis
706 5640 987 5708 culpabilis
1017 5643 1307 5708 invenitur,
1333 5643 1399 5696 de
1429 5644 1544 5698 aliis
1569 5643 1744 5698 causis
1768 5643 1897 5712 quid
1921 5659 2016 5713 pro
2041 5662 2100 5700 se

515 5723 729 5794 alleget,
780 5732 1186 5786 nescio:un‘.un
1218 5739 1396 5788 tamen
1445 5732 1548 5789 hoc
1586 5733 1723 5790 bene
1770 5742 1931 5803 atque
1978 5749 2104 5790 con-

2211 4547 2325 4601 nire
2363 4548 2636 4602 solatium.
2667 4547 2798 4601 Nam
2829 4549 2958 4602 satis
2985 4563 3148 4617 grave
3191 4559 3276 4605 est
3304 4561 3361 4605 ut
3389 4553 3665 4618 contingat
3687 4553 3792 4607 illic

2208 4638 2407 4692 habere
2437 4653 2656 4707 pravam
2685 4639 2959 4692 actionem
2987 4639 3247 4708 refugium
3270 4680 3286 4706 ,
3335 4641 3472 4696 unde
3501 4642 3792 4711 disciplima

2209 4729 2367 4785 decet
2412 4729 2628 4799 prodire
2672 4731 2829 4799 108
2866 4745 3168 4785 censuram.
3209 4732 3461 4787 Pervenit
3506 4734 3687 4802 itaque
3725 4733 3790 4788 ad

2209 4839 2307 4878 nos
2335 4824 2648 4891 Speciosam
2683 4823 2964 4890 quemdam
2983 4865 2999 4891 ,
3041 4825 3444 4894 presbyterum,
3476 4827 3566 4894 qui
3585 4866 3599 4890 ,
3629 4841 3790 4881 causa

2209 4922 2486 4984 poscente,
2520 4915 2570 4967 in
2605 4913 2932 4968 monasterio
2976 4929 3006 4967 a
3043 4913 3274 4982 Joanne,
3305 4917 3469 4970 fratre
3497 4927 3552 4971 ct
3577 4918 3784 4985 coepis-

2208 5017 2346 5070 c0po
2378 5011 2584 5066 llLSll‘O,
2621 5003 2790 5056 fuerat
2820 5001 3147 5072 deputatus,
3199 5014 3388 5059 contra
3431 5009 3513 5061 sui
3561 5008 3790 5074 pastoris

2209 5093 2402 5148 exinde
2428 5094 2756 5147 voluntatem
2786 5096 3001 5157 exiisse,
3047 5104 3102 5150 et
3127 5097 3503 5152 ecclesiastica:
3531 5100 3790 5154 constitu-

2210 5184 2368 5239 tionis
2395 5183 2576 5252 vigore
2608 5183 2882 5252 despecto,
2913 5185 3188 5239 antedicto
3207 5188 3460 5257 episcopo
3483 5196 3659 5242 vestra
3688 5187 3790 5242 fre-

2209 5284 2320 5329 tum
2351 5275 2576 5329 tuitione
2599 5275 2866 5329 resistere.
2892 5275 3067 5341 Quod,
3092 5280 3215 5346 quia
3241 5281 3573 5334 excellentiae
3601 5287 3791 5334 vestras

2206 5369 2323 5422 sine
2350 5368 2511 5421 dubio
2551 5368 2728 5436 pulsat
2765 5369 3036 5435 invidiam,
3085 5387 3306 5426 necesse
3351 5381 3433 5428 est
3475 5382 3534 5427 ut
3571 5374 3637 5427 ab
3673 5373 3790 5443 ejus

2205 5475 2321 5520 vos,
2346 5459 2526 5514 habita
2545 5459 2890 5524 discretione,
2914 5461 3153 5515 debeatis
3177 5463 3401 5516 tuitione
3421 5463 3786 5532 suspendere:

2205 5566 2272 5605 ne
2295 5552 2341 5604 si
2372 5551 2602 5605 nominis
2633 5553 2797 5605 vestri
2824 5552 3110 5606 occasione
3132 5555 3330 5621 pastori
3353 5569 3451 5607 suo
3477 5553 3790 5609 inobediens

2205 5644 2283 5695 vel
2329 5651 2617 5699 contumax
2663 5641 2821 5698 fuerit
2868 5641 2935 5695 ad
2984 5651 3193 5710 tempus
3221 5651 3430 5697 vestros
3457 5652 3645 5699 contra
3692 5659 3786 5700 vos

2195 5735 2403 5803 judiccs
2450 5733 2755 5802 defensare,
2805 5742 2965 5803 atque
3005 5735 3376 5803 excellentiam
3409 5745 3638 5793 vestram
3687 5736 3784 5790 hac
