4018 6306
158 293 245 346 157

667 302 724 355 S.
767 301 1091 356 GREGORII
1138 303 1336 358 ΡΜ)Ᾰί
1378 303 1558 368 VlTA,
1601 303 1923 359 AUCTORE
1963 306 2227 362 JOANNE
2269 307 2580 365 DIACONO.
2622 309 2748 370 LIB.
2793 309 2878 370 ΙΙΙ.

3308 321 3404 376 {58

146 426 206 465 ex
246 426 305 465 re
349 423 572 480 cogatur
610 409 901 475 oden-iere,
950 422 1004 465 et
1044 429 1142 465 nos
1181 412 1384 480 pariter
1427 412 1494 466 de
1542 420 1722 465 vestra
1754 418 1798 472 Α
1829 424 2018 467 contra
2049 415 2357 485 episcopum
2389 418 2570 475 hostili
2610 438 2761 477 more
2798 432 3100 479 commotus
3128 435 3230 492 est,
3262 443 3412 482 eum-

143 501 406 557 discordia
439 501 757 555 contristari.

112 605 124 658 ἦ
218 612 236 646 ι
264 591 628 660 Comperimus
656 599 933 660 prmterea,
958 597 1102 660 quod
1126 592 1231 646 dici
1261 591 1410 646 nefas
1433 600 1536 656 est,
1562 606 1720 660 quas-

137 682 258 736 dam
303 682 569 744 mulieres,
615 695 733 750 qua:
772 696 913 734 nunc
941 695 1110 748 usque
1159 681 1212 735 in
1258 681 1513 748 religioso
1563 690 1722 749 atque

135 771 450 826 monachico
496 771 680 824 habitu
709 781 1144 840 permanserunt,
1179 771 1485 838 religiosam
1519 779 1719 824 vestem

121 871 191 948 ἐι
216 877 363 915 suam
393 860 690 914 velaturam
729 861 1004 929 deponere
1029 900 1044 924 ,
1085 869 1140 914 ct
1179 860 1528 928 conjugibns,
1577 859 1718 928 quod

131 952 246 1005 sine
271 951 415 1019 gravi
446 951 634 1006 dolore
661 951 866 1006 referre
892 968 998 1005 non
1028 967 1334 1020 possumus,
1369 952 1580 1005 sociari.
1612 950 1718 1004 Sed

128 1040 234 1094 hoc
262 1040 496 1110 quidem,
530 1048 590 1093 ut
617 1040 801 1094 dicere
833 1041 918 1094 vel
949 1049 1219 1095 attentare
1247 1047 1588 1109 praesumant,
1637 1040 1715 1092 fa-

128 1129 275 1185 voris
316 1131 478 1184 vestri
529 1131 832 1199 patrocinio
873 1130 1049 1184 fulciri
1095 1130 1363 1184 dicuntur.
1418 1128 1570 1195 Quod
1619 1143 1717 1182 nos

128 1222 355 1276 credere
401 1223 770 1292 perversitatis
801 1223 852 1292 ip
885 1223 966 1276 ius
993 1223 1256 1278 acerbitas
1289 1238 1392 1276 non
1437 1222 1715 1290 permittit.

126 1312 369 1369 Petimus
411 1331 542 1383 ergo
572 1324 632 1369 ut
661 1315 712 1368 in
743 1323 893 1367 tanto
919 1331 1014 1369 vos
1043 1324 1263 1384 peccato
1293 1314 1516 1368 miscere
1546 1314 1713 1366 nulla-

122 1414 285 1459 tenus
310 1407 576 1461 debeatis.
613 1407 745 1461 Nam
775 1407 1078 1473 hujusmodi
1112 1407 1444 1473 iniquitatem
1487 1406 1715 1467 impuni-

120 1503 232 1547 tam
279 1503 508 1564 propter
553 1496 721 1550 Deum
761 1495 906 1549 nullo
948 1493 1107 1548 modo
1145 1495 1376 1561 patimur
1413 1509 1710 1547 remanere.

121 1582 279 1638 ilnde
309 1587 505 1640 iterum
538 1603 840 1657 quaesumus
872 1593 929 1639 ut
960 1585 1272 1639 excellentia
1308 1593 1479 1638 vestra
1530 1585 1581 1639 in
1630 1597 1710 1640 ta-

118 1674 252 1728 lium
300 1693 362 1732 se
411 1693 694 1732 causarum
741 1675 1052 1729 defensione
1101 1690 1207 1728 non
1254 1676 1608 1731 misceatzne
1658 1688 1714 1732 ct

1826 519 1932 574 que
1962 522 2066 560 non
2098 509 2278 562 timuit
2305 509 2563 578 Gregorio
2585 527 2856 569 accusare.
2883 513 2980 570 Cui
3007 516 3120 585 ipse
3143 518 3410 589 rescribit,

1825 595 2012 650 dicens
2038 615 2049 648 :
2083 616 2099 647 ι
2123 597 2345 651 Multum
2378 615 2478 656 nos
2503 617 2564 654 ra
2589 617 2748 670 quam
2778 603 3046 658 direxistis
3072 605 3180 674 jam
3210 609 3410 662 contri-

1821 696 1996 741 statos
2027 689 2226 742 invenit
2267 691 2522 758 epistola,
2556 694 2697 761 quod
2728 694 2864 747 inter
2891 711 2986 750 vos
3026 704 3082 750 et
3123 696 3408 764 Joannem,

1823 776 2042 830 fratrem
2075 787 2128 831 et
2157 781 2539 848 coepiscopum
2573 792 2834 848 nostrum,
2865 784 2932 838 de
2959 800 3185 852 quorum
3207 787 3410 842 deside-

1822 869 2072 922 rabamus
2095 870 2328 936 gaudere
2369 873 2682 937 concordia,
2709 876 3016 930 scandalum
3041 879 3296 946 prodiisse
3316 896 3410 933 co-

1821 961 2118 1027 gnovinnts.
2153 962 2365 1023 Qurevis
2395 965 2537 1016 enim
2567 981 2726 1019 causa
2758 966 2966 1034 fuisset,
3011 985 3116 1022 non
3145 985 3321 1038 usque
3341 972 3410 1025 ad

1819 1051 1922 1104 hnc
1965 1052 2147 1105 debuit
2194 1053 2341 1106 luror
2369 1069 2652 1123 erumpere
2673 1099 2687 1123 ,
2731 1067 2790 1110 ut
2819 1061 3010 1114 armati
3044 1061 3285 1117 homines
3315 1079 3409 1117 ve-

1818 1141 1934 1201 stri,
1967 1143 2105 1196 sicut
2149 1143 2476 1203 audivimus,
2513 1156 2538 1183 ι
2577 1146 2628 1199 in
2660 1149 2992 1217 episcopium
3020 1153 3313 1220 irruerent,
3355 1166 3409 1210 et

1818 1232 2025 1286 diversa
2057 1234 2234 1288 hostili
2283 1250 2433 1288 more
2480 1236 2617 1290 mala
2667 1240 3092 1308 committerent,
3123 1255 3283 1311 atque
3313 1262 3408 1301 vos

1819 1324 1931 1378 ha‘c
1959 1339 2044 1378 res
2075 1339 2104 1376 a
2137 1334 2357 1392 paterna
2390 1326 2604 1380 interim
2651 1327 2916 1382 charitate
2945 1330 3228 1386 divideret.
3256 1334 3405 1387 Nun-

1817 1413 1945 1483 quid
1977 1430 2080 1467 non
2119 1430 2153 1483 p
2179 1422 2361 1475 iterat,
2411 1417 2453 1469 si
2493 1417 2744 1484 qutelibet
2774 1420 3050 1474 contentio
3089 1420 3212 1486 luit,
3255 1433 3403 1477 tran-

1816 1505 1979 1573 quille
2008 1506 2215 1575 disponi
2241 1547 2254 1571 ,
2289 1514 2346 1559 ut
2373 1522 2472 1562 nec
2499 1509 2732 1576 partium
2763 1509 2963 1566 utilitas
2998 1512 3399 1580 detrimentum,

1820 1613 1916 1649 nec
1940 1599 2162 1652 sentiret
2192 1599 2358 1664 gratia
2389 1600 2696 1655 laesionem?
2720 1601 2872 1670 cujus
2899 1611 3077 1658 autem
3103 1607 3398 1672 gravitatis,

1818 1687 1972 1754 enjus
2001 1689 2330 1757 sanctitatis,
2366 1690 2518 1758 cujus
2554 1693 2978 1748 mansuetudinis
3005 1698 3400 1766 suprascriptus

117 1765 262 1820 Deus
308 1784 462 1822 suam
507 1767 756 1821 defendat
786 1765 1054 1832 injuriam,
1101 1773 1154 1819 et
1180 1765 1320 1819 inter
1352 1781 1449 1821 nos
1478 1768 1705 1822 aliorum
1741 1784 1785 1844 Β
1815 1777 1980 1830 l'raler
2012 1785 2195 1831 noster
2222 1779 2311 1843 sit,
2346 1795 2452 1834 non
2499 1781 2760 1836 habemus
2805 1783 3154 1850 incognitum.
3189 1765 3400 1855 Exrqua

116 1859 294 1925 pariat
322 1859 477 1927 culpa
524 1857 865 1911 discordiam.
892 1876 910 1908 ι
945 1856 1179 1928 (Regist.
1213 1858 1248 1911 ι.
1279 1875 1334 1927 v,
1366 1877 1445 1928 ep.
1475 1860 1565 1913 24.
1591 1863 1603 1926 )

189 1947 325 2004 Item
357 1948 645 2010 Venanlio,
677 1947 1013 2001 exntonacho
1034 1987 1048 2011 ,
1083 1949 1349 2017 patricio:
1382 1968 1399 2000 ι
1428 1949 1577 2004 Multi
1610 1954 1709 2005 lto-

118 2040 323 2094 minum
352 2039 500 2094 stulti
534 2047 859 2107 putaverunt
887 2039 1030 2106 quod
1053 2038 1098 2092 si
1125 2039 1190 2091 ad
1221 2040 1465 2094 ordinem
1496 2044 1708 2111 episco-

119 2139 278 2198 patus
307 2130 565 2184 eveherer
586 2170 600 2195 ,
637 2139 688 2183 te
731 2128 931 2198 alloqui
961 2143 1025 2184 ac
1053 2144 1149 2198 per
1175 2131 1431 2199 epistolas
1461 2133 1708 2203 frequen-

120 2234 236 2280 tare
266 2241 592 2279 recu:arcm.
626 2225 731 2280 Sed
767 2241 871 2279 non
920 2227 990 2280 ita
1034 2234 1134 2288 est,
1168 2228 1291 2296 quia
1323 2229 1435 2297 ipsa
1462 2229 1571 2297 jam
1603 2229 1708 2284 inci

122 2318 226 2369 mei
259 2317 577 2370 necessitate
608 2316 905 2387 compellor
950 2326 1008 2371 ut
1051 2327 1231 2372 tacere
1262 2333 1365 2372 non
1405 2319 1649 2373 debeam.
1683 2340 1700 2370 ο

124 2409 185 2461 Et
219 2419 337 2478 post
367 2424 558 2477 pauca.
616 2429 633 2460 ι
666 2409 776 2463 llac
808 2410 966 2478 igitur
1003 2411 1433 2466 consideratione
1463 2413 1707 2480 compul-

121 2502 381 2566 sus,velis
411 2516 477 2554 an
510 2500 668 2562 nolis,
697 2502 971 2556 locuturus
1001 2519 1138 2566 sum,
1163 2503 1284 2572 quia
1315 2505 1458 2558 omni
1487 2507 1705 2570 virtute,

123 2600 208 2644 aut
248 2600 302 2645 te
345 2592 505 2661 cupio
543 2592 778 2659 salvari,
819 2602 912 2646 aut
953 2593 1021 2647 de
1073 2602 1161 2647 tua
1203 2605 1376 2648 morte
1425 2611 1511 2648 me
1550 2596 1702 2663 eripi.

129 2682 178 2736 ln
209 2698 315 2752 quo
344 2684 487 2738 enim
519 2683 702 2738 habitu
732 2683 894 2740 fueris
931 2685 1146 2751 recolis,
1178 2693 1232 2739 et
1257 2701 1500 2756 supernze
1527 2686 1710 2740 distri«

128 2774 314 2827 ctionis
371 2775 836 2829 animadversione
881 2776 1199 2845 postposita,
1233 2777 1300 2830 ad
1344 2777 1469 2845 quid
1501 2777 1573 2829 sis
1609 2777 1676 2830 de

125 2864 296 2934 lapsus
321 2865 585 2934 agnoscis.
617 2865 842 2935 Culpam
867 2881 994 2933 ergo
1023 2877 1167 2920 tuam
1189 2883 1355 2936 pensa
1377 2867 1503 2920 dum
1529 2876 1703 2930 vacat,

127 2954 508 3010 districtionem
551 2956 714 3010 futuri
758 2955 961 3011 Judieis
1001 2957 1128 3012 dum
1168 2959 1315 3014 vales
1353 2960 1706 3026 exhorresce,

129 3061 187 3098 ne
232 3054 356 3099 tunc
404 3046 549 3099 illam
581 3061 820 3100 amaram
848 3049 1171 3102 sententiam
1202 3049 1387 3103 audias
1424 3065 1544 3104 cum
1586 3065 1704 3104 eam

1815 1883 1873 1922 re
1904 1870 2222 1937 colligimus,
2253 1871 2379 1936 quia
2409 1871 2510 1924 nisi
2542 1873 2622 1926 vis
2651 1888 2772 1926 eum
2821 1873 3023 1929 doloris
3069 1875 3228 1929 nimia
3270 1892 3400 1932 coe-

1813 1958 1998 2026 gisset,
2031 1957 2098 2011 ad
2139 1959 2277 2013 hanc
2304 1976 2438 2024 rem,
2471 1960 2538 2014 de
2568 1976 2668 2030 qua
2697 1977 2792 2016 vos
2821 1964 3168 2018 contristatos
3208 1967 3401 2020 asseri-

1816 2048 1901 2113 tis,
1935 2050 2050 2118 ejus
2082 2049 2390 2104 fraternitas
2439 2052 2747 2107 nullatenus
2777 2055 3127 2122 pervenisset.
3170 2055 3279 2112 Nos
3306 2073 3401 2112 au-

1813 2150 1942 2206 tem,
1978 2149 2033 2193 ut
2064 2140 2098 2192 h
2140 2158 2168 2194 c
2209 2156 2275 2194 eo
2317 2143 2589 2196 Scriberite
2617 2145 2997 2212 comperimus,
3032 2147 3172 2200 illico
3199 2149 3246 2201 ei
3275 2150 3400 2203 scri-

1811 2234 2034 2303 psimus,
2075 2233 2428 2286 a.lmonentes
2477 2242 2533 2286 ut
2578 2243 2632 2288 et
2658 2235 2962 2290 oblationes
2992 2247 3218 2306 vestras,
3263 2241 3399 2294 sicut

1811 2335 1934 2379 ante
1960 2324 2283 2395 susciperet,
2313 2334 2365 2378 et
2394 2326 2582 2381 missas
2613 2327 2662 2380 in
2693 2326 2853 2381 domo
2880 2337 3057 2382 vestra
3087 2346 3193 2383 non
3223 2332 3396 2385 solum

1809 2414 2070 2469 celebrari
2103 2415 2464 2482 permitteret,
2492 2415 2585 2469 sed
2616 2415 2659 2471 si
2693 2417 2883 2483 velitis,
2909 2419 3068 2472 etiam
3102 2420 3210 2488 ipsi!
3241 2435 3396 2489 pera-

1810 2514 1980 2571 geret,
2004 2524 2022 2554 »
2081 2511 2134 2558 et
2163 2513 2274 2557 (tet-
2298 2520 2354 2558 ra
2389 2505 2622 2576 (Regia.
2658 2508 2746 2561 tib.
2792 2523 2866 2569 vr.
2915 2526 2996 2576 ep.
3043 2509 3167 2579 45.)
3199 2511 3394 2566 Verum

1810 2593 2102 2650 chantius
2128 2612 2248 2649 cum
2277 2597 2534 2666 episcopo
2560 2599 2609 2650 in
2635 2600 2978 2653 concordiam
3007 2601 3242 2667 rediens,
3273 2617 3395 2656 cum

1811 2703 1907 2757 per
1947 2689 2189 2742 undecim
2232 2706 2402 2743 annos
2432 2706 2459 2742 a
2491 2689 2750 2759 Gregorio
2790 2693 3170 2761 multiplicibus
3205 2693 3396 2749 litteris

1808 2779 2126 2834 exhortatus
2173 2780 2348 2832 redire
2394 2781 2459 2832 ad
2510 2781 2884 2835 monachicum
2939 2783 3273 2851 propositum
3303 2783 3396 2837 de-

1813 2876 2086 2933 trectaret,
2121 2869 2170 2920 in
2203 2869 2571 2935 gravissimam
2599 2871 2968 2937 aegritudinem
2997 2871 3208 2924 cecidit.
3243 2873 3395 2937 Quod

1810 2972 1839 3010 a
1884 2956 2089 3012 Joanne
2134 2959 2472 3028 Syracusano
2522 2961 2780 3030 episcopo
2831 2959 3122 3030 Gregorius
3173 2965 3396 3018 audiens

1809 3051 2101 3119 rescripsit,
2133 3049 2316 3104 dicens
2342 3069 2353 3103 :
2389 3069 2406 3100 ‹
2428 3049 2798 3106 Fraternitatis
2827 3061 3019 3107 vestrae
3048 3055 3248 3122 scripta
3279 3071 3393 3110 sus.

127 3136 221 3205 iani
250 3139 406 3193 nullis
436 3138 648 3193 fletibus
677 3139 892 3194 evadas.
920 3159 937 3192 ι
983 3139 1050 3193 Ει
1080 3139 1215 3195 infra
1245 3159 1258 3194 :
1292 3160 1309 3193 ι
1338 3140 1498 3195 Teste
1526 3139 1700 3194 Evan-
1731 3143 1776 3204 C
1807 3141 1946 3209 cepi,
1974 3156 2093 3210 qua:
2121 3140 2250 3194 mihi
2273 3141 2340 3194 de
2369 3141 2661 3196 dulcissimi
2692 3143 2783 3196 lilii
2813 3143 2914 3196 mei
2943 3145 3124 3197 domni
3152 3144 3393 3201 Venantii

129 3231 254 3297 gelio
272 3230 488 3300 (Matth.
522 3229 637 3301 xu),
671 3232 776 3287 scis
801 3233 923 3302 quia
946 3233 1120 3288 divina
1143 3234 1402 3288 severitas
1430 3234 1496 3288 de
1525 3234 1699 3288 otioso

132 3337 363 3376 sermone
393 3339 493 3377 nos
519 3325 712 3392 arguit,
742 3332 796 3380 et
825 3325 891 3379 de
921 3326 1086 3380 verbo
1116 3326 1289 3379 inutili
1317 3326 1552 3380 rationes
1575 3327 1698 3380 sub-

132 3414 278 3467 tiliter
321 3415 576 3484 exquirit.
610 3413 784 3470 Pensa
813 3429 940 3482 ergo
970 3415 1096 3484 quid
1127 3415 1331 3471 factura
1362 3425 1444 3472 est
1473 3416 1540 3470 de
1574 3432 1699 3485 per-

133 3518 273 3561 verso
297 3520 463 3574 opere
489 3545 503 3567 ,
535 3507 578 3560 si
610 3506 868 3574 quosdam
901 3506 952 3559 in
995 3505 1198 3573 judicio
1225 3522 1324 3560 suo
1355 3508 1606 3577 reprobat
1632 3507 1699 3562 de

133 3612 382 3652 sermone.
417 3598 651 3652 Ananias
676 3598 784 3652 Deo
827 3599 1080 3667 pecunias
1108 3609 1368 3664 voverat,
1402 3615 1534 3669 quas
1579 3609 1701 3669 post

133 3690 374 3744 diabolica
406 3691 580 3744 victus
621 3692 966 3759 persuasione
995 3690 1260 3744 subtraxit
1290 3691 1436 3756 (Act.
1470 3690 1573 3762 v);
1605 3690 1700 3746 sed

134 3797 224 3848 qua
240 3790 407 3834 morte
422 3783 710 3835 mulctatus
734 3791 834 3845 est,
863 3783 988 3836 scis.
1013 3781 1066 3834 Si
1092 3782 1178 3835 illc
1201 3782 1362 3848 igitur
1388 3783 1576 3835 mortis
1601 3796 1700 3850 pe-

138 3871 288 3924 riculo
313 3871 506 3937 dignus
535 3871 633 3924 fuit
660 3913 676 3938 ,
731 3873 820 3940 qui
864 3887 958 3928 eos
999 3887 1135 3940 quos
1178 3869 1404 3925 dederat
1450 3886 1698 3926 nummos

138 3961 233 4016 Deo
261 3962 496 4029 abstulit,
527 3963 805 4018 considera
829 3972 1032 4032 quanto
1054 3963 1294 4032 periculo
1325 3963 1375 4017 in
1407 3963 1587 4017 divino
1609 3963 1701 4030 ju-

137 4052 259 4106 dicio
286 4053 476 4121 dignus
506 4055 632 4120 eris,
675 4056 765 4123 qui
803 4071 908 4108 non
933 4069 1199 4119 nummos,
1223 4053 1316 4108 sed
1341 4053 1699 4123 temetipsum.

137 4144 471 4213 omnipotenti
520 4143 664 4209 Deo,
715 4145 800 4199 cui
833 4154 883 4198 te
913 4145 1011 4198 sub
1043 4143 1360 4198 monachico
1389 4142 1573 4196 habitu
1603 4142 1701 4196 de-

137 4245 369 4301 voveras,
413 4234 745 4288 subtraxisti.
807 4232 1176 4302 Quapropter,
1241 4233 1286 4286 si
1350 4232 1702 4288 correctionis

140 4341 255 4379 meze
296 4327 453 4381 verba
504 4337 787 4382 secuturus
815 4327 1067 4392 audieris,
1098 4343 1260 4397 quam
1288 4328 1394 4381 sint
1422 4327 1617 4382 blanda
1646 4336 1703 4382 et

140 4417 293 4472 dulcia
340 4419 390 4472 in
440 4414 888 4486 ﬁne'cognosces.
922 4417 1056 4473 Ecce
1080 4461 1095 4484 ,
1129 4419 1322 4485 fateor,
1353 4433 1587 4473 mterens
1613 4419 1698 4472 lo-

1802 3229 2118 3297 mgritudine
2146 3229 2523 3298 loquebantur,
2553 3239 2607 3284 et
2634 3240 2825 3285 cuncta
2856 3247 2980 3300 erga
3010 3248 3131 3286 eum
3163 3234 3391 3300 qualiter

1803 3329 1922 3374 aeta
1949 3327 2074 3374 sunt
2102 3321 2441 3374 enarrabant.
2471 3319 2577 3375 Sed
2607 3337 2713 3376 uno
2745 3330 2986 3390 tempore
3013 3324 3230 3391 auditis,
3257 3332 3310 3376 et
3339 3324 3391 3376 it.

1803 3412 1910 3467 lum
1959 3413 1982 3448 ι’
2025 3412 2313 3482 desperare
2342 3427 2406 3467 ac
2434 3413 2669 3481 graviter
2709 3422 2994 3481 aegrotare,
3043 3422 3098 3469 et
3138 3415 3187 3468 in
3233 3415 3392 3470 rebus

1801 3505 2188 3572 orphanorum,
2221 3502 2447 3558 ﬁliarum
2479 3504 2596 3573 ejus
2624 3505 2851 3570 scilicet,
2883 3506 3133 3561 homines
3179 3507 3392 3576 iniquos

1802 3596 2048 3649 insistere
2077 3637 2091 3658 ,
2122 3595 2209 3648 vix
2238 3609 2298 3648 se
2327 3595 2378 3648 in
2409 3595 2572 3649 corde
2602 3611 2723 3650 meo
2749 3595 2906 3650 dolor
2934 3612 3126 3666 capere
3156 3607 3388 3667 poterat.

1801 3685 1905 3740 Sed
1935 3685 1985 3738 in
2017 3685 2120 3739 hoc
2150 3685 2247 3738 luit
2276 3685 2546 3752 solatium,
2573 3686 2716 3754 quod
2745 3687 2992 3758 lacrynue
3021 3689 3147 3741 mihi
3180 3704 3276 3756 per
3300 3703 3392 3757 ge-

1803 3775 1961 3831 mitus
1991 3780 2365 3842 erumpebant.
2415 3776 2605 3831 Vestra
2655 3778 2815 3845 igitur
2862 3781 3117 3834 sanctitas
3166 3780 3391 3848 primam

1803 3882 1965 3934 quam
1993 3867 2148 3920 decet
2175 3882 2362 3921 curam
2396 3867 2662 3934 negligere
2690 3884 2797 3921 non
2825 3868 3008 3934 debet,
3038 3878 3095 3922 ut
3123 3868 3188 3922 de
3219 3871 3391 3926 anima

1804 3958 1920 4026 ejus
1949 3958 2186 4023 cogitare
2215 3957 2430 4022 debeat,
2463 3957 2821 4022 exhortando,
2854 3959 3113 4026 rogando,
3157 3959 3251 4012 Dei
3282 3968 3391 4012 ter-

1805 4049 1960 4103 ribi‘e
1984 4049 2241 4116 judicium
2275 4047 2652 4117 proponendo,
2687 4047 3008 4103 ineliabilem
3039 4048 3156 4117 ejus
3186 4050 3393 4103 miseri-

1803 4139 2041 4193 cmdiam
2088 4138 2478 4207 promittendo;
2525 4147 2586 4192 ut
2623 4139 2687 4192 ad
2725 4139 2963 4192 habitum
3003 4155 3156 4193 suum
3199 4139 3392 4206 redire,

1803 4231 1889 4284 vel
1917 4232 1968 4284 in
1996 4232 2270 4297 extremis,
2301 4231 2527 4285 debeat:
2557 4249 2623 4286 ne
2655 4233 2704 4286 ci
2749 4241 2929 4286 reatus
2957 4242 3116 4287 tanta:
3145 4235 3313 4304 culpae
3341 4237 3393 4292 in

1803 4332 2008 4378 :eterno
2033 4323 2231 4392 judicio
2261 4323 2505 4377 obsistat.
2539 4342 2557 4375 ι
2594 4322 2824 4394 (Regist.
2855 4325 2944 4378 lib.
2981 4341 3054 4388 ιι,
3083 4343 3166 4395 ep.
3200 4326 3322 4397 '56.)

1874 4418 1931 4471 Si
1961 4432 2097 4486 quos
2127 4425 2302 4472 tamen
2333 4417 2571 4485 judicum
2599 4431 2629 4470 a
2661 4418 2772 4472 suis
2820 4419 3174 4487 pravitatibus
3206 4422 3394 4476 incon~

139 4524 279 4577 quor,
307 4523 357 4565 et
397 4513 524 4566 facti
568 4514 644 4566 tui
685 4512 897 4566 tristitia
929 4511 1196 4577 addictus,
1226 4513 1386 4567 edere
1418 4514 1578 4567 verba
1609 4514 1697 4566 vix
1727 4519 1777 4580 ι)
1802 4510 2076 4564 vertihiles
2106 4509 2394 4576 Gregorius
2422 4509 2768 4575 advertebat,
2802 4527 2896 4565 eos
2925 4515 3138 4582 scriptis
3164 4518 3393 4585 propriis

139 4601 310 4656 valeo:
336 4612 391 4656 et
417 4612 598 4658 tamen
631 4605 839 4656 animus
869 4611 1008 4666 tuus,
1042 4604 1268 4658 actionis
1295 4619 1404 4658 sua:
1430 4605 1698 4668 conscius,

139 4695 214 4746 vix
241 4696 427 4751 suﬂicit
456 4696 599 4751 ferre
627 4696 770 4765 quod
799 4697 979 4759 audit;
1015 4698 1302 4763 erubescit,
1333 4697 1700 4765 confunditur,

139 4783 446 4841 adversatur.
483 4788 539 4840 Si
578 4802 708 4855 ergo
750 4788 891 4841 ferre
922 4804 1027 4841 non
1060 4790 1199 4843 valet
1238 4789 1396 4843 verba
1438 4790 1700 4858 pulveris,

139 4873 246 4937 quid
273 4874 506 4930 facturus
535 4884 616 4931 est
645 4875 709 4930 ad
736 4876 995 4944 judicium
1027 4878 1369 4932 Conditoris?
1399 4877 1593 4932 Fateor
1621 4887 1700 4932 ta-

141 4976 243 5016 men
269 4967 387 5034 quia
431 4982 679 5036 supernm
705 4969 890 5035 gratice
920 4969 1340 5024 misericordiam
1382 4984 1499 5023 esse
1528 4969 1700 5022 maxi-

141 5066 261 5106 mam
289 5056 467 5120 credo,
510 5057 653 5124 quod
686 5065 738 5110 te
763 5058 1000 5126 effugere
1028 5059 1190 5111 vitam
1220 5057 1501 5123 conspicit,
1531 5065 1585 5110 et
1615 5065 1700 5109 ta-

141 5156 244 5195 men
286 5145 455 5198 adhuc
503 5145 571 5198 ad
624 5147 784 5199 vitam
829 5147 1269 5214 reservat:quod
1301 5145 1696 5214 superbientem

146 5237 280 5306 ιρθ
310 5245 360 5291 te
388 5239 533 5292 videt
580 5248 635 5292 et
677 5239 933 5302 tolerat.)
989 5238 1218 5308 (Πυθίη.
1267 5238 1300 5290 ι.
1355 5254 1398 5298 t,
1449 5254 1528 5303 ep.
1577 5235 1697 5303 '54.)

141 5321 356 5393 Cumque
388 5327 710 5389 Venantius,
749 5328 800 5380 in
833 5327 1021 5380 eadem
1053 5325 1320 5394 apostasia
1354 5340 1694 5393 permanens,

143 5411 324 5469 oliort‘s
359 5417 675 5484 quibusdam
725 5417 1112 5479 simultatibus,
1159 5415 1462 5469 oblationes
1509 5431 1632 5468 suas
1669 5430 1699 5468 a

145 5500 346 5571 Joanne,
375 5507 998 5579 Syracusanoepiscopo,
1023 5516 1301 5561 execratas
1331 5514 1703 5574 cognosceret,

206 5621 232 5651 ⁸
255 5613 322 5668 Ita
354 5617 473 5670 Mss.
509 5617 706 5685 Bigot..
744 5617 885 5672 Utic.
915 5628 968 5671 et
998 5617 1114 5680 alii;
1156 5625 1210 5669 at
1239 5617 1385 5678 editi,
1420 5619 1471 5669 in
1508 5617 1705 5682 epist-av

149 5697 284 5746 rum;
314 5689 484 5760 qmcrl.
505 5691 614 5742 ctio
642 5689 956 5757 rcprobatur
990 5703 1015 5738 a
1043 5688 1321 5760 codicibus
1347 5687 1705 5760 Episioiarum

159 5762 251 5807 tam
276 5759 493 5825 txcusis,
522 5775 681 5825 quam
710 5775 867 5814 manu
895 5759 1142 5814 exaratis.

1808 4617 1971 4670 penes
1999 4601 2267 4669 principes
2309 4600 2623 4654 denotabat.
2679 4599 2829 4655 Unde
2877 4601 3243 4657 Constantium
3285 4604 3393 4658 Au.

1804 4700 1973 4761 gusta:
2016 4691 2294 4760 queritur,
2341 4691 2527 4746 dicens
2561 4709 2572 4744 :
2613 4711 2630 4743 ι
2668 4693 2802 4746 Dum
2852 4693 2904 4746 in
2946 4695 3191 4748 Sardinia
3222 4697 3392 4752 insula

1805 4785 2003 4838 multos
2051 4798 2168 4838 esse
2209 4782 2490 4850 gentilium
2539 4787 2942 4852 cognovissent,
2993 4802 3193 4855 eosque
3220 4789 3392 4845 adhuc

1805 4889 1982 4943 prava:
2007 4873 2320 4942 gentilitatis
2340 4889 2492 4928 more
2521 4874 2787 4929 idolorum
2811 4878 3084 4932 sacriliciis
3104 4879 3392 4947 deservire,

1805 4972 1861 5017 et
1905 4964 2142 5030 ejusdem
2189 4963 2372 5016 insulae
2424 4964 2733 5018 sacerdotes
2767 4965 2830 5018 ad
2869 4966 3258 5034 prm'dicandum
3287 4967 3391 5022 Rc-

1804 5052 2138 5120 demptorem
2173 5061 2414 5106 nostrum
2449 5061 2722 5122 torpentes
2751 5056 2983 5108 existere
3019 5073 3030 5107 :
3064 5072 3226 5109 unmn
3271 5057 3393 5113 illuc

1805 5157 1873 5195 cx
1922 5142 2085 5196 Italiae
2128 5143 2399 5213 episcopis
2447 5145 2601 5209 misi,
2633 5145 2724 5212 qui
2769 5144 2964 5197 multos
3011 5146 3284 5210 gentilium
3328 5149 3392 5200 ad

1808 5234 1996 5296 lit-lem,
2037 5236 2263 5288 nonzino
2297 5243 2657 5302 coeperante,
2712 5234 2978 5302 perduxit.
3025 5235 3128 5290 Sed
3181 5237 3388 5304 quidam

1809 5341 1920 5380 rem
1960 5325 2087 5378 mihi
2136 5327 2447 5396 sacrilegam
2489 5325 2774 5388 nuntiavit,
2824 5327 2947 5395 quia
2997 5326 3048 5380 hi
3094 5328 3184 5396 qui
3229 5329 3280 5382 in
3331 5345 3391 5382 ea

1810 5415 1965 5470 iddis
2005 5416 2286 5469 immolant
2325 5417 2491 5483 judici
2540 5416 2815 5484 praemium
2847 5416 3176 5485 persolvunt,
3210 5427 3266 5471 ut
3293 5418 3393 5474 hoc

1809 5511 1886 5563 eis
1938 5505 2114 5561 facere
2161 5507 2334 5561 liccat.
2367 5505 2605 5572 Quorum
2632 5508 2756 5563 dum
2785 5510 2999 5578 quidam
3027 5509 3279 5581 baptizati
3309 5526 3391 5564 es-

1881 5615 1904 5695 lt
1944 5617 2136 5695 Digna,
2163 5617 2425 5695 desperate
2448 5635 2508 5671 ac
2529 5621 2748 5689 graritcr
2770 5633 3037 5695 a’grvlare,
3063 5625 3200 5694 quod
3231 5625 3390 5681 etiam

1813 5687 2011 5743 ltabtut
2039 5688 2161 5745 Mss.
2203 5687 2576 5760 Epidaurum.
