4018 6322
557 262 653 316 159

1102 259 1160 314 S.
1204 253 1531 311 GREGOllll
1571 248 1774 307 ΡᾹΡιΕ
1820 248 1996 316 νιτΑ,
2044 248 2160 304 AUC

2274 248 2363 301 RE
2402 249 2660 305 JOANNE
2703 249 3018 305 DIACONO.
3062 251 3187 305 [ΑΒ.
3229 253 3314 307 Ill.

3737 257 3846 312 {60

557 385 694 443 sent,
735 383 790 430 et
806 374 918 445 jam
943 373 1222 428 immolare
1245 370 1402 425 idolis
1423 368 1761 430 desivissent,
1787 365 1961 418 adhuc
1993 362 2148 432 110
2179 365 2225 423 A
2255 365 2543 420 sollicitum
2595 365 2844 433 vigilare,
2896 377 3083 420 contra
3139 366 3333 421 ducum
3402 365 3642 422 fallacias
3679 379 3849 441 atque

560 469 624 520 ab
653 468 845 520 eodem
876 465 1058 519 insula:
1081 462 1282 531 judice,
1311 462 1471 515 etiam
1495 467 1615 528 post
1639 456 1980 525 baptismum,
2007 467 2142 522 pra:-

561 559 722 610 miutu
757 555 885 610 illud
924 554 1157 622 exigitur
1202 552 1343 620 quod
1373 549 1486 602 dari
1535 549 1682 617 prius
1727 562 1826 616 pro
1878 545 2143 599 idolorum

558 647 928 700 immolatione
953 649 1324 700 consueverat.
1359 640 1526 705 Quem
1558 655 1681 692 cum
1712 635 1996 707 prmdictus
2028 635 2133 704 epi-

563 754 755 806 scopus
787 738 1116 802 increparet,
1165 740 1371 786 tantum
1401 746 1460 785 se
1488 730 1796 798 suffragium
1838 727 2148 798 promisisse

567 829 860 897 respondit,
894 836 951 880 ut
979 825 1078 881 nisi
1109 827 1175 879 de
1199 825 1374 880 causis
1395 823 1556 878 etiam
1588 823 1781 877 talibus
1805 821 2016 891 impleri
2043 835 2151 874 non

567 918 752 985 possit.
793 914 1010 969 Corsica
1053 929 1181 968 vero
1221 914 1392 968 insula
1440 923 1586 968 tanta
1630 913 1905 966 nimietate
1933 910 2152 977 exigen-

567 1009 721 1071 timn,
751 1013 804 1057 et
833 1005 1141 1073 gravamine
1169 1006 1434 1076 premitur
1457 1004 1823 1068 exactionum,
1855 1009 1911 1054 ut
1941 1001 2041 1070 ipsi
2064 1000 2155 1067 qui

568 1099 618 1150 in
653 1098 737 1150 illa
769 1106 912 1158 sunt,
937 1097 1125 1150 eadem
1150 1111 1267 1164 quae
1293 1097 1578 1165 exiguntur
1606 1093 1879 1164 complere
1903 1093 1993 1146 vix
2021 1092 2157 1146 filios

568 1205 694 1243 suos
743 1188 1027 1242 vendendo
1067 1187 1354 1242 suliieiant.
1406 1186 1561 1241 Unde
1591 1186 1651 1239 fit
1694 1194 1755 1240 ut
1782 1184 2038 1239 derelicta
2069 1184 2157 1254 pia

571 1280 862 1347 republica,
896 1294 1238 1348 possessores
1265 1278 1504 1347 ejusdem
1530 1277 1718 1331 insula:
1738 1275 1803 1330 ad
1834 1268 2154 1330 nefandissi-

572 1388 714 1425 mam
742 1370 1209 1438 Langobardorum
1231 1378 1445 1438 gentem
1468 1377 1728 1437 cogantur
1747 1365 2002 1435 ellugere.
2023 1363 2162 1430 Quid

570 1467 713 1518 enim
742 1465 972 1532 gravius,
1006 1463 1129 1531 quid
1157 1462 1428 1516 crudelius
1449 1461 1561 1529 pati
1590 1464 1819 1528 possunt
1841 1472 1871 1510 a
1899 1453 2158 1521 barbaris,

572 1573 731 1622 quam
763 1563 820 1608 ut
847 1554 1125 1609 constricti
1152 1562 1314 1622 atque
1341 1550 1637 1620 compressi
1684 1564 1812 1603 suos
1865 1546 2000 1601 filios
2028 1560 2162 1600 ven-

572 1646 699 1700 dere
726 1647 1146 1715 compellantur?
1165 1643 1431 1699 ln'Sicilia
1459 1650 1636 1696 autem
1662 1641 1834 1695 insula
1858 1638 2164 1708 Stephanus

2245 455 2474 508 malitias
2501 465 2810 524 suspectum
2851 472 3066 526 semper
3112 459 3346 513 existere
3376 460 3570 528 :cujus
3615 464 3848 536 laboris,

2247 542 2397 610 cujus
2421 543 2623 598 doloris
2650 545 2738 607 sit,
2774 553 2949 599 vestra
2979 546 3288 600 fraternitas
3318 555 3470 602 tanto
3500 553 3681 608 verius
3705 569 3849 623 pen-

2249 641 2349 695 sat,
2376 642 2578 700 quanto
2602 634 2939 702 mc,quih.'ec
2960 636 3356 705 patior,purius
3375 647 3542 694 amat.
3573 660 3592 693 ι
3619 642 3846 716 (Regia.

2250 721 2340 776 lib.
2377 738 2428 784 ν,
2478 740 2558 792 ep.
2591 722 2704 789 te.)

2324 814 2453 869 ltetn
2476 816 2757 871 Anastasio
2775 818 3094 886 patriarcha:
3109 830 3234 888 post
3248 820 3412 876 multa
3441 841 3453 876 :
3486 841 3504 874 ι
3533 822 3666 891 Quae
3695 831 3851 900 ιιι

2254 904 2391 957 mala
2423 905 2770 960 barbarormn
2801 907 3007 975 gladiis,
3035 924 3154 977 quae
3173 926 3204 962 a
3229 913 3580 982 perversitate
3604 913 3854 982 judicum

2255 997 2518 1064 patimur,
2541 998 2854 1053 beatitudini
2887 1009 3078 1054 vestrae
3124 1017 3347 1058 narrare
3376 1003 3604 1075 refugio,
3637 1024 3706 1063 ne
3735 1010 3858 1078 ejus

2257 1087 2510 1155 gemitum
2544 1102 2787 1156 augeam,
2815 1106 2973 1159 quem
3005 1091 3248 1147 minuere
3296 1096 3629 1152 consciando
3649 1099 3858 1156 debue-

2259 1193 2394 1232 ram.
2435 1199 2452 1230 ι
2491 1179 2714 1250 (Regist.
2766 1181 2856 1235 lib.
2886 1199 2955 1247 tv,
2981 1200 3062 1252 ep.
3094 1183 3209 1253 59.)

2329 1268 2460 1323 ltem
2511 1269 2777 1337 Palladio,
2827 1274 3144 1344 presbytero
3191 1275 3260 1332 de
3300 1287 3486 1332 monte
3522 1278 3689 1348 Sina,
3733 1291 3860 1352 post

2263 1360 2488 1430 plurima
2517 1382 2528 1415 :
2569 1381 2586 1413 ‹
2617 1362 2748 1418 Peto
2782 1373 2838 1419 ut
2866 1382 2962 1434 pro
2992 1381 3078 1420 me
3128 1382 3286 1421 orare
3313 1368 3544 1434 debeas,
3585 1383 3861 1439 quatenus

2263 1453 2603 1523 omnipotens
2632 1455 2791 1523 Deus,
2819 1464 2872 1509 et
2900 1472 2930 1510 a
2956 1457 3110 1510 malis
3138 1473 3222 1512 me
3256 1459 3550 1528 spiritibus,
3585 1471 3639 1515 et
3661 1478 3691 1515 a
3733 1480 3860 1534 per-

2265 1546 2435 1600 versis
2482 1546 2784 1601 hominibus
2831 1549 3103 1602 custodire
3149 1548 3399 1616 dignetur
3432 1568 3444 1604 :
3477 1554 3603 1622 quia
3654 1554 3706 1606 iu
3756 1556 3859 1610 hac

2264 1639 2390 1691 vita:
2419 1652 2550 1691 mea:
2592 1639 3021 1706 peregrinatione
3069 1641 3209 1694 mala
3253 1657 3338 1696 me
3383 1642 3542 1696 simul
3587 1653 3646 1698 et
3690 1647 3857 1700 multa

572 1737 786 1804 quidam
817 1737 1140 1791 marinarum
1171 1735 1401 1804 partium
1429 1733 1788 1788 chartularius
1847 1739 1992 1784 tanta
2019 1744 2152 1798 praa—
2191 1733 2236 1792 Β
2263 1731 2612 1794 circumdant,
2643 1731 2713 1784 ita
2739 1741 2794 1784 ut
2823 1748 2942 1786 cum
2975 1731 3253 1788 Psalmista
3273 1734 3395 1802 jure
3423 1736 3600 1790 dicam
3631 1756 3642 1789 :
3680 1737 3746 1791 In
3777 1757 3858 1792 me

570 1827 764 1896 judicia
796 1836 1076 1896 tantasque
1104 1825 1483 1896 oppressiones
1508 1823 1722 1894 operari
1749 1823 1975 1891 dicitur,
2005 1822 2158 1875 inva-

571 1918 747 1972 dendo
770 1918 887 1971 loca
917 1917 1265 1984 singulorum,
1294 1924 1455 1985 atque
1483 1915 1601 1968 sine
1621 1913 1856 1968 dictione
1876 1925 2158 1966 causarum

573 2025 661 2079 per
715 2010 1080 2078 possessiones
1118 2023 1181 2062 ac
1227 2009 1413 2062 domos
1449 2007 1636 2061 titulos
1684 2004 1964 2075 ponendo,
2010 2011 2070 2056 ut
2114 2002 2162 2056 si

573 2100 732 2153 velim
755 2109 871 2154 acta
897 2100 1011 2167 ejus
1030 2099 1234 2167 singula
1255 2113 1372 2167 qua:
1395 2099 1462 2151 ad
1477 2112 1564 2151 me
1584 2103 1939 2166 pervenerunt
1960 2093 2159 2158 dicere,

572 2205 767 2257 magno
792 2190 1065 2244 volumine
1091 2190 1205 2242 haec
1233 2189 1452 2257 explere
1479 2202 1587 2241 non
1617 2200 1852 2255 possem.
1883 2184 2014 2249 Quae
2042 2197 2161 2236 om-

573 2282 659 2336 nia
689 2283 1028 2336 serenissima
1055 2282 1270 2336 domina
1301 2282 1530 2335 solerter
1559 2280 1809 2348 aspiciat,
1841 2286 1895 2333 et
1939 2292 2165 2346 oppres-

573 2388 755 2425 sorum
780 2374 1009 2441 gemitus
1033 2381 1360 2442 compescat.
1400 2392 1417 2424 »
1450 2372 1516 2425 Ει
1562 2381 1685 2442 post
1733 2386 1937 2439 pauca:
1981 2389 2000 2421 ι
2035 2369 2166 2435 Qua:

573 2465 716 2518 enim
762 2473 922 2518 mento
943 2481 999 2528 s,
1028 2466 1205 2534 qualia
1232 2466 1433 2520 viscera
1464 2473 1745 2534 parentum
1773 2478 1892 2518 esse
1921 2470 2162 2534 possunt,

573 2555 918 2625 perpendite,
950 2557 1162 2624 quando
1195 2553 1331 2608 ﬁlios
1377 2571 1505 2608 suos
1555 2554 1886 2616 distvahunt,
1940 2566 2008 2605 ne
2055 2559 2167 2604 tor-

573 2655 857 2712 queantur.
889 2646 1130 2712 Qualiter
1160 2655 1340 2700 autem
1381 2645 1740 2700 miserendum
1769 2645 1836 2697 sit
1879 2642 1999 2695 filiis
2027 2641 2164 2694 alio-

574 2749 711 2801 rum,
741 2737 845 2791 hoc
864 2737 1001 2790 bene
1031 2738 1205 2791 sciunt
1225 2738 1312 2806 qui
1341 2738 1540 2791 habent
1562 2735 1830 2804 proprios.
1862 2732 2013 2787 Unde
2036 2730 2166 2784 tnihi

573 2828 807 2881 breviter
833 2828 944 2881 haec
967 2829 1295 2896 suggessisse
1323 2827 1573 2891 sufliciat,
1605 2841 1674 2880 ne
1703 2827 1746 2880 si
1775 2840 1837 2878 ea
1865 2839 1982 2892 qua:
2003 2824 2054 2877 in
2082 2821 2168 2876 his

573 2918 813 2986 partibus
838 2927 1086 2985 aguntur,
1120 2919 1294 2988 pietas
1323 2927 1501 2972 vestra
1533 2934 1638 2970 non
1669 2921 2046 2984 cognosceret,
2080 2928 2168 2968 me

573 3009 710 3078 apud
734 3009 1031 3065 districtum
1048 3010 1281 3079 judicent
1303 3009 1500 3063 silentii
1515 3009 1617 3062 mei
1633 3009 1791 3076 culpa
1810 3005 2114 3060 mulctaret.
2139 3020 2158 3054 ι

575 3101 908 3173 (Regisl.lt'b.
934 3119 986 3167 v,
1029 3120 1110 3172 ep.
1158 3103 1272 3172 4i.)

642 3214 732 3266 49.
763 3213 896 3268 llinc
925 3222 1007 3267 est
1036 3213 1172 3279 quod
1201 3212 1359 3281 hujus
1386 3209 1629 3277 Gregorii
1681 3215 1928 3276 tempore
1955 3211 2037 3256 tot
2075 3217 2165 3256 sa-

575 3301 822 3356 cerdotes
869 3310 923 3354 et
971 3302 1090 3354 laici
1142 3315 1236 3369 per
1277 3301 1518 3354 diversas
1583 3297 1831 3366 regiones
1891 3293 2163 3348 miraculis

575 3407 916 3456 coru<cas~e,
959 3391 1178 3458 Dialogo
1238 3401 1404 3455 teste,
1443 3390 1769 3460 probantur,
1829 3394 1962 3455 quot
2023 3401 2162 3438 nun-

574 3499 734 3551 quam
766 3485 864 3538 sub
901 3485 1286 3554 posterioribus
1314 3483 1656 3554 pomificibus
1702 3481 1928 3536 inveniri
1976 3486 2163 3548 postea

574 3583 883 3644 potuerunt.

646 3669 830 3724 Tantis
860 3671 1019 3739 igitur
1049 3668 1297 3725 Ecclesia;
1341 3669 1432 3723 Dei
1465 3667 1806 3724 felicitatibus
1849 3663 2018 3719 hostis
2063 3661 2166 3715 hu-

573 3763 714 3816 mani
742 3762 953 3829 generis
981 3762 1240 3826 invidens,
1265 3761 1552 3815 nonnullos
1572 3757 1882 3830 pontificum
1902 3753 2166 3821 simulque

577 3839 913 3906 saecularium:
936 3853 1174 3921 judicum
1197 3893 1214 3919 ,
1264 3855 1330 3906 ad
1361 3854 1478 3921 ejus
1508 3851 1762 3905 invidiam
1793 3844 2161 3914 conﬂagravit.

574 3945 748 4012 Super
784 3958 1011 4011 quorum
1041 3940 1332 3998 afﬂictian
1353 3941 1543 3996 .loauni
1569 3938 1864 3996 Bovetmali
1885 3937 2160 4005 episcopo,

578 4033 718 4087 inter
747 4041 940 4088 cmtcra
969 4035 1229 4102 queritur.
1275 4035 1460 4090 dicens
1492 4053 1504 4087 :
1541 4053 1560 4086 ‹
1593 4033 1838 4088 Peccatis
1885 4030 2018 4084 meis
2064 4029 2166 4081 hoc

572 4131 796 4190 reputo,
827 4124 950 4193 quia
982 4125 1113 4189 iste,
1159 4126 1246 4194 qui
1287 4142 1428 4179 nunc
1476 4126 1700 4179 interest
1730 4126 1746 4193 (
1780 4123 1917 4176 haud
1948 4120 2165 4175 dubium

571 4213 697 4279 quin
733 4211 1002 4269 Romanus
1029 4216 1335 4284 exarchus),
1363 4224 1416 4269 et
1442 4229 1677 4285 pugnare
1706 4222 1892 4269 contra
1925 4209 2169 4269 inimicos

573 4312 787 4357 nostros
815 4303 1134 4368 dissimulat,
1159 4314 1212 4359 et
1235 4323 1332 4360 nos
1353 4305 1530 4360 facere
1559 4321 1742 4376 pacem
1770 4312 1918 4358 vetat
1941 4321 1953 4356 :
1980 4315 2168 4371 quam-

573 4392 651 4452 vis
675 4391 786 4459 jam
818 4395 998 4457 modo,
1031 4395 1239 4449 etiamsi
1265 4397 1423 4460 velit,
1455 4396 1630 4449 facere
1660 4395 1878 4448 omnino
1907 4409 2015 4447 non
2041 4404 2166 4461 post

572 4496 756 4537 sumus
789 4500 802 4535 :
833 4484 958 4550 quia
998 4485 1284 4555 Ariulpbus
1311 4502 1452 4540 cxcr.
1477 4487 1604 4539 itum
1637 4487 1880 4540 Autarith
1920 4492 1976 4539 et
2023 4459 2157 4538 Nor-
2191 4459 2233 4516 Ι)

573 4571 700 4624 dulli
740 4574 972 4640 habens,
1007 4591 1193 4630 eorum
1219 4578 1318 4632 sibi
1345 4577 1458 4632 dari
1492 4579 1732 4648 precaria
1764 4577 2070 4643 desiderat,
2102 4583 2159 4629 ut

573 4665 846 4720 vobiscum
885 4666 1028 4737 loqui
1060 4668 1261 4738 aliquid
1290 4669 1356 4723 de
1397 4685 1529 4740 pace
1571 4668 1837 4738 dignetur.
1874 4687 1892 4720 ι
1931 4667 2154 4739 (Regist.

571 4757 662 4811 lib.
695 4773 754 4824 ιι,
783 4775 864 4826 ep.
908 4758 1021 4830 46.)

644 4848 773 4902 Item
803 4848 1142 4914 Sebastiano,
1165 4852 1418 4921 episcopo
1447 4851 1725 4906 Sirmiensi
1747 4891 1760 4912 ,
1793 4858 1916 4920 post
1937 4850 2113 4918 aliqua
2141 4869 2153 4903 :

577 4956 596 4989 ι
633 4938 792 5006 Qum,
846 4940 1180 4995 sanctissime
1229 4940 1421 5005 frater,
1467 4942 1534 4996 de
1580 4942 1738 4996 amici
1787 4941 1948 4995 vestri
1978 4941 2160 4994 domni

570 5030 800 5085 Romani
830 5047 1060 5101 persona
1090 5033 1142 5087 in
1172 5033 1277 5087 hac
1300 5042 1441 5087 terra
1470 5034 1730 5102 patimur,
1767 5033 1910 5102 loqui
1944 5033 2162 5086 minime

571 5121 808 5176 valemus
842 5140 855 5174 :
884 5122 1118 5176 breviter
1139 5131 1318 5176 tamen
1349 5123 1471 5177 dico
1503 5123 1621 5191 1uia
1652 5122 1768 5189 ejus
1800 5124 1848 5176 in
1884 5139 1984 5178 nos
2009 5123 2162 5175 mali-

569 5215 641 5265 tia
671 5214 877 5281 gladios
906 5214 1380 5282 Langobardorum
1411 5215 1559 5282 vicit,
1609 5215 1680 5267 ita
1709 5225 1768 5268 ut
1820 5214 2162 5282 benigniores

568 5303 854 5359 videantur
880 5307 1091 5369 hostes,
1141 5308 1230 5376 qui
1260 5322 1359 5363 nos
1402 5307 1744 5368 interimunt,
1772 5322 1932 5375 quam
1979 5307 2160 5374 reipu-

569 5392 962 5461 bliczcjudiccs,
993 5397 1084 5465 qui
1116 5412 1214 5452 nos
1239 5398 1445 5451 malitia
1472 5411 1598 5460 sua,
1641 5397 1845 5466 rapinis
1868 5406 2027 5464 atque
2054 5396 2156 5450 fal-

568 5488 720 5541 laciis
750 5487 802 5542 in
833 5490 1160 5559 cogitatione
1193 5499 1533 5545 consumunt.
1564 5489 1632 5543 Et
1654 5506 1759 5545 uno
1790 5499 2031 5560 tempore
2057 5505 2156 5544 cu-

569 5590 684 5630 ram
713 5579 1106 5648 episcoporum,
1140 5591 1300 5649 atque
1326 5582 1674 5644 clericorum,
1707 5581 2155 5636 monasteriorum

569 5683 817 5738 quoque,
866 5681 919 5726 et
967 5673 1146 5741 populi
1193 5689 1414 5742 gerere,
1449 5684 1635 5731 contra
1677 5676 1908 5731 hostium
1942 5675 2157 5732 insidias

2257 1821 2573 1873 transierunt
2626 1823 2724 1874 irae
2769 1830 2905 1886 tute,
2953 1831 3001 1874 et
3047 1832 3267 1876 terrores
3309 1826 3380 1877 uti
3423 1828 3860 1882 conturbauerunt

2259 1931 2358 1967 me.
2384 1913 2837 1968 Circumdederunt
2867 1932 2948 1968 me
2970 1917 3100 1968 sicut
3127 1933 3261 1987 aqua
3284 1926 3390 1970 tota
3412 1919 3522 1983 die,
3564 1922 3860 1974 circumde-

2262 2007 2446 2060 derunt
2475 2023 2554 2059 me
2578 2007 2730 2061 simul
2753 2005 2927 2076 (Psal.
2959 2023 3198 2074 Lxxxvu,
3234 2010 3294 2063 l7
3339 2020 3390 2064 et
3419 2010 3526 2082 18).
3561 2032 3579 2065 ι
3623 2013 3857 2083 (Regia.

2263 2095 2353 2149 lib.
2379 2112 2461 2162 χι,
2489 2113 2571 2166 ep.
2604 2095 2684 2164 2.)

2338 2203 2423 2258 50.
2453 2204 2620 2259 Porro
2649 2206 2898 2261 Mauritio
2949 2215 3074 2263 tunc
3125 2210 3448 2266 avarissimo
3469 2213 3742 2283 simulque
3771 2232 3863 2269 ra—

2265 2295 2553 2363 pacissimo
2575 2297 2821 2366 principi,
2839 2299 3268 2366 suggestionibus
3282 2300 3618 2356 inimicorum
3637 2321 3863 2359 suorum

2267 2382 2684 2439 funestissimam
2731 2386 2903 2452 legem
2949 2385 3168 2452 ferenti,
3219 2396 3276 2441 ut
3301 2390 3430 2443 nulli
3471 2392 3736 2459 militum,
3767 2396 3864 2462 qui

2267 2476 2514 2530 videlicet
2544 2477 2594 2530 in
2629 2493 2789 2531 manu
2823 2478 3062 2545 signatus
3087 2480 3308 2547 fuisset,
3359 2483 3545 2538 liceret
3592 2488 3864 2547 converti,

2269 2570 2410 2623 inter
2437 2579 2630 2624 caetera
2661 2571 2740 2625 sic
2771 2571 3048 2641 respondit
3080 2590 3093 2625 :
3136 2591 3156 2626 ι
3192 2575 3272 2628 Ad
3299 2575 3404 2630 hoc
3431 2586 3674 2648 potestas
3698 2595 3867 2647 snper

2267 2677 2456 2715 omnes
2480 2662 2723 2716 homines
2762 2663 2948 2731 pietati
2995 2663 3333 2720 dominorum
3365 2684 3606 2723 meorutn
3651 2671 3868 2726 ctelitus

2269 2753 2392 2806 data
2424 2761 2524 2819 est,
2554 2763 2614 2808 ut
2640 2755 2732 2823 qui
2759 2757 2899 2809 bona
2928 2764 3220 2826 appetunt,
3261 2758 3615 2827 adjuventur,
3667 2769 3727 2814 ut
3753 2778 3870 2815 caeo

2270 2846 2444 2900 lorum
2469 2848 2552 2900 via
2585 2847 2782 2916 largius
2811 2855 3014 2916 pateat,
3047 2856 3103 2901 ut
3134 2856 3384 2903 terrestre
3409 2863 3633 2917 regnum
3656 2852 3872 2908 caalesti

2269 2953 2435 3006 regno
2465 2938 2770 2993 famuletnr.
2806 2939 2870 2992 Et
2913 2955 3041 2994 ecce
3070 2950 3256 3010 aperta
3286 2957 3420 2997 voce
3448 2943 3666 3009 dicitur,
3695 2953 3758 2997 ut
3793 2947 3871 3008 ei,

2269 3029 2359 3096 qui
2389 3028 2556 3082 semel
2590 3029 2642 3082 in
2674 3037 2886 3082 terrena
2917 3030 3103 3082 tnilitia
3134 3031 3372 3098 signatus
3400 3030 3594 3101 fuerit,
3648 3035 3749 3087 nisi
3775 3044 3872 3088 aut

2269 3118 2482 3185 expleta
2510 3118 2720 3181 tnilitia,
2753 3127 2844 3171 aut
2872 3133 2968 3187 pro
2997 3119 3274 3173 debilitate
3299 3124 3543 3190 corporis
3593 3125 3890 3194 tepulsus,-

2267 3209 2493 3264 Domino
2525 3218 2714 3264 nostro
2760 3207 2887 3264 Jesu
2929 3207 3144 3263 Christo
3173 3211 3406 3266 militare
3438 3230 3546 3266 non
3579 3214 3763 3269 liceat.
3797 3217 3874 3271 At

2264 3301 2378 3355 lucc
2407 3315 2534 3354 ecce
2565 3315 2660 3369 per
2687 3315 2798 3364 me,
2828 3316 3040 3355 servum
3065 3301 3309 3355 ultimum
3339 3318 3493 3355 suum
3517 3312 3573 3358 et
3595 3315 3865 3366 vestrum,

2265 3391 2611 3460 respondebit
2641 3389 2904 3456 Christus,
2936 3391 3119 3446 dicens
3149 3409 3161 3444 :
3208 3394 3317 3460 I’go
3349 3405 3400 3446 te
3422 3392 3489 3447 de
3521 3397 3738 3450 notario
3764 3413 3866 3451 co-

2265 3484 2445 3536 mitem
2469 3483 2860 3546 excubitorum,
2878 3481 2946 3536 de
2967 3483 3163 3536 comite
3175 3483 3549 3538 excubitorum
3573 3500 3865 3550 czesarem,

2264 3574 2331 3627 de
2360 3588 2560 3627 raasare
2602 3573 3016 3642 imperatorem,
3048 3588 3148 3626 nec
3189 3573 3362 3627 solum
3405 3574 3507 3628 hoc
3527 3617 3540 3640 ,
3574 3577 3668 3630 sed
3697 3579 3872 3633 etiam

2266 3673 2474 3732 patrem
2505 3663 2888 3731 imperatorum
2923 3664 3045 3718 feci.
3077 3665 3400 3720 Sacerdotes
3429 3682 3578 3722 meos
3608 3678 3714 3723 tua:
3742 3687 3872 3723 ma-

2267 3754 2354 3807 nui
2387 3753 2652 3817 commisi,
2683 3761 2739 3807 et
2767 3763 2821 3806 tu
2851 3768 2882 3806 a
2923 3769 3044 3808 meo
3076 3755 3299 3810 scrviio
3347 3757 3543 3811 milites
3573 3767 3696 3812 tuos
3733 3762 3872 3814 sub-

2267 3844 2472 3898 trahis?
2499 3843 2804 3914 Respoude,
2837 3860 2988 3913 rogo,
3014 3847 3251 3915 piissime
3279 3847 3517 3914 domine,
3547 3865 3710 3904 servo
3743 3861 3865 3915 tuo,

2267 3936 2392 4005 quid
2425 3938 2658 3992 venienti
2686 3946 2742 3992 et
2771 3939 2883 3993 lucc
2911 3939 3109 3993 dicenti
3156 3956 3511 4010 responsurus
3538 3957 3598 3996 es
3627 3944 3680 3997 in
3718 3944 3866 4013 judi-

2268 4028 2353 4081 cio
2381 4027 2610 4084 Domino
2639 4031 2771 4084 tuo?
2803 4049 2821 4081 ι
2857 4029 2919 4082 Ει
2944 4040 3064 4100 post
3105 4048 3310 4100 pauca:
3351 4051 3368 4083 ι
3392 4033 3679 4104 Requirat,
3704 4051 3862 4104 rogo,

2270 4115 2524 4170 Dominus
2549 4133 2718 4180 meus,
2744 4121 2862 4188 quis
2890 4121 3035 4189 prior
3058 4122 3350 4191 imperator
3378 4123 3536 4178 talem
3561 4124 3736 4193 legent
3764 4127 3865 4181 de-

2269 4207 2426 4272 derit,
2457 4217 2512 4263 et
2535 4210 2781 4264 subtilius
2808 4211 3057 4277 aestimet,
3086 4214 3129 4267 si
3153 4214 3266 4267 d'ari
3294 4215 3556 4272 debuerit.
3587 4235 3606 4268 ι
3632 4216 3861 4290 (Regist.

2270 4299 2357 4354 lib.
2393 4316 2447 4365 ll,
2478 4317 2559 4372 ep.
2593 4301 2706 4370 65.)

2341 4391 2472 4446 ltem
2518 4393 2802 4450 Theodoro
2831 4396 3069 4462 medico,
3104 4406 3225 4467 post
3273 4398 3451 4466 aliqua
3485 4415 3498 4451 :
3537 4417 3556 4450 ‹
3595 4397 3862 4468 Peccatis,

2267 4484 2472 4554 inquit,
2504 4487 2638 4541 meis
2667 4487 3019 4551 facientibus,
3047 4505 3112 4543 ex
3141 4505 3369 4557 quorum
3409 4493 3754 4559 suggestione
3781 4486 3863 4548 vel

2267 4580 2494 4633 consilio
2525 4580 2707 4634 nescio
2739 4588 3013 4634 transacto
3054 4597 3227 4645 anno,
3277 4583 3436 4635 taletn
3485 4584 3537 4636 in
3584 4585 3862 4652 republica

2267 4683 2362 4722 sua
2395 4669 2568 4736 legent
2599 4671 2820 4739 protulit
2850 4671 3162 4740 imperator,
3195 4683 3254 4724 ut
3277 4672 3455 4725 nullus
3472 4673 3560 4741 qui
3587 4674 3862 4727 actionem

2267 4760 2535 4830 publicam
2566 4762 2695 4829 egit,
2747 4763 2923 4816 nullus
2952 4765 3041 4832 qui
3073 4761 3252 4818 officio
3291 4763 3376 4817 vel
3408 4779 3565 4816 manu
3597 4765 3863 4831 signatus,

2267 4853 2352 4907 vel
2375 4853 2512 4907 inter
2553 4854 2747 4908 milites
2777 4854 2990 4908 habitus
3028 4862 3135 4918 est,
3167 4856 3215 4909 ei
3256 4856 3309 4909 itt
3348 4857 3681 4910 monasterio
3727 4873 3864 4910 con-

2265 4945 2403 4998 verti
2452 4945 2638 5013 liccat,
2695 4946 2794 5000 nisi
2836 4947 2974 5000 forte
3022 4946 3209 5000 militia
3255 4947 3372 5015 ejus
3423 4947 3582 5002 fuerit
3620 4948 3858 5018 expleta.

2265 5037 2435 5103 Quam
2487 5038 2658 5106 legem
2706 5040 2970 5108 primum,
3016 5040 3158 5094 sicut
3210 5041 3263 5094 bi
3313 5041 3532 5107 dicunt,
3584 5041 3678 5109 qui
3716 5041 3863 5108 leges

2261 5135 2474 5180 veteres
2522 5136 2816 5191 noverunt,
2860 5126 3104 5182 Julianus
3133 5128 3384 5197 protulit,
3417 5129 3484 5182 de
3521 5145 3631 5198 qtto
3660 5129 3865 5185 scimus

2263 5235 2482 5281 omnes,
2533 5229 2793 5290 quantum
2843 5235 2873 5274 a
2918 5221 3032 5276 Deo
3079 5236 3301 5276 aversus
3362 5221 3540 5277 fuerit.
3600 5239 3620 5274 ι
3677 5220 3859 5290 (Ibid.

2265 5324 2347 5378 ep.
2373 5308 2487 5377 66.)
2991 5356 3002 5363 .

2337 5397 2425 5453 51.
2469 5397 2824 5455 Confortabat
2875 5401 3137 5456 insaniam
3173 5401 3441 5470 judicum,
3487 5403 3602 5457 sive
3644 5403 3865 5458 fovebat

2263 5489 2517 5557 Joannes,
2555 5500 2682 5547 tunc
2710 5507 2776 5548 ex
2824 5495 3090 5549 monacho
3119 5496 3280 5561 regite
3310 5494 3459 5549 urbis
3489 5497 3741 5557 antistes,
3770 5495 3864 5564 qui

2266 5598 2332 5637 eo
2356 5592 2626 5654 tempore,
2657 5600 2764 5654 quo
2785 5583 3078 5653 Gregorius
3119 5601 3149 5638 a
3183 5585 3396 5654 Pelagio
3435 5586 3668 5654 pmsule
3694 5585 3865 5640 desti-

2266 5686 2422 5732 natus
2456 5677 2830 5749 apocrisiarius
2856 5693 3020 5749 penes
3049 5678 3572 5750 Constantinopolim
3603 5679 3863 5736 morabaa
