4018 6308
175 278 276 334 161

713 279 770 335 S.
809 277 1136 334 GREGORII
1175 279 1374 335 PAPzE
1419 280 1597 347 VITA,
1643 279 1733 336 ΑΙ]

1839 279 1961 336 DBE
2001 279 2263 337 JOAb'NE
2302 279 2619 339 DIACONO.
2665 285 2793 342 LIB.
2833 286 2918 342 Ill.

3356 288 3456 344 {62

170 399 279 458 tur,
312 392 499 460 fugere
529 405 587 447 se
610 405 871 445 summum
898 390 1258 445 sacerdotium
1287 393 1438 461 quasi
1485 393 1759 448 humiliter
1788 408 1838 454 Α
1871 391 2147 449 Dominum
2181 395 2358 463 (Prov.
2403 413 2513 463 XXI,
2545 398 2658 468 '50).
2689 400 2756 455 Et
2780 402 2992 471 quidem
3033 417 3174 474 sarpe
3203 404 3457 474 prtefatus

170 481 360 544 finxit;
398 483 490 537 sed
526 498 592 536 eo
635 492 914 550 suscepto,
967 497 1136 550 usque
1171 483 1307 538 adeo
1347 484 1400 538 in
1451 485 1756 556 superbiam

174 573 372 629 dolosa)
408 574 595 627 mentis
637 572 909 636 excrevit,
961 580 1020 625 ut
1065 587 1227 626 causa
1269 573 1374 627 alia
1416 575 1758 628 occasionem

171 684 444 736 quaerens.
493 679 514 702 ἀ·
547 666 806 736 synodum
839 666 1072 729 faceret,
1104 665 1156 717 in
1178 681 1283 733 qua
1313 680 1372 720 se
1402 666 1758 721 universalem

164 759 438 828 appellare
474 766 696 810 conatus
720 764 820 811 est.
846 754 1002 820 Quod
1049 771 1176 809 mox
1226 771 1363 824 papa
1411 754 1656 822 Pelagius
1700 767 1758 809 ut

161 847 399 913 agnovit.
432 847 647 899 directis
677 846 924 914 epistolis
952 860 1020 899 ex
1055 849 1380 900 auctoritate
1415 848 1583 900 sancti
1613 845 1754 898 Petri

159 938 423 1007 apostoli,
474 936 713 1003 ejusdem
753 935 946 1006 synodi
994 944 1114 990 acta
1164 936 1418 990 cassavit.
1461 935 1750 989 Diaconuin

157 1043 318 1090 vero,
358 1027 449 1094 qui
492 1028 646 1095 juxta
692 1043 899 1080 morem
949 1041 1048 1094 pro
1076 1027 1353 1094 responsis
1373 1026 1752 1081 ecclesiasticis

157 1116 418 1170 faciendis
440 1115 855 1185 imperatoribus
882 1114 1208 1178 adhaerebat,
1237 1129 1358 1167 cum
1380 1129 1445 1167 eo
1469 1115 1746 1168 missarum

151 1206 414 1259 solemnia
437 1207 717 1261 celebrare
744 1204 1039 1274 prohibuit.
1069 1202 1235 1271 Cujus
1260 1204 1578 1257 sententiain
1619 1203 1747 1256 bea-

148 1303 238 1349 tus
266 1309 487 1365 quoque
527 1296 819 1363 Gregorius
848 1309 1106 1363 sequens,
1146 1293 1453 1362 praedictum
1482 1291 1744 1346 Joannem

143 1399 294 1453 saepe
341 1387 738 1440 commonitum
770 1385 1121 1453 acquiescere
1169 1381 1535 1449 dillerentem,
1591 1387 1742 1453 112

141 1477 423 1531 sententia
453 1479 571 1546 pari
600 1477 976 1539 mulctaverat,
1011 1474 1362 1541 omnibusque
1403 1473 1749 1542 pontificibus

138 1568 245 1621 sub
269 1569 718 1624 interminatione
758 1567 955 1637 [ποίη-ἑξ
999 1565 1219 1617 honoris
1248 1563 1620 1630 mandaverat,
1673 1581 1742 1623 ne

136 1674 390 1727 unquam
431 1659 746 1715 universalis
791 1655 1067 1725 profanum
1120 1651 1439 1706 vocabulum
1487 1663 1582 1707 aut
1605 1655 1740 1709 seri-

1861 483 2228 537 sanctissimus
2250 483 2414 538 frater
2429 489 2773 544 serenissimo
2794 491 3013 552 dotnino
3039 492 3203 546 mhlta
3223 493 3453 548 suadere

1861 581 2116 637 conatur;
2145 572 2239 627 sed
2264 574 2404 628 bene
2424 575 2546 630 novi
2575 579 2698 646 quia
2727 586 2886 632 tanta:
2914 580 3018 634 illa:
3039 582 3314 637 orationes
3335 582 3449 651 ejus

1860 671 1915 714 et
1946 663 2192 732 lacrymtc
2223 665 2294 718 nil
2322 665 2371 719 ei
2399 680 2429 718 a
2475 680 2747 736 quoquam
2778 680 2965 724 contra
3015 673 3276 727 rationem
3296 714 3312 740 ,
3357 684 3452 728 aut

1859 753 2091 806 animam
2123 769 2271 808 suam
2302 756 2502 825 subripi
2529 759 2862 826 permittunt.
2887 759 3060 816 Triste
3087 771 3263 818 tamen
3291 765 3448 820 valde

1856 851 1936 897 est
1955 853 2011 897 ut
2035 844 2300 909 patienter
2329 847 2550 912 feratur,
2575 860 2864 916 quatenus,
2890 851 3156 921 despectis
3177 857 3446 921 omnibus,

1853 934 2141 1002 przcdictus
2179 934 2344 989 frater
2379 946 2434 990 et
2481 940 2841 1010 coepiscopus
2869 958 3020 997 meus
3047 945 3193 998 solus
3221 956 3450 1001 conetur

1851 1021 2108 1088 appellari
2134 1023 2443 1092 episcOpus.
2478 1026 2584 1080 Sed
2635 1029 2686 1081 in
2737 1031 2838 1083 hac
2865 1031 2984 1098 ejus
3005 1035 3288 1102 superbia,
3321 1036 3450 1103 quid

1849 1111 2013 1172 aliud,
2047 1111 2147 1164 nisi
2179 1113 2477 1180 propinqua
2515 1114 2626 1180 jam
2678 1120 2993 1174 Antichristi
3043 1130 3286 1191 tempora
3331 1139 3451 1179 esse

1847 1201 2222 1268 designantur?
2253 1202 2387 1267 Quia
2415 1204 2565 1257 illum
2600 1206 2848 1261 videlicet
2875 1209 3143 1273 imitatur,
3172 1214 3262 1281 qui
3292 1229 3448 1281 spre-

1849 1292 1914 1346 tis
1944 1293 1994 1344 iu
2023 1294 2206 1347 sociali
2228 1296 2422 1362 gaudio
2445 1297 2757 1361 angelorum
2787 1300 3112 1367 legionibus,
3138 1305 3204 1356 ad
3228 1306 3445 1360 culmen

1845 1394 2071 1437 conatus
2109 1395 2191 1437 est
2221 1385 2608 1451 singularitatis
2639 1405 2955 1458 erumpere,
3003 1391 3191 1445 dicens
3223 1410 3236 1445 :
3270 1394 3443 1464 Super

1845 1479 1988 1524 astra
2028 1473 2141 1526 caeli
2188 1475 2429 1528 exaltobo
2459 1476 2645 1530 saliunt
2694 1495 2892 1538 nteant.
2947 1479 3133 1534 sedebo
3173 1481 3227 1534 in
3267 1495 3442 1536 monte

1847 1560 2190 1630 Testameuti,
2236 1566 2286 1618 in
2333 1566 2581 1620 lateribus
2625 1569 2912 1638 Aquilonis.
2955 1571 3245 1625 Ascendam
3283 1591 3432 1642 super

1843 1653 2172 1709 altitudinem
2204 1657 2412 1710 nubium
2457 1675 2475 1712 :
2514 1661 2697 1712 simili;
2731 1678 2818 1714 cro
2846 1661 3110 1715 Allissimo
3146 1662 3282 1735 (Isai
3327 1681 3436 1729 xw,

136 1749 373 1814 herent,
435 1761 528 1806 aut
565 1751 817 1820 scriptum
866 1748 1230 1814 susciperent,
1279 1755 1373 1800 aut
1413 1746 1505 1800 ubi
1550 1746 1741 1802 fuisset
1773 1745 1956 1814 313).
2015 1747 2165 1802 Unde
2214 1765 2309 1817 per
2343 1751 2766 1817 omnipotentem
2809 1753 3090 1807 Dominum
3158 1769 3321 1824 rogo,
3370 1773 3439 1811 ne

135 1841 437 1909 scriptum,
470 1840 883 1897 subscriberent.
932 1836 1272 1906 Quapropter
1294 1833 1532 1892 Joannes
1558 1839 1740 1896 multis

135 1929 372 1986 fallaciis
412 1929 481 1984 ad
511 1945 666 1985 suam
715 1927 1040 1999 bypocrisim
1089 1941 1415 1982 consensum
1441 1928 1737 1984 avarissimi

134 2021 490 2091 imperatoris
514 2020 812 2083 redimens,
841 2019 1076 2073 obtinuit
1121 2027 1180 2072 ut
1210 2020 1507 2088 imperator
1536 2018 1739 2088 Grego-

133 2113 226 2164 rio
253 2111 541 2174 scriberet,
573 2107 717 2178 quod
751 2107 853 2163 sibi
895 2107 1150 2177 pacificus
1175 2107 1462 2162 extitisset.
1493 2106 1739 2178 Quapro-

132 2214 265 2274 pter
291 2205 404 2274 ipse
427 2201 753 2272 imperatriei
773 2198 1140 2256 Constantina:
1162 2200 1303 2254 inter
1327 2200 1506 2268 aliqua
1530 2200 1732 2263 scribit,

133 2294 378 2350 dicens:
412 2292 736 2359 Sabiniano,
785 2290 1013 2345 diacono
1057 2289 1358 2356 responsali
1407 2304 1560 2352 meo,
1611 2289 1737 2343 scri-

133 2385 336 2449 bente,
383 2383 644 2452 cognovi,
677 2383 730 2436 in
771 2381 950 2437 causis
990 2381 1132 2434 beati
1172 2379 1319 2434 Petri
1368 2380 1732 2448 apostolorum

133 2474 432 2544 principis,
483 2482 672 2528 contra
719 2471 982 2543 quosdam
1031 2471 1262 2541 superbe
1309 2471 1571 2536 humiles,
1612 2470 1736 2525 licte

133 2566 392 2629 blandos,
422 2573 620 2633 quanta
640 2579 699 2620 se
715 2563 920 2632 justitia
946 2571 1122 2618 vestra
1143 2561 1410 2617 serenitas
1437 2559 1730 2631 impendat.

136 2658 300 2714 Unde
328 2659 503 2714 adhuc
530 2667 658 2728 peto
685 2665 742 2711 ut
769 2657 964 2710 nullius
991 2656 1284 2726 praevalere
1321 2665 1510 2710 contra
1535 2656 1737 2709 verita-

134 2759 248 2804 tem
277 2750 608 2822 bypocrisim
643 2749 967 2820 permittatis
1001 2766 1013 2800 :
1047 2749 1169 2812 quia
1216 2756 1343 2802 sunt
1375 2747 1592 2816 quidam
1620 2748 1736 2816 qui,

134 2843 287 2912 iuxta
317 2842 517 2910 egregii
545 2840 912 2911 prmiicatoris
939 2854 1162 2904 vocem,
1193 2855 1291 2908 per
1316 2838 1500 2892 dulces
1534 2854 1737 2892 sermo—

134 2949 238 2986 nes
289 2939 346 2986 et
393 2931 798 2986 benedictiones
851 2929 1118 2984 seducunt
1161 2928 1320 2982 corda
1372 2927 1737 2982 innocentium

135 3024 334 3097 (Rom.
361 3023 516 3091 xvr);
557 3023 648 3092 qui
697 3030 847 3076 veste
883 3021 1103 3089 quidem
1161 3019 1400 3089 despecti
1446 3029 1599 3085 sunt,
1643 3023 1738 3076 sed

1841 1839 2056 1908 pietatis
2103 1850 2291 1895 testrae
2337 1849 2577 1909 tempora
2631 1843 2952 1911 piriuittatis
3002 1845 3158 1900 unius
3205 1847 3438 1901 hominis

1840 1929 2074 1984 elatione
2102 1931 2364 1986 maculari
2390 1949 2404 1985 :
2437 1948 2613 2002 neque
2667 1941 2773 1986 tam
2810 1935 2962 2004 113
2993 1950 3244 2002 perverso
3276 1951 3436 1990 voca-

1839 2020 1966 2074 bulo
1995 2021 2156 2074 ullum
2187 2037 2406 2091 quoquo
2433 2023 2596 2078 modo
2624 2025 2906 2093 pratbeatis
2943 2041 3245 2092 assensum,
3274 2035 3435 2094 atque

1839 2109 1891 2163 in
1924 2109 2025 2166 hac
2049 2126 2210 2166 causa
2236 2126 2569 2182 nequaquam
2612 2129 2697 2166 me
2739 2114 2908 2182 pietas
2934 2124 3113 2169 vestra
3142 2117 3428 2186 despiciat;

1837 2201 1960 2270 quia
2007 2207 2062 2254 et
2106 2202 2150 2256 si
2199 2209 2419 2270 peccata
2451 2201 2692 2270 Gregorii
2727 2213 2872 2258 tanta
2913 2215 3038 2259 sunt
3063 2217 3118 2260 ut
3148 2209 3256 2276 pati
3304 2208 3429 2262 talia

1836 2289 2062 2355 debeat,
2094 2289 2234 2345 Petri
2268 2300 2444 2346 tamen
2473 2292 2704 2360 apostoli
2748 2303 2966 2362 peccata
2999 2297 3142 2349 nulla
3187 2306 3338 2361 sunt,
3373 2309 3430 2351 ut

1835 2382 2028 2438 vestris
2056 2383 2384 2452 temporibus
2411 2384 2520 2454 pati
2561 2385 2686 2438 talia
2730 2394 3018 2440 mereatur.
3058 2386 3134 2441 Un
3159 2389 3206 2442 le
3235 2389 3428 2442 iterum

1837 2480 2000 2540 atque
2025 2473 2219 2526 iterum
2248 2489 2346 2544 per
2392 2467 2816 2542 omnipotentem
2866 2473 3148 2528 Dominum
3183 2491 3337 2544 rogo,
3373 2488 3428 2531 ut

1835 2562 1976 2617 sicut
2002 2563 2210 2632 priores
2253 2565 2520 2634 principes
2565 2565 2737 2620 sancti
2771 2565 2909 2619 Petri
2945 2569 3173 2636 apostoli
3200 2569 3426 2636 gratiam

1837 2653 2221 2720 quasiverunt,
2247 2670 2345 2710 vos
2373 2669 2588 2724 quoque
2616 2656 2755 2709 hanc
2799 2657 2953 2712 vobis
2999 2665 3055 2711 et
3099 2673 3342 2727 quaerere
3373 2670 3429 2714 et

1839 2760 2160 2800 conservare
2189 2747 2408 2814 curetis,
2439 2755 2494 2800 et
2523 2759 2742 2816 propter
2768 2757 2986 2817 peccata
3020 2758 3226 2814 nostra,
3256 2751 3346 2817 qui
3378 2752 3427 2806 ei

1840 2837 2053 2904 indigne
2080 2838 2378 2904 servimus,
2422 2840 2539 2904 ejus
2589 2839 2728 2907 apu-l
2774 2855 2869 2894 vos
2905 2841 3082 2894 honor
3126 2841 3430 2894 nullatenus

1839 2927 2132 2985 minuatur,
2159 2927 2249 2993 qui
2276 2935 2328 2980 et
2350 2926 2510 2980 modo
2535 2927 2686 2981 vobis
2709 2927 2920 2995 adjutor
2941 2944 3060 2982 esse
3083 2929 3135 2982 in
3158 2931 3428 2995 omnibus.

1839 3027 1894 3072 et
1924 3018 2263 3086 po~~tuiodum
2300 3028 2479 3072 vestra
2509 3019 2686 3073 valeat
2732 3028 2951 3088 peccata
2997 3021 3288 3076 dimittere.
3336 3022 3428 3076 νὶ-

134 3117 302 3171 corde
336 3123 570 3179 tument,
603 3124 658 3168 et
686 3113 837 3182 quasi
881 3112 932 3165 in
974 3111 1079 3166 hoc
1109 3111 1309 3165 mundo
1339 3119 1532 3165 cuncta
1562 3111 1734 3182 despi-
1767 3119 1811 3182 (ζ
1842 3112 1972 3179 ginti
2005 3120 2183 3164 autem
2208 3110 2317 3178 jam
2348 3118 2403 3165 et
2430 3119 2635 3180 septem
2667 3126 2836 3165 annos
2883 3111 3153 3173 ducimus,
3203 3114 3346 3180 quod
3375 3114 3428 3170 in

135 3209 321 3270 ciunt,
355 3206 449 3261 sed
481 3215 657 3259 tamen
699 3220 761 3258 ea
800 3219 917 3272 qua:
963 3201 1145 3256 mundi
1193 3210 1316 3256 sunt
1344 3209 1537 3256 cuneta
1575 3203 1734 3260 simul

135 3299 360 3370 adipisci
389 3307 666 3368 quierunt;
712 3297 802 3366 qui
850 3296 1096 3362 indignos
1123 3309 1197 3348 se-
1229 3293 1478 3348 omnibus
1505 3293 1734 3349 homini-

135 3391 230 3443 bus
253 3390 528 3454 fatentur,
551 3389 646 3443 sed
675 3388 894 3456 privatis
919 3385 1192 3439 vocabulis
1213 3401 1243 3439 c
1268 3386 1453 3439 -ntenti
1477 3402 1596 3440 esse
1627 3402 1732 3440 non

134 3491 389 3552 possunt,
421 3480 547 3548 quia
579 3479 710 3534 illud
737 3489 1024 3548 appetunt,
1057 3479 1195 3533 un‘le
1243 3479 1492 3532 omnibus
1521 3479 1730 3546 dignio-

134 3589 218 3628 res
245 3587 370 3627 esse
402 3571 706 3624 videantur.
744 3588 762 3621 ι
801 3569 1022 3640 (Regist.
1046 3567 1134 3622 lib.
1161 3585 1214 3634 v,
1257 3585 1341 3637 ep.
1371 3567 1485 3638 21).
1519 3568 1582 3622 Et
1612 3577 1734 3639 post

133 3679 338 3733 pauca:

200 3774 289 3828 52.
335 3792 354 3824 ς
394 3773 658 3827 Prteterea
689 3771 884 3837 indico,
905 3771 1029 3840 quia
1061 3771 1283 3840 piissimi
1303 3769 1504 3824 domini
1534 3769 1730 3838 scripta

134 3866 378 3934 suscepi,
412 3874 473 3918 ut
514 3879 636 3918 cum
664 3863 826 3916 fratre
853 3872 908 3916 et
937 3862 1324 3917 consacerdote
1363 3877 1484 3914 meo
1523 3859 1732 3916 Joanne

133 3958 357 4011 debeam
391 3972 514 4011 esse
543 3955 812 4025 paciﬁcus.
847 3953 914 4007 Et
943 3955 1156 4022 quidem
1187 3954 1265 4007 sic
1293 3952 1595 4019 religiosum
1629 3950 1732 4003 Do-

133 4049 336 4103 minum
366 4047 578 4108 decuit.
611 4055 668 4101 ut
692 4046 956 4102 sacerdoti
983 4046 1080 4099 ista
1113 4046 1443 4114 praeciperet.
1473 4043 1578 4098 Sed
1608 4059 1730 4097 cum

132 4155 189 4194 se
217 4156 358 4196 nova
409 4140 831 4209 pncsumptione
868 4147 1029 4206 atque
1074 4139 1324 4206 superbia
1372 4137 1513 4190 idem
1563 4136 1731 4192 frater

133 4244 284 4283 meus
313 4228 676 4282 universalem
707 4227 1016 4296 episcopum
1048 4227 1316 4295 appellet,
1349 4226 1418 4278 ita
1448 4234 1506 4279 nt
1530 4235 1730 4282 sancta:

134 4321 412 4375 memoriae
441 4319 744 4375 decessoris
770 4319 877 4374 mei
929 4327 1171 4388 tempore
1201 4317 1430 4371 adscribi
1470 4333 1528 4372 se
1559 4319 1610 4372 in
1641 4334 1726 4388 sy-

135 4412 277 4464 nodo
325 4410 421 4464 tali
471 4409 577 4464 hoc
621 4410 856 4479 superbo
902 4409 1162 4463 vocabulo
1206 4408 1408 4462 faceret
1438 4427 1449 4461 :
1484 4409 1728 4477 quamvis

1838 3203 1938 3256 hac
1986 3201 2116 3254 urbe
2163 3200 2304 3254 inter
2365 3198 2836 3269 Langobardorum
2887 3202 3092 3270 gladios
3140 3202 3366 3258 vivimus
3412 3223 3425 3257 :

1836 3293 2030 3362 quibus
2073 3307 2233 3362 quam
2265 3291 2430 3346 mttlta
2477 3291 2544 3344 ab
2574 3290 2812 3346 Ecclesia
2861 3293 3187 3359 quotidianis
3239 3294 3426 3349 dii-bus

1834 3392 2143 3451 erogantur,
2176 3390 2236 3437 ut
2264 3383 2404 3437 inter
2442 3396 2537 3437 eos
2566 3382 2746 3436 vivere
2775 3384 3062 3452 possimus,
3093 3387 3426 3454 suggerenda

1833 3491 1940 3530 non
1969 3485 2111 3530 sunt.
2145 3475 2248 3530 Sed
2276 3475 2512 3530 breviter
2531 3473 2710 3529 indico
2736 3474 2878 3542 quia,
2903 3475 3043 3528 sicut
3072 3475 3124 3529 in
3153 3475 3424 3532 Ravcniuc

1833 3567 2074 3636 partibus
2105 3566 2447 3620 Dominorum
2481 3564 2656 3620 Pietas
2685 3565 2824 3634 apud
2870 3565 3100 3633 primum
3131 3568 3425 3622 exercitum

1833 3656 1998 3711 Italia:
2024 3657 2390 3712 saccellarium
2419 3656 2605 3722 habet,
2637 3656 2747 3724 qui,
2779 3655 2957 3712 causis
3001 3657 3424 3724 supervenienti-

1833 3747 1964 3814 bus,
2009 3746 2346 3816 quotidianas
2375 3761 2642 3815 expensas
2670 3745 2862 3809 faclat;
2896 3745 2967 3797 ita
3004 3755 3058 3799 et
3085 3746 3134 3798 in
3168 3746 3268 3801 hac
3295 3749 3424 3801 urbe

1835 3841 1886 3894 in
1917 3842 2093 3896 causis
2123 3840 2317 3894 talibus
2345 3854 2530 3892 eorum
2558 3837 2898 3892 saceellarius
2927 3851 3027 3904 ego
3056 3851 3195 3890 sum.
3248 3836 3310 3890 Et
3341 3846 3423 3890 ta-

1833 3949 1955 3987 men
1986 3933 2101 3987 lucc
2126 3931 2376 3998 ecclesia,
2403 3945 2521 3998 qua:
2546 3945 2652 3982 uno
2674 3927 2973 3993 eodemque
3001 3937 3242 3997 tempore
3267 3930 3424 3984 cleri-

1835 4020 1912 4073 cis
1933 4061 1945 4080 ,
1976 4017 2313 4073 monasteriis
2335 4056 2350 4082 ,
2382 4013 2734 4086 pauperibus,
2772 4013 2971 4083 populo
3021 4021 3180 4077 atque
3210 4015 3425 4082 insuper

1834 4108 2202 4178 Langobardis
2225 4117 2334 4162 tam
2375 4107 2539 4160 multa
2573 4105 2937 4159 indesinenter
2963 4104 3251 4172 expendit,
3297 4121 3424 4159 ecco

1832 4202 2011 4257 adhuc
2036 4217 2103 4256 ex
2143 4201 2380 4256 omnium
2421 4198 2769 4255 ecclesiarum
2810 4195 3099 4250 afﬂictione
3141 4197 3421 4265 premitur,

1832 4293 1958 4360 quia
1987 4292 2054 4346 de
2083 4292 2237 4346 unius
2279 4288 2510 4344 bominis
2552 4286 2802 4354 superbia
2847 4285 2996 4342 multi
3027 4295 3287 4356 gemunt,
3318 4287 3420 4342 etsi

1831 4385 2012 4439 dicere
2041 4384 2110 4436 nil
2137 4388 2480 4453 prtcsumunt.
2515 4398 2533 4431 ι
2581 4376 2770 4448 (Ibid)

135 4515 329 4559 cuncta
379 4505 524 4559 illius
551 4505 770 4574 synodi,
818 4505 944 4560 sede
974 4503 1270 4574 apostolica
1301 4505 1728 4568 contradicente,
1763 4494 1812 4554 D
1905 4497 1994 4552 55.
2038 4495 2368 4550 Avarissimo
2414 4506 2630 4560 αυοίιυθ
2674 4490 2899 4560 ῐπῖηοῖρί
2946 4488 3238 4558 ϐτεεοτῖιιε
3287 4506 3422 4545 νοτε

134 4595 307 4648 soluta
336 4595 474 4658 sint,
502 4595 654 4650 triste
692 4595 820 4648 mihi
852 4594 1051 4660 aliquid
1077 4594 1453 4648 sereni-simus
1481 4593 1732 4648 dominus

136 4686 327 4751 innuit,
353 4685 502 4754 quod
528 4702 634 4738 non
665 4701 786 4739 eum
817 4686 1080 4756 corripuit
1112 4687 1200 4754 qui
1225 4685 1488 4752 superbit,
1519 4685 1611 4738 sed
1643 4701 1730 4739 me

134 4779 314 4845 potius
339 4777 408 4830 ab
437 4777 734 4832 intentione
766 4792 884 4832 mea
915 4777 1184 4832 declinare
1211 4777 1396 4844 voluit,
1429 4776 1515 4842 qui
1547 4777 1599 4830 in
1632 4777 1733 4832 hac

135 4885 294 4923 causa
325 4868 738 4936 Evangeliorum
768 4878 822 4922 ct
869 4885 1135 4924 canonum
1168 4877 1366 4924 statuta
1412 4869 1731 4922 humilitatis

136 4971 294 5027 atque
339 4958 679 5013 rectitudinis
723 4959 952 5014 defendo
995 4962 1296 5014 veritatem.
1341 4959 1452 5024 Qua
1503 4959 1554 5012 in
1593 4975 1650 5013 re
1695 4975 1725 5014 a

135 5051 392 5117 pracdicto
421 5049 586 5105 fratre
635 5061 684 5104 et
727 5052 1111 5106 eonsacerdote
1156 5067 1278 5105 meo
1317 5060 1504 5105 contra
1552 5051 1727 5105 Evan-

134 5142 360 5205 gelicam
391 5142 736 5205 sententiam,
770 5152 956 5197 contra
1003 5142 1219 5196 beatum
1266 5156 1482 5208 quoque
1514 5141 1725 5195 Petrum

137 5232 464 5298 apostolum.
496 5242 551 5286 et
596 5241 785 5286 contra
831 5247 1018 5286 omnes
1047 5232 1306 5286 ecclesias
1351 5247 1727 5300 canonumquc

135 5334 332 5380 statuta
379 5327 580 5393 agitur.
622 5325 728 5379 Sed
774 5334 858 5380 est
901 5326 1242 5393 omnipotens
1285 5324 1452 5386 Deus,
1493 5325 1545 5377 in
1577 5324 1730 5391 cujus

135 5431 299 5471 manu
324 5428 454 5472 sunt
506 5417 714 5477 omnia,
766 5416 833 5470 de
881 5432 989 5485 quo
1035 5417 1293 5483 Scriptum
1338 5424 1421 5468 est
1453 5433 1466 5466 :
1499 5413 1619 5468 Non
1657 5425 1733 5468 est

137 5510 390 5579 rapientia
411 5548 427 5574 ,
457 5525 563 5563 non
587 5516 662 5562 est
689 5508 980 5578 prudentia,
1016 5523 1117 5561 non
1150 5514 1224 5561 est
1254 5506 1522 5561 consilium
1553 5515 1730 5560 contra

209 5677 232 5701 ι·
267 5665 521 5720 llaliitani
551 5665 688 5719 hanc.
715 5663 976 5724 svnodtnn
1017 5677 1103 5715 an.
1148 5660 1252 5714 587
1305 5657 1621 5723 conjicintm
1661 5673 1728 5710 nx

149 5752 229 5804 ep-
261 5735 333 5788 vi;
359 5737 482 5789 libri
506 5751 558 5799 v,
618 5727 804 5793 indict.
845 5737 925 5798 l5,
973 5734 1062 5787 ubi
1094 5748 1121 5784 a
1152 5729 1511 5785 celebratione
1539 5726 1728 5796 synodi

1834 4591 2001 4644 libera
2034 4587 2374 4651 contrachit,
2403 4593 2525 4654 post
2553 4584 2730 4649 aliqua
2761 4583 3002 4637 scribens
3034 4599 3047 4634 :
3085 4600 3104 4632 ε
3142 4581 3282 4636 Ecce
3308 4582 3421 4634 cla-

1834 4697 1928 4736 ves
1956 4682 2101 4749 regni
2131 4679 2367 4733 imlcstis
2397 4675 2538 4730 haud
2567 4674 2788 4729 dubium
2813 4681 2892 4726 est
2935 4671 3062 4738 quin
3109 4669 3300 4724 Petrus
3327 4686 3422 4724 ac-

1834 4774 2012 4839 cepit,
2061 4779 2300 4840 potestas
2336 4769 2384 4823 ei
2432 4767 2626 4836 ligandi
2659 4777 2820 4831 atque
2862 4761 3102 4819 solvendi
3149 4761 3420 4824 tribuitur,

1832 4879 1958 4918 cura
1987 4863 2034 4916 ei
2068 4861 2227 4914 totius
2257 4858 2502 4911 Ecclesia:
2529 4865 2584 4912 et
2613 4856 2944 4926 principatus
2964 4851 3338 4916 committitur,
3371 4861 3423 4904 ct

1833 4961 2013 5006 tamen
2045 4949 2257 5003 unive's
2277 4948 2360 5000 dis
2386 4947 2658 5014 apostolus
2689 4960 2793 4999 non
2822 4952 3083 5006 vocatur;
3111 4949 3168 4994 et
3193 4939 3276 4993 vir
3301 4955 3422 4992 san-

1833 5042 2102 5095 ctissimus
2125 5037 2482 5094 consacerdos
2512 5051 2660 5089 meus
2705 5035 2940 5089 Joannes
2986 5033 3168 5087 vocari
3208 5029 3422 5083 univer-

1833 5131 1962 5186 salis
2009 5130 2296 5199 cpiscopus
2340 5135 2586 5181 conatur.
2640 5123 2954 5178 Exclamare
3001 5119 3328 5191 compellor.
3359 5135 3420 5173 ac

1833 5223 2014 5276 dicere
2046 5239 2059 5273 :
2087 5220 2130 5274 Ο
2160 5229 2424 5287 tempora,
2455 5232 2488 5272 ο
2517 5230 2713 5269 mores.
2744 5213 2877 5268 Ecce
2901 5221 3091 5267 cuncta
3121 5212 3172 5265 in
3195 5211 3421 5280 Europai

1836 5313 2078 5383 partibus
2119 5310 2470 5364 barbarorum
2513 5305 2616 5372 juri
2656 5311 2782 5358 sunt
2829 5302 3018 5357 tradita
3073 5319 3087 5355 :
3139 5301 3423 5356 destructa)

1836 5405 2027 5465 urbes,
2061 5415 2248 5454 eversa
2279 5407 2484 5457 castra,
2535 5392 2871 5462 depopulatae
2902 5391 3222 5461 provinciae,
3250 5390 3423 5445 nullus

1837 5507 2037 5552 terram
2064 5492 2240 5550 cultor
2271 5488 2564 5551 inhabitat;
2593 5485 2818 5539 smviuut
2846 5493 2902 5538 et
2925 5483 3267 5538 dominamur
3291 5497 3418 5550 quo-

1836 5651 1994 5714 hnins
2038 5646 2204 5717 elapsi
2241 5645 2487 5701 dicuntur
2515 5649 2638 5697 octo
2669 5639 2813 5694 anui.
2842 5636 3133 5691 Landatam
3174 5651 3261 5706 ep.
3290 5647 3420 5689 con-

1835 5723 1970 5778 sulc.
