4018 6298
599 251 701 305 {63

1165 254 1223 311 S.
1264 251 1588 310 GREGOBII
1632 251 1832 337 PAPrE
1883 249 2065 318 VlTA,
2105 249 2306 307 AUCT.
2348 252 2607 307 J0.\NNE
2649 253 2954 310 DIACONO.
3003 254 3132 310 LIB.
3178 254 3259 309 Ill.

3775 259 3874 310 Hii

589 368 718 422 tidie
740 367 794 421 in
823 381 1009 422 necem
1033 367 1268 422 fidelium
1306 368 1539 423 cultores
1570 366 1868 431 idolorum;
1899 373 1955 420 et
1993 375 2171 420 tamen
2204 373 2250 428 Α
2277 368 2422 436 quia,
2455 383 2523 423 ne
2551 371 2617 423 ad
2647 369 3016 441 episcOpatum
3067 373 3244 426 venire
3279 372 3562 455 potuisses,
3597 373 3797 444 fugisse
3821 387 3879 433 to

587 457 911 513 Sacerdotes
936 458 1025 526 qui
1056 458 1108 511 in
1140 458 1446 526 pavimento
1475 465 1530 510 et
1557 457 1740 508 cinere
1786 454 1977 508 ﬂentes
1997 454 2181 523 jacere

587 549 919 613 debuerunt,
949 548 1201 601 vanitatis
1246 548 1346 601 sibi
1376 546 1590 600 nomina
1634 553 1925 612 expetunt,
1949 553 2006 600 et
2031 547 2182 600 novis

588 657 651 696 ac
700 637 937 710 profanis
991 637 1264 692 vocabulis
1309 638 1624 706 gloriantur.
1667 634 1915 705 Nunquid
1947 651 2047 706 ego
2079 636 2195 692 hac‘

587 738 639 789 in
668 751 757 797 re,
790 737 1025 804 piissime
1057 733 1279 786 Domine
1299 771 1313 794 ,
1344 732 1614 800 propriam
1663 745 1883 785 causam
1914 729 2182 783 defendo?

587 822 837 889 Nunquid
882 821 1167 890 specialem
1217 820 1464 887 injuriam
1494 820 1736 883 vindico,
1787 828 1844 874 et
1876 835 1980 872 non
2011 819 2182 886 magis

586 926 800 964 causam
849 910 1233 979 omnipotentis
1300 909 1429 975 Dei,
1487 919 1543 963 et
1585 925 1802 964 causam
1863 909 2182 964 universalis

584 1000 874 1055 Ecclesiae?
914 999 1043 1066 Quis
1078 1010 1159 1054 est
1186 1001 1286 1054 iste
1309 1043 1324 1067 ,
1368 1001 1458 1068 qui
1497 1009 1687 1054 contra
1717 1007 1916 1054 statuta
1942 997 2184 1066 Evange-

583 1091 714 1154 lica,
743 1098 930 1144 contra
970 1106 1236 1145 canonum
1280 1091 1494 1144 decreta
1518 1129 1534 1152 ,
1585 1105 1784 1143 novum
1832 1089 1949 1142 sibi'
1983 1102 2181 1141 nomen

584 1196 844 1249 usurpare
892 1181 1203 1252 prte~umit?
1235 1178 1450 1234 Utinam
1501 1181 1584 1234 vel
1606 1180 1724 1234 sine
1753 1179 1980 1233 aliorum
2007 1177 2180 1231 immi-

585 1271 806 1325 nutione
853 1287 990 1325 unus
1033 1272 1134 1336 sit,
1166 1273 1255 1341 qui
1285 1272 1465 1326 vocari
1497 1271 1701 1340 appetit
1753 1268 2085 1323 universalis.
2114 1266 2182 1322 Et

583 1369 731 1414 certe
758 1361 956 1415 multos
1001 1359 1614 1430 Constantinopolitanae
1635 1361 1887 1415 Ecclesia:
1918 1361 1969 1413 in
2001 1359 2180 1412 haere-

583 1465 707 1505 seos
735 1453 1044 1518 voraginem
1071 1453 1328 1506 cecidisse
1353 1453 1600 1506 novimus
1629 1452 1959 1512 sacerdotes,
1991 1459 2044 1504 et
2072 1465 2181 1505 non

583 1544 758 1597 solum
791 1544 1094 1608 hmreticos,
1118 1545 1212 1598 sed
1235 1545 1394 1598 etiam
1418 1545 1801 1598 hmresiarchas
1826 1551 2016 1597 tactos.
2053 1542 2179 1598 lnde

583 1637 781 1703 quippe
807 1634 1081 1691 Nestorius
1100 1674 1116 1702 ,
1147 1635 1238 1702 qui
1265 1635 1614 1688 mediatorem
1644 1634 1735 1688 Dei
1782 1643 1836 1688 et
1878 1634 2178 1694 hominum,

582 1723 854 1777 Christum
881 1722 1086 1788 Jesum,
1108 1724 1242 1777 duas
1263 1738 1382 1776 esse
1402 1712 1661 1792 personas
1683 1723 2017 1787 existimans,
2049 1722 2174 1790 quia

582 1813 746 1868 Deum
779 1815 1048 1869 hominem
1075 1815 1187 1869 fieri
1218 1815 1454 1884 potuisse
1493 1831 1599 1869 non
1630 1815 1876 1880 credidit,
1903 1829 2074 1882 usque
2105 1812 2174 1867 ad

581 1905 855 1962 Judaicam
883 1908 1157 1977 perfidiam
1187 1909 1381 1977 erupit.
1411 1907 1540 1962 Inde
1581 1909 1778 1976 quippe
1807 1906 2171 1966 Macedonius,

581 1997 670 2065 qui
709 1997 1220 2052 consubstantialem
1253 1997 1395 2051 Patri
1443 2005 1498 2050 et
1543 1997 1711 2063 Filio,
1761 1997 2020 2064 Spiritum
2049 2012 2173 2050 san-

581 2097 744 2152 ctum,
776 2085 944 2142 Deum
973 2103 1091 2141 esse
1120 2087 1424 2156 denegavit.
1455 2086 1510 2141 Si
1550 2087 1711 2155 igitur
1739 2086 1867 2139 illud
1892 2100 2087 2138 nomen
2119 2085 2171 2138 in

581 2193 644 2232 ea
675 2178 899 2233 ecclesia
929 2178 1031 2232 sibi
1076 2180 1356 2247 quisquam
1401 2177 1653 2246 arripuit,
1687 2178 1826 2230 unde
1872 2183 1951 2230 tot
1997 2175 2171 2229 hzere-

582 2271 808 2326 siarchte
832 2271 1097 2339 prodiisse
1126 2277 1456 2325 noscuntur:
1488 2270 1736 2324 universa
1755 2283 1885 2336 ergo
1906 2267 2170 2335 Ecclesia,

583 2364 724 2432 quod
755 2364 914 2429 absit,
945 2378 976 2417 a
1003 2368 1145 2418 stat‘u
1177 2378 1277 2418 suo
1309 2362 1531 2428 corruit,
1559 2361 1772 2430 quando
1801 2361 1846 2414 is
1870 2361 1961 2429 qui
1987 2359 2170 2429 appel-

583 2455 723 2510 latur
764 2454 1106 2520 universalis,
1153 2453 1315 2508 cadit.
1356 2452 1463 2507 Sed
1509 2453 1647 2506 absit
1683 2467 1714 2504 a
1743 2451 2169 2506 Christianorum

590 2544 750 2616 114
789 2545 1040 2599 cordibus
1065 2560 1260 2598 nomen
1283 2543 1414 2597 illud
1438 2541 1804 2612 blaSphemite,
1834 2542 1886 2595 in
1917 2556 2024 2610 quo
2053 2554 2170 2595 om-

584 2638 728 2690 nium
769 2634 1105 2690 sacerdotum
1136 2634 1310 2688 honor
1339 2632 1619 2695 adimitur,
1667 2631 1793 2684 dum
1837 2631 1904 2685 ab
1935 2645 2042 2684 uno
2069 2630 2169 2685 sibi

583 2727 860 2780 dementer
887 2731 1191 2791 arrogatur.
1222 2723 1383 2777 Certe
1422 2737 1520 2791 pro
1549 2721 1690 2776 beati
1723 2721 1866 2775 Petri
1892 2720 2169 2790 apostolo-

580 2829 698 2869 rum
729 2813 984 2883 principis
1011 2813 1234 2876 honore,
1267 2828 1363 2881 per
1381 2810 1741 2866 venerandam
1762 2809 2170 2865 Chalcedonen-

579 2921 691 2961 sem
741 2905 1005 2977 synodum
1049 2903 1294 2960 Romano
1341 2903 1582 2973 pontiﬁci
1625 2904 1864 2958 oblatum
1910 2912 2021 2970 est;
2071 2902 2168 2958 sed

2287 462 2425 515 velle
2450 463 2668 516 memini
2688 482 2700 515 :
2719 479 2879 532 quem
2914 473 3089 520 tamen
3116 467 3366 534 adeptum
3396 468 3466 521 ita
3497 482 3758 524 exercere
3784 471 3879 524 de-

2282 551 2504 614 sideras,
2538 566 2600 605 ac
2629 553 2672 606 si
2702 553 2765 606 ad
2795 570 2916 607 eum
2945 555 3233 609 ambitioso
3261 555 3530 612 desiderio
3573 561 3879 616 concurris-

2283 655 2386 694 ses.
2417 639 2518 705 Qui
2542 641 2683 693 enim
2716 642 2986 711 indignum
3015 652 3068 697 te
3104 659 3221 698 esse
3249 645 3535 713 fatebaris,
3580 655 3639 702 ut
3664 648 3878 718 episco-

2283 745 2382 800 pus
2409 730 2513 784 dici
2543 730 2838 796 debuisses,
2871 733 2935 786 ad
2976 735 3078 788 hoc
3106 735 3427 806 quandoque
3475 739 3770 806 perductus
3797 756 3879 808 es,

2281 828 2372 885 ut,
2404 819 2672 888 despectis
2696 818 2982 887 fratribus,
3016 821 3303 890 episcopus
3339 836 3566 895 appetas
3593 827 3742 882 solus
3781 844 3880 899 ap-

2281 907 2488 976 pellari.
2528 925 2548 959 ι
2601 907 2668 962 Ει
2718 909 2878 978 paulo
2927 919 3094 979 post:
3129 929 3148 962 ‹
3183 911 3325 966 Vere
3376 914 3518 968 enim
3566 913 3701 970 ﬂens
3731 916 3879 985 dico,

2281 1008 2446 1067 atque
2490 1013 2554 1054 ex
2598 1000 2787 1055 intimo
2827 1001 3092 1055 viscerum
3141 1001 3327 1058 dolore
3357 1007 3593 1073 peccatis
3623 1008 3759 1062 meis
3789 1025 3881 1062 re-

2279 1095 2443 1156 puto,
2475 1090 2620 1155 quod
2644 1088 2733 1142 ille
2769 1104 2920 1142 meus
2950 1089 3144 1155 frater,
3193 1107 3338 1147 nunc
3369 1108 3536 1161 usque
3579 1095 3765 1150 reduci
3809 1095 3880 1150 ad

2281 1178 2638 1233 humilitatem
2690 1195 2793 1234 non
2842 1181 3044 1248 valuit,
3070 1182 3161 1250 qui
3189 1184 3255 1236 ad
3286 1184 3390 1238 hoc
3442 1187 3494 1238 in
3524 1187 3880 1256 episcopatus

2279 1269 2446 1336 gradu
2475 1271 2798 1324 constitutus
2824 1279 2922 1336 est,
2958 1279 3014 1325 ut
3043 1272 3269 1327 aliorum
3292 1275 3496 1328 animas
3521 1280 3586 1330 ad
3612 1279 3879 1333 humilita-

2281 1369 2388 1414 tem
2431 1361 2695 1414 reducat:
2730 1362 2875 1430 quod
2922 1362 3011 1416 ille
3052 1365 3144 1433 qui
3187 1366 3469 1420 veritatem
3509 1368 3672 1423 docet
3717 1371 3874 1435 alios,

2277 1453 2622 1520 semetipsum
2667 1454 2890 1520 ducere,
2944 1470 3074 1521 nec,
3125 1472 3210 1512 me
3259 1474 3478 1526 quotiue
3523 1460 3872 1529 deprecante,

2278 1543 2568 1597 consensit.
2609 1563 2628 1595 ι
2662 1543 2794 1598 item
2827 1554 2948 1613 post
2971 1547 3145 1614 aliqua
3180 1564 3193 1599 :
3234 1565 3251 1598 ι
3288 1546 3449 1613 Quis,
3481 1563 3648 1616 rogo,
3683 1552 3736 1605 in
3770 1551 3876 1608 hoc

2289 1639 2395 1686 tam
2426 1647 2676 1700 perverso
2701 1635 2995 1698 vocabulo,
3022 1637 3122 1690 nisi
3153 1637 3241 1691 ille
3267 1640 3331 1691 ad
3377 1639 3694 1696 initandum
3743 1659 3873 1712 pro-

2285 1722 2529 1790 ponitur,
2582 1723 2674 1791 qui
2719 1723 2982 1794 despectis
3010 1728 3316 1795 angelorum
3361 1730 3661 1798 legionibus
3687 1749 3872 1790 secum

2274 1817 2545 1872 socialiter
2565 1819 2888 1885 constitutis,
2922 1821 2988 1873 ad
3018 1822 3226 1875 culmen
3273 1833 3498 1878 conatus
3547 1835 3633 1882 est
3682 1828 3872 1896 singu-

2273 1905 2500 1960 laritatis
2521 1923 2821 1977 erumpere,
2857 1917 2915 1962 ut
2944 1917 2998 1962 et
3027 1911 3157 1963 nulli
3182 1911 3424 1979 subesse,
3467 1922 3521 1967 et
3549 1915 3700 1970 solus
3741 1933 3871 1986 pne-

2272 2013 2391 2054 esse
2419 2000 2667 2054 omnibus
2702 2002 3009 2055 videretur?
3034 2001 3134 2068 Qui
3164 2004 3328 2057 etiam
3366 2005 3498 2059 dixit
3525 2024 3538 2058 :
3571 2006 3638 2060 In
3681 2011 3870 2062 caelum

2272 2091 2635 2156 conscendam,
2659 2107 2813 2159 super
2834 2102 2975 2144 astra
3016 2095 3127 2146 caeli
3167 2095 3409 2149 exaltabo
3445 2096 3628 2149 solium
3670 2115 3866 2165 meum,

2271 2179 2452 2235 sedebo
2494 2182 2549 2234 in
2589 2194 2760 2235 monte
2803 2185 3130 2249 testamenti,
3177 2186 3231 2238 in
3273 2185 3516 2241 lateribus
3557 2190 3863 2259 Aquilonis;

2270 2272 2546 2325 ascendam
2569 2289 2722 2343 super
2745 2274 3070 2328 altitudinem
3100 2275 3222 2330 nubi
3232 2294 3330 2343 'lm,
3373 2279 3558 2332 similis
3587 2297 3674 2334 ero
3702 2283 3866 2335 Altis-

2271 2363 2403 2416 simo
2445 2363 2598 2431 (Isai.
2646 2380 2770 2431 xrv,
2810 2365 2916 2430 l5).
2969 2363 3105 2431 Quid
3148 2367 3290 2421 enim
3341 2367 3531 2423 fratres
3562 2370 3635 2423 tui
3673 2386 3867 2426 omnes

2269 2451 2521 2508 Ecclesiae
2573 2455 2889 2510 universalis
2917 2457 3157 2526 cpisc0pi
3181 2497 3197 2522 ,
3233 2459 3332 2512 nisi
3375 2467 3518 2514 astra
3549 2461 3670 2514 cmli
3700 2471 3863 2526 sunt;

2269 2559 2498 2614 quorum
2533 2547 2638 2600 vita
2668 2547 2824 2602 simul
2847 2557 2902 2602 et
2927 2549 3104 2618 lingua
3131 2550 3271 2604 inter
3294 2562 3509 2621 peccata
3539 2569 3867 2622 erroresque

2270 2633 2546 2688 hominum
2579 2637 2731 2706 quasi
2763 2637 2902 2691 inter
2941 2639 3116 2693 noctis
3145 2641 3392 2695 tenebras
3413 2643 3628 2697 lucent?
3657 2644 3864 2710 Quibus

2267 2726 2397 2781 dum
2440 2728 2590 2797 cupis
2637 2733 2976 2799 temetipsum
3021 2734 3286 2788 vocabulo
3331 2735 3474 2791 elato
3523 2751 3864 2806 praeponere,

2269 2832 2567 2887 eorumque
2621 2837 2814 2875 nomen
2863 2823 2943 2877 tui
2997 2827 3402 2894 comparatione
3447 2829 3690 2894 calcare,
3733 2829 3865 2898 quid

2269 2907 2410 2960 aliud
2441 2909 2606 2977 dicis,
2641 2911 2741 2965 nisi
2777 2930 2789 2964 :
2825 2911 2890 2966 In
2920 2914 3101 2967 cretum
3125 2918 3502 2984 conscendam,
3543 2936 3698 2989 super
3717 2930 3866 2972 astra

583 3000 759 3053 nullus
782 3014 968 3053 eorum
1011 3013 1245 3068 unquam
1273 2999 1377 3052 hoc
1417 2999 1803 3067 singularitatis
1842 2998 2062 3052 nomine
2089 2999 2164 3051 uti
2196 3036 2240 3097 Ο
2271 3000 2382 3051 ειείί
2403 3000 2644 3054 exaltabo
2670 3002 2854 3055 saliunt
2892 3006 3099 3058 meum?
3125 3006 3317 3061 Annon
3349 3009 3582 3064 universi
3623 3012 3864 3081 episcOpi

584 3090 875 3156 consensit,
905 3104 972 3143 ne
1001 3089 1126 3142 dum
1160 3089 1409 3157 privatim
1452 3089 1651 3156 aliquid
1679 3089 1898 3142 daretur
1927 3088 2038 3160 uni,
2069 3087 2168 3140 ho-

584 3195 716 3234 nore
761 3179 941 3233 debito
981 3179 1293 3233 sacerdotes
1340 3180 1680 3248 privarentur
1729 3179 1981 3233 universi.
2031 3177 2170 3243 Quid

585 3279 664 3323 est
693 3283 822 3338 ergo
849 3267 990 3336 quod
1019 3283 1118 3321 nos
1143 3267 1297 3335 hujus
1324 3269 1570 3322 vocabuli
1615 3268 1870 3338 gloriam,
1924 3276 1978 3321 et
2021 3268 2171 3322 obia-

585 3367 715 3426 tam,
747 3372 853 3411 nou
880 3358 1190 3426 quaerimus,
1217 3365 1272 3410 et
1296 3355 1430 3409 alter
1454 3357 1554 3410 sibi
1580 3357 1719 3411 hanc
1746 3357 1982 3426 arripere
2008 3358 2170 3411 etiam

585 3465 690 3503 non
723 3449 957 3504 oblatam
990 3449 1299 3518 praesumit?
1328 3446 1423 3502 l'le
1449 3463 1576 3514 ergo
1606 3448 1775 3517 magis
1803 3457 1886 3502 est
1905 3449 2172 3518 piissimo-

583 3553 700 3593 rum
730 3539 1069 3593 dominorum
1102 3539 1464 3609 praeceptione
1491 3537 1804 3606 flectendus,
1835 3540 1924 3608 qui
1967 3555 2168 3610 prince-

583 3631 690 3698 ptis
715 3629 990 3684 canonicis
1036 3629 1396 3685 obedientiam
1441 3631 1680 3699 puebere
1710 3633 2028 3686 contemnit.
2078 3631 2172 3688 Ille

582 3719 913 3774 coercendus
939 3729 1038 3786 est,
1071 3719 1164 3790 qui
1192 3729 1393 3774 sanctzn
1424 3722 1712 3778 universali
1762 3721 2016 3778 Ecclesia:
2045 3724 2174 3793 inju-

584 3811 718 3863 riam
747 3810 871 3863 facit
896 3853 912 3876 ,
941 3812 1033 3879 qui
1059 3811 1224 3865 corde
1254 3819 1453 3879 tumet,
1491 3813 1582 3880 qui
1608 3814 1842 3880 gaudere
1864 3813 1931 3868 de
1956 3816 2173 3870 nomine

581 3901 964 3968 singularitatis
1002 3902 1235 3971 appetit,
1265 3902 1356 3970 qui
1404 3901 1598 3956 honori
1626 3917 1841 3972 quoque
1868 3904 2030 3958 vestri
2079 3905 2174 3958 inr-

581 3990 713 4060 perii
761 4006 820 4045 se
868 4005 965 4060 per
1007 3992 1271 4059 privatum
1303 3992 1624 4045 vocabulum
1663 3994 2003 4062 superponit.
2035 3995 2174 4051 Ecce

581 4095 769 4136 omnes
794 4081 898 4135 hac
926 4080 996 4134 de
1023 4095 1081 4135 re
1108 4081 1419 4135 scandalum
1449 4081 1700 4150 patimur.
1732 4083 1810 4136 Ad
1843 4083 1981 4136 viam
2012 4086 2172 4152 igitur

579 4179 785 4227 rectam
832 4179 1134 4226 revertatur
1180 4182 1369 4226 auctor
1405 4171 1668 4239 scandali,
1701 4179 1758 4226 et
1794 4173 1974 4227 omnia
2001 4189 2175 4230 sacer-
2201 4181 2218 4193 “

579 4265 766 4318 dotum
791 4263 966 4332 jurgia
995 4264 1304 4320 cessabunt.
1335 4265 1447 4333 Ego
1473 4267 1615 4321 enim
1657 4276 1974 4322 cunctorum
2001 4282 2174 4322 sacer-

579 4355 765 4408 dotum
808 4368 996 4408 servus
1019 4368 1173 4420 sum,
1222 4355 1536 4424 inquantum
1598 4356 1698 4426 ipsi
1763 4357 2169 4413 sacerdotaliter

578 4446 785 4500 vivunt.
833 4443 967 4499 Nam
1015 4446 1106 4514 qui
1153 4457 1340 4501 contra
1387 4449 1810 4519 omnipotentem
1857 4449 2023 4503 Deum
2070 4466 2169 4521 per

579 4535 751 4591 inanis
777 4534 962 4605 gloria:
990 4544 1274 4602 tumorem,
1303 4546 1465 4607 atque
1488 4549 1679 4594 contra
1699 4547 1899 4594 statuta
1923 4538 2162 4606 Patrum,

576 4641 730 4680 suam
759 4625 1023 4680 cervicem
1052 4626 1229 4693 erigit,
1277 4627 1329 4682 in
1360 4629 1731 4699 omnipotente
1770 4629 1998 4685 Domino
2045 4647 2169 4685 con-

578 4712 689 4770 fido
711 4753 727 4780 ,
756 4715 881 4784 quia
924 4730 1098 4769 meam
1125 4717 1248 4778 sibi,
1282 4732 1382 4772 nec
1405 4733 1524 4773 cum
1555 4719 1774 4788 gladiis,
1804 4718 2000 4775 flectet.
2026 4717 2164 4788 Quid

577 4814 762 4861 autem
806 4821 979 4876 nuper
1017 4807 1070 4861 in
1109 4808 1208 4863 hac
1253 4809 1384 4864 urbe
1414 4824 1480 4863 ex
1529 4810 1686 4878 hujus
1706 4811 1950 4866 vocabuli
1981 4812 2166 4867 auditu

574 4907 787 4967 gestum
807 4898 897 4966 sit,
927 4898 1220 4954 Sabiniano
1241 4899 1468 4955 diacono
1489 4917 1552 4957 ac
1575 4903 1873 4972 responsali
1894 4919 2013 4960 meo
2039 4905 2166 4960 sub-

573 4989 720 5042 tilius
747 4987 998 5042 iudicavi.
1031 5007 1048 5040 ι
1086 4988 1306 5061 (Regist.
1345 4989 1506 5056 lib.v,
1547 5008 1629 5060 ep.
1658 4991 1772 5061 20.)

647 5075 734 5131 54.
780 5076 912 5133 lteru
952 5076 1173 5144 Joanni,
1224 5080 1478 5150 episcopo
1515 5078 2112 5152 Constantinopolitano
2145 5103 2159 5140 :

581 5189 599 5222 ι
637 5169 715 5224 Εο
737 5177 980 5240 tempore
1007 5185 1116 5240 quo
1135 5171 1443 5226 fraternitas
1483 5181 1662 5228 vestra
1687 5175 1739 5228 in
1771 5177 2160 5231 sacerdotalem

573 5261 834 5315 honorem
866 5271 1121 5330 provecta
1149 5270 1264 5326 est,
1293 5271 1548 5331 quantam
1595 5264 1940 5320 ecclesiarum
1972 5283 2159 5337 pacem

572 5360 736 5421 atque
763 5353 1105 5408 concordiam
1151 5354 1442 5421 invenerit,
1473 5357 1664 5411 recolit
1692 5375 1705 5410 :
1738 5358 1832 5414 sed
1866 5373 1974 5427 quo
2003 5375 2156 5424 ausu,

572 5456 750 5508 quove
779 5451 1010 5512 tumore,
1039 5445 1240 5510 nescio,
1270 5463 1467 5502 novum
1493 5448 1591 5503 sibi
1631 5459 1822 5504 conata
1853 5460 1932 5505 est
1963 5467 2157 5507 nomen

572 5532 835 5602 arripere,
861 5534 1002 5589 unde
1027 5538 1266 5592 omnium
1296 5537 1518 5593 fratrum
1565 5541 1726 5595 corda
1771 5542 2069 5611 potuissent
2093 5543 2158 5596 ad

582 5622 886 5678 scandalqu
917 5626 1212 5693 pervenire.
1239 5627 1352 5692 Qua
1383 5629 1435 5683 in
1458 5645 1515 5684 re
1537 5631 1884 5688 vehementer
1902 5631 2152 5699 admiror,

2275 3087 2444 3141 nubes
2469 3097 2612 3153 sunt,
2644 3092 2732 3156 qui
2763 3093 2915 3161 115
2943 3103 2998 3147 et
3022 3095 3199 3149 verbis
3225 3099 3416 3164 plttunt
3445 3102 3864 3170 praedicationis,

2272 3185 2328 3229 et
2355 3177 2615 3231 bonorum
2645 3195 2868 3249 operum
2893 3183 3008 3237 luce
3032 3190 3350 3242 coruscant?
3371 3188 3515 3254 Quo:
3537 3192 3667 3245 dum
3689 3205 3864 3248 vestra

2272 3263 2577 3322 fraternitas
2605 3269 2903 3340 despiciens
2951 3275 3051 3328 sub
3080 3291 3138 3330 se
3169 3293 3415 3346 premere
3442 3294 3693 3348 conatur,
3733 3283 3865 3353 quid

2273 3356 2415 3410 aliud
2442 3357 2602 3425 dicit,
2629 3361 2729 3415 nisi
2759 3362 2862 3418 hoc
2889 3366 3033 3434 quod
3058 3367 3125 3421 ab
3152 3370 3372 3439 antiquo
3414 3371 3570 3428 hoste
3614 3375 3814 3430 dicitur
3848 3395 3864 3431 :

2273 3446 2559 3502 Ascerrdam
2579 3467 2733 3522 super
2753 3455 3076 3510 altitudinem
3109 3458 3318 3513 nubium
3340 3461 3362 3514 ?
3391 3461 3520 3528 Quae
3541 3475 3736 3520 cuncta
3762 3482 3867 3536 ego

2275 3550 2396 3592 cum
2425 3538 2560 3596 ﬂens
2602 3545 2901 3612 conspicio,
2929 3555 2983 3600 et
3011 3548 3216 3601 occulta
3251 3549 3344 3604 Dei
3380 3553 3698 3620 pertimesco
3719 3555 3866 3623 judi~

2274 3631 2355 3686 cia
2378 3672 2393 3697 ,
2427 3641 2689 3701 augentur
2715 3635 2992 3706 lacrymae,
3023 3649 3078 3694 et
3104 3643 3332 3709 gemitus
3361 3660 3420 3699 se
3460 3647 3512 3700 in
3540 3664 3666 3704 meo
3696 3654 3867 3710 corde

2275 3737 2380 3776 non
2410 3724 2656 3792 capiunt:
2679 3727 2826 3793 quod
2846 3728 2933 3783 ille
2955 3730 3034 3783 vir
3059 3733 3425 3790 sanctissimus
3449 3737 3678 3796 domnus
3704 3741 3864 3799 Joan-

2275 3829 2391 3878 nes,
2416 3823 2576 3869 tantze
2592 3816 2926 3874 abstinentia:
2949 3830 3108 3889 atque
3141 3823 3486 3895 humilitatis,
3517 3829 3864 3889 familiarium

2274 3905 2586 3960 seductione
2615 3907 2916 3976 linguarum
2963 3914 3029 3966 ad
3079 3922 3280 3970 lautam
3319 3921 3625 3989 superbiam
3659 3927 3862 3995 erupit,

2274 4005 2336 4050 ut
2365 3997 2416 4050 in
2446 3999 2686 4069 appetitu
2710 4005 2946 4070 perversi
2977 4007 3236 4078 nominis,
3268 4011 3340 4065 illi
3370 4027 3488 4068 esse
3528 4027 3761 4076 conetur
3785 4023 3864 4076 si-

2274 4088 2435 4157 milis,
2461 4091 2550 4158 qui
2580 4091 2704 4146 dum
2735 4095 2963 4163 superbe
2985 4112 3103 4152 esse
3134 4099 3246 4155 Deo
3278 4103 3464 4158 similis
3484 4107 3678 4173 voluit,
3700 4111 3863 4168 etiam

2275 4180 2486 4236 donata:
2529 4183 2892 4243 similitudinis
2932 4191 3160 4258 gratiam
3190 4195 3386 4261 amisit,
3428 4205 3483 4252 et
3527 4199 3649 4255 ideo
3677 4217 3861 4258 veram

2274 4269 2661 4327 beatitudinem
2692 4276 2942 4344 perdidit.
2967 4280 3091 4348 quia
3121 4281 3306 4337 falsam
3335 4286 3559 4355 gloriam
3592 4292 3860 4358 quzesivit.

2276 4360 2436 4419 Certe
2477 4362 2684 4428 Petrus,
2713 4367 2961 4438 princeps
2987 4373 3379 4442 apostolorum,
3413 4379 3712 4434 membrqu
3740 4398 3862 4438 san-

2271 4459 2371 4506 ctae
2401 4459 2456 4506 et
2484 4455 2802 4512 universalis
2847 4457 3101 4517 Ecclesia:
3148 4473 3261 4532 est;
3313 4465 3547 4533 Paulus,
3597 4471 3862 4539 Andreas,

2269 4541 2534 4610 Joannes,
2566 4546 2691 4614 quid
2719 4548 2884 4616 aliud,
2924 4566 3082 4620 quam
3113 4555 3439 4624 singularum
3471 4571 3594 4614 sunt
3621 4563 3861 4630 plebiqu

2268 4634 2484 4704 capita?
2527 4635 2595 4690 Et
2641 4646 2816 4692 tamen
2865 4641 2964 4696 sub
3005 4659 3112 4698 uno
3160 4647 3338 4715 capite
3384 4664 3570 4705 omnes
3617 4655 3861 4711 membra

2267 4732 2394 4778 sunt
2442 4724 2717 4781 Ecclesiae.
2747 4729 2948 4800 Atque,
2980 4743 3038 4786 ut
3066 4745 3256 4790 cuncta
3287 4736 3434 4791 brevi
3460 4739 3677 4808 cingulo
3708 4742 3860 4798 locu-

2269 4816 2428 4871 tionis
2457 4817 2807 4887 adstringam,
2831 4824 3000 4877 sancti
3027 4833 3152 4878 ante
3177 4826 3366 4895 legem,
3399 4832 3566 4885 sancti
3591 4833 3693 4886 sub
3725 4834 3862 4904 lege,

2272 4906 2443 4960 sancti
2473 4908 2572 4961 sub
2619 4910 2812 4979 gratia,
2845 4926 3033 4966 omnes
3077 4915 3129 4968 lii
3159 4917 3498 4983 perlicientes
3524 4936 3726 4990 corpus
3763 4923 3844 4979 Do

2271 4995 2428 5061 mini,
2457 4997 2508 5050 in
2540 4999 2793 5054 membris
2818 5011 2946 5056 sunt
2973 5004 3225 5058 Ecc'esim
3256 5011 3566 5074 constituti,
3615 5021 3672 5067 et
3701 5028 3861 5070 neruo

2269 5101 2328 5141 se
2367 5103 2602 5157 unquam
2647 5092 3001 5148 universalem
3047 5098 3227 5152 vocari
3267 5099 3455 5154 voluit.
3502 5101 3692 5158 Vestra
3730 5119 3862 5172 ergo

2267 5177 2522 5229 sanctitas
2552 5189 2835 5245 agnoscat,
2871 5193 3133 5250 quantum
3164 5186 3304 5255 apud
3351 5204 3409 5242 se
3455 5198 3688 5256 tumeat,
3739 5208 3863 5261 quae

2269 5266 2360 5321 illo
2405 5268 2618 5322 nomine
2670 5272 2849 5327 vacari
2894 5277 3131 5343 appetit,
3173 5294 3280 5345 quo
3312 5282 3490 5334 vocari
3517 5281 3697 5337 nullus
3721 5299 3863 5352 pne-

2267 5361 2523 5428 surnpsit,
2584 5363 2674 5431 qui
2725 5365 2990 5420 veraciter
3039 5377 3257 5424 sanctus
3301 5370 3421 5426 fuit.
3477 5391 3496 5424 ι
3553 5371 3687 5428 ltern
3737 5387 3865 5446 post

2269 5467 2436 5520 pauca
2465 5471 2477 5504 :
2519 5473 2536 5504 ‹
2571 5452 2732 5511 Certe
2779 5458 2907 5512 olim
2960 5461 3223 5518 clamatur
3252 5479 3348 5534 per
3372 5469 3679 5536 apostolum
3714 5487 3728 5522 :
3762 5468 3864 5525 Fi~

2265 5545 2402 5607 lioli,
2455 5548 2733 5602 novissima
2789 5551 2916 5604 Irora
2964 5563 3040 5605 es!
3071 5553 3122 5612 (Ι
3161 5553 3318 5610 Joan.
3375 5574 3443 5623 ιι,
3496 5557 3607 5630 18).
3651 5557 3720 5614 Et
3769 5576 3862 5615 se~

2267 5635 2500 5691 cundum
2533 5640 2676 5706 quod
2702 5640 2908 5696 Veritas
2938 5645 3197 5711 pucdixit,
3232 5649 3535 5713 pestilentia
3565 5659 3619 5706 et
3646 5651 3866 5723 gladius
