4018 6304
211 225 315 280 163

779 233 834 290 S.
876 233 1198 290 GREGORII
1242 236 1442 296 PAPIE
1484 239 1658 304 VITA.
1710 239 1912 295 AllCT.
1951 240 2210 295 JO.\NNE
2254 241 2564 296 DlACONO.
2607 242 2734 299 LIB.
2777 246 2868 305 Ill.

3386 252 3488 306 160

206 355 308 408 per
335 342 592 397 mundum
619 345 792 408 saevit;
815 355 1002 414 gentes
1024 348 1303 418 insurgunt
1329 351 1609 418 gentibus;
1636 362 1792 406 terrae
1821 357 1869 414 Λ
1897 365 2083 406 contra
2117 355 2425 417 veritatem,
2458 371 2558 426 pro
2582 359 2807 414 veritate
2834 360 3125 431 despiciat;
3153 369 3208 416 et
3234 379 3288 417 tn
3320 364 3492 420 omni-

205 433 520 486 concutitur
552 433 727 497 orbis,
759 449 880 487 cum
927 435 1319 494 habitatoribus
1344 447 1454 494 suls
1485 450 1624 494 terra
1650 441 1794 496 dehi-

208 530 398 575 scente
419 524 689 588 sorbetur;
713 526 889 578 omnia
907 542 1027 594 qu:e
1049 529 1300 597 prtedieta
1323 531 1614 597 ςυιιι,1ἰιιιιι
1639 529 1792 601 (an.

211 613 348 683 ut.)
377 613 485 667 Rex
505 615 766 682 superbia:
796 632 964 684 prope
992 626 1093 681 est,
1121 618 1359 689 et(qnod
1389 621 1487 674 dici
1518 621 1669 674 nefas
1693 621 1794 690 est)

206 703 542 757 sacerdotum
590 705 637 758 ei
683 718 1018 777 prteparalnr
1075 712 1546 781 exercituszquia
1597 714 1796 768 cervici

207 793 438 848 militant
463 797 730 866 elationis,
759 801 847 868 qui
878 801 943 854 ad
976 803 1079 858 hoc
1102 804 1261 872 positi
1296 804 1523 868 fuerant,
1558 814 1616 858 ut
1641 807 1800 860 duca-

207 891 320 938 tum
370 877 676 955 przeberent
712 890 1048 946 humilitatis.
1098 893 1204 948 Sed
1239 894 1339 948 hac
1367 900 1418 951 in
1451 911 1544 960 re,
1584 895 1794 954 etiamsi

205 984 386 1028 nostra
417 977 588 1044 lingua
618 979 837 1033 minime
859 983 1213 1047 contradicat,
1247 985 1388 1039 illius
1407 993 1576 1039 virtus
1605 995 1792 1041 contra

198 1063 485 1118 elationem
509 1067 752 1134 erigitur,
778 1069 868 1138 qui
897 1073 1161 1140 superbire
1181 1073 1312 1127 vitio
1334 1089 1427 1143 per
1447 1073 1790 1142 semetipsum

199 1157 505 1222 specialiter
557 1160 894 1215 adversatur.
946 1183 963 1214 ι
1015 1163 1083 1217 Et
1133 1164 1266 1219 infra
1313 1183 1326 1216 :
1379 1183 1399 1216 ρ
1438 1165 1792 1220 Considerare

195 1256 292 1298 vos
321 1248 597 1311 convenit,
631 1265 699 1304 ne
729 1266 833 1318 qua
865 1254 1013 1307 radix
1037 1255 1405 1309 amaritudinis
1433 1271 1641 1310 sursum
1670 1270 1792 1326 ger-

195 1335 410 1390 minans
441 1337 717 1405 impediat,
748 1350 802 1395 et
853 1359 948 1410 per
977 1345 1116 1397 illam
1150 1345 1561 1414 coinquinentur
1588 1347 1736 1400 multi
1772 1364 1785 1398 :

191 1424 336 1489 quod
388 1433 568 1481 tamen
617 1429 661 1482 si
711 1446 807 1484 nos
847 1432 1185 1486 considerare
1226 1434 1566 1500 negligimus,
1600 1444 1785 1487 contra

191 1523 360 1571 tanta:
384 1519 636 1574 elationis
657 1531 921 1576 tumorem
938 1524 1133 1592 judicia
1157 1539 1387 1593 superna
1413 1525 1724 1593 vigilabttnt.
1761 1547 1780 1582 ι

189 1602 426 1675 (Regist.
452 1608 542 1662 lib.
568 1625 620 1673 v,
644 1627 724 1679 ep.
756 1611 864 1674 l9.)

1896 445 2133 510 potentis
2160 443 2251 498 Dei
2282 447 2454 511 gratia
2496 456 2657 516 atque
2702 449 2842 504 beati
2875 450 3015 504 Petri
3047 451 3316 519 adjutorio
3358 469 3489 510 con-

1898 534 2042 588 fidat.
2072 536 2270 590 Vocem
2298 537 2555 594 Veritatis
2600 541 2830 605 recolat,
2876 542 3102 598 dicentis
3133 562 3144 596 :
3181 542 3359 616 Major
3387 555 3487 615 est,

1897 628 1983 696 qui
2004 628 2055 680 in
2081 627 2215 681 vobis
2239 638 2330 692 est,
2358 647 2509 698 quam
2532 633 2616 701 qui
2641 633 2690 684 in
2714 633 2808 686 hoc
2828 634 3018 689 mundo
3047 633 3099 705 (1
3120 636 3278 690 Joan.
3304 652 3376 702 tv,
3406 635 3488 706 4).

1896 715 1964 768 Et
1991 718 2040 770 in
2069 717 2170 770 hac
2201 733 2383 784 causa,
2414 720 2672 787 quidquid
2703 721 2966 788 agendum
2997 732 3077 775 est
3115 740 3236 778 cum
3279 740 3489 779 summa

1895 808 2219 862 auctoritate
2253 817 2394 874 agat.
2446 808 2736 878 Postquam
2776 812 2918 865 enim
2967 812 3176 866 defendi
3219 815 3284 868 ab
3320 815 3491 868 inimi-

1893 910 2076 948 corum
2131 897 2320 962 gladiis
2363 897 2509 950 nullo
2541 899 2702 951 modo
2731 914 3046 968 possumus,
3077 885 3357 969 postquam
3387 918 3489 971 pro

1893 999 2078 1038 amore
2109 987 2415 1054 reiptthlice
2444 997 2754 1054 argentum,
2787 1004 3010 1052 aurum,
3063 991 3326 1060 mancipia
3346 1031 3360 1054 ,
3401 1006 3488 1044 ve-

1892 1084 2109 1141 stesque
2157 1075 2516 1144 perdidimus,
2547 1079 2706 1132 nimis
2752 1080 3166 1145 ignominiosum
3199 1089 3282 1136 est
3310 1089 3368 1133 ut
3394 1097 3494 1150 per

1876 1180 1986 1232 eos
2016 1164 2177 1218 etiam
2220 1164 2376 1217 fidem
2410 1166 2714 1233 perdamus.
2745 1167 2799 1219 1n
2832 1169 2938 1222 isto
2967 1170 3110 1221 enim
3141 1171 3379 1225 scelesto
3403 1186 3493 1226 vo-

1891 1258 2080 1312 cabulo
2108 1258 2442 1320 consentire,
2492 1258 2622 1311 nihil
2652 1267 2736 1312 est
2778 1259 2922 1312 aliud
2964 1275 3126 1327 quam
3166 1261 3323 1315 fidem
3365 1278 3491 1332 per-

1891 1346 2042 1402 dere.
2077 1345 2226 1401 Unde
2251 1349 2389 1401 sicnt
2421 1347 2513 1400 tibi
2537 1348 2645 1414 jam
2694 1350 2980 1403 transactis
3006 1351 3246 1418 epistolis
3275 1353 3486 1421 scripsi,

1891 1457 2182 1508 numquam
2227 1456 2351 1494 cum
2391 1456 2458 1495 eo
2517 1441 2815 1511 procedere
2868 1457 3181 1511 przesumas.
3227 1441 3381 1510 (Lib.
3429 1460 3481 1506 ν,

1889 1549 1970 1602 ep.
2028 1533 2139 1602 19.)

1963 1622 2050 1678 56.
2078 1623 2144 1676 At
2161 1640 2290 1677 vero
2311 1622 2564 1686 Joannes,
2591 1639 2743 1678 nova:
2763 1624 3192 1693 prtesnmptionis
3214 1625 3480 1685 inventor.

264 1694 402 1751 Item
461 1700 634 1753 eidem
690 1701 740 1754 in
793 1701 895 1753 alia
935 1701 1160 1770 epistola
1206 1713 1328 1769 post
1373 1705 1537 1759 multa
1573 1724 1585 1760 :
1626 1726 1644 1758 ‹
1676 1707 1782 1764 Sed
1819 1717 1861 1774 Β
1890 1713 1975 1766 ubi
2025 1712 2339 1766 Mauricium
2382 1712 2493 1764 Deo
2530 1713 2842 1777 adversum,
2892 1711 3155 1779 Gregorio
3199 1729 3321 1768 cum
3369 1717 3485 1769 suis

185 1785 356 1836 etiam
399 1803 540 1841 nunc
585 1789 705 1843 dico
735 1805 750 1842 :
780 1799 873 1842 ant
913 1790 1131 1844 easdem
1186 1809 1443 1862 personas
1499 1797 1781 1866 (videlicet

187 1871 453 1927 Joannem
494 1875 985 1933 Chalcedonensem
1034 1889 1088 1934 et
1136 1883 1522 1953 Athanasium,
1570 1887 1782 1943 Isauriae.

187 1964 554 2036 presbyteros)
579 1967 629 2020 in
657 1967 765 2020 suis
786 1968 1061 2024 ordinibus
1083 1973 1316 2042 suscipe,
1337 1976 1521 2046 eisque
1544 1977 1780 2045 quietem

188 2056 402 2124 praebe;
435 2068 525 2111 aut
571 2058 613 2112 si
661 2059 764 2114 hoc
795 2059 1021 2117 fortasse
1071 2065 1341 2131 nolueris,
1375 2067 1518 2120 omni
1552 2068 1782 2122 alterca-

189 2145 338 2200 tione
365 2149 694 2216 postposita,
727 2149 794 2205 de
825 2167 1012 2206 eorum
1059 2170 1244 2218 causa,
1285 2164 1487 2211 statuta
1515 2157 1778 2226 tnajorum

185 2245 282 2290 aut
309 2253 578 2293 canonum
609 2241 865 2297 terminos
890 2246 1124 2299 custodi.
1157 2247 1213 2301 Si
1259 2264 1389 2305 vero
1420 2259 1668 2304 neutrum
1703 2252 1780 2306 fe-

183 2329 349 2394 c-‘ris,
379 2345 479 2384 nos
509 2332 726 2400 quidem
756 2335 923 2388 rixam
955 2335 1152 2392 inferre
1181 2341 1452 2401 nolumus,
1476 2342 1566 2395 sed
1597 2352 1776 2398 tamen

182 2422 492 2478 venientem
537 2439 566 2478 a
618 2427 770 2482 vobis
811 2444 916 2481 non
959 2429 1282 2489 devitamus.
1335 2434 1472 2499 Quid
1502 2444 1680 2490 autem
1711 2437 1778 2490 de

182 2514 490 2585 episcopis,
542 2517 636 2586 qui
684 2519 1000 2577 verberibus
1043 2523 1219 2577 timeri
1268 2525 1493 2594 volunt,
1543 2543 1779 2582 canones

180 2603 404 2669 dicant,
465 2606 600 2661 bene
658 2606 963 2664 fraternitas
1036 2623 1216 2667 vestra
1293 2617 1460 2670 novit.
1530 2615 1599 2669 Pa
1634 2626 1779 2671 tores

181 2695 384 2748 etenim
445 2696 565 2752 facti
615 2714 794 2753 sumus
841 2717 946 2754 non
1004 2717 1367 2771 pertussores.
1425 2705 1489 2760 Et
1538 2709 1780 2773 egregius

179 2787 510 2854 prtedicator
537 2790 662 2844 dicit
697 2811 709 2844 :
743 2791 945 2861 Argue,
971 2796 1208 2860 obsecra,
1259 2798 1466 2866 increpa
1499 2816 1612 2850 cum
1642 2800 1781 2852 omni

179 2881 436 2946 patientia
476 2891 523 2934 et
576 2883 833 2938 doctrina.
895 2884 1044 2939 Nova
1114 2902 1244 2940 vero
1315 2899 1478 2958 atque
1540 2889 1779 2944 inaudita

178 2981 263 3023 est
311 2970 401 3024 illa
454 2975 790 3043 praelicatio,
840 2990 963 3045 qua:
1002 2977 1317 3032 verberibus
1345 2980 1509 3048 exigit
1539 2978 1716 3036 fidem.
1754 3000 1774 3032 ι

179 3062 315 3136 (Lib.
347 3080 422 3128 tt,
457 3083 538 3134 ep.
591 3065 702 3134 55.)

373 3155 504 3209 Item
536 3156 845 3220 Sabiniano,
879 3158 1108 3213 diacono
1136 3159 1729 3228 Constantinopolitano
1759 3179 1772 3215 :

182 3266 200 3297 ι
240 3246 316 3299 De
345 3263 510 3301 causa
545 3248 721 3302 fratris
748 3252 914 3305 nostri
949 3251 1046 3305 viti
1079 3253 1508 3307 reverendissimi
1531 3252 1772 3320 Joannis,

178 3339 419 3410 rpismpi
470 3339 1084 3411 Constantinopolitaui,
1135 3343 1268 3399 duas
1305 3345 1559 3413 epistolas
1600 3345 1776 3400 facere

175 3431 366 3484 nolui-
411 3431 505 3484 sed
536 3447 638 3485 una
684 3433 917 3487 breviter
969 3433 1104 3490 facta
1160 3444 1268 3500 est,
1321 3451 1440 3506 quae
1485 3445 1776 3506 utrumque

177 3522 384 3578 habere
426 3525 638 3578 videtur
667 3525 998 3593 admixtum,
1043 3528 1092 3581 i.l
1125 3537 1280 3584 estet
1311 3530 1688 3586 rectitudinem
1720 3540 1776 3586 et

177 3615 628 3670 blandimentum.
678 3615 793 3670 Tua
825 3618 1021 3691 itaque
1056 3619 1271 3674 dilectio
1309 3635 1428 3674 eam
1468 3622 1773 3691 epistolam,

176 3721 341 3774 quam
367 3723 511 3762 nunc
541 3707 730 3770 direxi,
761 3687 981 3775 propter
1011 3710 1168 3778 116
1195 3709 1525 3763 voluntatem
1554 3711 1777 3779 impera-

180 3797 344 3860 toris,
379 3797 430 3849 ei
469 3797 598 3851 dare
627 3797 858 3851 studeat.
905 3797 1036 3852 Nam
1085 3798 1150 3852 de
1187 3800 1490 3868 insequenti
1524 3801 1643 3854 talis
1671 3801 1773 3856 alia

175 3891 611 3952 transmittetur,
636 3890 703 3944 de
731 3906 834 3960 qua
865 3889 982 3958 ejus
1018 3892 1266 3958 superbia
1297 3907 1402 3945 non
1426 3893 1654 3946 lactetur.
1696 3894 1776 3947 Ad

180 3982 287 4036 hoc
313 3983 462 4035 enim
492 3997 661 4050 usque
691 3984 964 4051 pervenit,
999 3992 1058 4036 ut
1104 3985 1204 4036 sub
1234 3984 1516 4038 occasione
1555 3984 1777 4055 presby-

182 4073 283 4127 teri
330 4071 559 4127 Joarnis
595 4082 745 4141 gesta
787 4073 893 4129 huc
937 4074 1345 4140 transmitteret,
1395 4074 1446 4128 in
1486 4075 1678 4144 quibus
1718 4091 1777 4130 se

182 4182 323 4237 pene
362 4183 464 4236 per
509 4183 722 4221 omnem
757 4182 967 4222 versum
997 4167 1388 4223 occumenicum
1419 4169 1775 4237 patriarcham

180 4261 509 4312 nominaret.
539 4258 645 4313 Sed
684 4273 841 4329 spero
869 4259 920 4313 in
970 4259 1392 4328 omnipo‘entem
1430 4258 1618 4322 Deum,
1651 4260 1774 4328 quia

181 4351 510 4420 hypocrisim
553 4350 693 4404 illius
726 4365 956 4421 superna
1000 4349 1251 4420 majestas
1297 4351 1570 4405 dissolvet.
1609 4350 1777 4406 Miror

1883 1802 2239 1871 complicibus
2288 1802 2413 1856 fecit
2462 1803 2762 1870 infensum,
2812 1820 3040 1858 cernens
3075 1805 3484 1860 Constantinam

1884 1895 2278 1962 imperatricem
2313 1895 2438 1948 totis
2486 1895 2766 1949 conatibus
2805 1894 3058 1948 Romana:
3089 1893 3342 1950 Ecclesia:
3369 1911 3482 1950 ser-

1881 1983 2053 2038 vanda
2085 1984 2359 2052 privilegia
2391 1985 2617 2040 suadere
2637 2027 2650 2050 ,
2695 1985 2912 2052 quantis
2941 1986 3108 2038 valuit
3137 1987 3374 2048 artibus,
3409 1987 3485 2040 in-

1881 2076 2066 2130 citavit
2092 2085 2150 2130 ut
2178 2085 2400 2145 propter
2421 2092 2538 2129 eam
2569 2092 2732 2143 quam
2753 2076 2803 2129 in
2833 2077 3093 2130 honorem
3123 2078 3292 2132 sancti
3322 2077 3478 2130 Pauli

1880 2168 2111 2236 apostoli
2147 2169 2198 2220 in
2229 2167 2428 2236 palatio
2465 2167 2766 2221 :edilieabat
2813 2166 3127 2228 ecclesiam,
3160 2184 3188 2221 a
3216 2166 3480 2236 Gregorio

1880 2266 2039 2326 caput
2070 2256 2310 2322 ejusdem
2343 2257 2572 2324 apostoli
2601 2266 2693 2309 aut
2719 2257 2864 2310 aliud
2891 2257 3020 2325 quid
3069 2257 3134 2311 de
3167 2259 3332 2325 ipsius
3363 2274 3479 2311 cor-

1879 2363 2011 2417 pore
2037 2348 2138 2402 sibi
2164 2347 2320 2415 dirigi
2351 2348 2671 2417 postularet.
2702 2347 2871 2414 Quatn
2915 2349 3260 2402 calliditatem
3289 2350 3480 2404 beatis-

1879 2441 2047 2494 simus
2095 2457 2229 2511 papa
2277 2456 2634 2509 cognoscens,
2683 2441 3035 2508 imperatricis
3079 2442 3260 2494 animo
3301 2441 3480 2496 taliter

1879 2531 2140 2586 satisfecit
2171 2550 2184 2584 :
2224 2551 2241 2583 ι
2281 2532 2412 2585 Dum
2444 2533 2535 2586 illa
2565 2533 2692 2585 mihi
2717 2531 3079 2586 desirlcrarem
3106 2531 3377 2602 imperari,
3411 2531 3480 2585 de

1880 2623 2077 2690 quibus
2125 2625 2431 2678 facillimam
2496 2624 2854 2679 obedientiam
2905 2624 3194 2689 exhibens,
3244 2634 3478 2678 vestram

1881 2727 2005 2779 erga
2031 2729 2114 2765 me.
2140 2715 2364 2780 gratiam
2388 2715 2686 2782 potuissem
2709 2715 2938 2783 amplius
2962 2730 3276 2782 provocare,
3304 2715 3476 2782 major

1881 2815 1968 2854 me
1996 2802 2248 2855 maestitia
2293 2804 2462 2856 tenuit
2510 2803 2656 2870 quod
2700 2803 2788 2855 illa
2828 2803 3119 2871 przecipitis
3163 2819 3282 2871 qum
3305 2805 3481 2859 facere

1885 2906 1984 2942 nec
2018 2906 2238 2958 possum
2293 2907 2394 2945 nec
2442 2893 2635 2944 audeo.
2693 2891 2823 2944 Nam
2881 2907 3106 2960 corpora
3167 2903 3476 2947 sanctorum

1889 2977 2030 3032 Petri
2079 2989 2135 3032 et
2180 2979 2326 3033 Pauli
2365 2981 2734 3042 apostolorum
2780 2983 2942 3033 tantis
2985 2982 3035 3034 in
3075 2982 3319 3036 ccclesiis
3371 2983 3479 3038 suis

1808 3079 1852 3140 (ζ
1884 3078 2173 3124 coruscant
2217 3071 2489 3126 mi'aenlis
2541 3081 2702 3139 atque
2743 3071 3072 3136 terroribus,
3117 3081 3174 3126 nt
3213 3087 3386 3142 neque
3412 3075 3478 3126 ad

1879 3163 2142 3216 orandum
2172 3163 2287 3216 sine
2319 3178 2513 3230 magno
2537 3163 2662 3218 illuc
2699 3165 2892 3216 timore
2939 3164 3108 3231 pos<it
3147 3163 3349 3217 accedi.
3386 3164 3479 3218 De-

1878 3252 2040 3321 nique
2064 3253 2188 3305 dum
2216 3252 2391 3306 beata:
2421 3253 2808 3306 recordationis
2849 3252 3103 3307 decessor
3139 3269 3319 3318 meus,
3347 3255 3472 3323 quia

1877 3342 2356 3410 argentum,quod
2397 3357 2559 3411 supra
2608 3343 3034 3396 sacratissimum
3081 3360 3280 3412 corpus
3326 3345 3471 3400 beati

1877 3431 2022 3488 Petri
2060 3433 2288 3502 apostoli
2328 3441 2478 3498 erat,
2516 3433 2674 3503 longe
2708 3441 2887 3488 tamen
2919 3433 2985 3487 ab
3015 3434 3205 3488 eodem
3245 3450 3477 3504 corpore

1875 3525 1988 3579 fere
2016 3523 2315 3594 quindecim
2347 3524 2539 3593 pedum
2569 3524 2767 3592 spatio,
2797 3532 3006 3578 mutare
3031 3524 3233 3590 voluit,
3265 3525 3473 3591 signum

1876 3616 1925 3670 ei
1965 3631 2070 3670 non
2111 3615 2261 3685 parvi
2299 3615 2522 3668 terroris
2569 3615 2836 3683 apparuit.
2883 3614 2988 3668 Sed
3037 3624 3090 3668 et
3129 3629 3229 3679 ego
3273 3615 3475 3684 aliquid

1875 3706 2122 3759 similiter
2150 3705 2220 3758 ad
2256 3705 2604 3759 sacratissimi
2642 3719 2838 3772 corpus
2865 3705 3032 3757 sancti
3062 3705 3208 3757 l’auli
3238 3706 3470 3773 apostoli

1880 3796 2168 3851 meliorare
2191 3794 2353 3859 volui,
2392 3806 2446 3848 et
2469 3794 2593 3862 quia
2627 3809 2849 3847 necesse
2879 3803 2990 3847 erat
3023 3801 3081 3846 ut
3105 3793 3258 3861 juxta
3289 3793 3471 3860 sepul-

1877 3903 2027 3943 crum
2074 3886 2337 3953 ejusmodi
2387 3885 2548 3938 cflodi
2591 3885 2753 3938 altius
2801 3883 3102 3948 debuisset,
3156 3884 3476 3953 praepositus

1877 3979 1980 4033 loci
2026 3977 2166 4031 illius
2212 3991 2332 4030 ossa
2363 3976 2540 4044 aliqua
2585 3974 2728 4042 (non
2760 3973 2976 4043 quidem
3013 3974 3187 4027 eidem
3225 3974 3475 4043 sepulcro

1877 4071 2188 4139 conjuncta)
2217 4071 2436 4140 reperit,
2468 4085 2586 4138 qua:
2614 4071 2869 4138 quoniam
2901 4070 3080 4124 levare
3111 4085 3247 4138 pnes
3286 4069 3468 4138 mpsit,

1878 4170 2039 4230 atque
2068 4162 2119 4215 in
2159 4162 2320 4215 alium
2351 4161 2531 4214 locum
2561 4169 2944 4230 transponere,
2983 4161 3134 4230 117
3162 4161 3476 4228 apparentL

1877 4252 1976 4307 bus
2017 4253 2333 4321 quibusdam
2373 4251 2616 4305 tristibus
2644 4251 2839 4319 signis,
2868 4251 3045 4305 subita
3078 4260 3250 4306 morte
3295 4251 3476 4306 defun-

1879 4349 1994 4396 ctus
2020 4351 2121 4396 est.
2146 4338 2348 4395 I’raiter
2365 4342 2477 4396 haec
2497 4348 2676 4394 autem
2703 4350 2903 4395 sanetae
2923 4341 3200 4394 memoriae
3221 4340 3475 4396 decessor

182 4453 361 4497 autem
391 4441 543 4513 quod
579 4442 920 4498 dilectionem
949 4451 1095 4497 tuam
1126 4444 1310 4498 fallere
1341 4444 1540 4513 potuit,
1574 4453 1633 4498 ut
1663 4459 1778 4514 per.
1808 4453 1853 4512 D
1879 4447 2031 4485 meus
2060 4431 2224 4497 idem,
2256 4429 2322 4484 ad
2351 4445 2547 4498 corpus
2575 4429 2747 4484 sancti
2765 4429 3037 4484 Laurentii
3059 4431 3311 4514 martyris
3331 4447 3476 4500 qum-

184 4535 427 4588 mitteres
458 4533 659 4586 domno
690 4535 998 4604 imperatori
1027 4535 1367 4605 persuaderi,
1413 4544 1679 4604 quatenus
1713 4535 1778 4588 ad

183 4642 268 4680 tne
295 4627 366 4681 de
395 4629 498 4680 hac
531 4641 691 4680 causa
732 4641 826 4681 sua
855 4627 1048 4697 scripta
1092 4627 1475 4681 transmitteret
1504 4628 1554 4680 in
1584 4627 1780 4696 quibus

185 4717 504 4770 admoneret
535 4724 595 4770 ut
621 4731 744 4770 cum
772 4730 840 4770 eo
871 4731 1056 4786 pacem
1086 4717 1284 4771 habere
1314 4716 1615 4770 debuissem
1664 4716 1776 4786 (qui

180 4808 225 4860 si
268 4805 541 4874 justitiam
593 4815 777 4860 tenere
831 4806 974 4870 vult,
1027 4805 1174 4859 illum
1223 4805 1408 4859 debuit
1453 4806 1771 4869 admonere,

182 4906 239 4950 ut
264 4912 326 4948 se
357 4911 386 4948 a
432 4895 671 4963 superbo
699 4896 961 4950 vocabulo
989 4896 1426 4965 compesceret),
1451 4903 1505 4949 et
1535 4896 1778 4964 protinus

184 4989 272 5039 inte
292 5000 320 5038 r
340 5000 446 5037 nos
469 4998 574 5053 pax
607 4983 778 5038 fieret.
804 4983 1004 5038 Tamen
1028 5000 1130 5052 qua
1155 4983 1444 5038 calliditate
1467 4999 1496 5036 a
1522 4985 1776 5051 pranlicto

184 5075 347 5128 fratre
376 5083 566 5128 nostro
597 5072 802 5128 Joanne
831 5074 1025 5128 factum
1056 5074 1144 5138 sit,
1179 5082 1236 5126 ut
1257 5074 1527 5142 suspicor,
1559 5073 1778 5127 minime

185 5165 446 5233 pensasti.
474 5162 679 5218 Idcirco
714 5164 856 5218 enim
888 5164 988 5218 hoc
1018 5164 1106 5219 ille
1134 5164 1280 5229 fecit,
1309 5170 1366 5217 ut
1387 5171 1479 5216 aut
1505 5163 1780 5217 audiretur

185 5255 420 5308 domnus
451 5253 764 5321 imperator,
789 5262 844 5308 et
874 5254 960 5308 ille
998 5255 1050 5308 in
1089 5270 1184 5308 sua
1215 5254 1452 5308 vanitate
1491 5252 1745 5308 confirma
1773 5283 1779 5291 η

189 5349 275 5398 tus
301 5359 422 5398 esse
443 5344 749 5407 videretur;
780 5353 873 5395 aut
901 5359 1006 5396 non
1053 5359 1081 5396 a
1113 5358 1198 5396 me
1247 5342 1548 5408 audiretur,
1582 5350 1635 5396 et
1663 5342 1778 5411 ejus

189 5435 398 5490 animus
426 5444 617 5490 contra
645 5450 730 5490 me
774 5435 1091 5490 irritaretur.
1129 5435 1234 5489 Sed
1267 5452 1364 5489 nos
1403 5445 1603 5490 rectam
1639 5437 1780 5488 viam

188 5528 518 5593 tenebimus,
552 5528 623 5582 nil
654 5527 704 5582 in
733 5529 833 5584 hac
859 5544 1021 5583 causa
1051 5527 1210 5589 aliud,
1242 5529 1336 5582 nisi
1361 5529 1782 5598 omnipotentem

190 5616 517 5682 Dominum,
570 5629 888 5675 metuentes.
945 5619 1093 5674 Unde
1141 5629 1230 5674 tua
1281 5619 1493 5673 dilectio
1547 5620 1597 5672 in
1637 5619 1782 5673 nullo

193 5711 451 5778 trepidet.
489 5709 677 5764 Omnia
713 5726 830 5778 quae
876 5712 928 5764 in
962 5712 1061 5766 hoc
1092 5711 1292 5765 sacculo
1333 5709 1475 5765 videt
1506 5711 1610 5764 alta
1663 5725 1780 5765 esse

1881 4523 2003 4576 dam
2035 4523 2323 4577 meliorare
2350 4521 2688 4588 desiderans,
2738 4521 2863 4575 dum
2897 4508 3132 4577 nescit-ur
3162 4524 3251 4576 ubi
3280 4539 3476 4591 corpus

1881 4626 2023 4672 esset
2052 4615 2356 4670 venerabile
2386 4615 2732 4680 collocatmn,
2763 4615 3014 4668 ell'oditnr
3041 4611 3392 4683 exquirendo.
3425 4622 3476 4668 et

1881 4709 2058 4764 subito
2101 4708 2407 4777 sepulcrum
2463 4707 2626 4776 ipsius
2655 4707 2968 4776 ignoranter
2995 4714 3238 4775 apertum
3270 4713 3390 4771 est;
3425 4717 3476 4760 et

1883 4800 1935 4854 hi
1965 4801 2054 4870 qui
2082 4809 2374 4870 pnesentcs
2401 4808 2549 4854 erant
2578 4807 2737 4866 atque
2761 4797 3075 4851 laborabant
3105 4797 3352 4851 monachi
3372 4840 3384 4856 ,
3422 4807 3477 4851 et

1882 4892 2260 4958 mansionarii,
2291 4891 2381 4959 qui
2411 4905 2608 4960 corpus
2643 4888 2882 4956 ejusdem
2928 4888 3177 4959 martyris
3209 4887 3474 4950 viderunt,

1883 4982 2027 5050 quod
2056 4982 2271 5050 quidem
2297 4982 2516 5034 minime
2543 4989 2762 5049 tangere
2789 4986 3266 5048 prmsnmpserunt,
3287 4993 3475 5032 omnes

1885 5074 2024 5128 intra
2053 5073 2241 5128 decem
2272 5072 2386 5127 dies
2414 5071 2646 5125 defuncti
2677 5078 2822 5126 sunt.
2851 5069 2921 5122 ita
2951 5078 3008 5122 ut
3049 5069 3224 5122 nullus
3247 5070 3367 5122 vitae
3395 5086 3476 5123 su-

1888 5181 2101 5232 peresse
2129 5165 2412 5235 potuisset,
2440 5165 2528 5233 qui
2551 5172 2794 5218 sanctum
2822 5160 3092 5229 etjustum
3120 5176 3315 5230 corpus
3337 5161 3476 5217 illius

1887 5255 2116 5310 viderat.

1968 5366 1987 5398 σ
2024 5348 2332 5415 Cognoscat
2379 5357 2557 5401 autem
2601 5345 3037 5414 tranquillissima
3083 5343 3301 5398 domina
3345 5343 3471 5413 quia

1891 5439 2148 5496 Romanis
2169 5439 2506 5495 consuetudo
2536 5455 2642 5494 non
2674 5447 2778 5505 est,
2807 5438 3022 5506 quando
3052 5447 3362 5493 sanctorum
3391 5454 3473 5493 re-

1888 5531 2079 5600 liquias
2101 5531 2250 5585 dant.
2283 5538 2340 5582 ut
2363 5528 2651 5598 quidquam
2677 5535 2898 5596 tangere
2921 5536 3246 5597 praesumant
3272 5527 3341 5582 de
3362 5544 3474 5584 cor-

1888 5636 2038 5691 pore,
2071 5620 2164 5674 scd
2196 5619 2566 5675 tantummodo
2610 5621 2662 5674 in
2686 5619 2881 5692 pyxide
2905 5619 3196 5675 brandeuni
3224 5621 3477 5684 mittitur.

1889 5721 2048 5781 atque
2079 5711 2144 5766 ad
2175 5711 2534 5767 sacratissima
2573 5721 2884 5768 sanctorum
2933 5728 3161 5782 corpora
3212 5723 3429 5783 punitur
3453 5729 3472 5768 ι
