4018 6306
546 240 639 330 μή

1097 272 1155 327 S.
1201 269 1522 326 CREGORII
1564 265 1761 321 ΡΑΡᾸΞ
1803 265 1984 330 VlTA,
2018 263 2227 319 ,AUCT.
2271 258 2528 316 JUANNE
2570 257 2880 313 DIACONO.
2917 253 3042 310 ΗΒ.
3084 232 3174 306 lli:

3711 213 3803 311 ns

528 380 681 458 quod
715 391 945 440 levatum
989 384 1040 438 in
1070 385 1298 438 ecclesia
1330 398 1448 452 qua:
1488 389 1571 435 est
1599 380 1912 445 dedicanda,
1946 380 2125 433 debita
2159 388 2193 438 Α
2231 376 2465 430 ctioncm
2494 381 2700 443 petunt,
2737 383 2794 426 ut
2820 386 3010 440 parum
3057 368 3184 439 quid
3227 383 3294 422 ex
3345 367 3593 423 limatura
3641 369 3820 437 perci-

541 495 661 531 cum
692 476 1039 532 veneratione
1067 475 1408 536 reconditur;
1449 481 1502 526 et
1532 471 1690 524 tanta:
1742 486 1837 539 per
1885 472 1987 525 hoc
2018 471 2120 523 ibi-

541 574 660 625 dem
690 571 919 623 virtutes
971 568 1100 621 fiunt
1142 583 1203 620 ac
1225 567 1269 618 si
1306 566 1413 618 illic
1443 564 1750 631 Specialiter
1778 579 1965 617 eorum
2003 577 2124 616 cor-

544 678 556 727 ι
580 677 672 713 ora
699 660 1027 714 deferantur.
1066 657 1216 710 Unde
1244 656 1469 721 contigit
1495 663 1553 708 ut
1582 656 1753 708 beata:
1783 654 2122 709 recordatio-

543 753 626 804 nis
659 750 850 804 Leonis
877 765 1023 817 papa:
1046 757 1307 815 tempore,
1333 748 1472 799 sicut
1495 762 1524 799 a
1553 747 1845 814 majoribus
1875 747 2120 809 traditur,

543 841 665 892 dum
695 839 909 908 quidam
941 836 1109 891 Grzeci
1151 837 1218 890 de
1261 837 1454 890 talibus
1507 838 1748 906 reliquiis
1797 837 2122 899 dubitarent,

544 929 825 996 praedictus
853 927 1090 995 pontifex
1114 927 1218 981 hoc
1250 929 1422 996 ipsum
1451 927 1742 981 brandeutn
1769 927 1944 981 allatis
1975 928 2124 980 forfi-

541 1020 691 1073 cibus
722 1019 926 1086 incidit,
959 1029 1013 1072 et
1040 1015 1250 1088 ex'ipsa
1283 1019 1543 1073 incisione
1572 1021 1788 1086 sanguis
1813 1020 2038 1073 eflluxit.
2068 1019 2126 1072 In

546 1109 799 1162 Romanis
830 1126 1060 1177 namque
1087 1112 1173 1164 vel
1203 1111 1364 1163 totius
1393 1107 1698 1164 Occidentis
1728 1111 1968 1178 partibus
2007 1125 2126 1162 om-

544 1201 668 1253 nino
699 1201 1035 1254 intolerabile
1063 1209 1145 1254 est
1167 1210 1326 1268 atque
1355 1201 1694 1266 sacrilegum,
1740 1201 1784 1252 si
1813 1209 2125 1253 sauctvrum

545 1306 771 1358 corpora
804 1298 1022 1357 tangere
1050 1291 1330 1358 quisquam
1359 1288 1590 1345 fortasse
1618 1291 1867 1344 voluerit.
1901 1290 2052 1356 Quod
2083 1290 2129 1344 si

544 1383 960 1449 praesumpserit,
1003 1390 1209 1434 certum
1254 1391 1335 1434 est
1363 1381 1484 1448 quia
1517 1381 1628 1435 haec
1657 1381 1929 1434 temeritas
1954 1380 2129 1448 impn-

545 1470 657 1522 nita
708 1471 854 1524 nullo
897 1469 1057 1524 modo
1105 1472 1424 1524 remanebit.
1458 1469 1562 1524 Pro
1589 1488 1691 1539 qua
1723 1487 1782 1525 re
1820 1471 1886 1525 de
1916 1469 2131 1525 Grzeco-

542 1579 664 1616 rum
687 1563 1092 1625 consuetudine,
1110 1564 1199 1632 qui
1217 1578 1338 1615 ossa
1365 1563 1542 1616 levare
1564 1571 1872 1618 sanctorum
1894 1578 1952 1616 se
1980 1578 2128 1616 asse-

546 1662 688 1715 runt,
732 1654 1080 1708 vehementer
1127 1655 1406 1716 miramur,
1451 1664 1504 1708 ct
1547 1655 1637 1708 vix
1679 1656 1963 1708 credimus.
2000 1655 2131 1709 Nam

2223 467 2391 535 piant,
2424 465 2624 519 assistit
2653 462 2910 518 sacerdos
2939 476 3060 515 cum
3086 460 3230 524 lima,
3254 466 3310 512 et
3324 458 3596 528 aliquibus
3626 473 3819 528 peten-

2223 561 2366 612 tibus
2397 561 2469 611 ita
2497 559 2710 613 concite
2739 555 2941 624 aliquid
2967 555 3034 609 de
3054 554 3260 609 catenis
3290 552 3407 622 ejus
3437 555 3728 618 excutitur,
3757 562 3823 609 ut

2226 665 2373 702 mora
2406 648 2548 701 nulla
2579 647 2681 711 sit;
2712 644 3030 714 quibusdam
3064 659 3192 699 vero
3225 644 3547 712 petentibus,
3593 644 3684 698 diu
3723 662 3823 715 per

2233 745 2453 792 catenas
2478 737 2618 806 ipsas
2641 736 2763 788 lima
2780 735 3012 798 ducitur,
3033 741 3088 787 et
3110 741 3285 787 tamen
3320 744 3378 786 ut
3399 734 3598 802 aliquid
3625 736 3825 792 exinde

2227 839 2386 882 exeat
2417 844 2522 881 non
2553 827 2842 882 obtinetur.
2871 824 3007 893 (Lib.
3043 842 3114 889 tv,
3135 843 3216 895 ep.
3250 825 3364 896 50.)

2300 919 2387 972 57.
2425 919 2482 972 lu
2507 919 2700 987 quibus
2725 917 2968 985 Gregorii
2999 917 3280 972 veracibus
3309 927 3493 988 utique
3519 915 3828 991 verbis'ap-

2227 1019 2400 1080 paret,
2443 1010 2565 1077 quia
2596 1025 2765 1077 usque
2790 1008 2854 1060 ad
2877 1008 2964 1060 illa
2997 1017 3238 1076 tempora
3271 1024 3369 1077 pro
3392 1009 3634 1078 reliquiis
3660 1012 3828 1065 bran-

2228 1102 2386 1156 deum
2414 1101 2686 1155 Romanus
2728 1100 2964 1168 pontifex
2997 1101 3330 1165 conferebat,
3381 1117 3503 1156 eum
3537 1106 3826 1171 posteriori

2231 1179 2473 1262 tempore
2496 1192 2564 1246 de
2591 1192 2832 1246 vestibus
2855 1207 2975 1260 qua:
3003 1193 3102 1245 sub
3141 1193 3298 1245 altari
3328 1195 3497 1247 sancti
3525 1192 3748 1248 Joannis
3770 1197 3826 1252 in

2231 1284 2450 1338 basilica
2476 1283 2917 1338 Constantiniana
2939 1293 3240 1348 servantur,
3264 1285 3542 1354 particulae
3560 1288 3827 1357 emperint

2233 1390 2333 1444 pro
2363 1375 2531 1429 sacris
2557 1375 2797 1442 reliquiis
2828 1375 3131 1443 petentibus
3161 1374 3296 1427 dari.

2307 1462 2393 1516 58.
2437 1484 2452 1514 ι
2484 1463 2612 1530 Qua:
2633 1463 2848 1531 quidem
2867 1470 3046 1518 vestes
3064 1478 3230 1531 usque
3256 1463 3513 1518 hactenus
3543 1466 3707 1520 tantis
3733 1467 3827 1519 mi-

2231 1555 2432 1610 raculis
2476 1568 2764 1609 coruscare
2804 1554 3130 1622 probantur,
3186 1562 3247 1607 ut
3288 1555 3550 1610 siccitatis
3577 1564 3826 1626 tempore

2234 1645 2380 1702 foras
2407 1661 2644 1701 excussae
2684 1645 2916 1714 pluviam
2961 1644 3261 1706 conferant,
3297 1645 3664 1702 inuudationis
3692 1664 3825 1700 vero

545 1745 762 1813 quidam
785 1743 955 1797 Graeci
980 1744 1226 1797 monachi
1252 1744 1355 1798 huc
1377 1753 1500 1798 ante
1523 1744 1794 1798 biennium
1828 1745 2126 1812 venientes,

2237 1738 2585 1792 serenitatem
2615 1737 2895 1790 reducant.
2927 1734 3060 1788 Nam
3088 1749 3249 1803 super
3277 1735 3411 1802 haec,
3441 1753 3558 1806 qum
3586 1754 3684 1808 per
3710 1738 3825 1792 sin-

545 1843 810 1888 nocturno
831 1834 1043 1889 silentio
1062 1835 1212 1904 juxta
1235 1836 1516 1890 ecclesiam
1541 1838 1710 1890 sancti
1734 1835 1882 1889 Pauli
1901 1853 2130 1908 corpora

547 1933 882 1979 mortuorum
907 1926 958 1979 in
990 1941 1180 1995 campo
1205 1926 1437 1995 jacentia
1471 1926 1816 1993 effodiebaat,
1848 1935 2006 1997 atque
2037 1943 2130 1982 eo-

545 2033 664 2070 rum
700 2033 821 2071 ossa
851 2018 1237 2082 recondebant,
1271 2027 1548 2073 servantes
1593 2020 1716 2086 sibi,
1757 2020 1881 2072 dum
1913 2019 2132 2074 recede-

546 2116 685 2160 rent.
719 2107 820 2173 Qui
847 2124 968 2162 cum
995 2110 1146 2170 lenti,
1177 2117 1231 2163 et
1270 2125 1365 2164 cur
1411 2110 1514 2163 hoc
1561 2109 1799 2164 facerent
1846 2110 2133 2176 diligenter

547 2195 773 2251 fuissent
793 2197 1038 2262 discussi,
1062 2197 1293 2253 confessi
1323 2208 1446 2253 sunt
1475 2198 1617 2268 quod
1642 2199 1728 2252 illa
1753 2215 1874 2253 ossa
1896 2198 1962 2252 ad
1985 2197 2130 2252 Grzn-

547 2289 687 2342 ciam
710 2300 888 2343 essent
921 2299 1191 2359 tamquam
1222 2301 1532 2346 sanctorum
1563 2292 1816 2360 reliquias
1848 2293 2129 2362 portaturi.

548 2376 627 2432 Ex
657 2394 883 2447 quorum
913 2382 1184 2451 exemplo,
1215 2381 1355 2436 sicut
1384 2383 1691 2450 praedictum
1714 2389 1814 2448 est,
1845 2382 2017 2450 major
2036 2396 2134 2436 no-

549 2468 633 2522 bis
663 2469 908 2524 dubietas
953 2479 1078 2524 nata
1121 2481 1202 2526 est
1243 2481 1420 2526 utrum
1467 2489 1653 2527 verum
1700 2474 1771 2527 sit
1799 2473 1940 2541 quod
1969 2473 2135 2527 levari

551 2559 817 2611 veraciter
865 2574 986 2615 ossa
1034 2569 1346 2615 sanctorum
1395 2561 1662 2616 dicuntur.
1707 2563 1782 2617 De
1821 2563 2136 2633 corporibus

551 2664 684 2703 vero
713 2649 994 2705 beatorum
1026 2653 1390 2719 apostolorum
1415 2653 1540 2722 quid
1572 2667 1672 2721 ego
1703 2655 1943 2709 dicturus
1971 2656 2131 2710 sum?

562 2738 696 2792 Dum
739 2748 946 2794 constet
974 2742 1099 2810 quia
1145 2757 1211 2796 eo
1261 2752 1503 2813 tempore
1545 2759 1653 2812 quo
1698 2747 1841 2814 passi
1880 2755 2022 2810 sunt,
2069 2761 2137 2800 ex

547 2825 773 2884 Oriente
804 2830 984 2885 fideles
1032 2844 1312 2899 venerunt,
1360 2835 1450 2902 qui
1491 2849 1676 2890 eorum
1715 2851 1965 2906 corpora,
1997 2837 2138 2892 sicut

548 2920 745 2973 civium
763 2936 982 2976 suorum
1001 2933 1328 2992 repeterent.
1346 2940 1467 2993 qua:
1487 2926 1646 2981 ducta
1671 2941 1836 2996 usque
1862 2927 1927 2981 ad
1945 2943 2136 2982 secun-

550 3010 675 3063 dum
701 3011 848 3065 urbis
869 3013 1193 3076 milliarium,
1221 3014 1273 3068 in
1297 3014 1416 3069 loco
1437 3017 1525 3085 qui
1548 3015 1742 3070 dicitur
1761 3017 2133 3079 Catacumbas,

546 3099 810 3154 collocata
841 3110 985 3155 sunt.
1018 3101 1123 3156 Sed
1153 3103 1278 3156 dum
1307 3117 1371 3156 ea
1398 3104 1591 3158 exinde
1620 3104 1802 3159 levare
1830 3105 2004 3159 omnis
2033 3120 2131 3158 eo-

550 3203 666 3240 rum
695 3188 981 3242 multitudo
1001 3192 1331 3246 convenieus
1361 3193 1640 3258 niteretur,
1666 3194 1736 3246 ita
1764 3207 1858 3248 eos
1879 3194 1960 3249 vis
1991 3195 2128 3249 toni-

549 3277 653 3329 trui
677 3286 836 3347 atque
859 3278 1079 3347 fulguris
1100 3282 1290 3336 terruit
1318 3297 1382 3336 ae
1419 3283 1690 3352 dispersit,
1717 3293 1776 3339 ut
1803 3285 1928 3340 talia
1951 3286 2130 3343 denuo

549 3367 851 3422 nullatenus
881 3376 1089 3428 tentare
1128 3381 1532 3439 praesumerent.
1565 3373 1716 3428 Tunc
1735 3385 1994 3430 exeuntes
2022 3376 2132 3430 Ro-

548 3458 714 3522 mani,
742 3474 929 3513 eorum
951 3475 1201 3529 corpora,
1222 3463 1314 3532 qui
1343 3463 1446 3516 hoc
1466 3478 1531 3516 ex
1558 3463 1770 3519 Domini
1793 3467 1993 3534 pietate
2013 3482 2130 3522 me-

546 3556 798 3610 ruerunt,
853 3547 1194 3614 levaverunt,
1244 3559 1300 3604 et
1346 3551 1399 3605 in
1443 3552 1578 3609 locis
1606 3555 1798 3621 quibus
1839 3571 1980 3610 nunc
2007 3564 2132 3612 sunt

544 3635 760 3689 condita
789 3646 1103 3704 posuerunt.
1156 3639 1288 3706 Quis
1328 3655 1476 3710 ergo,
1519 3644 1858 3700 serenissima
1889 3645 2127 3714 domina,

545 3732 654 3778 tam
682 3727 997 3782 temerarius
1025 3731 1194 3799 possit
1221 3731 1474 3800 existere,
1497 3743 1555 3788 ut
1582 3735 1695 3790 haec
1723 3736 1917 3801 sciens,
1942 3753 2130 3791 eormn

544 3827 773 3883 corpora
803 3830 910 3869 non
934 3816 1054 3871 dico
1080 3826 1322 3887 tangere,
1344 3822 1439 3875 sed
1460 3824 1543 3877 vel
1572 3825 1909 3894 aliquatenus
1931 3842 2133 3896 pracsu-

544 3915 658 3960 mat
687 3907 989 3976 inspicere?
1027 3909 1163 3964 Dum
1215 3912 1375 3980 igitur
1422 3915 1548 3970 talia
1595 3918 1724 3971 mihi
1755 3933 1784 3970 a
1813 3919 1966 3973 vobis
1995 3935 2134 3988 prte-

542 4006 699 4067 cepta
744 4008 870 4052 sunt
910 3999 976 4054 de
1004 4001 1196 4069 quibus
1233 4018 1427 4071 parere
1479 4006 1782 4062 nullatenus
1812 4009 2128 4077 potuissem,

543 4100 802 4160 quantum
830 4091 1065 4154 invenio,
1095 4110 1202 4148 non
1231 4105 1469 4150 vestrum
1514 4106 1616 4159 est,
1663 4099 1758 4154 sed
1787 4100 2001 4168 quidam
2032 4100 2132 4154 ho-

543 4182 719 4236 mines
762 4191 949 4237 contra
991 4199 1076 4239 me
1115 4185 1366 4253 pietatem
1405 4194 1636 4240 vestram
1660 4190 1900 4245 excitare
1940 4191 2130 4250 volue-

545 4280 690 4336 runt,
720 4279 780 4325 ut
806 4273 954 4337 mihi,
978 4274 1122 4340 quod
1150 4275 1308 4338 absit,
1353 4276 1644 4332 voluntatis
1673 4290 1862 4336 vestrae
1900 4285 2127 4352 gratiam

543 4360 944 4428 subtraherent,
973 4371 1030 4414 et
1055 4372 1340 4432 propterea
1387 4367 1714 4436 quaesierunt
1741 4373 2030 4441 capitulum
2060 4378 2128 4432 de

2233 1830 2386 1898 gulas
2419 1829 2677 1884 ecclesias
2721 1826 2944 1896 faciunt,
2972 1843 3092 1896 qua:
3124 1828 3178 1882 in
3205 1830 3441 1884 oratorio
3469 1830 3664 1886 domus
3692 1847 3826 1886 mea:

2234 1921 2286 1974 in
2327 1920 2563 1975 Snburra
2593 1913 2782 1989 positae
2819 1934 2916 1988 per
2949 1934 3042 1974 eas
3073 1918 3212 1973 Deus
3241 1920 3582 1990 omnipotens
3608 1923 3824 1991 fecerit,

2234 2026 2341 2064 non
2368 2010 2574 2064 celabo.
2601 2009 2778 2078 Nuper
2799 2008 3052 2062 Hadriani
3074 2009 3345 2078 pontificis
3377 2019 3614 2079 tempore
3645 2015 3824 2068 visum

2233 2101 2364 2154 mihi
2388 2109 2487 2162 est,
2517 2109 2574 2153 ut
2603 2101 2771 2154 altare
2798 2108 3000 2152 sancta:
3027 2099 3116 2154 Dei
3133 2099 3420 2155 Gcnitricis
3448 2101 3647 2169 Mariae,
3677 2107 3826 2174 quod

2235 2203 2388 2246 extra
2421 2191 2716 2247 oratorium
2748 2192 2920 2245 sancti
2952 2190 3176 2246 Joannis
3217 2193 3270 2245 in
3300 2195 3643 2262 apertissimo
3681 2201 3824 2252 atrio

2236 2283 2494 2353 positum,
2525 2282 2776 2350 congruis
2804 2282 3154 2337 luminaribus
3177 2283 3430 2339 hoaorari
3460 2302 3564 2340 non
3588 2296 3825 2356 poterat,

2237 2377 2378 2430 intra
2429 2376 2725 2430 oratorium
2776 2373 2942 2428 locari
2991 2374 3284 2429 debuisset.
3341 2375 3646 2432 Accersitus
3693 2394 3824 2435 vero

2240 2465 2572 2522 Gaudericns
2601 2465 2936 2528 Velitrensis,
2968 2465 3057 2534 qui
3079 2465 3255 2521 adhuc
3281 2483 3562 2537 superesse
3589 2470 3824 2535 videtur,

2237 2560 2545 2629 episcopus,
2587 2574 2707 2612 cum
2755 2557 2968 2628 hymnis
2996 2567 3052 2613 et
3077 2559 3299 2614 canticis
3350 2561 3416 2614 ab
3464 2562 3620 2616 altari
3651 2563 3823 2623 veteri

2239 2648 2521 2720 pyxidulas
2565 2647 2696 2702 duas
2735 2647 2996 2715 sigillatas
3024 2650 3278 2703 excussit.
3305 2648 3540 2716 Quarum
3571 2652 3824 2716 alteram,

2239 2755 2328 2794 me
2350 2739 2696 2808 deprecante,
2749 2739 2972 2793 nimium
3016 2739 3298 2794 timoratus
3327 2742 3593 2811 aperiens,
3626 2743 3692 2796 de
3719 2744 3826 2800 illis

2240 2832 2456 2899 tunicis,
2486 2839 2744 2900 quantum
2794 2847 2861 2885 ex
2901 2831 3249 2888 similitudine
3275 2834 3503 2892 curiosis
3531 2836 3697 2892 oculis
3727 2853 3824 2906 po-

2242 2924 2342 2977 tuit
2378 2924 2724 2992 deprehendi,
2778 2924 3067 2992 particulas
3095 2926 3314 2996 reperit,
3347 2943 3481 2997 quas
3515 2929 3834 2982 solemniter

2239 3016 2340 3068 sub
2383 3030 2524 3068 novo
2553 3014 2709 3067 altari
2759 3013 3028 3083 deposuit.
3062 3013 3159 3069 Ubi
3189 3030 3254 3069 ex
3285 3024 3445 3082 tunc,
3490 3019 3632 3072 sicut
3671 3019 3826 3078 multi

2239 3111 2458 3164 norunt,
2483 3103 2575 3171 qui
2602 3103 2779 3156 adhuc
2819 3105 3135 3172 superstites
3182 3120 3300 3160 esse
3341 3108 3661 3176 probantur,
3691 3109 3826 3166 divi-

2236 3193 2380 3247 nitus
2409 3207 2652 3247 accensae
2673 3192 2950 3262 lampades
2970 3195 3304 3263 frequentius
3324 3198 3486 3254 solito
3514 3211 3822 3269 patuerunt.

2234 3282 2366 3336 Nam
2398 3285 2498 3338 ista
2528 3292 2717 3338 octava
2747 3285 3036 3341 indictione
3066 3287 3117 3340 in
3147 3287 3481 3345 bebdomada
3503 3305 3630 3350 ante
3655 3294 3828 3350 Domi-

2235 3373 2342 3427 nici
2377 3373 2578 3427 Natalis
2607 3374 2780 3440 diem,
2824 3390 2947 3430 cum
2980 3390 3079 3444 ego
3107 3391 3271 3446 super
3295 3379 3600 3447 hujusmodi
3633 3399 3825 3453 parum

2232 3465 2362 3534 quid
2407 3465 2741 3531 dubitarem,
2799 3467 3083 3536 completis
3132 3470 3536 3526 matutinalibus
3579 3473 3826 3545 hymnis,

2235 3554 2628 3609 mansionarius
2655 3555 2934 3610 candelam
2961 3557 3234 3612 exstinxit.
3271 3557 3440 3624 Quam
3471 3570 3593 3629 post
3635 3579 3826 3634 vespe-

2233 3661 2352 3699 rum
2380 3644 2711 3700 succendere
2739 3647 2980 3717 cupiens,
3014 3664 3295 3703 accensam
3327 3653 3552 3721 reperit;
3595 3670 3829 3726 eamque

2233 3753 2294 3794 se
2312 3739 2641 3808 negligenter
2661 3742 2980 3797 exstinxisse
2999 3745 3359 3814 perpendens,
3381 3748 3466 3802 die
3487 3749 3653 3804 altera
3676 3751 3828 3805 solli-

2235 3828 2394 3883 citius
2417 3845 2638 3899 prorsus
2667 3831 2952 3900 exstinxit;
2993 3843 3050 3889 et
3092 3837 3358 3893 obseratis
3398 3840 3596 3908 januis,
3630 3843 3697 3897 ad
3727 3861 3828 3899 ve-

2233 3933 2453 3988 sperum
2483 3934 2844 3978 succensurus
2891 3924 3196 3994 lampadem
3224 3931 3499 3985 remeavit.
3531 3932 3700 3999 Quam
3735 3939 3825 3995 ubi

2232 4009 2585 4066 nihilominus
2613 4027 2896 4068 accensam
2926 4017 3148 4085 reperit,
3181 4033 3248 4072 ex
3276 4023 3604 4078 conscientia
3634 4042 3823 4081 serva-

2233 4109 2298 4154 tae
2319 4116 2349 4154 a
2375 4116 2434 4155 se
2456 4102 2639 4169 clavis,
2662 4111 2717 4158 et
2744 4106 3004 4161 miraculo
3029 4123 3139 4163 non
3159 4109 3402 4165 diminuti
3425 4114 3550 4176 olei,
3579 4118 3825 4186 profecto

2228 4192 2483 4259 cognovit
2509 4194 2633 4262 quia
2685 4195 2984 4265 lampadem
3031 4197 3122 4252 ille
3175 4201 3564 4269 succenderat,
3606 4207 3716 4274 qui,
3752 4225 3825 4265 ne

2231 4281 2408 4337 oleum
2439 4284 2492 4337 in
2523 4300 2586 4337 ea
2618 4285 2810 4341 diurna
2839 4291 3199 4347 succensione
3227 4292 3394 4348 minui
3419 4297 3706 4367 potuisset,
3737 4301 3822 4356 di-

2230 4371 2429 4426 vinitus
2454 4373 2758 4443 ampliarat.
2787 4395 2806 4427 ι

541 4465 652 4520 quo
683 4451 834 4506 vobis
859 4453 1012 4520 quasi
1053 4453 1368 4510 iuobediens
1398 4457 1688 4514 invenirer.
1721 4459 1829 4517 Sed
1870 4465 1924 4519 in
1947 4469 2118 4522 omni-
2158 4501 2205 4560 υ
2300 4461 2389 4517 59-
2422 4462 2622 4519 Harum
2653 4467 2871 4536 quidem
2898 4469 3150 4538 vestium.
3197 4473 3339 4529 δίουι
3381 4477 3594 4546 ορίηοτ,
3623 4481 3819 4549 altera.

541 4550 765 4610 potente
789 4541 917 4600 .Deo
967 4543 1176 4601 conﬁdo
1201 4546 1322 4613 quia
1355 4547 1505 4603 nullo
1546 4550 1704 4605 modo
1733 4552 2126 4623 benignissima:

547 4635 707 4704 118
733 4643 924 4688 vestra:
948 4635 1211 4690 voluntati
1240 4638 1542 4708 surripitur,
1576 4649 1630 4696 et
1655 4653 1964 4700 sanctorum
1995 4663 2126 4718 apo-

539 4725 805 4779 stolarum
834 4725 1104 4794 virtutem,
1137 4743 1274 4796 quos
1307 4739 1420 4785 toto
1462 4733 1623 4788 corde
1670 4743 1724 4788 et
1773 4746 1954 4794 mente
1997 4741 2121 4796 dili-

538 4814 681 4882 gitis,
713 4830 818 4870 non
848 4831 916 4870 ex
938 4819 1206 4887 corporali
1228 4823 1532 4889 praesentia,
1558 4825 1652 4880 sed
1667 4842 1736 4881 ex
1759 4832 2116 4900 protectione,

538 4919 752 4974 semper
803 4905 1086 4962 habebitis.
1146 4907 1431 4965 Sudarium
1484 4929 1634 4980 vero,
1677 4919 1820 4985 quod
1879 4920 2122 4977 similiter

537 4997 830 5050 transmitti
854 4996 1107 5064 jussistis,
1131 5015 1252 5055 cum
1283 5016 1513 5072 corpore
1544 5006 1662 5074 ejus
1709 5018 1793 5064 est
1819 5029 1831 5062 :
1864 5014 2005 5081 quod
2050 5015 2122 5069 ita

535 5087 684 5156 tangi
712 5103 816 5143 non
843 5098 1043 5159 potest,
1094 5090 1230 5146 sicut
1264 5108 1363 5148 nec
1412 5095 1481 5149 ad
1521 5114 1718 5168 corpus
1747 5101 1886 5158 illius
1915 5106 2118 5160 accedi.

535 5176 642 5231 Sed
666 5179 789 5246 quia
815 5181 1167 5236 serenis~imze
1191 5183 1420 5239 domina:
1447 5195 1553 5240 tam
1583 5190 1888 5257 religiosum
1913 5194 2124 5250 deside-

535 5269 674 5322 rium
705 5286 824 5326 esse
852 5288 1079 5329 vacuum
1111 5291 1217 5330 non
1259 5276 1437 5342 debet,
1490 5279 1558 5334 de
1598 5283 1805 5337 catenis
1845 5299 1978 5353 quas
2006 5288 2122 5357 ipse

537 5371 756 5417 sanctus
783 5362 978 5420 Paulus
998 5369 1272 5436 apostolus
1291 5371 1344 5425 in
1366 5373 1612 5427 manibus
1632 5382 1686 5428 et
1705 5376 1844 5429 collo
1865 5383 2112 5447 gestavit,

533 5465 602 5505 ex
631 5453 824 5522 quibus
849 5455 1013 5509 multa
1043 5458 1299 5513 miracula
1331 5461 1384 5514 in
1427 5463 1626 5532 popqu
1655 5463 2110 5536 demonstrantur,

531 5551 743 5612 partem
773 5545 925 5600 vobis
969 5547 1201 5616 aliquam
1248 5555 1613 5610 transmittere
1643 5558 1927 5625 festinabo,
1958 5563 2000 5616 si
2035 5572 2113 5616 ta-

530 5644 656 5684 men
688 5632 828 5688 hauc
865 5634 1059 5691 tollere
1088 5637 1323 5694 limando
1353 5643 1572 5699 valuere
1617 5663 1629 5699 :
1672 5649 1818 5714 quia,
1845 5649 1971 5704 dum
2001 5651 2111 5707 fre-

528 5732 759 5790 quenter
784 5740 851 5780 ex
879 5728 1082 5783 catenis
1122 5730 1322 5785 eisdem
1359 5735 1511 5790 multi
1541 5739 1781 5808 veniunt,
1810 5749 1862 5795 et
1886 5741 2107 5797 benedi-

2229 4569 2348 4622 quie
2395 4556 2751 4614 strictioribus
2797 4561 3022 4616 manicis
3068 4573 3304 4633 constat,
3347 4570 3610 4624 veraciter
3645 4577 3820 4629 sancti

2227 4647 2448 4702 Joannis
2469 4658 2552 4704 est
2581 4651 2782 4714 tunica,
2829 4667 2989 4721 quam
3018 4656 3207 4712 beatus
3235 4656 3525 4728 Gregorius
3548 4677 3648 4719 suo
3679 4674 3820 4721 teni-

2227 4756 2390 4809 pore,
2434 4742 2666 4811 quodam
2706 4744 2964 4814 episcopo
3002 4747 3280 4806 deferente
3305 4793 3319 4819 ,
3362 4757 3618 4825 suscepit.
3666 4757 3816 4817 Unde

2225 4830 2419 4885 Joanni
2449 4832 2628 4886 abbati
2674 4835 2814 4888 inter
2840 4846 3034 4891 antem
3079 4839 3286 4904 scribit,
3312 4843 3493 4898 dicens
3525 4864 3537 4897 :
3577 4865 3596 4897 ι
3629 4847 3705 4903 De
3730 4858 3816 4903 tu-

2225 4923 2346 4977 nica
2369 4925 2537 4978 sancti
2569 4925 2790 4980 Joannis
2827 4929 3047 4984 omnino
3076 4941 3228 4998 grate
3280 4936 3512 5006 suscepi,
3543 4939 3668 5007 quia
3701 4942 3814 4996 sola

2227 5014 2402 5070 licitns
2432 5015 2574 5071 fuisti
2617 5019 2746 5073 mihi
2776 5020 3032 5076 indicare.
3062 5022 3171 5078 Sed
3211 5027 3426 5082 studeat
3466 5028 3690 5086 dilectio
3724 5042 3815 5088 tua

2223 5105 2354 5158 mihi
2387 5107 2555 5176 ipsam
2587 5109 2846 5177 tunicam,
2897 5121 3006 5178 aut,
3063 5117 3218 5186 119
3271 5118 3413 5187 quod
3457 5128 3543 5175 est
3598 5123 3814 5189 melius,

2224 5199 2472 5254 eamdem
2496 5200 2806 5272 episcopum
2837 5205 2927 5273 qui
2951 5221 3072 5260 eam
3103 5208 3281 5276 habet,
3315 5227 3436 5266 cum
3465 5213 3675 5269 clericis
3704 5218 3819 5272 suis

2225 5300 2282 5344 et
2318 5305 2440 5344 eum
2474 5292 2608 5361 ipsa,
2638 5293 2703 5348 ad
2735 5311 2821 5350 me
2849 5299 3211 5355 transmittere
3238 5319 3250 5354 :
3278 5311 3542 5370 quatenus
3570 5315 3625 5360 et
3647 5307 3819 5362 bene-

2217 5383 2455 5438 dictione
2482 5386 2673 5440 tuniczc
2690 5387 3046 5455 perfruamur,
3073 5400 3128 5446 et
3143 5394 3211 5448 de
3239 5395 3429 5450 eodem
3443 5397 3703 5467 episcopo
3725 5401 3817 5455 vel

2217 5477 2431 5532 c‘cricis
2455 5477 2756 5533 mercedem
2781 5480 2980 5536 habere
2997 5483 3286 5540 valeamus.
3317 5505 3335 5538 ι
3367 5486 3504 5556 (Lib.
3524 5504 3603 5557 ιιι,
3625 5507 3708 5560 ep.
3730 5491 3815 5562 '5.)

2216 5571 2398 5623 Altera
2425 5585 2555 5625 vero
2581 5572 2720 5640 (quia
2745 5572 3065 5641 largioribus
3087 5577 3330 5642 manicis,
3349 5595 3455 5634 non
3487 5582 3689 5647 tunica,
3715 5586 3816 5638 sed

2215 5661 2371 5726 p’ane
2399 5659 2611 5713 videtur
2640 5676 2759 5715 esse
2799 5663 3124 5735 dalmatica),
3157 5666 3257 5720 nisi
3297 5667 3472 5734 fallor,
3503 5672 3677 5726 sancti
3708 5671 3816 5725 Pa-

2213 5748 2407 5802 schasii
2439 5749 2746 5816 apostolica:
2793 5751 2935 5808 sedis
2974 5753 3183 5810 diaconi
3217 5767 3457 5827 constat,
3508 5763 3597 5824 qui
3652 5761 3808 5820 iuxta
