4018 6306
216 300 333 360 I73
788 303 856 356 'S.
897 296 1217 356 GREGURII
1258 298 1471 352 MAGNI
1514 297 1695 357 VITA,
1739 296 1939 351 AUCT.
1984 296 2242 351 JOANNE
2284 294 2593 351 DIACONO.
2639 294 2764 350 LIB.
2808 294 2891 349 IV.
3381 292 3479 350 ’τι

222 416 451 473 omnino
497 414 721 470 sollicita
777 429 843 467 ne
897 414 1027 479 hoc,
1069 410 1211 481 quod
1258 411 1662 481 prtcsumptioni
1716 412 1794 463 in-
1822 411 1877 470 Δ
1899 408 2094 476 duplici
2126 408 2290 462 corde
2318 408 2520 471 scribit,
2550 416 2605 461 et
2630 407 2734 461 alia
2760 405 3120 459 blandimenta
3152 406 3204 459 in
3236 407 3484 476 epistolis

212 505 444 560 “choanti
474 504 643 558 adhuc
674 503 898 567 ceditur,
929 504 981 556 in
1009 502 1320 570 proficiente
1363 502 1601 556 deterius
1628 502 1799 555 vindi-
1907 502 2019 554 suis
2046 501 2300 564 exhibet,
2334 501 2435 553 alia
2463 501 2513 553 in
2544 501 2719 565 lingua
2748 514 2845 555 sua
2874 498 3200 552 smculariter
3224 500 3480 554 ostendit.

221 603 398 648 cetur.
430 613 448 645 ι
484 593 546 645 Et
577 601 696 663 post
724 607 888 661 pauca
920 610 934 644 :
966 611 983 642 ί
1009 592 1140 645 Illud
1162 600 1339 645 autem
1364 592 1504 659 quod
1526 606 1624 659 pro
1652 599 1805 643 uten-

218 681 307 737 dis
354 698 383 736 a
433 682 576 736 clero
598 691 776 737 vestro
808 682 1071 751 mappulis
1108 682 1417 750 scripsistis,
1450 696 1479 733 a
1505 684 1702 735 nostris
1725 690 1807 734 est

223 774 432 828 clericis
451 773 659 828 fortiter
672 774 1278 838 obwatum,dicentibus
1300 773 1552 825 nulli-hoc
1573 788 1804 841 unquam

224 861 344 915 alite
372 862 588 916 cuilibet
615 877 929 916 concessum
959 862 1203 917 ecclesia:
1232 859 1422 923 fuisse;
1458 876 1555 915 nec
1598 860 1802 912 Raven-

222 960 383 1006 nates
412 952 657 1019 clericos,
689 954 773 1007 vel
805 954 942 1015 illic,
982 953 1067 1007 vel
1094 954 1145 1005 in
1176 953 1418 1006 Romana
1454 953 1668 1005 civitate
1700 951 1805 1004 tale

226 1039 426 1107 aliquid
455 1054 574 1093 cum
622 1055 719 1094 sua
758 1042 1087 1096 conscientia
1128 1040 1544 1109 prtesumpsisse.
1591 1038 1729 1101 Nec,
1760 1040 1804 1092 si

221 1136 492 1182 tentatum
539 1138 707 1195 esset,
739 1145 803 1184 ex
835 1131 1028 1185 furtiva
1056 1131 1403 1199 usurpatione
1430 1129 1528 1181 sibi
1555 1127 1803 1196 prmjudi-

224 1220 371 1273 cium
399 1222 666 1288 generari,
696 1221 792 1275 sed
842 1223 1050 1276 etiamsi
1088 1222 1141 1275 in
1184 1222 1420 1289 qualibet
1446 1218 1667 1273 ecclesia
1699 1220 1804 1272 hoc

221 1321 611 1379 prtesumptum
635 1312 809 1375 fuerit,
834 1320 1081 1367 asserunt
1104 1310 1487 1365 emendandum
1511 1309 1682 1378 ;quod
1697 1322 1804 1362 non

221 1400 581 1453 conceSsione
612 1403 763 1470 125
794 1400 1021 1454 Romani
1051 1399 1333 1468 pontificis,
1368 1398 1459 1452 sed
1487 1399 1599 1453 sola
1622 1412 1803 1451 surre-

228 1490 417 1557 ptione
449 1493 807 1559 praesumitur.
842 1491 947 1546 Sed
976 1506 1073 1545 nos
1099 1495 1372 1543 servantes
1402 1489 1661 1541 honorem
1700 1487 1806 1540 fra-

228 1580 473 1633 ternitati
504 1589 631 1647 tum,
659 1581 779 1635 licet
806 1589 990 1633 contra
1020 1564 1345 1632 voluntatem
1394 1577 1646 1631 antedicti
1676 1577 1807 1631 cleri

220 1670 437 1736 uestri,
477 1678 654 1723 tamen
696 1670 878 1739 primis
917 1668 1155 1723 diaconis
1190 1669 1411 1734 vestris,
1463 1683 1600 1736 quos
1650 1669 1806 1722 nobis

1910 590 2114 645 Deinde
2142 604 2301 658 grave
2326 590 2450 643 mihi
2480 598 2580 653 est,
2602 592 2725 658 quia
2745 589 3017 642 irrisioucs
3046 590 3193 655 illas,
3224 604 3357 658 quas
3386 590 3481 643 Ita-

1912 683 2040 737 bere
2069 684 2262 736 notarii
2298 682 2471 735 adhuc
2501 682 2651 749 pueri
2688 682 2892 747 solent,
2933 696 3101 749 usque
3130 681 3289 734 hodie
3320 681 3483 734 frater

1910 788 2062 827 meus
2087 770 2321 827 Joannes
2366 775 2419 826 in
2460 773 2639 839 lingua
2669 788 2763 826 sua
2795 772 3024 835 retinet,
3056 773 3378 827 mordaciter
3407 773 3485 825 lo-

1911 876 2114 927 quitur,
2140 871 2193 916 et
2220 863 2371 930 quasi
2402 862 2469 916 de
2502 862 2593 915 tali
2619 864 2813 916 astutia
2845 862 3068 915 lectatur.
3104 863 3301 916 Arnicis
3344 877 3484 931 pra:-

1911 952 2151 1005 sentibus
2181 953 2470 1016 blanditur,
2518 952 2585 1005 de
2613 952 2921 1007 absentibus
2951 952 3277 1019 obloquitur.
3305 951 3489 1006 Tertio

1910 1053 2072 1107 grave
2096 1041 2229 1095 mihi
2247 1051 2301 1094 et
2323 1043 2543 1095 omnino
2565 1043 2864 1096 execrabile
2892 1051 2993 1106 est,
3019 1043 3142 1111 quia
3164 1044 3329 1096 servis
3356 1044 3485 1106 suis,

1909 1144 2012 1197 qua
2042 1129 2173 1182 hora
2202 1129 2344 1192 furit,
2367 1130 2538 1198 turpia
2568 1132 2793 1184 crimina
2824 1132 3067 1200 imponit,
3094 1141 3152 1185 ut
3179 1132 3488 1199 effeminati,

1909 1226 1963 1271 et
1991 1216 2165 1270 adhuc
2209 1219 2441 1287 graviter
2484 1220 2587 1274 hoc
2616 1220 2854 1288 apertius
2880 1229 3163 1274 vocentur.
3206 1221 3331 1276 Post
3379 1224 3493 1277 hmo

1910 1307 2137 1362 accessit
2165 1308 2306 1375 quod
2336 1309 2611 1377 disciplina
2643 1309 2710 1362 ad
2752 1309 2915 1362 vitam
2957 1310 3275 1364 clericorum
3306 1321 3490 1365 cust0~

1910 1398 2155 1451 diendam
2186 1399 2329 1451 nulla
2355 1408 2455 1466 est,
2487 1400 2579 1453 sed
2610 1400 2981 1453 tantummodo
3027 1414 3085 1453 se
3130 1400 3341 1454 clericis
3375 1401 3491 1453 suis

1910 1485 2187 1541 dominum
2216 1488 2454 1542 exhibet.
2494 1499 2517 1525 ει
2546 1486 2801 1541 Ultimum
2848 1504 2975 1543 vero
3004 1498 3106 1555 est,
3133 1488 3275 1557 quod
3308 1498 3490 1543 tamen

1911 1578 2147 1647 pondere
2193 1579 2440 1633 elationis
2483 1581 2733 1648 primum,
2763 1580 2887 1650 quia
2918 1580 2986 1634 de
3032 1597 3128 1634 usu
3157 1581 3303 1650 pallii
3334 1589 3491 1635 extra

1910 1667 2215 1729 ecclesiam,
2250 1668 2393 1735 quod
2421 1668 2749 1736 temporibus
2777 1668 3118 1724 decessurum
3146 1684 3386 1723 meorum
3410 1669 3492 1722 fa-

226 1758 449 1823 quidam
491 1760 751 1812 testificati
777 1768 898 1812 sunt
927 1760 1088 1812 etiam
1129 1766 1255 1812 ante
1283 1759 1363 1813 eis
1386 1774 1510 1813 usos
1540 1758 1726 1827 fuisse,
1755 1759 1808 1813 in
1843 1774 1885 1831 B
1912 1772 2036 1811 cere
2088 1773 2357 1825 nunquam
2387 1759 2670 1827 quisquam
2717 1760 3094 1828 praesumpsit,
3141 1774 3411 1828 nunquam
3457 1777 3490 1815 a

226 1845 493 1913 obsequio
536 1848 792 1900 duntaxat
839 1856 951 1912 tuo,
992 1850 1259 1918 mappulis
1300 1850 1378 1903 uti
1426 1851 1803 1919 permittimus.

233 1935 349 1988 Alio
398 1945 577 1989 autem
620 1946 883 2006 tempore,
921 1940 1003 1993 vel
1040 1940 1169 1994 alias
1202 1956 1460 2009 personas
1504 1942 1608 1996 hoc
1650 1957 1810 2010 agere

234 2028 697 2082 vehementissime
723 2030 1087 2097 prohibemus.
1125 2050 1143 2083 ι
1177 2031 1317 2101 (Lib.
1350 2048 1424 2095 ut,
1457 2050 1537 2101 ep.
1575 2031 1685 2101 56.)

304 2118 355 2170 '5.
399 2119 571 2183 Quam
594 2121 913 2173 sententiam
942 2123 1022 2175 vir
1044 2136 1190 2176 vanae
1208 2123 1391 2191 gloriae
1413 2122 1808 2191 cupidissimus,

230 2210 607 2263 molcsussime
638 2211 841 2273 ferens,
874 2228 968 2282 per
1004 2228 1352 2281 quoscunque
1382 2221 1624 2281 poterat,
1658 2228 1811 2266 usum

236 2301 380 2370 pallii
411 2302 509 2355 sibi
538 2303 747 2356 restitui
791 2319 1118 2374 magnopere
1155 2304 1446 2371 ﬂagitabat.
1476 2304 1572 2359 Cui
1603 2304 1810 2373 Grego-

235 2395 345 2446 rius
376 2394 446 2446 ita
473 2395 722 2463 scripsit:
754 2414 772 2444 t
800 2395 1212 2449 Fraternitatem
1236 2404 1466 2451 vestram
1492 2395 1645 2450 valde
1667 2397 1815 2451 inve-

236 2485 329 2537 nio
358 2480 749 2551 contristatam,
780 2502 877 2555 pro
904 2502 970 2541 eo
993 2487 1136 2554 quod
1159 2487 1211 2540 in
1237 2487 1433 2541 litaniis
1454 2486 1673 2541 induere
1701 2487 1816 2555 pal-

238 2573 375 2631 lium
396 2575 617 2628 rationis
640 2591 861 2629 censura
883 2576 1211 2645 prohibetur,
1234 2576 1329 2631 sed
1360 2592 1454 2645 per
1478 2576 1817 2632 excellentis-

235 2667 431 2720 simum
461 2666 758 2721 Romanum
784 2670 1085 2738 patricium,
1119 2678 1174 2723 et
1218 2684 1314 2739 per
1339 2668 1816 2723 eminentissimum

236 2760 579 2828 prchectum,
620 2769 780 2830 atque
809 2777 904 2830 per
933 2762 1069 2816 alios
1096 2760 1327 2816 civitatis
1355 2776 1463 2816 sua:
1498 2761 1703 2815 nobiles
1740 2761 1821 2814 vi-

241 2864 333 2903 ros
376 2851 679 2920 importune
707 2852 950 2919 expetit,
1004 2858 1061 2905 ut
1088 2852 1193 2906 hoc
1220 2850 1412 2905 debeat
1440 2849 1683 2905 concedi.
1714 2848 1822 2904 Nos

237 2950 425 2996 autem
467 2943 697 2998 sollicite
739 2943 1077 3012 requirentes
1104 2943 1171 2997 ab
1201 2942 1501 3005 Adeodato,
1549 2940 1819 3009 quondam

243 3031 472 3087 diacono
499 3033 843 3088 fraternitatis
870 3044 991 3097 tuae,
1015 3033 1361 3099 cognovimus
1385 3032 1508 3100 quia
1551 3044 1820 3097 nunquam

1911 1846 2281 1902 decessoribus
2305 1848 2420 1915 ejus
2444 1858 2822 1917 prmsumptum
2849 1858 2950 1911 est,
2984 1850 3123 1903 sicut
3150 1849 3494 1918 responsalcs

1912 1940 2081 1993 nostri
2111 1948 2398 2005 testantur,
2435 1950 2663 2008 excepto
2694 1942 2793 1994 nisi
2824 1942 3060 2011 reliquie:
3088 1943 3488 1997 conderentur:

1910 2031 2056 2098 quod
2100 2036 2279 2084 tamen
2333 2032 2488 2100 123
2536 2030 2602 2084 de
2644 2031 2881 2095 reliquiis
2936 2048 3070 2087 unus
3119 2036 3491 2087 tantummodo

1912 2120 2085 2187 potuit
2116 2119 2339 2173 inveniri
2370 2121 2459 2188 qui
2487 2121 2709 2186 diceret,
2734 2121 2865 2174 meis
2885 2122 3074 2176 diebus
3098 2122 3148 2175 in
3180 2122 3491 2190 despectum

1914 2224 2111 2273 meum,
2140 2224 2258 2262 cum
2288 2225 2494 2262 summa
2523 2210 2747 2263 audacia
2778 2226 2884 2263 non
2915 2212 3087 2265 solum
3117 2214 3366 2271 faciebat,
3398 2214 3491 2266 sed

1913 2298 2073 2352 etiam
2104 2298 2493 2368 frequentabat.
2527 2298 2601 2351 Ex
2631 2300 2823 2367 quibus
2848 2302 3093 2355 omnibus
3124 2303 3337 2359 invenio
3366 2310 3493 2377 quia

1916 2389 2093 2445 honor
2134 2392 2475 2460 episcopatus
2518 2392 2677 2445 vestri
2721 2400 2861 2445 totus
2906 2390 3049 2445 foras
3090 2393 3139 2447 in
3187 2398 3495 2451 ostensione

1918 2488 2018 2545 est,
2048 2496 2154 2535 non
2194 2483 2248 2535 in
2291 2490 2492 2536 mente.
2534 2479 2597 2533 Et
2624 2482 2836 2549 quidem
2866 2498 2965 2550 ago
2998 2486 3353 2553 omnipotenti
3384 2487 3495 2539 Deo

1917 2572 2135 2639 gratias,
2170 2572 2293 2640 quia
2323 2588 2388 2626 eo
2420 2581 2693 2639 tempore,
2724 2588 2833 2639 quo
2872 2574 2935 2625 ad
2975 2588 3061 2627 me
3101 2576 3202 2628 hoc
3232 2578 3494 2645 pervenit,

1919 2662 2063 2730 quod
2090 2661 2156 2715 ad
2183 2676 2338 2716 aures
2364 2662 2710 2716 decessorum
2734 2678 2973 2716 meorum
3004 2680 3272 2732 nunquam
3304 2683 3496 2735 perve-

1922 2759 2097 2813 nerat,
2123 2750 2456 2818 Langobardi
2482 2752 2620 2804 inter
2643 2767 2727 2805 me
2752 2760 2807 2805 et
2832 2751 3195 2808 Ravennatem
3226 2756 3499 2809 civitatem

1924 2845 2083 2915 positi
2109 2846 2338 2899 fuerant.
2364 2844 2497 2897 Nam
2520 2844 2804 2899 ostendere
2829 2844 3049 2899 forsitan
3079 2847 3384 2902 hominibus
3408 2848 3504 2900 ha-

1923 2935 2034 2997 bui,
2066 2943 2323 3003 quantum
2368 2935 2479 2989 scio
2509 2949 2628 2988 esse
2655 2934 2945 2990 districtus.
2980 2935 3057 2989 Ne
3086 2946 3262 2991 autem
3292 2940 3501 3000 credas,

1923 3023 2048 3091 quia
2075 3036 2175 3091 ego
2204 3022 2488 3076 ecclesiam
2519 3030 2665 3075 tuam
2698 3024 2750 3075 in
2778 3022 2959 3090 aliquo
2988 3025 3196 3092 gravari
3220 3034 3311 3079 aut
3338 3028 3506 3081 minui

238 3120 580 3175 consuetudo
611 3120 769 3175 fuerit
810 3120 1185 3176 decessoribus
1228 3121 1371 3184 tuis,
1421 3130 1479 3173 ut
1523 3119 1575 3172 in
1623 3118 1820 3172 litaniis
1847 3131 1891 3193 ο
1922 3112 2074 3181 volo,
2106 3110 2396 3165 recordare
2438 3111 2491 3165 in
2533 3112 2813 3165 missarum
2861 3111 3222 3173 Rotnanarum
3250 3116 3509 3172 solemni~

243 3212 428 3281 pallio,
478 3212 576 3264 nisi
621 3210 674 3264 in
713 3210 1051 3265 solemnitate
1094 3210 1239 3265 beati
1284 3208 1507 3263 Joannis
1536 3208 1818 3275 Baptistae,

245 3301 391 3355 beati
436 3300 578 3355 Petri
622 3300 850 3368 apostoli
894 3309 950 3354 et
989 3300 1130 3355 beati
1180 3301 1426 3371 martyris
1464 3300 1820 3369 Apollinaris,

242 3396 545 3442 uterentur.
599 3388 697 3442 Cui
739 3388 949 3458 quidem
998 3403 1331 3457 nequaquam
1376 3390 1605 3443 credere
1639 3388 1826 3442 debui-

248 3494 388 3543 mus,
420 3480 546 3546 quia
576 3478 725 3532 multi
752 3479 893 3549 apud
929 3479 1203 3533 civitatem
1246 3478 1595 3533 fraternitatis
1636 3487 1827 3533 vestrae

248 3569 593 3638 responsales
623 3568 814 3638 sepius
841 3567 1075 3633 fuerunt,
1102 3568 1195 3637 qui
1222 3583 1281 3623 se
1306 3567 1542 3623 fatentur
1587 3568 1693 3629 tale
1728 3568 1827 3620 ali-

242 3659 374 3727 quid
417 3674 686 3727 nunquam
731 3658 955 3725 vidisse;
1002 3667 1057 3713 et
1085 3659 1184 3715 hac
1210 3658 1278 3713 de
1330 3674 1414 3726 re,
1443 3658 1624 3713 multis
1651 3659 1830 3727 potius

246 3749 577 3805 credendum
605 3757 707 3815 est,
756 3763 915 3819 quam
958 3750 1047 3803 uni
1092 3764 1187 3817 pro
1232 3763 1328 3804 sua
1376 3749 1604 3803 ecclesia
1633 3746 1830 3816 aliquid

251 3839 551 3893 attestaoti.
581 3837 684 3893 Sed
713 3839 837 3907 quia
866 3854 964 3894 nos
993 3837 1381 3895 fraternitatem
1422 3847 1657 3894 vestram
1702 3853 1828 3892 con-

244 3928 456 3983 tristari
500 3930 766 3995 nolumus,
812 3937 866 3983 et
913 3930 1226 3999 petitionem
1272 3929 1501 3985 filiorum
1529 3937 1832 3983 nostrorum

252 4020 393 4085 apud
426 4034 527 4072 nos
557 4018 773 4072 minime
803 4016 1068 4083 frustrari,
1101 4034 1254 4075 usum
1284 4019 1461 4088 palliij,
1504 4018 1677 4073 donec
1704 4018 1833 4072 sub-

249 4110 401 4161 tilius
432 4108 715 4176 veriusque
742 4108 941 4179 aliquid
969 4123 1375 4178 cognoscamus,
1423 4110 1477 4164 in
1524 4110 1720 4164 litaniis
1747 4124 1836 4163 so-

252 4199 544 4264 lemnibus,
575 4199 627 4251 id
657 4208 738 4254 est
765 4200 850 4255 die
878 4201 1119 4255 natalitio
1146 4202 1289 4256 beati
1314 4200 1537 4256 Joannis
1561 4200 1833 4269 Baptistae,

252 4298 309 4341 et
334 4289 481 4341 beati
512 4287 651 4342 Petri
681 4290 929 4358 apostoli,
963 4298 1019 4343 et
1046 4290 1186 4344 beati
1216 4290 1541 4359 Apollinaris
1562 4290 1834 4360 martyris,

254 4386 418 4444 atque
464 4378 517 4431 in
570 4380 921 4434 ordinationis
968 4388 1159 4435 vestra:
1187 4381 1552 4436 celebratione
1581 4380 1835 4435 concedi-

1926 3201 2055 3268 bus,
2096 3201 2187 3255 ubi
2217 3200 2499 3257 Ravennas
2528 3202 2786 3256 diaconus
2830 3204 3041 3271 stabat,
3082 3213 3137 3258 et
3174 3208 3385 3274 require
3416 3210 3509 3263 ubi

1927 3292 2089 3346 hodie
2114 3300 2222 3345 stat
2250 3309 2260 3343 :
2287 3298 2342 3346 et
2363 3306 2657 3362 cognosces
2681 3293 2803 3361 quia
2827 3293 3195 3350 Ravennatem
3222 3299 3508 3354 ecclesiam

1928 3382 2196 3436 honorare
2233 3382 2498 3438 desidero.
2542 3383 2646 3439 Sed
2690 3394 2749 3438 ut
2785 3386 3109 3455 quicumque
3137 3404 3245 3458 quo
3266 3390 3415 3445 llibet
3444 3408 3509 3447 ex

1927 3474 2179 3543 superbia
2207 3473 2452 3543 arripiat.
2484 3477 2586 3529 hoc
2613 3488 2713 3543 ego
2744 3476 2977 3530 tolerare
3004 3492 3109 3531 non
3140 3492 3363 3547 possum
3392 3498 3404 3533 :
3431 3489 3510 3534 ta-

1929 3580 2051 3617 men
2084 3563 2188 3618 hac
2215 3564 2282 3618 de
2310 3580 2367 3618 re
2390 3563 2501 3633 jam
2530 3565 2761 3619 diacono
2782 3577 2969 3621 nostro
2991 3566 3511 3639 Constantinopolim

1929 3654 2141 3725 scripsi,
2189 3662 2247 3709 ut
2292 3670 2387 3724 per
2428 3671 2615 3710 omnes
2648 3656 2742 3725 qui
2785 3658 2884 3711 sub
2910 3672 2972 3711 se
3002 3660 3164 3711 etiam
3196 3661 3433 3714 tricenos
3462 3670 3512 3717 τι

1931 3746 2304 3814 quadragenos
2349 3746 2633 3815 episcopos
2672 3747 2909 3809 habent,
2967 3749 3245 3815 requirere
3294 3748 3512 3803 debeat.

1935 3837 2004 3890 Et
2050 3838 2221 3891 sicubi
2251 3838 2351 3890 iste
2378 3852 2506 3890 usus
2529 3844 2629 3901 est,
2662 3845 2721 3889 ut
2748 3837 2798 3889 in
2830 3836 3029 3890 litaniis
3054 3854 3174 3892 cum
3204 3839 3379 3907 palliis
3405 3854 3515 3892 amo

1935 3928 2141 3991 bulent,
2174 3927 2315 3981 absit
2360 3936 2421 3980 ut
2469 3941 2565 3995 per
2609 3940 2695 3980 me
2724 3926 2900 3979 honor
2928 3927 3252 3982 Ravennatis
3281 3930 3517 3985 ecclesia:

1937 4019 1990 4071 in
2030 4018 2209 4085 aliquo
2238 4014 2477 4071 imminui
2506 4017 2767 4071 videatur.
2803 4016 2928 4072 Haec
2955 4031 3083 4086 ergo
3128 4020 3305 4073 omnia
3332 4063 3347 4085 ,
3398 4034 3519 4087 qua:

1937 4110 2183 4178 superius
2208 4108 2337 4173 dixi,
2372 4108 2540 4163 frater
2567 4108 2899 4173 charissitne,
2931 4110 3199 4176 recogita;
3246 4109 3385 4164 diem
3413 4119 3521 4165 tua:

1938 4201 2237 4255 vocationis
2263 4199 2516 4264 attende;
2547 4214 2682 4268 quas
2708 4200 2945 4254 rationes
2970 4200 3039 4253 de
3063 4200 3271 4254 sarcina
3312 4200 3519 4270 episco—
3550 4194 3557 4263 ξ

1939 4300 2093 4362 patus
2121 4290 2425 4346 redditurus
2453 4305 2511 4344 es
2530 4328 2545 4353 ,
2577 4288 2881 4344 considera.
2930 4288 3166 4344 Emenda
3196 4291 3316 4345 illos
3344 4306 3522 4346 mores
3557 4318 3577 4375 ζ

1941 4382 2167 4442 notarii;
2197 4381 2318 4436 vide
2346 4381 2470 4449 quid
2499 4382 2550 4436 in
2578 4381 2779 4448 lingua,
2809 4380 2937 4449 quid
2979 4381 3032 4434 in
3062 4388 3183 4435 actu
3212 4380 3519 4450 episcopum
3576 4378 3591 4397 "

254 4482 397 4521 mus.
426 4468 483 4520 In
508 4469 801 4522 secretario
827 4484 953 4524 vero
978 4470 1269 4524 secundum
1299 4485 1503 4526 morem
1532 4470 1834 4541 pristinum,
1866 4497 1918 4558 υ
1942 4471 2149 4527 deceat.
2179 4470 2307 4525 Esto
2337 4478 2483 4525 totus
2506 4486 2673 4540 purus
2701 4471 2951 4525 fratribus
2977 4471 3101 4525 tuis.
3132 4471 3247 4525 Non
3274 4472 3419 4525 aliud
3441 4472 3521 4525 lo-

259 4559 523 4628 susceptis
572 4574 635 4613 ac
665 4560 896 4615 dimissis
940 4559 1186 4616 Ecclesiae
1215 4561 1365 4628 filiis,
1408 4562 1631 4617 induere
1660 4570 1838 4616 vestra

259 4648 568 4703 fraternitas
611 4650 829 4719 pallium
860 4651 1069 4715 debeat,
1116 4660 1278 4720 atque
1315 4653 1379 4706 ad
1424 4651 1707 4706 missarum
1745 4666 1838 4705 so-

257 4738 455 4793 lemnia
487 4742 558 4792 ita
589 4740 874 4809 proﬁcisci,
901 4750 957 4796 et
986 4742 1116 4796 nihil
1144 4744 1246 4797 sibi
1263 4743 1489 4813 amplius
1512 4759 1644 4798 ausu
1671 4751 1842 4798 teme-

254 4832 414 4885 rariae
449 4834 888 4903 praesumptionis
914 4848 1171 4903 arrogare
1194 4853 1206 4888 :
1231 4852 1299 4890 ne
1345 4837 1471 4890 dum
1502 4837 1555 4891 in
1584 4838 1839 4892 exteriori

257 4923 443 4977 habitu
495 4925 795 4978 inordinate
833 4925 1031 4994 aliquid
1075 4927 1349 4995 arripitur,
1379 4927 1622 4983 ordinate
1649 4927 1835 4994 etiam,

256 5031 375 5084 qua:
408 5017 570 5070 licere
616 5025 883 5084 poterant,
916 5018 1247 5072 amittantur.
1279 5038 1299 5069 ι
1333 5017 1483 5087 (Lib.
1515 5035 1569 5082 v,
1600 5038 1680 5089 ep.
1714 5019 1837 5089 H.)

326 5107 381 5159 4.
424 5106 532 5160 Sed
561 5106 703 5160 idern
732 5106 967 5162 Joannes
1003 5108 1069 5161 ab
1116 5107 1287 5162 inanis
1314 5108 1497 5177 gloria:
1525 5109 1835 5175 ambitione,

256 5196 413 5251 freno
457 5199 769 5266 apostolica:
798 5200 1179 5254 moderationis
1214 5201 1497 5265 coercitus,
1544 5200 1611 5255 ad
1654 5201 1837 5256 detra-

257 5290 498 5342 ctionem
550 5289 819 5359 pontificis
859 5300 1000 5345 totus
1048 5292 1395 5346 convertitur.
1432 5290 1585 5346 Unde
1611 5292 1845 5362 pruden-

258 5381 500 5436 tissimus
548 5384 788 5448 [vontifcx
841 5384 919 5437 sic
968 5400 1087 5437 eum
1120 5384 1392 5447 admonet,
1426 5384 1647 5439 dicens:
1681 5404 1698 5434 t
1730 5383 1845 5438 Pri-

260 5487 407 5526 mutn
453 5490 541 5528 me
584 5475 689 5530 hoc
736 5476 1018 5530 contristat
1062 5476 1186 5545 quia
1236 5476 1365 5529 tnihi
1414 5475 1717 5530 fraternitas
1757 5485 1846 5529 tua

1942 4562 2144 4632 quaris,
2173 4561 2314 4615 aliud
2344 4561 2399 4614 in
2429 4561 2589 4615 corde
2618 4561 2843 4626 habeas;
2891 4577 2988 4617 nec
3017 4570 3240 4630 appetas
3268 4562 3407 4615 ultra
3436 4564 3521 4615 vi-

1942 4656 2076 4716 deri,
2108 4669 2270 4723 quam
2297 4669 2376 4717 es,
2407 4661 2465 4707 ut
2492 4654 2669 4722 possis
2711 4652 2848 4707 ultra
2898 4667 3036 4716 esse,
3063 4666 3224 4708 quam
3253 4651 3470 4707 videris.
3496 4670 3516 4703 ι

1946 4744 2095 4815 (Lib.
2124 4760 2179 4811 ν,
2205 4762 2286 4812 ep.
2318 4742 2443 4812 15.)

2015 4834 2067 4888 5.
2110 4834 2235 4889 "me
2264 4834 2387 4904 quia
2415 4832 2649 4889 Joannes
2675 4834 2961 4889 emendare
2983 4833 3247 4903 superbia:
3272 4832 3409 4888 fastu
3432 4832 3525 4886 de-

1944 4930 2138 4999 spexit,
2165 4928 2354 4983 eodem
2398 4941 2558 4993 anno,
2586 4925 2737 4995 juxta
2763 4929 2907 4994 quod
2934 4925 3221 4991 Gregorius
3250 4924 3297 4978 ei
3328 4925 3525 4992 praedi-

1945 5030 2117 5086 xerat,
2147 5022 2285 5076 diem
2314 5034 2427 5075 sure
2448 5018 2764 5082 vocationis,
2790 5016 2915 5071 dum
2941 5032 3047 5070 non
3072 5015 3316 5079 attendit,
3348 5015 3525 5069 incur-

1945 5115 2044 5177 rit;
2074 5122 2129 5167 et
2157 5122 2283 5167 ante
2312 5110 2545 5165 tumidus
2572 5110 2988 5176 crepuit,’quam
3019 5106 3299 5161 meruisset
3327 5108 3527 5165 amictu

1947 5205 2092 5276 pallii
2131 5204 2380 5258 saturari.
2415 5202 2584 5269 Cujus
2615 5200 2693 5254 rei
2742 5199 2911 5267 gratia
2942 5198 3230 5265 Gtegorius
3259 5198 3527 5253 visitatio.

1952 5310 2075 5349 nem
2109 5293 2431 5347 Ravennatis
2461 5290 2700 5345 ecclesia:
2728 5290 2950 5351 Severo,
2980 5290 3221 5343 Ficulino
3246 5290 3526 5359 episcopo,

1952 5382 2244 5438 secundum
2291 5378 2729 5435 consuetudinem
2760 5378 2987 5446 priscam
3018 5381 3380 5445 committens,
3418 5378 3526 5432 Ma-

1953 5472 2219 5526 rinianum
2246 5509 2261 5535 ,
2292 5469 2654 5533 monachum,
2670 5467 2984 5522 familiarem
3014 5483 3167 5522 suum
3208 5467 3528 5522 Ravennati.

333 5636 356 5660 λ
402 5622 774 5697 Locumbunc
800 5627 1147 5697 depravatum
1176 5642 1231 5682 tn
1260 5634 1492 5697 exCusrs,
1534 5627 1934 5682 emcndavtmus
1965 5639 2027 5681 ex
2058 5623 2182 5679 Mss.
2218 5632 2328 5676 tum
2375 5620 2530 5676 Joan.
2582 5620 2721 5676 diac.
2754 5661 2767 5687 ,
2795 5629 2904 5695 tum
2927 5620 3294 5693 epistolarum,
3325 5633 3381 5677 et
3408 5636 3517 5677 sen-

263 5710 382 5749 sum
420 5694 779 5750 restituimus.
