4018 6302
538 341 692 402 175°

1123 348 1176 400 S.
1221 345 1542 402 GRECORII
1584 342 1792 397 MXGNI
1837 338 2014 401 VITA,
2058 335 2260 390 AUCT.
2303 336 2561 391 JOANNE
2605 335 2912 390 DMCONO.
2954 333 3083 389 LIB.
3124 331 3213 386 IV.

3691 328 3794 387 1⁸⁷6

528 465 629 519 bus
675 464 981 532 episcttpnm
1012 462 1375 525 consecravit;
1426 458 1509 511 cui
1556 465 1605 509 et
1650 454 1870 506 Pallium
1902 449 2102 516 dirigit,
2132 448 2177 505 A
2208 447 2382 502 exitus
2425 448 2748 508 manifestat.
2794 446 3164 502 deficientibus
3211 442 3532 497 testimoniis
3559 456 3655 511 per
3686 453 3795 499 tres

528 555 767 608 scribens
797 571 807 604 :
839 571 856 602 ε
887 552 1209 621 Apostolicze
1234 550 1376 605 sedis
1392 544 1783 607 benevolentia,
1809 540 2105 607 etantiqna:

530 643 930 699 consuetudinis
953 643 1137 696 ordine
1154 639 1445 709 provocati,
1468 635 1782 689 fraternitati
1801 642 1921 696 luce,
1944 645 2104 699 quam

531 740 582 791 in
609 737 902 791 Ravenzati
926 734 1145 787 ecclesia
1157 729 1561 798 gubernationis
1584 722 2107 791 constatsnsccpisse

529 827 783 885 ollicinm,
817 824 960 893 pallii
992 838 1144 875 nsntn
1176 820 1517 889 przevidimus
1538 816 1969 876 concedendum;
1996 827 2105 880 quo

530 935 633 969 non
666 918 821 969 aliter
847 916 921 967 ttti
955 923 1005 967 te
1033 913 1361 976 memineris,
1390 912 1490 964 nisi
1522 911 1572 964 itt
1600 908 1814 979 propria
1844 914 1948 960 tua:
1974 903 2105 965 civi-

527 1011 650 1063 tatis
672 1009 918 1072 ecclesia,
951 1007 1180 1061 dimissis
1200 1005 1309 1073 jam
1334 1004 1453 1057 liliis
1471 1002 1768 1072 procedens
1797 1014 1827 1052 a
1850 998 2101 1053 salutato-

524 1104 602 1152 rio
634 1099 699 1151 ad
726 1114 875 1151 sacra
906 1098 1186 1151 missarum
1218 1095 1477 1151 solemnia
1505 1090 1841 1147 celebranda.
1872 1086 2106 1141 Peractis

524 1206 650 1241 vero
668 1189 862 1253 missis,
887 1188 934 1239 id
959 1189 1008 1240 in
1023 1186 1336 1241 salutatorio
1352 1200 1561 1239 rursum
1578 1182 1792 1238 curabis
1811 1180 2102 1249 deponere.

523 1278 687 1333 Extra
720 1280 998 1333 ecclesiam
1027 1293 1156 1332 vero
1186 1292 1291 1330 non
1321 1276 1547 1344 amplius
1577 1274 1667 1327 illo
1697 1272 1816 1338 tibi,
1846 1266 1944 1325 ni'si
1970 1284 2104 1337 qua-

526 1376 605 1421 tur
632 1370 683 1422 in
724 1383 865 1421 anno
916 1369 966 1421 in
1015 1367 1232 1427 litaniis.
1289 1381 1423 1435 quas
1469 1364 1536 1417 ad
1576 1363 1913 1417 deeessorem
1952 1368 2101 1413 tuum

530 1461 783 1528 joannent
812 1458 1193 1527 expressimus,
1224 1456 1302 1510 uti
1328 1454 1703 1525 permittimus.
1757 1450 1905 1519 (Lib.
1934 1468 1986 1517 v,
2018 1468 2099 1520 ep.

528 1544 628 1615 15;
661 1548 748 1600 lib.
778 1566 828 1611 v,
859 1567 937 1616 ep.
968 1546 1090 1614 56.)

594 1640 647 1693 6.
689 1640 793 1693 Sed
827 1641 1171 1706 Matinianus,
1194 1639 1512 1693 clericorum
1558 1625 1775 1692 snorum
1805 1635 2104 1704 suggestin-

523 1734 679 1787 nibus
705 1732 975 1793 delinitus,
1028 1739 1136 1784 tam
1183 1746 1280 1799 per
1326 1728 1596 1783 Andream
1644 1731 1817 1783 virnm
1857 1726 2101 1795 magnifi-

2208 539 2491 593 continuos
2519 554 2690 594 annos
2722 539 2975 592 infectum
3006 542 3360 599 remanserat,
3406 534 3597 587 iterum
3629 532 3794 586 Mari-

2210 627 2405 680 nianus
2446 642 2665 682 suorum
2705 629 3048 695 suggestione
3077 625 3407 694 compulsus,
3439 638 3591 677 nsutn
3623 623 3713 692 pal
3738 624 3794 688 ii,

2207 730 2367 781 quem
2414 732 2480 770 ex
2528 703 2913 772 consuetudine
2962 716 3099 774 sicut
3147 722 3479 770 convenerat
3509 713 3796 769 vendieare

2208 823 2315 861 non
2343 815 2580 877 poterat,
2612 809 3017 877 importunitate
3038 822 3255 877 precum
3278 820 3335 860 se
3362 820 3521 873 posse
3550 804 3796 871 recipere

2208 899 2531 954 confidebat.
2566 899 2902 968 Quapr0pter
2921 899 3212 965 Gregorius
3242 897 3293 950 in
3317 897 3503 950 eadem
3526 894 3797 949 sententia

2207 1004 2548 1058 permanens,
2572 989 2747 1043 eidem
2770 990 3097 1043 cbartulario
3120 1002 3214 1058 per
3235 988 3582 1041 indictionent
3600 1001 3797 1039 secun-

2206 1080 2326 1132 dam
2339 1081 2544 1145 scribit,
2561 1080 2779 1135 dicens:
2804 1099 2820 1131 ι
2840 1081 2973 1135 Dum
2996 1080 3323 1144 Florentius,
3348 1079 3679 1132 Ravennatis
3704 1093 3795 1131 ee-

2205 1169 2379 1225 clesize
2399 1172 2673 1237 diaconus,
2698 1171 2836 1241 apud
2862 1186 2959 1226 nos
2980 1186 3078 1240 pro
3103 1169 3550 1225 reverendissinto
3566 1167 3729 1222 fratre
3740 1175 3798 1221 et

2205 1266 2529 1334 ροτιρίεεορο
2561 1274 2745 1320 nostro
2774 1264 3105 1331 Mariniano,
3150 1264 3218 1318 de
3264 1279 3361 1317 usu
3406 1264 3553 1332 pallii
3584 1271 3797 1330 ageret,

2204 1357 2495 1424 requisitos
2525 1372 2554 1409 a
2584 1357 2738 1410 nobis
2766 1371 2885 1425 quae
2914 1365 3057 1411 esset
3083 1356 3298 1423 antiqua
3327 1354 3683 1416 consuetudo,
3716 1368 3797 1408 re.

2205 1446 2630 1515 sponditzquod
2680 1447 2731 1500 in
2779 1446 3028 1501 onmibus
3074 1446 3273 1500 litaniis
3311 1445 3472 1514 pallio
3505 1443 3793 1498 ltavennas

2205 1537 2489 1605 episcopus
2515 1545 2777 1590 uteretur.
2808 1531 2961 1602 Quod
3002 1538 3074 1590 ita
3115 1552 3221 1590 non
3264 1550 3417 1599 esse,
3459 1544 3515 1588 et
3560 1534 3627 1588 ab
3674 1533 3793 1587 aliis

2204 1625 2503 1691 didicimus,
2533 1636 2587 1681 et
2613 1642 2677 1681 ex
2708 1627 2948 1697 epistolis
2972 1626 3213 1691 Joannis,
3237 1626 3503 1695 quondam
3527 1624 3790 1693 episc0pi,

2208 1732 2341 1786 quas
2369 1719 2419 1772 ei
2449 1719 2657 1773 ostendi
2688 1717 2934 1786 fecimus,
2970 1720 3247 1774 evidenter
3265 1718 3540 1787 apparuit;
3565 1717 3660 1770 sed
3689 1716 3791 1769 line

522 1838 663 1883 cum,
696 1837 856 1889 quam
900 1838 995 1889 per
1022 1836 1388 1890 quoscumque
1435 1828 1700 1888 potuerat,
1748 1821 1952 1874 restitui
1990 1834 2097 1874 sum
2129 1798 2171 1857 Β
2202 1811 2453 1874 asseruit,
2484 1811 2628 1879 quod
2657 1812 2838 1866 dicere
2863 1812 3155 1880 jussusest.
3188 1809 3320 1863 Nam
3350 1818 3592 1877 tempore
3621 1822 3731 1876 quo
3763 1820 3789 1856 a

518 1912 759 1967 ecclesia:
806 1928 959 1965 usum
990 1912 1133 1980 pallii
1178 1910 1470 1979 ﬂagitabat.
1503 1911 1842 1979 Quapropter
1897 1896 2102 1978 Grego-

518 2003 628 2057 rius
650 2001 895 2055 Castorio
917 2003 1242 2056 chartulario
1266 2003 1406 2055 inter
1426 2011 1618 2055 caetera
1641 2003 1847 2068 scribit,
1872 2001 2058 2056 dicens
2084 2019 2096 2053 :

523 2115 543 2147 ι
572 2094 684 2148 Tua
716 2096 1049 2164 experientia
1090 2097 1287 2149 nullius
1333 2111 1640 2164 personam,
1693 2095 1889 2149 nullius
1936 2097 2099 2150 verba

515 2185 821 2238 consideret
848 2202 858 2236 :
884 2184 1057 2237 solum
1088 2184 1179 2238 Dei
1212 2185 1459 2238 timorem
1484 2192 1541 2238 et
1564 2184 1939 2239 rectitudinem
1974 2195 2100 2240 ante

517 2275 706 2329 oculos
752 2275 976 2339 haheat;
1008 2283 1063 2328 et
1108 2275 1349 2329 seniores
1404 2290 1701 2344 personas,
1756 2285 1809 2330 et
1857 2277 2098 2346 ejusdem

517 2366 758 2421 ecclesia:
803 2365 1257 2431 arehidiaconum,
1305 2382 1463 2435 quem
1493 2383 1597 2420 non
1625 2368 1869 2437 suspicor
1893 2385 1991 2439 pro
2016 2371 2099 2422 al-

517 2457 686 2511 terius
717 2456 919 2509 honore
949 2456 1210 2526 prjerare,
1262 2467 1318 2511 et
1364 2458 1497 2513 alios
1527 2459 1883 2527 antiquiores,
1909 2461 1998 2527 qui
2044 2461 2097 2514 in

517 2548 681 2601 sacris
710 2546 986 2600 ordinibus
1016 2556 1141 2602 ante
1177 2546 1399 2602 Joannis
1428 2550 1666 2619 episcopi
1698 2559 1942 2621 tempora
1983 2552 2097 2607 fue-

517 2645 658 2702 rant,
680 2637 935 2704 requirat,
962 2638 1046 2691 vel
1072 2638 1114 2691 si
1144 2639 1231 2707 qui
1254 2641 1576 2695 maturiores
1594 2650 1719 2695 sunt
1739 2653 1889 2697 extra
1915 2658 2099 2699 sacros

517 2728 765 2793 ordines;
806 2731 955 2798 127
987 2739 1041 2783 et
1067 2732 1283 2784 veniant
1309 2742 1435 2786 ante
1464 2748 1658 2805 corpus
1687 2738 1858 2790 sancti
1889 2736 2095 2806 Apolli-

516 2821 679 2885 naris,
710 2831 764 2874 ct
794 2830 935 2875 tacto
962 2821 1077 2889 ejus
1108 2824 1357 2892 sepulcro
1383 2825 1586 2893 jurent,
1620 2844 1739 2897 quze
1761 2830 2096 2885 consuetudo

516 2920 640 2965 ante
685 2908 908 2968 Joannis
956 2914 1193 2983 episcopi
1241 2924 1483 2986 tempora
1525 2920 1908 2989 fuerit:qula,
1957 2923 2097 2977 sicut

514 3002 641 3068 scis,
675 3001 811 3056 idem
838 3004 921 3055 vir
950 3006 1172 3057 multum
1207 3016 1562 3077 praesumptor
1589 3011 1812 3075 exstitit,
1844 3013 2094 3083 et_m‘nlta

513 3092 613 3144 sibi
640 3107 738 3160 per
764 3093 1069 3159 superbiam
1100 3096 1394 3149 conabatur
1424 3113 1709 3167 arrogare;
1756 3108 1810 3152 et
1839 3101 2093 3168 quidquid

2204 1909 2259 1955 te
2281 1901 2453 1955 eidem
2478 1900 2732 1968 Joannes,
2759 1901 3027 1969 quondam
3066 1902 3370 1970 episcopus,
3399 1908 3481 1953 est
3512 1897 3791 1951 inhibitus.

2203 2004 2271 2043 ne
2302 1990 2463 2059 pallio
2490 1991 2793 2046 inordinate
2820 2006 2886 2046 ac
2915 2000 3116 2045 temere
3145 1990 3225 2043 uti
3257 1996 3621 2057 praesumi-ret,
3656 1986 3790 2041 seri~

2202 2080 2308 2149 psit
2335 2079 2490 2134 nobis
2516 2081 2654 2134 hanc
2678 2080 2842 2134 fuisse
2870 2080 3101 2147 priscam
3131 2076 3591 2141 consuetudinem,
3625 2085 3687 2129 ut
3713 2076 3791 2128 ci-

2201 2171 2381 2225 vitatis
2410 2171 2577 2240 ipsius
2616 2171 2902 2240 episcopus
2929 2171 3093 2241 pallio
3135 2171 3187 2224 in
3225 2170 3424 2223 litaniis
3458 2168 3789 2223 solemnibus

2201 2270 2443 2316 uteretur
2468 2278 2479 2313 :
2504 2275 2728 2329 quarum
2759 2261 2853 2314 tibi
2885 2261 3182 2315 litterarum
3212 2259 3535 2328 exemplaria
3568 2275 3666 2327 pro
3697 2266 3787 2311 tua

2202 2353 2581 2408 informatione
2596 2354 3005 2409 transmisimus.
3027 2352 3395 2408 Αᾱθοάθιυενα
3416 2369 3496 2417 ru,
3518 2352 3787 2420 pra'dietze

2201 2444 2443 2499 ecclesia:
2470 2444 2745 2515 diaconus,
2785 2444 2911 2498 dum
2954 2444 3094 2513 apud
3141 2460 3239 2499 nos
3288 2454 3533 2512 tempore
3562 2460 3669 2513 quo
3700 2444 3787 2498 hic

2200 2533 2329 2601 fuit,
2371 2535 2617 2589 similiter
2662 2534 2729 2590 de
2773 2535 3012 2603 ejusdem
3054 2552 3153 2590 usu
3191 2536 3337 2604 patrii
3367 2550 3526 2603 agere
3575 2535 3788 2589 enixius

2200 2624 2459 2690 studeret,
2484 2625 2727 2679 volentes
2756 2638 3087 2692 cognoscere
3115 2626 3420 2686 veritatem,
3452 2639 3574 2678 eunt
3599 2624 3787 2677 sintiti-
3838 2640 3859 2648 -

2202 2726 2311 2785 ter,
2345 2732 2463 2787 qua:
2491 2726 2635 2773 esset
2671 2720 3002 2773 consuetudo
3040 2719 3345 2772 curavimus
3382 2716 3785 2784 reprirendum.

2201 2812 2301 2877 Qui
2332 2811 2407 2864 uti
2436 2810 2581 2865 credi
2607 2809 2823 2865 sibimet
2844 2809 3114 2875 suaderet,
3143 2818 3303 2879 atque
3322 2825 3353 2863 a
3379 2808 3531 2863 nobis
3558 2807 3786 2874 valeret,

2200 2903 2611 2974 quod'petcbat,
2651 2903 2887 2971 exigere,
2920 2902 3019 2956 sub
3045 2902 3396 2972 jurejurando
3427 2910 3653 2955 testatus
3680 2909 3786 2965 est,

2202 2994 2475 3062 antiquam
2514 2992 2955 3045 consuetudinem
3003 2991 3201 3056 fuisse,
3251 3003 3309 3043 ut
3347 2990 3399 3044 in
3432 2998 3664 3057 quatuor
3691 2998 3787 3042 aut

2201 3085 2434 3152 quinque
2475 3082 2802 3137 solemnibus
2832 3081 3030 3134 litaniis
3073 3081 3236 3149 pallio
3264 3081 3392 3134 civit
3429 3082 3496 3135 tis
3523 3096 3634 3134 suae
3670 3080 3788 3149 epi-

514 3195 545 3231 a
578 3180 901 3232 fidelioribus
929 3181 1053 3233 viris
1081 3191 1136 3234 et
1174 3184 1505 3249 gravioribus
1528 3186 1765 3252 juratum
1796 3186 1979 3255 fuerit,
2011 3204 2095 3243 se-

2205 3190 2401 3243 scopus
2430 3182 2688 3228 uteretur.
2717 3172 3056 3243 Experientia
3093 3177 3250 3245 128
3276 3190 3405 3243 ergo
3436 3187 3522 3230 tua
3554 3177 3786 3245 diligen-

514 3269 747 3320 cundntu
782 3263 1067 3322 indiculum
1096 3273 1186 3338 qui
1218 3272 1402 3325 subter
1425 3290 1666 3329 annexus
1695 3286 1796 3339 est,
1825 3278 1931 3331 hoc
1952 3279 2096 3333 volu-

513 3375 634 3412 mus
663 3360 715 3412 in
746 3360 931 3413 eadem
961 3363 1185 3415 ecclesia
1215 3367 1545 3420 conservari.
1578 3366 1682 3421 Sed
1729 3369 1847 3423 vide
1889 3384 1957 3425 ne
2002 3386 2098 3425 nc-

513 3450 773 3517 gligenter
801 3464 959 3517 agas,
1004 3467 1073 3506 ne
1102 3452 1221 3521 quis
1251 3452 1408 3507 fidem
1438 3465 1531 3510 aut
1560 3459 1902 3515 devotionem
1950 3471 2096 3517 tuam

512 3540 566 3593 in
594 3540 694 3593 hac
722 3555 884 3594 causa
907 3553 1233 3612 corrumpat.
1266 3543 1448 3599 Zelum
1478 3549 1619 3601 enim
1650 3558 1798 3604 tuum
1821 3554 1953 3607 scio.
1984 3555 2097 3624 Age

510 3631 762 3694 sollicite,
796 3633 867 3685 ita
899 3641 1077 3687 tamen
1108 3646 1166 3688 nt
1194 3637 1447 3704 praedicta
1476 3640 1699 3696 ecclesia
1730 3654 1917 3699 contra
1948 3646 2099 3716 justi-

512 3725 639 3779 tiam
669 3741 775 3780 non
807 3735 1092 3794 gravetur;
1141 3728 1237 3783 sed
1264 3745 1408 3797 usus,
1442 3734 1531 3799 qui
1560 3743 1683 3789 ante
1729 3724 1950 3791 Joannis
1978 3740 2094 3808 epi-

509 3817 656 3885 scopi
688 3825 931 3885 tcmpora
960 3820 1184 3885 exstitit,
1217 3821 1265 3874 ei
1295 3834 1662 3879 conservetur.
1696 3827 1964 3883 Personas
1994 3846 2094 3884 au-

508 3916 619 3961 tem
670 3924 774 3962 non
823 3908 989 3973 duas,
1022 3910 1107 3963 vel
1138 3918 1248 3965 tres
1276 3910 1340 3963 ad
1370 3914 1803 3970 satisfac'endum
1835 3920 1950 3985 tibi,
1999 3920 2094 3977 sed

508 4008 731 4068 quantas
760 4000 1089 4069 antiquiores
1114 4013 1167 4055 et
1196 4005 1470 4071 graviores
1515 4006 1805 4071 inveneris,
1839 4012 2050 4080 require
2076 4033 2090 4066 :

508 4097 567 4141 ut
595 4104 767 4156 neque
792 4090 935 4157 quod
963 4107 1091 4145 ttsus
1122 4092 1219 4145 luit
1248 4094 1519 4163 antiquior
1562 4097 1681 4164 ejus
1700 4099 1803 4151 lem
1852 4102 2095 4157 ecclesia:

507 4176 866 4244 denegemus,
914 4194 1088 4248 neque
1136 4182 1277 4249 quod
1318 4198 1463 4238 novo
1505 4198 1636 4240 ansu
1667 4190 1958 4256 appetitum
1991 4203 2092 4259 est,

506 4268 884 4321 concedamus.
918 4268 1023 4323 Sed
1050 4272 1228 4324 omnia
1254 4287 1352 4340 age
1380 4275 1573 4328 blande
1603 4285 1656 4330 et
1686 4279 1934 4347 dulciter,
1958 4290 2094 4338 utet

508 4357 648 4410 actio
678 4365 769 4409 tua
798 4356 1037 4411 districta
1064 4360 1150 4426 sit,
1183 4369 1238 4413 et
1265 4362 1440 4430 lingua
1464 4365 1629 4418 mitis.
1654 4385 1672 4417 ι

585 4465 602 4495 ε
624 4444 755 4500 Jnro
783 4460 910 4514 ergo
940 4446 1004 4501 N.
1042 4464 1136 4517 per
1164 4449 1399 4513 Patrem,
1430 4464 1483 4508 et
1510 4455 1720 4523 Filium,
1751 4468 1805 4511 et
1830 4458 2084 4530 Spiritum

2202 3274 2284 3321 ter
2312 3267 2571 3335 invigilet,
2601 3276 2655 3320 et
2683 3281 2804 3321 cum
2836 3268 2980 3322 omni
3009 3267 3387 3330 sollicitudine,
3415 3276 3548 3336 quot
3587 3268 3787 3322 litaniaa

2197 3360 2467 3415 solemnes
2489 3360 2555 3412 ab
2592 3359 2909 3427 antiquitate
2956 3359 3171 3423 fuerint,
3219 3359 3491 3425 requirat;
3542 3374 3644 3413 nec
3690 3373 3788 3413 eas

2198 3451 2467 3508 solemnes
2494 3450 2821 3505 nominando
2850 3449 3125 3517 requirere
3141 3448 3368 3515 studeat,
3390 3450 3481 3503 sed
3501 3449 3734 3518 majores
3767 3467 3782 3502 :

2198 3554 2256 3600 ut
2284 3560 2381 3615 per
2408 3545 2530 3607 hoc.
2577 3542 2721 3613 quod
2749 3542 2904 3597 nobis
2934 3542 3184 3611 prazfatus
3212 3540 3546 3606 Adeodatus,
3598 3542 3788 3595 diaco-

2197 3650 2316 3700 nus,
2345 3643 2573 3690 testatus
2604 3642 2707 3699 est,
2734 3642 2788 3689 et
2815 3633 3054 3702 pradicti
3080 3632 3301 3687 Joannis
3324 3634 3557 3703 episcopi
3579 3632 3670 3687 fat.
3691 3641 3789 3689 tur

2197 3726 2447 3795 epistola,
2493 3725 2619 3779 dum
2644 3724 2980 3790 constiterit,
3028 3735 3242 3794 quantae
3271 3724 3468 3779 litanim
3508 3726 3787 3781 solemnes

2197 3816 2413 3881 fuerint,
2434 3817 2649 3886 quoties
2670 3815 2815 3869 indui
2834 3815 3042 3869 solebat
3061 3816 3112 3869 in
3135 3816 3332 3873 litaniis
3354 3817 3569 3885 pallium
3587 3832 3785 3887 cogno-

2196 3913 2427 3969 scentes,
2471 3905 2817 3959 libentissime
2845 3905 3236 3971 concedamus;
3283 3906 3379 3961 sed
3425 3908 3528 3962 hoc
3576 3923 3683 3963 non
3713 3910 3785 3963 ab

2198 3997 2301 4051 illis
2330 3998 2622 4066 perquirat,
2670 3997 2759 4066 qui
2790 3996 2858 4050 ab
2886 3997 3264 4053 ecclesiasticis
3290 3999 3634 4066 exhibentur,
3686 4003 3781 4055 sed

2195 4085 2266 4140 ab
2293 4087 2412 4141 aliis
2439 4102 2575 4155 quos
2601 4088 2717 4142 sine
2747 4086 2931 4142 favore
2975 4089 3142 4157 partis
3176 4102 3295 4144 esse
3331 4093 3675 4159 cognoverit;
3726 4101 3782 4149 et

2196 4194 2315 4248 qua:
2359 4179 2589 4233 sollicita
2617 4177 2961 4249 indagatione
2990 4180 3270 4248 repererit,
3320 4182 3476 4235 nobis
3512 4181 3781 4239 subtiliter

2196 4270 2394 4324 indicet
2421 4286 2433 4322 :
2460 4278 2520 4323 ut
2543 4269 2792 4335 veritate,
2822 4271 2960 4325 sicut
2987 4269 3235 4335 diximus,
3265 4273 3496 4340 cognita,
3523 4272 3704 4331 fratris
3728 4285 3783 4331 et

2196 4359 2502 4429 coepiscOpi
2547 4360 2717 4415 nostri
2762 4360 3191 4415 reverendissimi
3236 4360 3517 4416 Mariniani
3571 4367 3783 4423 animos

2194 4450 2515 4505 relevemus.
2541 4470 2559 4503 ι
2597 4451 2747 4522 (Lib.
2796 4466 2885 4515 vn,
2922 4468 3002 4521 ep.
3033 4451 3117 4517 77,
3148 4466 3283 4506 nunc
3312 4453 3402 4506 lib.
3434 4470 3504 4520 vt,
3535 4472 3615 4525 ep.
3648 4455 3783 4525 54.)

506 4546 772 4601 sanetum,
822 4538 1190 4608 inseparabilis
1231 4543 1421 4597 ditinae
1449 4549 1699 4614 potentiae
1730 4525 2043 4610 Trinitatem
2069 4598 2083 4622 ,

2200 4543 2264 4597 At
2290 4544 2411 4613 quia
2438 4544 2610 4614 prisca
2631 4544 2962 4599 consuetudo
2991 4559 3022 4597 a
3051 4546 3379 4600 nostratibus
3403 4547 3671 4603 sutttiliter
3700 4550 3783 4602 in~

505 4639 562 4683 et
599 4628 703 4682 hoc
743 4644 939 4697 corpus
978 4632 1120 4685 beati
1165 4633 1488 4702 Apollinaris
1533 4643 1824 4711 martyris,
1865 4660 1951 4699 me
1990 4662 2087 4715 pro

507 4719 704 4772 nullius
742 4719 923 4774 favore
950 4737 1194 4789 ptrsonm
1225 4762 1239 4786 ,
1274 4740 1446 4793 neque
1475 4732 1761 4786 commado
1792 4735 1971 4804 aliquo
2001 4740 2085 4794 in-

507 4810 857 4875 terveniente,
907 4814 1126 4879 testari;
1176 4815 1270 4869 sed
1299 4815 1411 4871 lucc
1442 4818 1553 4873 scio
1584 4862 1597 4885 ,
1630 4830 1685 4875 et
1715 4838 1811 4892 per
1857 4838 2086 4883 memet-

504 4899 680 4968 ipsum
704 4901 950 4968 cognovi,
988 4904 1110 4971 quia
1140 4912 1265 4958 ante
1294 4913 1534 4975 tempora
1563 4909 1786 4968 Joannis
1815 4918 2087 4983 quondam

502 4991 762 5060 episcopi,
809 4991 1092 5047 Ravennas
1137 4995 1419 5066 episcopus
1444 5010 1711 5068 praestante
1738 5008 2087 5075 apocrisiario

504 5083 649 5139 sedis
689 5085 996 5152 apostolicae
1038 5086 1129 5141 illo
1168 5096 1328 5151 atque
1376 5091 1499 5153 illo,
1550 5093 1653 5147 illis
1678 5105 1732 5149 et
1761 5098 1865 5153 illis
1896 5100 2085 5157 diebus

506 5177 945 5230 consuetudinem
970 5179 1151 5234 utendi
1184 5180 1345 5249 pallio
1375 5182 1557 5237 habuit
1585 5203 1594 5235 :
1625 5198 1803 5241 etnon
1834 5197 2079 5261 cognovi,

506 5264 631 5335 quia
658 5265 762 5320 ltoc
792 5266 1021 5322 latenter
1060 5269 1143 5322 vel
1190 5270 1390 5340 absque
1431 5275 1779 5342 apocrisiario
1826 5296 2081 5351 usurpas-

505 5362 607 5407 set.
638 5373 656 5405 ι
696 5354 841 5422 (Lib.
875 5373 945 5421 vt,
976 5374 1056 5426 ep.
1087 5358 1213 5428 6i.)

576 5443 627 5495 7.
670 5442 785 5498 Hoc
822 5444 1111 5513 Gregorius
1156 5463 1253 5517 per
1288 5451 1634 5508 indictioncm
1665 5468 1908 5526 quartam
1940 5464 2088 5522 deci-

506 5549 646 5590 mam
689 5537 1058 5607 jusjurandum
1088 5556 1439 5619 prznccpcrat.
1487 5550 1637 5615 Quod
1667 5556 1812 5621 quia,
1844 5559 1982 5617 sicut
2010 5565 2086 5621 rei

2196 4636 2390 4704 quisita
2409 4676 2423 4700 ,
2473 4649 2503 4688 a
2535 4634 2933 4689 Ravennatibus
2960 4637 3174 4705 probari
3203 4637 3348 4690 nullo
3376 4637 3539 4692 modo
3577 4641 3779 4708 potuit,

2193 4725 2510 4793 Gregorium
2538 4725 2590 4779 in
2616 4740 2713 4779 sua
2735 4728 2995 4779 sententia
3017 4728 3374 4794 permansisse
3396 4729 3582 4797 procul
3612 4730 3781 4786 dubio

2194 4813 2321 4867 illud
2349 4812 2607 4880 ostendit,
2638 4812 2779 4881 quod
2811 4827 2986 4882 neque
3015 4814 3084 4869 ob
3112 4814 3237 4881 hoc,
3266 4825 3523 4884 quantum
3564 4833 3633 4872 ex
3662 4822 3781 4890 api-

2193 4900 2345 4956 cibus
2375 4903 2489 4968 ejus
2516 4900 2874 4969 dignoscitur,
2906 4918 2935 4955 a
2966 4918 3235 4972 quoquam
3264 4906 3583 4965 sollicitatus
3612 4912 3781 4963 exsti-

2196 4994 2295 5055 tit,
2350 5008 2525 5061 neque
2565 5009 2597 5048 a
2637 4995 2927 5063 semetipso
2958 5005 3259 5051 commotus
3288 4998 3514 5055 ulterius
3552 5002 3781 5057 omnino

2189 5084 2484 5152 rescripsit.

2257 5173 2310 5225 8.
2354 5174 2468 5227 Non
2496 5175 2667 5228 solum
2697 5177 2749 5229 in
2781 5178 2986 5245 magnis
3014 5178 3174 5232 rebus
3198 5178 3489 5248 Gregorius
3512 5182 3781 5235 sollicitu-

2184 5264 2321 5318 dinis
2350 5280 2459 5318 sua:
2487 5267 2675 5320 oculos
2702 5268 3070 5332 convertebat,
3104 5285 3288 5325 verum
3318 5274 3480 5325 etiam
3509 5288 3577 5327 ne
3604 5274 3777 5343 impno

2184 5376 2253 5416 ne
2280 5371 2735 5430 pmsumerentur
2760 5362 3082 5432 quandoque
3119 5367 3349 5435 majora,
3394 5369 3499 5424 hoc
3527 5371 3580 5425 in
3614 5373 3782 5428 rebus

2192 5451 2426 5507 minimis
2454 5452 2813 5507 curiosissime
2854 5456 3206 5523 przecavebat.
3241 5457 3392 5514 Unde
3420 5458 3639 5525 Joanni,
3673 5461 3774 5534 Sy-

2192 5559 2454 5600 racusano
2475 5545 2750 5615 episcopo,
2776 5545 2979 5613 scribit,
3011 5546 3193 5603 dicens
3218 5565 3230 5601 :
3259 5566 3277 5599 ι
3303 5548 3663 5606 Ecclesiastici
3698 5554 3775 5607 vi-

580 5702 617 5811 :1
621 5695 1060 5811 [Et.l.::;{il:llglalll
1088 5704 1223 5760 banc
1251 5706 1316 5760 ab
1348 5707 1637 5770 indictione
1664 5721 1898 5777 secunda
1928 5730 2342 5795 removeziinus,
2397 5727 2704 5797 aperuimus
2751 5727 2805 5782 in
2831 5728 3209 5793 dissertatione
3238 5735 3304 5794 de
3338 5737 3527 5796 ordine
3571 5738 3769 5811 episto-

498 5758 669 5817 larunt
699 5758 969 5823 restium.
