4018 6326
289 357 399 415 177

873 363 935 418 S.
976 363 1300 420 GREGORII
1343 365 1550 421 MAG.“
1591 366 1778 433 VlTA,
1822 363 2024 419 AUCT.
2065 364 2322 424 JO.\.\'NE
2361 371 2669 433 DlACONO.
2713 377 2840 434 LIB.
2884 380 2974 436 ιν.

3443 386 3543 444 173

276 471 434 537 goris
461 473 594 526 ordo
622 472 990 539 confunditur,
1017 475 1060 529 si
1099 483 1191 529 aut
1221 484 1420 531 temere
1451 478 1631 532 illicita
1661 491 1865 546 prmsu-
1898 479 1944 536 A
1971 491 2139 545 usque
2180 481 2368 537 missas
2408 483 2581 542 facere
2615 492 2904 557 pnesumit,
2947 499 3110 560 atque
3141 491 3209 544 ad
3237 510 3328 551 me
3363 499 3549 554 venire

279 569 517 625 utantur,
549 569 642 615 aut
672 561 886 630 impune
914 579 1020 618 non
1047 580 1302 620 concessa
1332 574 1626 620 tententur.
1661 563 1860 620 Perve-

279 647 362 701 nit
387 661 568 716 itaque
596 651 663 704 ad
693 666 809 715 nos,
840 651 1098 706 diaconos
1125 652 1367 706 ecclesia:
1393 651 1709 706 Catanensis
1747 653 1861 706 cal-

278 750 466 795 ceatos
513 751 538 778 α
568 745 840 812 campagis
888 743 1178 813 procedere
1231 744 1652 812 prmsumpsisse.
1708 742 1860 809 Quod

275 832 409 885 nulli
439 832 699 887 hactenus
727 849 824 903 per
859 843 1026 888 totam
1054 834 1290 889 Siciliam
1324 835 1554 899 licuisse,
1604 837 1702 889 nisi
1729 835 1861 890 solis

277 923 650 978 tantummodo
675 924 991 980 diaconibus
1011 926 1250 981 ecclesia:
1277 925 1644 989 Messaniensis,
1669 924 1860 992 quibus

274 1012 404 1066 olim
445 1029 475 1066 a
515 1014 1002 1082 prmdecessoribus
1040 1018 1238 1072 nostris
1284 1033 1390 1071 non
1435 1017 1707 1070 dubitatur
1740 1029 1860 1070 esse

273 1114 613 1167 concessum,
646 1105 784 1158 bene
813 1107 1068 1161 recolitis.
1093 1107 1228 1174 Quia
1253 1121 1380 1174 ergo
1407 1116 1566 1162 tanta:
1593 1108 1861 1161 temerita-

270 1193 343 1246 tis
365 1209 527 1248 ausus
557 1212 665 1250 non
697 1207 778 1250 est
810 1197 1000 1252 leviter
1029 1198 1400 1263 attendendus,
1433 1213 1554 1252 cum
1583 1197 1728 1252 omni
1754 1197 1858 1253 hoc

271 1283 585 1342 fraternitas
613 1299 793 1344 vestra
816 1290 1112 1344 subtilitate
1137 1294 1409 1358 perquirat
1434 1308 1446 1343 :
1471 1299 1527 1345 et
1556 1290 1599 1344 si
1622 1289 1714 1354 ita,
1747 1290 1854 1344 sic-

267 1384 328 1430 ut
359 1378 426 1431 ad
471 1395 570 1433 nos
607 1381 871 1448 pervenit,
901 1382 1182 1442 invenerit,
1215 1388 1390 1433 utrum
1418 1395 1447 1432 a
1473 1395 1553 1444 se,
1579 1380 1664 1434 vel
1689 1379 1856 1434 alicn-

260 1465 352 1533 jus
392 1470 719 1523 auctoritate
749 1470 852 1523 hoc
895 1470 1344 1538 prmsumpserint.
1394 1469 1547 1522 nobis
1590 1467 1856 1522 subtiliter

264 1557 602 1623 innotescat,
633 1569 690 1614 ut
715 1560 926 1628 cognita
961 1559 1204 1625 veritate,
1233 1559 1358 1625 quid
1390 1558 1504 1611 fieri
1531 1557 1746 1622 debeat,
1777 1557 1854 1612 di-

261 1664 588 1717 sponamus.
637 1651 766 1704 Nam
811 1650 853 1703 si
903 1649 1232 1717 negligenter
1259 1663 1322 1702 ea
1368 1664 1485 1717 quae
1523 1650 1664 1704 male
1705 1665 1854 1705 usur-

260 1749 472 1806 pantur
508 1743 818 1804 omittimus,
858 1754 1112 1796 excessus
1163 1741 1302 1794 viam
1349 1741 1467 1797 aliis
1505 1743 1794 1813 aperimus.
1825 1761 1845 1795 ο

253 1816 408 1895 (Lib.
447 1844 556 1895 vm,
587 1847 666 1899 ep.
697 1831 784 1883 27.
811 1833 831 1901 )

331 1919 383 1972 9.
426 1918 655 1984 lnterca,
687 1923 857 1979 Natali
887 1927 1141 1996 episcOpo
1168 1924 1444 1986 defuncto.
1477 1941 1599 1981 cum
1628 1927 1842 1997 Dalmar

261 2008 494 2062 tinorum
515 2013 840 2079 generalitas
857 2013 1191 2070 Honoratum
1213 2015 1668 2078 archidiaconnm,
1684 2031 1842 2086 quem

260 2098 374 2165 ipse
418 2115 486 2154 ex
539 2105 856 2174 presbytero
902 2107 953 2159 in
1004 2106 1288 2160 diaconum
1331 2115 1690 2172 converterat,
1739 2108 1841 2162 sibi

259 2191 660 2257 prmliviendnm
697 2195 1041 2251 concorditer
1085 2198 1393 2266 elegissent,
1425 2212 1720 2266 eorumque
1742 2198 1839 2252 de-

255 2287 462 2333 cretum
494 2283 735 2351 pontifex
767 2287 1140 2354 approbasset,
1167 2285 1397 2342 factione
1417 2285 1609 2342 Malchi
1636 2288 1838 2358 episco-

253 2369 327 2438 pi,
361 2373 588 2427 rectoris
619 2375 899 2444 apostolici
938 2376 1261 2444 patrimonii.
1310 2392 1581 2446 manuque
1623 2377 1839 2434 militari

254 2459 517 2518 Maximus
565 2465 745 2520 multis
782 2467 1092 2523 criminibus
1132 2467 1425 2533 involutus,
1471 2470 1836 2540 episcopatum

251 2551 582 2610 Salonitana:
602 2558 833 2613 civitatis
861 2559 1075 2616 invasit.
1098 2561 1252 2627 Quod
1274 2560 1564 2632 Gregorius
1589 2566 1832 2632 audiens,

253 2643 566 2700 Dalmatinis
610 2655 664 2701 et
706 2647 993 2704 Jadertinis
1020 2652 1285 2723 episc0pis
1316 2669 1384 2708 ne
1413 2654 1487 2709 illi
1517 2671 1703 2712 manus
1730 2659 1834 2712 im-

251 2746 535 2804 ponerent,
587 2741 686 2794 sub
737 2755 927 2810 magna
967 2743 1400 2802 interminatione
1445 2749 1732 2817 prohibuit.
1766 2751 1836 2804 At

251 2840 375 2880 vero
406 2826 690 2897 Maximus,
732 2833 822 2900 qui
855 2835 1198 2906 episcopatus
1223 2837 1410 2892 sedem
1451 2848 1638 2893 contra
1669 2856 1834 2895 cano.

246 2931 340 2971 nes
377 2919 678 2985 invaserat,
722 2925 883 2978 etiam
921 2928 1280 2982 sacerdotium
1311 2938 1496 2983 contra
1526 2930 1695 2985 Deum
1736 2946 1834 3002 per

247 3009 599 3066 simoniacam
629 3014 871 3070 hzeresim
905 3019 973 3073 ab
1007 3019 1272 3090 episcopis
1311 3021 1572 3076 duntaxat
1613 3027 1831 3095 excom-

249 3102 549 3169 municatis,
581 3107 756 3174 pretio
783 3109 1068 3177 corruptis,
1121 3125 1229 3163 non
1276 3111 1449 3165 timuit
1489 3113 1822 3180 promereri:

247 3191 456 3249 favente
484 3196 587 3250 sibi
616 3199 897 3253 occasione
929 3201 1184 3268 temporis
1218 3215 1286 3254 ex
1328 3201 1620 3270 cupiditate
1667 3198 1823 3258 simul
1852 3194 1898 3257 C

245 3284 636 3355 msclentiaque
661 3287 899 3355 Augusti,
948 3305 1106 3358 quem
1153 3289 1505 3358 dispergendo
1545 3292 1824 3348 facultates

243 3373 441 3429 invasa:
483 3377 724 3432 ecclesiae
771 3378 905 3433 adeo
943 3378 1280 3434 defensorem
1308 3382 1567 3435 scelerum
1604 3398 1822 3437 suorum

242 3465 442 3528 effecit.
476 3477 534 3522 ut
561 3483 591 3522 a
617 3468 877 3538 Gregorio
908 3487 1012 3526 non
1050 3471 1222 3525 solum
1254 3471 1561 3541 frequenter
1589 3475 1823 3544 postula-

242 3564 339 3619 ret,
369 3566 640 3626 quatenus
668 3560 1014 3615 indiscussam
1063 3561 1277 3616 Maximi
1317 3564 1708 3632 promotionem
1737 3580 1824 3621 re-

239 3645 530 3716 linqueret,
581 3664 766 3704 verum
815 3651 976 3708 etiam
1020 3651 1246 3706 Romam
1279 3653 1673 3708 satisfacturum
1724 3669 1823 3723 pro

238 3739 538 3795 simoniaca
553 3741 784 3812 haeresi]
797 3745 902 3814 29
919 3743 1145 3813 aliisque
1173 3723 1507 3810 criminibtis,
1523 3747 1824 3801 venientem

237 3843 360 3883 cum
396 3830 604 3885 honore
633 3833 947 3902 susciperet.

308 3921 395 3974 l0.
429 3921 725 3992 Gregorius
751 3939 878 3979 vero
904 3927 1094 3981 faciem
1118 3927 1313 3982 nullius
1334 3936 1520 3982 contra
1541 3927 1826 3984 veritatem

237 4015 566 4080 custodiens,
587 4016 758 4085 ipsum
780 4016 1064 4071 Maximum
1089 4018 1261 4086 primo
1282 4034 1312 4071 a
1329 4019 1608 4073 missarum
1631 4021 1828 4075 solem-

235 4104 360 4170 niis,
385 4113 509 4172 post
538 4119 567 4157 a
590 4106 966 4160 communione
995 4107 1238 4176 corporis
1267 4115 1322 4160 et
1349 4109 1624 4174 sanguinis
1649 4109 1829 4163 Domi-

237 4195 290 4248 ni
344 4195 517 4248 nostri
563 4194 691 4250 Jesu
728 4195 944 4258 Christi,
977 4212 1260 4266 quousque
1285 4213 1438 4252 suam
1486 4200 1826 4268 prmsentiam

233 4287 542 4350 exhiberet,
568 4289 816 4356 privavit.
849 4289 1111 4345 Maximus
1134 4298 1314 4344 autem
1339 4290 1704 4358 imperialibus
1723 4309 1826 4348 mi-

234 4374 360 4430 litiis
386 4375 576 4443 fultus,
591 4385 715 4446 post
733 4380 1370 4443 excommunicationem,
1405 4389 1460 4435 et
1479 4382 1668 4438 missas
1687 4387 1828 4437 ceci-

237 4466 332 4531 nit,
357 4475 412 4519 et
451 4479 789 4523 sacramenta
818 4471 948 4524 satis
970 4471 1215 4538 indignus
1237 4475 1462 4530 accepit.
1487 4474 1827 4543 Quapropter

1963 570 2254 624 secundum
2272 572 2566 640 jussionem
2601 577 2938 635 dominorum
2982 585 3171 639 noluit.
3220 584 3330 654 Ego
3367 597 3545 642 autem

1964 663 2306 733 prreceptioni
2333 667 2549 735 pietatis
2579 684 2761 725 eorum
2793 674 3065 740 obediens,
3087 676 3262 732 eidem
3287 678 3542 746 Maximo,

1962 752 2073 820 qui,
2101 769 2186 808 me
2215 757 2510 824 nesciente,
2541 760 2816 817 ordinatus
2843 774 2943 827 est,
2977 767 3079 820 hoc
3099 770 3307 837 quodin
3338 771 3545 826 ordinas

1964 843 2211 897 tionesua
2227 861 2332 912 me,
2362 849 2447 901 vel
2475 853 2838 919 responsalcm
2857 857 3264 922 prmtermittere
3293 876 3544 929 pnesum-

1959 932 2086 999 psit,
2113 935 2184 987 ita
2215 950 2281 988 ex
2297 938 2459 992 corde
2489 939 2682 1007 laxavi,
2707 959 2770 998 ac
2795 944 2839 997 si
2869 960 2954 998 me
2975 955 3195 1001 auctore
3223 949 3379 1005 fuerit
3405 952 3541 1005 ordi-

1961 1033 2134 1077 natus.
2179 1026 2293 1079 Alia
2316 1043 2445 1083 vero
2474 1045 2726 1098 perversa
2758 1034 2930 1100 illius,
2963 1037 3168 1092 scilicet
3193 1041 3332 1094 mala
3355 1057 3543 1112 corpo-

1957 1113 2109 1175 ralia,
2135 1129 2252 1182 quae
2279 1119 2528 1184 cognovi,
2552 1121 2636 1174 vel
2658 1123 2780 1189 quia
2810 1138 2932 1177 cum
2965 1128 3201 1193 pecuniis
3214 1138 3295 1184 est
3321 1131 3542 1199 electus,

1956 1203 2040 1255 vel
2066 1205 2189 1272 quia
2216 1209 2709 1263 excommunicatus
2746 1212 2934 1268 missas
2980 1215 3157 1271 facere
3187 1223 3540 1291 praesumpsit,

1954 1301 2175 1363 propter
2203 1294 2368 1348 Deum
2399 1297 2699 1366 irrequisita
2728 1302 2999 1368 praeterire
3031 1321 3136 1359 non
3168 1323 3416 1375 possum;
3448 1312 3540 1366 sed

1956 1394 2106 1452 Opto,
2120 1383 2469 1440 etDominum
2482 1387 2759 1457 deprecor,
2773 1400 3038 1459 quatenus
3053 1395 3178 1448 nihil
3197 1396 3264 1451 de
3277 1413 3363 1462 eo,
3377 1399 3537 1455 deliis

1955 1489 2074 1543 quae
2094 1476 2232 1530 dicta
2245 1484 2373 1531 sunt
2387 1477 2579 1543 valeat,
2596 1479 2839 1546 inveniri,
2859 1489 2912 1535 et
2939 1482 3057 1538 sine
3084 1485 3322 1553 periculo
3343 1489 3536 1544 anima:

1956 1579 2088 1618 mea:
2114 1580 2273 1620 causa
2296 1567 2460 1636 ipsius
2481 1571 2796 1626 terminetur
2822 1589 2833 1624 :
2862 1573 3009 1641 prius
3041 1582 3216 1629 tamen
3237 1591 3396 1644 quam
3420 1579 3534 1633 haec

1955 1665 2368 1726 cognoscantur,
2397 1663 2768 1718 serenissimus
2793 1664 3039 1720 dominus
3067 1666 3400 1723 discurrente
3421 1670 3532 1738 jus-

1955 1749 2107 1803 sione
2138 1752 2389 1820 praecepit
2417 1761 2474 1806 ut
2503 1769 2624 1807 eum
2655 1756 2957 1812 venientem
2982 1774 3102 1813 cum
3129 1760 3334 1816 honore
3355 1765 3529 1817 susci-

1873 1841 1919 1900 B
1945 1838 2106 1906 piam.
2139 1836 2207 1892 Et
2228 1839 2381 1896 valde
2407 1855 2569 1909 grave
2595 1853 2676 1897 cst
2703 1854 2759 1898 ut
2783 1846 2882 1909 vir,
2915 1846 2982 1900 de
3003 1861 3111 1915 quo
3141 1856 3286 1902 tanta
3317 1859 3372 1904 et
3403 1852 3527 1906 talia

1949 1930 2279 1996 nuntiantur,
2313 1947 2435 1985 cum
2458 1943 2582 1986 ante
2605 1936 2802 2003 requiri
2829 1945 2883 1991 et
2903 1935 3094 1992 discuti
3117 1940 3328 2005 debeat,
3357 1941 3526 1996 hono-

1945 2028 2113 2074 retur.
2156 2021 2222 2075 Et
2249 2022 2292 2075 si
2322 2023 2695 2093 episcoporum
2741 2042 2916 2081 causae
2946 2029 3073 2082 mihi
3115 2033 3521 2087 commissorum

1945 2110 2081 2178 apud
2107 2112 2343 2179 piisimos
2370 2113 2615 2169 dominos
2643 2116 2865 2170 aliorum
2892 2120 3190 2186 patrocinio
3229 2121 3518 2191 disponuno

1943 2205 2051 2266 tur,
2083 2193 2263 2256 infelix
2306 2217 2406 2270 ego
2456 2205 2508 2257 in
2550 2205 2774 2259 ecclesia
2819 2207 2917 2261 ista
2949 2209 3074 2277 quid
3112 2209 3288 2265 facio?
3326 2212 3429 2266 Sed
3460 2223 3520 2269 ut

1941 2293 2178 2363 episcopi
2214 2295 2321 2348 mei
2359 2310 2444 2350 me
2486 2295 2810 2364 despiciant,
2843 2305 2896 2351 et
2923 2306 3108 2352 contra
3138 2315 3224 2354 me
3253 2301 3515 2369 refugium

1939 2384 2005 2437 ad
2034 2387 2312 2441 sacculares
2327 2387 2534 2455 judices
2547 2387 2799 2456 habeant,
2821 2391 3173 2459 omnipotenti
3197 2395 3304 2446 Deo
3318 2394 3517 2460 gratias

1938 2490 2058 2543 ago,
2079 2477 2313 2546 pecratis
2334 2480 2467 2532 meis
2487 2479 2704 2548 deputo.
2722 2479 2833 2535 lloc
2857 2488 3033 2535 tamen
3059 2482 3296 2536 breviter
3323 2497 3519 2551 sugge-

1935 2585 2016 2624 ro.
2036 2570 2157 2638 quia
2181 2571 2566 2640 aliquantulum
2593 2581 2852 2642 expecto;
2876 2582 2930 2625 et
2957 2572 2999 2626 si
3028 2573 3092 2627 ad
3116 2589 3201 2627 me
3221 2574 3401 2628 venire
3422 2575 3515 2628 diu

1934 2661 2223 2727 distulerit,
2260 2677 2514 2718 exercere
2563 2664 2614 2717 in
2663 2679 2729 2719 eo
2777 2659 3160 2719 distiiCtionem
3199 2665 3514 2718 canonicam

1934 2754 2081 2807 nullo
2122 2753 2283 2807 modo
2331 2755 2575 2809 cessabo.
2630 2753 2684 2804 In
2741 2754 3112 2822 omnipotente
3164 2762 3342 2807 autem
3401 2755 3512 2808 Deo

1932 2840 2165 2906 confido,
2195 2843 2317 2909 quia
2350 2843 2504 2909 longa
2537 2843 2786 2911 piissimis
2811 2843 3037 2896 dominis
3065 2843 3173 2896 vita
3216 2840 3532 2909 tribuetur,

1933 2941 1988 2987 ct
2014 2949 2112 2986 nos
2140 2934 2235 2986 sub
2265 2947 2425 2985 manu
2457 2939 2631 2985 vestra
2681 2947 2786 2984 non
2813 2932 3104 2985 secundum
3148 2941 3365 3000 peccata
3415 2948 3510 2986 no-

1929 3031 2070 3085 stra,
2103 3022 2196 3075 sed
2247 3023 2539 3076 secundum
2593 3023 2776 3091 gratia:
2830 3036 2940 3076 sua:
2987 3021 3126 3076 dona
3179 3023 3446 3091 disponat.
3483 3042 3502 3075 ι

1934 3111 2070 3182 (Lib.
2104 3129 2152 3174 v,
2183 3129 2262 3176 ep.
2294 3111 2406 3180 at.)

1998 3203 2083 3255 ll.
2121 3202 2243 3258 Hch
2263 3202 2553 3272 Gregorius
2601 3205 2992 3262 dissimulatrici
3033 3207 3302 3275 Augustae.
3335 3208 3511 3262 Caete-

1925 3307 2044 3345 rum
2068 3292 2256 3346 eodem
2286 3293 2519 3346 Maximo
2548 3295 2599 3348 in
2628 3311 2722 3348 sua
2765 3297 3182 3364 pncsumplione
3229 3307 3501 3364 manente,

1924 3393 2347 3448 consecratores,
2380 3395 2542 3453 atque
2571 3400 2757 3440 omnes
2787 3385 3114 3440 Dalmatinos
3134 3396 3186 3440 et
3205 3386 3510 3445 Jadertinos

1923 3474 2204 3544 episcOpos
2242 3476 2309 3529 ab
2358 3476 2472 3542 ejus
2520 3477 2895 3530 communione
2949 3477 3046 3530 sub
3073 3481 3507 3535 excommunica-

1923 3567 2070 3621 tione
2096 3565 2380 3633 disjunxit:
2403 3567 2538 3621 adeo
2562 3575 2619 3621 ut
2640 3581 2706 3620 ne
2737 3583 2930 3621 nomen
2953 3567 3166 3635 quidem
3191 3567 3402 3622 Maximi
3426 3571 3507 3623 in-

1927 3664 2010 3709 ter
2030 3671 2181 3710 sacra
2212 3658 2494 3710 missarum
2523 3657 2784 3712 solemnia
2811 3665 3192 3711 memorarem.
3220 3657 3336 3722 Quo
3365 3658 3505 3712 facto

1926 3748 1999 3800 ita
2037 3763 2225 3802 omnes
2261 3748 2588 3802 consternati
2616 3757 2739 3802 sunt
2768 3749 2969 3811 animo,
3009 3756 3068 3800 ut
3112 3749 3211 3800 sub
3241 3747 3507 3815 poeniten-

1927 3839 2012 3891 tia:
2034 3839 2417 3901 satisfactione,
2441 3837 2626 3890 relicto
2642 3837 2894 3901 Maximo,
2917 3836 3126 3889 veniam
3150 3836 3503 3904 postularent.

1929 3929 2080 3986 Unde
2108 3929 2632 3984 misericordissimus
2659 3927 2896 3998 pontifex
2926 3927 3237 3990 Sabiniano,
3280 3926 3511 3980 .ladertid

1927 4037 1997 4074 no
2027 4020 2299 4089 episcopo,
2331 4019 2567 4072 scribens
2599 4035 2612 4070 :
2661 4037 2677 4069 ι
2711 4017 2879 4081 Sicut,
2916 4017 3104 4084 inquit,
3143 4019 3510 4086 perseveranti

1927 4110 2096 4178 culpae
2124 4109 2348 4163 debetur
2367 4109 2489 4177 jure
2531 4109 2780 4172 vindicta,
2825 4109 2893 4162 ita
2946 4107 3382 4177 resipiscentibus
3424 4116 3510 4162 est

1927 4201 2080 4256 venia
2109 4200 2471 4255 concedenda.
2515 4199 2648 4255 Nam
2677 4208 2737 4254 ut
2764 4213 2851 4253 res
2878 4199 2965 4268 illa
2991 4208 3178 4252 contra
3220 4213 3279 4254 se
3317 4199 3511 4253 merito

1928 4292 2253 4346 iracundiam
2276 4292 2530 4357 excitare,
2563 4291 2640 4346 sic
2668 4289 2784 4345 haec
2812 4291 2865 4343 in
2887 4305 2981 4343 sua
3013 4305 3232 4358 prorsus
3259 4288 3507 4344 dilectio-

1930 4398 1996 4436 ne
2029 4382 2183 4452 130
2210 4381 2346 4436 solet
2381 4381 2723 4436 concordiun
2764 4393 3084 4448 propagare.
3118 4377 3184 4431 Et
3213 4379 3353 4444 ideo,
3383 4378 3533 4446 quia.

1928 4474 2314 4527 fraternitatem
2341 4480 2486 4526 tuam
2522 4486 2552 4524 a
2591 4470 2862 4524 consortio
2905 4479 2961 4524 et
2987 4471 3367 4525 communione
3399 4468 3512 4522 Ma-

233 4556 604 4612 Constantina:
627 4557 876 4627 Augustae
903 4570 1026 4630 post
1052 4563 1217 4618 mult'a
1239 4565 1341 4619 alia
1364 4567 1567 4632 scribit,
1593 4568 1776 4622 dicetis
1800 4585 1818 4624 :
1849 4553 1901 4614 Ι)
1927 4566 2070 4630 ximi,
2103 4565 2191 4619 ubi
2222 4574 2274 4618 te
2299 4565 2443 4633 prius
2464 4564 2733 4632 ηεςιθοιυε
2762 4562 3063 4630 Ῐηιβυιθνῧίς
3092 4562 3141 4615 in
3175 4569 3381 4614 “mlum
3411 4577 3510 4630 Po‘

241 4668 258 4699 ι
275 4649 602 4706 Salonitante
615 4652 844 4708 civitatis
860 4655 1167 4725 episcopus,
1182 4673 1265 4712 me
1283 4674 1346 4713 ac
1369 4661 1680 4728 responsale
1696 4677 1817 4717 meo

233 4744 524 4808 nesciente,
546 4746 822 4801 ordinatus
835 4756 943 4811 est;
968 4756 1023 4802 et
1049 4747 1187 4803 facta
1201 4765 1286 4804 res
1297 4757 1396 4815 est,
1412 4753 1638 4819 quarsub
1663 4753 1818 4809 nullis

229 4837 593 4892 anterior-ibus
609 4839 935 4907 principibus
952 4844 1150 4894 evenit.
1183 4840 1334 4906 Quod
1354 4855 1454 4909 ego
1479 4843 1720 4904 audiens,
1747 4845 1817 4899 ad

228 4929 479 4982 eumdem
511 4931 979 4999 pnevaricatorem
1001 4933 1088 5002 qui
1114 4933 1415 4989 inordinate
1444 4935 1722 4991 ordinatus
1738 4947 1820 4993 est

231 5019 478 5088 protinus
493 5021 634 5084 misi,
661 5029 718 5074 ut
737 5023 956 5077 omnino
973 5024 1252 5078 missarum
1266 5025 1523 5081 solemnia
1547 5030 1823 5087 celebrare

229 5109 382 5164 nullo
408 5109 570 5165 modo
612 5122 974 5180 praesumeret,
1003 5116 1102 5169 nisi
1127 5117 1272 5184 prius
1293 5132 1321 5170 a
1346 5119 1700 5175 serenissimis
1725 5123 1822 5177 do-

229 5202 392 5256 minis
421 5216 832 5272 cognoscerem,
861 5206 904 5258 si
930 5205 1034 5260 hoc
1064 5207 1174 5261 fieri
1207 5209 1305 5278 ipsi
1330 5208 1633 5277 iussissent.
1668 5213 1822 5278 Quod

228 5292 277 5345 ei
314 5294 419 5346 sub
463 5294 1038 5350 exeommnnicationis
1082 5299 1490 5368 interpositione
1534 5304 1817 5358 mandavi:

225 5394 279 5439 et
325 5391 644 5454 contempto
695 5401 780 5440 me
820 5394 982 5457 atque
1028 5388 1304 5460 despecto,
1355 5393 1406 5447 in
1431 5395 1648 5449 audacia
1680 5411 1813 5464 quo-

227 5475 478 5528 rumdam
536 5477 874 5531 smcularium
924 5480 1235 5548 hominum,
1280 5483 1498 5550 quibus,
1548 5485 1816 5542 denudata

225 5578 327 5619 sua
371 5565 637 5634 ecclesia,
679 5570 896 5638 praemia
947 5570 1110 5624 multa
1143 5572 1381 5641 praebere
1409 5574 1635 5645 dicitur,
1681 5594 1820 5635 nunc

1925 4670 2040 4716 stea
2069 4659 2300 4727 gravitas
2345 4656 2638 4710 sacerdotis
2667 4655 2733 4708 ad
2761 4657 2997 4708 animum
3034 4655 3252 4708 reducta
3291 4667 3534 4722 suspen--

1925 4754 2022 4819 dit,
2053 4761 2110 4806 ut
2131 4751 2248 4818 ejus
2277 4750 2388 4804 sola
2413 4747 2716 4802 nullatenus
2736 4746 3000 4816 patereris
3030 4759 3148 4798 esse
3177 4744 3511 4812 segregatio-

1929 4861 1994 4902 ne
2025 4851 2330 4907 contentus,
2363 4840 2464 4894 nisi
2510 4849 2564 4893 ct
2594 4840 2646 4892 in
2677 4837 2988 4893 monasterii
3020 4844 3072 4890 te
3100 4835 3332 4889 claustra
3366 4835 3508 4887 reci-

1927 4935 2098 5007 piens,
2129 4932 2326 4988 dudum
2368 4929 2651 4985 commissa
2680 4925 2907 4982 defleres
2941 4944 2952 4977 :
2987 4932 3273 4993 eaproptcr
3326 4922 3379 4976 in
3409 4936 3511 4975 no-

1924 5036 2034 5084 stra
2067 5034 2117 5077 te
2139 5022 2308 5091 gratia
2334 5036 2399 5074 ac
2427 5019 2804 5074 communione
2833 5023 3106 5083 receptum
3134 5029 3253 5068 esse
3279 5028 3382 5066 non
3410 5012 3512 5067 du-

1923 5117 2080 5171 bites.
2112 5113 2243 5167 Nam
2275 5120 2534 5182 quantum
2582 5123 2680 5163 nos
2724 5108 2872 5177 prius
2898 5105 3054 5174 culpa
3099 5111 3202 5158 tua:
3231 5104 3510 5159 charitatis

1925 5206 2237 5270 offenderat,
2272 5213 2478 5258 tantum
2507 5196 2818 5272 paenitentia
2853 5198 3134 5266 mitigavit.
3174 5216 3192 5249 ι
3231 5195 3367 5268 (Lib.
3393 5212 3524 5265 vut,.

1921 5319 2002 5372 ep.
2038 5300 2150 5369 10.)

2000 5393 2083 5447 1‘2.
2114 5392 2298 5458 Itaque
2323 5387 2582 5441 Maximus
2609 5397 2833 5438 cernens
2857 5383 3070 5438 tandem
3100 5381 3387 5452 aliquando
3409 5379 3510 5435 du—

1927 5503 2044 5542 rum
2076 5498 2195 5540 esse
2247 5487 2435 5535 contra
2464 5476 2736 5530 stimulum
2766 5475 3076 5538 calcitrare,
3110 5473 3310 5528 relictis
3339 5473 3510 5544 impe-

1927 5578 2147 5634 rialibus
2175 5570 2530 5638 adminiculis,
2562 5584 2658 5640 per
2686 5567 3002 5624 Callinicum
3047 5571 3335 5624 cxarchum
3375 5565 3507 5622 satis

303 5732 331 5761 ι
369 5724 667 5806 ίξαπιραςιςε
721 5727 976 5788 mendose
1025 5746 1324 5805 compagus,
1381 5741 1461 5790 est
1489 5733 1912 5794 calceamentum
1942 5749 2048 5806 quo
2075 5731 2310 5805 episcopi
2337 5747 2430 5789 seu
2459 5730 2661 5802 praelati
2694 5730 2745 5786 in
2776 5729 2936 5787 Missa
2965 5735 3209 5786 utuntur.
3240 5727 3371 5785 Vide
3403 5741 3499 5783 uo-

231 5799 314 5850 tas
345 5797 412 5856 ad
442 5796 716 5866 epistolas.
