3992 6314
512 404 616 459 Πθ

1083 406 1140 463 S.
1184 402 1506 458 GRECORII
1547 402 1759 457 MAGNI
1800 401 1979 464 VITA,
2022 399 2224 455 AUCT.
2265 401 2527 460 JOANNE
2573 402 2884 459 DIACONO.
2928 403 3058 459 LIB.
3102 402 3191 461 IV.

3678 406 3782 467 180

511 519 783 575 humiliter
808 519 1027 574 concedi
1055 519 1153 573 sibi
1178 518 1544 587 pmnitentiam
1574 517 1835 584 simulque
1871 516 2082 569 veniam
2116 518 2159 574 Α
2187 526 2545 583 sacramento,
2572 517 2862 572 lirmaverit
2889 533 2946 572 se
2968 518 3257 572 simoniaca
3283 518 3473 571 haeresi
3496 532 3606 572 non
3629 525 3777 574 tene-

511 625 545 663 a
572 609 834 678 Gregorio
857 609 1164 679 postulavit.
1189 610 1355 673 Quem
1381 608 1491 676 ipse
1526 607 1745 660 Romam
1773 607 1974 674 fatigari
1997 621 2089 659 no-

511 700 645 765 lens,
674 715 886 755 causam
923 699 1037 766 ejus
1064 697 1447 750 discutiendam
1494 696 1763 750 Ravenna:
1800 696 2085 757 commisit,

508 790 847 853 Constantio,
880 787 1257 841 Mediolanensi
1287 788 1561 856 episcopo,
1593 789 1831 841 scribens
1866 806 1878 840 :
1919 807 1936 838 ι
1974 788 2088 840 Ma-

508 880 704 941 ximus,
726 879 914 945 inquit,
934 877 1255 930 Salonitantr
1272 878 1511 931 ecclesia:
1532 878 1926 947 prmvaricator,
1944 888 2091 947 post-

513 983 674 1036 quam
704 982 798 1035 per
822 974 1117 1035 potestates
1144 966 1375 1035 majores
1404 968 1585 1022 szeculi
1614 967 1859 1021 obtinere
1886 969 1958 1021 nil
1996 983 2091 1020 va-

508 1058 627 1120 luit,
658 1056 723 1110 ad
752 1056 990 1110 minores
1012 1071 1071 1110 se
1100 1056 1328 1110 contulit
1352 1072 1365 1108 :
1390 1056 1650 1124 nobisque
1677 1064 1783 1109 tam
1812 1056 2090 1110 nimietate

475 1144 750 1245 precum,
782 1160 945 1218 quam
975 1148 1320 1202 attestatione
1345 1148 1608 1202 bonorum
1637 1163 1859 1218 operum
1885 1162 2087 1217 prmva-

476 1237 487 1251 "
505 1242 619 1297 lere
650 1239 947 1294 contendit.
982 1237 1059 1293 Ex
1105 1255 1207 1309 qua
1256 1256 1314 1294 re
1344 1240 1688 1295 inhumanum
1718 1240 1938 1305 credidi,
1971 1241 2015 1294 si
2045 1241 2089 1295 is

506 1330 597 1396 qui
645 1344 705 1383 se
733 1329 886 1397 quasi
917 1330 1142 1382 multum
1172 1330 1363 1383 timere
1402 1345 1488 1383 me
1535 1330 1687 1394 dicit,
1713 1330 1765 1383 in
1795 1330 1974 1397 aliquo
2002 1344 2089 1384 me

507 1419 944 1487 tomperatiorem
992 1418 1210 1472 minime
1256 1419 1495 1472 invenire
1537 1420 1837 1488 potuisset:
1870 1427 1925 1473 et
1967 1418 2090 1473 ideo

508 1508 735 1562 decrevi.
756 1515 816 1561 ut
843 1507 1319 1563 reverendissimus
1345 1508 1511 1561 frater
1535 1517 1589 1562 et
1618 1508 1969 1577 coepiscopus
1992 1523 2079 1562 no-

506 1609 619 1652 ster
647 1597 974 1651 Mariuianus
993 1596 1108 1665 ejus
1134 1613 1351 1651 causam
1372 1598 1565 1652 debeat
1589 1599 1639 1651 in
1674 1597 1970 1652 Ravennati
2000 1615 2089 1652 ur-

507 1686 573 1741 be
594 1699 946 1752 cognoscere.
976 1685 1033 1739 Si
1060 1693 1237 1737 autem
1267 1700 1496 1753 persona
1542 1685 1657 1754 ejus
1697 1695 1945 1754 suspecta
1985 1688 2089 1741 ior-

509 1774 644 1827 sitan
666 1774 970 1841 habebitur,
990 1774 1237 1829 volumus
1256 1782 1315 1827 ut
1337 1783 1509 1828 vestra
1531 1790 1743 1844 quoque
1764 1775 2083 1841 fraternitas,

2190 607 2257 667 ri,
2290 617 2448 675 atque
2469 608 2535 661 de
2564 609 2681 663 aliis
2707 618 2832 662 ante
2872 626 3071 677 corpus
3100 624 3219 662 sant
3235 609 3273 661 ti
3304 608 3629 677 Apollinaris
3658 619 3777 663 tau-

2194 698 2468 751 tummodo
2498 700 2802 767 requisitus,
2832 700 3106 752 innoxium
3139 715 3198 752 se
3246 714 3364 752 esse
3414 698 3775 767 responderit,

2192 795 2246 841 et
2274 787 2340 842 de
2366 788 2733 842 inobedientia
2762 804 2857 843 sua
2889 790 3281 858 pmnitentiam,
3324 789 3461 842 sicut
3505 788 3776 858 deputavi,

2190 894 2330 944 mus,
2362 882 2532 947 egerit
2564 898 2574 932 τ
2602 881 2846 935 volumus
2876 890 2933 934 ut
2958 880 3023 933 ad
3061 880 3444 935 consolandum
3477 881 3627 933 illum
3664 879 3779 949 epi-

2190 970 2380 1023 stolam
2409 986 2567 1038 quam
2598 970 2664 1024 ad
2713 986 2834 1025 eum
2885 971 3215 1039 scripsimus,
3265 970 3351 1023 ubi
3395 971 3442 1024 ei
3474 980 3527 1023 et
3549 970 3775 1037 gratiam

2195 1068 2435 1113 nostram
2455 1069 2511 1113 et
2536 1062 2967 1114 communionem
2994 1076 3091 1115 nos
3112 1060 3405 1114 reddidisse
3428 1061 3783 1128 signavimus,

2193 1150 2525 1220 experientia
2553 1160 2641 1204 tua
2670 1151 2800 1205 dare
2843 1152 3035 1204 debeat
3062 1169 3075 1202 :
3103 1151 3224 1217 quia
3243 1150 3381 1204 sicut
3411 1151 3464 1203 in
3494 1158 3778 1203 contuma-

2192 1241 2274 1296 cia
2303 1242 2708 1308 persistentibus
2736 1257 2954 1296 severos
2984 1257 3101 1297 esse
3139 1257 3235 1295 nos
3263 1242 3537 1305 convenit,
3570 1241 3649 1294 sic
3678 1239 3781 1293 ite-

2194 1350 2314 1389 rum
2344 1334 2637 1388 bumiliatis
2678 1343 2734 1389 et
2758 1335 3144 1404 pmnitentibus
3170 1349 3367 1404 negare
3406 1334 3582 1390 locum
3607 1335 3778 1389 veniae

2195 1442 2301 1481 non
2348 1426 2628 1481 debemus.
2662 1447 2679 1479 ι
2714 1425 2850 1499 (Lib.
2884 1444 2957 1492 IX,
2985 1444 3068 1495 ep.
3097 1425 3210 1495 80.)

2264 1515 2351 1570 15.
2393 1516 2633 1585 Cumque
2661 1516 2923 1570 Maximus
2968 1532 3133 1586 penes
3172 1529 3369 1584 corpus
3396 1513 3540 1568 beati
3575 1513 3776 1582 Apolli-

2192 1608 2337 1661 naris
2362 1607 2656 1661 secundum
2679 1606 2884 1675 jussum
2908 1604 3152 1674 Gregorii
3176 1606 3240 1658 de
3270 1604 3477 1658 cunctis
3504 1604 3776 1657 humiliter

2190 1694 2558 1763 satisfecisset,
2587 1694 2863 1748 Castorius
2887 1694 3242 1748 chartularius
3281 1691 3698 1746 consolatoriam
3728 1692 3781 1745 ei

2191 1787 2471 1856 epistolam
2525 1785 2779 1855 prmbuit,
2836 1786 3015 1841 verbis
3078 1783 3320 1853 Gregorii
3389 1784 3777 1837 adserentem:

508 1867 553 1919 Si
579 1866 628 1919 εί
650 1866 976 1920 laboriosum
1015 1882 1123 1919 ηοη
1160 1874 1262 1931 εει»
1295 1867 1361 1921 ad
1394 1867 1637 1921 eamdem
1662 1868 1932 1923 CiVilalem
1962 1868 2085 1922 fati-
2117 1880 2165 1939 B
2198 1896 2216 1927 ι
2252 1876 2505 1943 Quamvis
2533 1874 2884 1945 culpabllibus
2930 1875 3280 1930 ordinationis
3332 1885 3433 1928 tua:
3474 1875 3778 1946 primordiis

509 1970 633 2024 gare
658 1971 719 2009 se
747 1955 966 2023 debeat,
993 1967 1049 2010 et
1070 1972 1195 2010 cum
1223 1956 1473 2025 prtedicto
1503 1956 1668 2012 fratre
1702 1958 1755 2012 in
1786 1959 1977 2014 eodem
2001 1961 2087 2028 ju-

511 2047 647 2101 dicio
670 2046 870 2116 pariter
892 2046 1100 2101 sedere.
1124 2044 1385 2116 Quidquid
1410 2056 1588 2102 autem
1611 2058 1797 2103 vestm
1815 2059 2086 2106 utrorum-

511 2154 615 2205 que
641 2138 911 2193 sanctitati
942 2137 1219 2206 placuerit,
1249 2137 1442 2191 scitote
1480 2138 1607 2191 mihi
1636 2139 1811 2193 modis
1839 2141 2088 2197 omnibus

512 2228 852 2296 placiturum,
876 2236 931 2282 et
948 2235 1186 2281 vestrum
1216 2239 1317 2296 ego
1332 2226 1592 2295 judicium
1613 2244 1789 2284 meum
1812 2229 2029 2300 deputo.
2061 2251 2079 2283 ι

514 2319 653 2389 (Lib.
685 2336 760 2383 ix,
789 2337 870 2390 ep.
902 2318 1017 2391 67.)

582 2412 671 2465 15.
700 2411 844 2465 Inter
864 2413 976 2467 btec
1002 2413 1386 2482 praevaricator
1410 2413 1673 2470 Maximus
1692 2429 1833 2469 anno
1857 2415 2087 2483 septimo

514 2501 1081 2557 rxcommunicationis
1108 2517 1218 2556 sua:
1264 2511 1385 2571 post
1420 2504 1799 2571 castigationes
1822 2514 1877 2579 et
1905 2504 2087 2573 flagel-

512 2591 559 2645 la
590 2591 856 2660 Gregorii,
886 2593 954 2647 ad
982 2609 1078 2648 cor
1120 2602 1413 2659 revertens,
1446 2594 1755 2649 Ravennam
1804 2596 1979 2664 petiit,
2033 2604 2089 2650 et

514 2680 732 2750 iactavit
760 2697 817 2736 se
840 2690 1023 2738 tensus
1042 2683 1179 2737 intra
1208 2683 1475 2738 civitatem
1500 2685 1552 2738 in
1582 2684 1759 2740 medio
1786 2686 1950 2750 silice,
1975 2685 2087 2739 cla-

513 2785 668 2824 mans
705 2779 760 2825 et
810 2771 1034 2825 dicens:
1070 2770 1295 2827 Peccavi
1325 2773 1455 2839 Deo,
1506 2782 1561 2828 et
1607 2775 1915 2830 beatissimo
1939 2791 2089 2844 papa:

517 2861 798 2927 Gregorio.
830 2860 896 2915 Et
925 2871 1117 2930 agente
1157 2878 1223 2917 eo
1278 2865 1643 2933 pmnitentiam
1697 2866 1863 2920 tribus
1916 2867 2085 2931 horis,

512 2950 747 3004 cucurrit
774 2950 1062 3006 Callinicus
1091 2953 1381 3020 exarchus,
1410 2962 1465 3007 et
1486 2954 1780 3020 Castorius,
1814 2956 2087 3011 chartula-

512 3042 620 3095 rius
650 3041 899 3097 Ecclesia:
928 3042 1205 3108 Romana),
1243 3060 1365 3099 cum
1395 3045 1690 3099 Mariniano
1730 3047 2003 3115 episcopo,
2034 3052 2089 3099 et

512 3132 859 3185 clevavcrunt
887 3148 1007 3187 eum
1040 3133 1108 3187 de
1147 3135 1295 3187 silice
1323 3152 1335 3186 :
1367 3135 1457 3201 qui
1485 3135 1645 3187 etiam
1673 3136 1834 3203 cmpit
1862 3135 2087 3203 amplio-

2190 1981 2357 2036 grave
2384 1966 2580 2019 malum
2605 1980 2699 2034 per
2722 1964 3098 2019 inobedientia:
3124 1966 3336 2034 culpam
3366 1966 3650 2030 addideris,
3680 1979 3779 2017 nos

2190 2065 2372 2110 tamen
2411 2055 2555 2111 sedis
2602 2056 2910 2125 apostolica:
2955 2056 3333 2110 auctoritatem
3363 2072 3428 2110 eo
3456 2072 3561 2125 quo
3590 2056 3779 2110 decuit

2187 2146 2554 2201 moderamine
2580 2154 2961 2216 temperantes,
3006 2161 3275 2214 nunquam
3319 2157 3499 2201 contra
3537 2155 3588 2200 te
3611 2160 3781 2213 usque

2189 2237 2365 2291 adhuc
2392 2246 2452 2290 ut
2478 2250 2638 2291 causa
2667 2236 2943 2304 poscebat,
2977 2235 3302 2300 exarsimus;
3332 2235 3425 2289 sed
3470 2242 3528 2289 ut
3573 2234 3781 2302 longius

2188 2342 2247 2382 se
2269 2325 2591 2395 ingratitudo
2621 2333 2823 2390 nostra,
2851 2339 3010 2393 quam
3044 2333 3096 2379 tu
3142 2325 3235 2379 tibi
3278 2324 3548 2387 excitasti,
3580 2322 3781 2392 produ-

2190 2425 2359 2480 ceret,
2387 2415 2589 2471 credita
2611 2430 2709 2469 nos
2736 2414 3036 2469 sollicitudo
3060 2416 3404 2469 vehementer
3431 2414 3685 2481 angebat,
3713 2424 3781 2466 ne

2192 2508 2438 2577 quaedam
2466 2505 2677 2573 illicita,
2702 2520 2823 2574 quae
2859 2505 2927 2559 de
2955 2514 3007 2559 te
3047 2506 3407 2570 audieramus,
3444 2504 3778 2571 negligenter

2190 2596 2443 2651 omittere
2470 2594 2794 2649 videremur.
2817 2594 2945 2660 Quae
2967 2594 3013 2648 si
3041 2596 3180 2650 bene
3206 2594 3530 2656 consideres,
3558 2594 3670 2661 ipse
3684 2606 3780 2660 per

2191 2694 2247 2739 te
2274 2684 2586 2740 satisfacere
2612 2682 2907 2737 differendo
2938 2683 3215 2750 tirmabas,
3258 2694 3420 2752 atque
3445 2699 3510 2736 ex
3538 2684 3645 2737 hoc
3682 2671 3779 2732 ad-

2191 2790 2401 2830 versum
2440 2782 2493 2828 te
2522 2773 2696 2828 zelum
2737 2780 2979 2827 nostrum
3029 2773 3209 2827 acrius
3268 2772 3547 2826 incitabas.
3583 2772 3652 2827 At
3692 2769 3785 2825 ubi

2192 2869 2394 2925 salubri
2424 2867 2638 2922 tandem
2666 2866 2895 2921 consilio
2926 2882 3071 2929 usus,
3099 2866 3227 2933 jugo
3258 2874 3309 2919 te
3338 2865 3654 2919 obedientia:
3681 2864 3783 2917 hu-

2192 2961 2391 3014 militer
2410 2956 2721 3021 submisisti,
2752 2968 2804 3010 et
2831 2955 3043 3010 dilectio
3077 2965 3163 3009 tua
3188 2954 3553 3023 pmnitentiam
3591 2969 3789 3019 agens,

2193 3050 2352 3117 digna
2379 3063 2457 3113 se,
2489 3060 2546 3099 ut
2565 3046 2954 3115 deputavimus,
2978 3044 3347 3099 satisfactione
3371 3045 3637 3111 purgavit,
3665 3043 3785 3095 red.

2194 3137 2358 3193 ditam
2390 3136 2483 3189 tibi
2510 3134 2732 3203 gratiam
2755 3133 3002 3186 fraternae
3031 3132 3305 3187 charitatis
3336 3132 3595 3199 intellige,
3622 3138 3787 3197 atque

513 3238 629 3276 rem
658 3223 1027 3291 paenitentiam
1056 3239 1238 3277 coram
1288 3224 1365 3277 eis
1411 3239 1586 3292 agere.
1620 3224 1771 3288 Quod
1801 3224 2089 3293 Gregorius
2118 3252 2165 3315 ρ
2198 3228 2254 3283 in
2282 3235 2467 3283 nostro
2491 3233 2545 3279 te
2571 3230 2844 3292 receptum
2868 3222 3141 3276 consortio
3164 3220 3464 3287 gratulare:
3492 3221 3619 3287 quia
3650 3220 3787 3273 sicut

514 3322 571 3363 ut
601 3311 829 3375 audivit,
878 3311 945 3364 ad
995 3312 1419 3365 misericordiam
1449 3314 1693 3381 protinus
1722 3314 1900 3382 rediit,
1931 3314 2090 3369 Mari-

514 3402 678 3455 niano
717 3402 970 3469 episcopo
1020 3401 1159 3455 inter
1207 3410 1397 3455 castora
1428 3404 1666 3458 scribens
1701 3420 1713 3455 :
1753 3422 1771 3454 ί
1800 3404 1982 3470 Qualis
2024 3406 2092 3460 de

516 3508 675 3547 causa
698 3491 911 3545 Maximi
936 3490 1280 3547 fraternitatis
1300 3503 1490 3547 vestra:
1520 3496 1766 3548 voluntas
1786 3496 1872 3560 sit,
1896 3510 1959 3549 ac
1982 3511 2093 3549 ma-

517 3586 599 3653 gis
633 3586 855 3654 petitio,
902 3585 1239 3654 przesentium
1270 3586 1439 3639 latore
1471 3585 1738 3652 Castorio,
1769 3587 2095 3642 chartulario

516 3688 725 3742 nostro,
755 3678 1117 3740 renuntiante,
1147 3679 1513 3745 cognovimus.
1560 3678 1813 3747 Ideoque,
1862 3680 1905 3732 si
1954 3679 2094 3732 idem

516 3769 777 3823 Maximus
798 3784 977 3823 coram
1000 3770 1151 3823 vobis
1182 3777 1244 3823 et
1261 3769 1517 3837 praedicto
1538 3770 1864 3823 chartulario
1889 3778 2094 3835 nostro,

516 3860 583 3912 de
613 3859 905 3913 simoniaca
934 3859 1123 3912 haeresi
1154 3860 1421 3928 pmstito,
1451 3875 1510 3913 se
1539 3869 1874 3913 sacramento
1904 3872 2098 3927 purga-

515 3952 673 4014 verit,
703 3959 861 4018 atque
907 3950 974 4004 de
1022 3949 1138 4003 aliis
1169 3957 1294 4003 ante
1324 3964 1521 4017 corpus
1566 3948 1739 4002 sancti
1776 3946 2099 4016 Apollinaris

516 4040 888 4095 tantummodo
911 4042 1217 4108 requisitus,
1243 4041 1468 4094 liberum
1494 4055 1553 4093 se
1576 4055 1693 4093 esse
1720 4038 2057 4108 responderit
2083 4055 2095 4089 :

515 4148 734 4185 causam
776 4132 938 4200 ipsius
978 4131 1323 4184 fraternitatis
1363 4140 1555 4183 vestra:
1584 4128 1652 4183 de
1699 4145 1797 4191 eo,
1829 4129 1972 4197 quod
2007 4144 2103 4182 ex-

516 4223 942 4275 connuunicatus
965 4223 1245 4275 missarum
1277 4221 1537 4275 solemnia
1565 4234 1723 4285 agere
1745 4220 2101 4289 praesumpsit,

518 4310 723 4376 iudicio
763 4311 1176 4376 committimus,
1231 4327 1355 4383 qu;
1384 4310 1579 4363 debeat
1627 4310 1939 4378 pmnitentia
1986 4311 2106 4363 talis

520 4404 680 4473 cu'pa
724 4403 959 4472 purgari.
1015 4403 1080 4456 Et
1135 4403 1256 4457 ideo
1311 4403 1567 4472 quidquid
1614 4405 1763 4458 vobis
1812 4404 2105 4458 secundum

520 4494 689 4549 Deum
722 4496 916 4563 placet,
947 4496 1120 4549 securi
1169 4495 1453 4563 disponite,
1490 4511 1589 4549 nec
1627 4496 1824 4564 aliquid
1854 4497 1920 4550 de
1949 4496 2104 4551 nobis

2195 3316 2664 3391 perseverantibus
2702 3316 2756 3369 in
2795 3315 2950 3383 culpa
2990 3313 3282 3378 districtos,
3314 3313 3386 3365 ita
3417 3312 3786 3380 resipiscenti~

2194 3410 2294 3464 bus
2332 3422 2431 3461 nos
2476 3405 2736 3472 benignos
2780 3404 2938 3458 decet
2980 3418 3098 3456 esse
3129 3402 3194 3453 ad
3225 3402 3455 3453 veniam.
3490 3400 3786 3467 Postquam

2196 3515 2325 3569 ergo
2353 3497 2657 3552 fraternitas
2686 3506 2775 3550 tua
2825 3494 3136 3563 apostolica:
3180 3493 3318 3546 scdis
3348 3493 3785 3545 communionem

2197 3605 2257 3644 se
2279 3602 2557 3658 reparasse
2580 3586 2875 3653 cognoscit,
2907 3599 3187 3653 personam
3212 3582 3277 3635 ad
3308 3598 3403 3635 nos
3432 3582 3786 3641 transmittat,

2198 3694 2315 3747 qua:
2344 3676 2558 3747 palfium
2589 3676 2683 3728 tibi
2709 3674 3053 3728 deferendum
3076 3658 3141 3726 e'x
3164 3687 3312 3725 more
3342 3672 3617 3740 percipiat.
3645 3668 3784 3723 Nam

2198 3767 2648 3838 quemadmodum
2679 3765 2861 3818 illicita
2892 3763 3185 3833 perpetrari
3210 3780 3314 3815 non
3343 3763 3594 3829 patimur,
3618 3762 3697 3814 sic
3718 3776 3786 3814 ea

2200 3876 2316 3929 qua:
2341 3868 2464 3914 sunt
2485 3857 2885 3911 consuetudinis
2909 3872 3011 3909 non
3035 3871 3306 3923 negamus.
3342 3855 3489 3909 Licet
3510 3866 3688 3907 autem
3713 3855 3784 3906 ad

2201 3954 2315 4006 hmc
2331 3948 2670 4004 concedenda
2696 3947 3023 4015 dispensatio
3042 3960 3137 3999 nos
3158 3945 3259 3998 loci
3283 3945 3445 3998 nostri
3468 3960 3655 3997 γινοίινι
3673 3944 3743 3995 rit
3766 3960 3781 3993 :

2201 4040 2426 4094 multum
2456 4046 2631 4090 tamen
2656 4050 2685 4089 a
2707 4036 2861 4090 nobis
2892 4035 3075 4103 petitio
3098 4033 3390 4087 dulcissimi
3414 4042 3573 4100 atque
3599 4032 3784 4085 excel-

2202 4128 2480 4183 lentissimi
2529 4126 2621 4178 filii
2671 4124 2861 4187 nostri,
2910 4123 3093 4175 domui
3141 4122 3381 4175 Gallinici
3432 4119 3676 4185 exarclri,
3730 4128 3785 4172 ut

2203 4218 2588 4288 temperantius
2632 4230 2756 4283 erga
2790 4225 2841 4268 te
2882 4228 3179 4281 ageremus,
3227 4210 3436 4279 exegit;
3467 4226 3496 4263 c
3522 4209 3618 4276 tjus
3653 4210 3786 4261 cha—

2202 4310 2468 4364 rissimam
2490 4306 2840 4368 voluntatem,
2874 4320 2973 4357 nec
2994 4303 3339 4373 pertulimus,
3383 4316 3481 4355 nec
3510 4302 3782 4370 potuimus

2205 4395 2540 4450 contristare.
2580 4411 2598 4443 ι
2636 4390 2776 4461 (Lib.
2801 4408 2875 4459 ix,
2902 4407 2984 4461 ep.
3017 4389 3095 4461 8.)

2283 4488 2369 4541 16.
2404 4485 2667 4540 Ρι-ωιετθθ
2710 4485 3087 4555 cupidissimus
3126 4500 3190 4539 ac
3219 4484 3587 4538 tenacissimus
3616 4482 3787 4552 impe-

518 4587 741 4641 dubium
764 4584 1026 4638 habeatis.
1066 4583 1198 4638 Nam
1221 4583 1475 4652 quidquid
1498 4600 1525 4636 a
1552 4584 1701 4637 vobis
1728 4585 1826 4638 hac
1846 4584 1913 4638 de
1943 4599 2101 4638 causa
2132 4612 2184 4670 Β
2207 4587 2377 4645 rator,
2406 4578 2495 4646 qui
2524 4577 2996 4632 consuetudinibus
3019 4577 3398 4646 antiquissimis
3419 4576 3683 4638 dationes,
3715 4576 3789 4630 le-

518 4679 679 4731 t’uerlt
708 4676 1035 4741 ordinatum,
1066 4690 1165 4728 nos
1193 4684 1248 4729 et
1276 4685 1424 4743 grate
1462 4676 1801 4744 suscipimus,
1835 4684 1889 4730 et
1921 4676 2103 4730 liben-

518 4779 604 4823 trr
648 4768 997 4823 admittimus.
1056 4766 1345 4822 Hortamur
1394 4778 1571 4822 tamen
1605 4776 1662 4822 ut
1687 4768 1925 4824 debeatis
1983 4785 2104 4825 esse

520 4860 765 4923 solliciti,
819 4865 874 4913 et
919 4859 995 4914 ita
1041 4873 1159 4927 qua:
1206 4856 1380 4913 ﬂenda
1409 4859 1738 4928 conspicitis,
1770 4858 2097 4928 temperetis,

519 4961 787 5019 quatenus
814 4951 982 5016 etil'i,
1011 4951 1055 5005 si
1086 4952 1156 5003 ita
1187 4950 1473 5013 videbitur,
1506 4951 1938 5005 communionem
1964 4962 2099 5018 prm-

518 5044 704 5111 strtis,
727 5052 783 5098 et
810 5042 1009 5110 vigoris
1034 5041 1385 5097 ecclesiastici
1411 5041 1624 5109 genium
1651 5054 1902 5109 congrua,
1935 5049 1994 5093 ut
2039 5055 2100 5094 o-

520 5145 726 5209 portet,
776 5134 1177 5205 dispensatione
1220 5134 1466 5188 servetis.
1508 5132 1939 5203 Suprascriptum
1969 5146 2101 5184 vero

521 5228 838 5297 portitorem
879 5227 932 5281 in
966 5227 1117 5298 131
1150 5226 1400 5296 praesenti
1436 5223 1566 5293 quid
1597 5224 1753 5277 vobis
1779 5237 1901 5276 cum
1930 5236 1997 5276 eo
2031 5221 2101 5275 sit

520 5320 785 5387 agendum
809 5318 1157 5373 instruximus
1183 5333 1195 5368 :
1225 5331 1255 5369 a
1293 5330 1403 5383 quo
1431 5322 1627 5368 cuncta
1657 5312 1927 5368 subtiliter
1952 5311 2101 5366 addi-

524 5417 759 5477 scentes,
787 5409 865 5463 sic
894 5423 990 5463 vos
1019 5408 1072 5460 in
1101 5406 1350 5461 omnibus
1392 5403 1671 5467 exhibete,
1720 5412 1778 5456 ut
1824 5402 1878 5455 in
1926 5411 2101 5455 vestra

520 5499 883 5555 sollicitudine
913 5507 1152 5554 nostram
1179 5497 1340 5552 fuisse
1365 5495 1704 5565 praesentiam
1733 5495 2045 5549 sentiamus.
2078 5513 2099 5545 ›

598 5594 685 5643 14.
712 5588 845 5643 Item
872 5588 1141 5651 Castorio,
1165 5596 1221 5643 et
1241 5587 1453 5641 notario
1475 5596 1531 5641 et
1550 5585 1873 5641 chartulario
1896 5584 2107 5639 Raven-

525 5695 609 5735 na:
626 5697 641 5733 :
661 5698 679 5731 ι
698 5680 911 5746 Quanto
932 5679 1078 5738 credi
1102 5678 1194 5732 tibi
1223 5685 1277 5732 et
1303 5677 1634 5731 necessarias
1653 5676 1802 5731 vides
1825 5691 2013 5731 causas
2034 5676 2111 5729 in-

526 5771 693 5841 iungi,
718 5777 869 5825 tanto
921 5776 974 5824 te
1016 5769 1188 5836 magis
1229 5774 1506 5821 strenuum
1545 5766 1707 5820 debes
1744 5775 1798 5819 et
1823 5766 2107 5820 sollicitum

533 5862 807 5919 (nubere.
839 5857 1071 5917 Proinde
1096 5857 1145 5917 si
1171 5855 1434 5916 Maximus
1479 5854 1841 5921 Salonitanus,
1872 5856 2111 5925 ptzcstito

2206 4670 2424 4738 gionum
2456 4682 2669 4736 quoque
2696 4666 2893 4720 milites
2920 4667 3375 4734 frequentissime,
3403 4667 3556 4720 sicuti
3591 4664 3789 4718 Roma-

2174 4776 2397 4855 ‘norum
2426 4768 2610 4812 narrat
2654 4758 2904 4821 historia,
2931 4757 3302 4823 defraudabat,
3331 4771 3556 4810 cernens
3586 4754 3791 4821 Grego-

2204 4854 2340 4906 rium
2370 4860 2557 4906 contra
2586 4865 2773 4903 omnes
2796 4850 2977 4902 mundi
2994 4849 3269 4918 strepitus,
3302 4848 3671 4916 augustalihus
3694 4848 3789 4901 de-

2202 4943 2556 5006 fensionibus,
2586 4957 2811 5010 quarum
2851 4940 3104 5008 suffragio
3134 4941 3200 4994 ad
3230 4956 3408 4995 arcem
3450 4939 3794 5010 pontificatus

2202 5036 2344 5089 hunc
2373 5048 2429 5089 se
2451 5034 2763 5103 provexisse
2790 5033 3044 5102 jactabat,
3078 5034 3288 5102 penitus
3317 5049 3421 5086 non
3455 5046 3614 5100 cgere
3640 5049 3653 5082 :
3688 5031 3793 5084 imo

2203 5124 2478 5181 canonicis
2506 5123 2933 5188 auctoritatibus,
2961 5124 3261 5177 sanctitatis
3283 5138 3348 5176 ac
3366 5121 3659 5191 prudentiae
3688 5136 3796 5174 sua)

2204 5216 2515 5282 virtutibus,
2544 5213 2759 5267 Christo
2789 5213 3047 5283 propitio,
3098 5214 3305 5269 cunctis
3331 5216 3437 5267 afta
3467 5214 3796 5281 sapientibus

2206 5306 2496 5376 prtevalere
2526 5323 2537 5357 :
2570 5305 2635 5358 ad
2674 5304 2853 5359 odium
2894 5305 3391 5372 detractionemque
3448 5304 3601 5357 fama:
3656 5305 3799 5357 illius

2207 5398 2373 5466 magis
2403 5397 2679 5467 magisque
2708 5412 3000 5451 conversus
3036 5405 3141 5463 est,
3175 5396 3548 5450 liberalitatem
3582 5394 3797 5463 pontiﬁ-

2207 5490 2304 5553 cis,
2332 5489 2456 5558 quia
2490 5488 2750 5543 l‘amclicis
2801 5490 2956 5559 132
2998 5489 3256 5543 militibus
3288 5496 3396 5541 tam
3429 5488 3799 5541 ecclesiastica

2208 5597 2368 5651 quam
2399 5580 2608 5650 publica
2651 5582 2916 5635 frumenta
2945 5580 3231 5648 diviserat,
3271 5582 3509 5635 subdolis
3542 5581 3795 5634 assertio-

2210 5673 2367 5726 nibus
2408 5672 2822 5742 reprehendens.
2856 5672 2951 5726 Cui
2982 5670 3291 5739 Gregorius,
3324 5681 3510 5740 utpote
3539 5672 3629 5741 qui
3676 5688 3797 5740 pro.

2211 5764 2516 5819 vectionem
2560 5778 2712 5816 suam
2743 5762 2926 5818 divino
2971 5762 3202 5830 judicio,
3257 5762 3309 5825 in
3348 5763 3499 5831 enjus
3546 5762 3803 5819 nimirqu

2216 5869 2377 5910 manu
2423 5851 2587 5909 corda
2638 5867 2823 5923 regum
2864 5852 3210 5910 consistentia
3258 5853 3438 5924 (Prov.
3491 5852 3623 5925 xxi),
3658 5869 3792 5924 quo-
