3992 6308
193 357 294 412 IS!

191 557 464 610 favoribus
475 555 791 624 deptttahat,
807 570 939 607 voce
963 555 1127 608 libera
1144 557 1536 615 Contradicens.
1559 557 1646 610 his
1659 574 1780 612 eum

193 646 630 714 resprmsionibus
667 645 841 714 fregit,
873 645 1201 714 deturpavit,
1234 657 1396 714 atque
1427 649 1683 701 nonnulla
1715 651 1781 704 de

190 738 368 790 futuro
400 738 491 790 Dei
520 737 720 803 judicio
740 737 1054 790 disserendo
1085 735 1349 791 deterruit
1379 758 1389 790 :
1419 757 1436 789 ι
1470 738 1524 791 In
1553 741 1785 793 serenis-

190 831 356 888 t-irnis,
412 829 606 897 inquit,
649 829 981 895 jussinnibns
1032 831 1143 882 suis
1195 832 1538 884 dominorum
1590 833 1778 900 pietas,

188 924 314 972 dum
347 935 432 973 nte.
457 920 523 972 de
563 919 880 987 quibusdam
928 919 1250 990 redarguere
1273 923 1489 982 studuit.
1516 922 1783 989 parcendo

190 1030 220 1060 ιι
245 1012 321 1064 ilti
354 1011 573 1065 minime
602 1010 865 1078 pepercit.
897 1010 1030 1064 Nam
1065 1012 1115 1064 in
1138 1013 1216 1064 eis
1239 1013 1456 1066 urbanae
1480 1012 1783 1081 simplicita-

182 1101 258 1149 tis
287 1102 556 1154 vocabulo
584 1116 670 1154 me
700 1100 901 1154 fatuum
926 1103 1180 1170 appellat.
1207 1102 1262 1156 In
1281 1103 1552 1170 Scriptura
1581 1103 1780 1157 etenim

186 1202 344 1238 sat-ra
377 1204 500 1241 cum
536 1188 588 1242 in
631 1189 770 1242 bona
816 1190 1166 1257 intelligentia
1198 1191 1510 1260 simplicitas
1538 1192 1775 1259 ponitur,

188 1277 478 1342 vigilanter
524 1294 668 1345 smpe
715 1279 1010 1346 prudentiae
1039 1288 1131 1333 aut
1173 1282 1476 1335 rectitudini
1521 1281 1776 1335 sociatur.

186 1369 348 1424 Unde
374 1375 539 1428 etiam
570 1375 637 1428 de
664 1373 824 1427 brato
849 1373 950 1428 Job
975 1375 1230 1442 scriptum
1253 1382 1334 1426 est
1365 1391 1379 1425 :
1407 1373 1537 1426 Erat
1559 1375 1634 1426 vir
1657 1376 1782 1426 sim—

180 1465 312 1528 p'ea:
333 1473 390 1516 et
413 1476 582 1518 rectus
614 1464 752 1532 (Job.
789 1480 824 1523 ι.
857 1464 932 1534 1).
967 1463 1032 1517 Ει
1059 1465 1247 1517 beatus
1273 1462 1465 1516 Paulus
1507 1464 1781 1532 apostolus

178 1552 482 1614 admonet,
532 1556 714 1609 dicens
744 1574 756 1606 :
798 1554 976 1609 Estote
1017 1555 1272 1621 simplices
1310 1557 1362 1606 in
1393 1555 1550 1620 malo,
1581 1565 1628 1608 et
1658 1574 1782 1623 pru-

171 1646 374 1701 dentes
405 1651 458 1702 in
491 1649 816 1717 bono(Rom.
866 1663 971 1709 xvi,
1027 1647 1153 1710 t9).-
1173 1645 1238 1698 Et
1283 1661 1379 1714 per
1432 1649 1780 1716 semctipsam

175 1734 409 1790 Veritas
459 1739 509 1790 in
551 1737 832 1804 Evangelio
860 1736 1132 1798 admonet,
1177 1735 1360 1789 dicens
1393 1753 1406 1788 :
1441 1735 1618 1790 Estote
1649 1755 1778 1807 pru-

757 351 821 408 S.-
853 351 1181 409 GREGORII
1221 354 1435 410 MAGNI
1477 353 1665 416 VITA,
1707 351 1914 408 AUCT.
1956 349 2220 408 JOANNE
2264 354 2574 412 Dl.\CON0.
2619 359 2745 416 LIB.
2792 361 2878 416 lV.

190 480 424 536 cumque
451 464 693 526 voluerit,
726 463 1066 529 inclinantur,
1105 481 1209 520 non
1258 468 1474 522 caducis
1521 469 1770 524 humanis
1804 470 1849 527 A
1877 467 2132 535 scriptum
2199 478 2280 522 cst
2332 488 2342 520 :

3355 369 3462 424 182

2399 471 2507 526 Diis
2559 490 2660 528 non
2710 475 2949 529 detraltes
3007 474 3180 546 (Ibid.
3235 490 3474 553 sunt),

1888 556 2094 610 scilicet
2141 559 2528 615 sacerdotibus.
2581 563 2646 616 Et
2696 565 2959 634 propheta
3007 567 3127 621 ait:
3173 567 3338 622 Labia
3384 589 3479 623 sa-

1889 649 2110 702 cerdotis
2143 651 2292 720 133
2321 654 2610 706 custodiunt
2631 658 2915 722 scientiam,
2941 667 2989 711 et
3017 660 3177 729 legem
3206 662 3472 730 requirent

1889 753 1954 790 ea:
1975 756 2064 791 ore
2092 739 2224 808 ejus,
2257 743 2377 810 quia
2406 745 2616 813 angelus
2644 744 2855 799 Domini
2885 751 3197 802 exercituum
3226 759 3300 802 est
3333 750 3408 820 (Μ
3419 768 3474 802 α-

1887 829 2025 881 ιαεΙι.
2058 846 2112 893 ιι,
2147 832 2220 899 7).
2252 833 2386 896 Quid
2409 848 2538 900 ergo
2562 838 2756 890 mirunt
2785 839 2829 891 si
2859 839 2978 893 illos
3005 851 3179 894 vestra
3204 843 3374 909 pietas
3393 843 3473 895 di.

1886 927 2082 984 gnctttr
2136 921 2428 990 honorare,
2475 926 2670 993 quibus
2718 929 2769 981 in
2805 945 2902 984 suo
2945 931 3162 999 eloquio
3212 933 3472 986 honorem

1887 1011 2151 1073 tribuens,
2176 1029 2268 1066 eos
2295 1025 2390 1068 attt
2419 1019 2657 1085 angelos,
2683 1029 2777 1073 aut
2804 1021 2936 1075 deos
2959 1023 3072 1090 ipse
3100 1025 3263 1077 etiam
3293 1025 3477 1092 appel-

1885 1101 1966 1154 lat-
1988 1102 2159 1156 Dens?
2188 1103 2561 1161 Ecclesiastica
2590 1123 2804 1177 quoque
2829 1119 3058 1167 testatur
3081 1115 3324 1181 historia,
3349 1115 3476 1182 quia

1885 1205 2006 1244 cum
2058 1193 2158 1260 pia.-
2202 1195 2475 1248 memoria:
2502 1195 2858 1252 Constantino
2905 1202 3133 1272 principi
3167 1203 3218 1256 in
3275 1207 3476 1274 scripto

1884 1281 2080 1336 oblata:
2109 1285 2481 1340 accusationes
2517 1295 2707 1340 contra
2759 1289 3044 1358 episcopos
3087 1290 3352 1357 fuissent,
3405 1293 3473 1346 li-

1883 1369 2057 1426 bellos
2122 1373 2338 1440 quidem
2411 1376 2772 1430 accusationis
2827 1379 3067 1444 accepit,
3136 1387 3192 1432 et
3251 1381 3472 1434 eosdem

1884 1463 1976 1531 qui
2005 1466 2238 1519 accusati
2263 1464 2476 1520 fuerant
2515 1468 2799 1537 episcopos
2827 1484 3156 1538 convocans,
3185 1470 3238 1524 in
3277 1486 3469 1525 eorum

1886 1565 2179 1622 conspectu
2205 1556 2432 1621 libellos,
2463 1571 2597 1622 quos
2624 1565 2928 1625 acceperat,
2957 1558 3210 1624 incendit,
3243 1560 3426 1614 dicens
3450 1579 3465 1613 :

1895 1644 1999 1699 Vos
2029 1646 2101 1699 dii
2121 1647 2243 1700 estis
2264 1664 2294 1699 a
2312 1664 2428 1701 vero
2455 1646 2561 1702 Deo
2580 1649 2861 1702 constituti.
2887 1647 2986 1712 Ite,
3010 1659 3059 1702 et
3080 1651 3216 1702 inter
3238 1667 3320 1702 ros
3347 1666 3469 1703 cuu-

1887 1753 1973 1791 sas
2006 1748 2200 1792 vestras
2229 1739 2486 1809 disponite
2512 1756 2530 1792 :
2561 1741 2680 1803 quia
2709 1741 2921 1810 dignum
2950 1758 3051 1794 non
3081 1752 3156 1795 est
3177 1751 3232 1794 ut
3260 1759 3352 1796 nos
3375 1743 3469 1812 ju-

171 1823 367 1876 dentes
419 1826 553 1876 sicut
604 1833 889 1892 serpentes,
953 1833 1004 1876 et
1053 1824 1306 1892 simplices
1359 1825 1491 1878 sicut
1532 1826 1780 1882 co'umbce
1810 1832 1858 1892 B
1885 1828 2112 1882 dicemus
2140 1830 2280 1883 deos.
2316 1829 2371 1882 In
2419 1845 2524 1898 qua
2571 1841 2748 1884 tamen
2778 1832 3064 1896 sententia,
3117 1832 3203 1900 pie
3230 1832 3468 1896 domine,

175 1911 408 1983 (Matth.
440 1913 635 1980 x,16),
684 1928 803 1968 esse
855 1914 1009 1968 valde
1053 1913 1242 1968 inutile
1280 1915 1561 1982 judicans,
1598 1917 1642 1970 si
1689 1925 1782 1970 aut

175 2003 518 2073 simplicitati
545 2003 842 2072 prudentia,
862 2013 954 2057 aut
973 2005 1270 2072 prudentim
1285 2006 1600 2072 simplicitas
1619 2006 1776 2062 desit.

179 2092 264 2150 Ut
284 2109 413 2162 ergo
439 2109 622 2149 servos
650 2110 776 2150 suos
797 2095 863 2147 ad
887 2103 1080 2149 cuncta
1107 2095 1348 2149 eruditos
1372 2095 1632 2158 eﬂiccret,
1657 2110 1779 2151 esse

174 2200 288 2240 eos
318 2193 372 2238 et
400 2185 671 2253 simplices
709 2185 849 2239 sicut
876 2185 1175 2250 columbas,
1193 2194 1248 2238 et
1272 2185 1560 2253 prudentes
1587 2195 1645 2239 ut
1665 2202 1780 2241 ser-

178 2289 379 2350 pentcs
411 2296 525 2334 esse
559 2279 742 2340 voluit,
768 2287 1031 2345 quatenus
1059 2279 1110 2332 in
1141 2279 1222 2335 eis
1248 2287 1303 2332 et
1331 2279 1596 2347 serpentis
1627 2287 1777 2332 astu-

179 2369 258 2422 tia
287 2368 552 2422 columba:
580 2368 980 2436 simplicitatem
1010 2375 1249 2433 acueret,
1279 2376 1333 2421 et
1359 2367 1620 2420 columbae
1648 2368 1778 2421 sim-

182 2459 403 2526 p’icitas
431 2460 694 2528 serpentis
719 2458 969 2513 astutiam
999 2465 1343 2524 temperaret.
1369 2455 1479 2523 Ego
1509 2457 1666 2524 igitur
1685 2457 1777 2524 qui

180 2551 234 2604 in
267 2551 632 2604 sereoi~sintis
668 2549 1013 2603 dominorum
1047 2547 1382 2616 jussionibus
1423 2548 1490 2602 ab
1532 2548 1776 2617 Ariulphi

177 2643 386 2695 astutia
433 2643 723 2711 decrptns,
775 2655 880 2693 non
927 2638 1177 2708 adjuncta
1227 2639 1504 2707 trudentia
1549 2640 1777 2710 simplex

182 2731 502 2794 denuntior,
529 2739 742 2786 constat
771 2729 1128 2798 proculdubio
1156 2729 1282 2797 quia
1312 2728 1488 2782 fatuus
1515 2729 1776 2797 appellor,

179 2820 331 2889 quod
359 2820 433 2873 ita
457 2835 575 2874 esse
601 2835 702 2888 ego
731 2834 946 2887 quoque
993 2819 1106 2887 ipse
1131 2817 1408 2872 conﬁteor.
1444 2817 1574 2872 Nam
1600 2819 1644 2873 si
1675 2820 1778 2874 hoc

182 2919 366 2965 vestra
398 2911 569 2981 pietas
593 2919 786 2975 taceat,
820 2923 994 2963 causae
1022 2909 1271 2963 clamant.
1307 2908 1419 2977 Ego
1443 2909 1601 2971 enim,
1635 2911 1676 2963 si
1700 2911 1780 2963 fa-

185 3015 311 3061 tuus
360 3024 470 3061 nort
497 3007 731 3070 fuissent,
764 3005 831 3058 ad
863 3007 962 3059 ista
1006 3004 1284 3057 toleranda
1313 3019 1432 3072 qua:
1471 3004 1609 3056 inter
1638 3001 1779 3056 Lan-

179 3096 550 3164 gobardorum
591 3095 795 3163 gladios
836 3093 937 3147 hoc
968 3094 1020 3146 irt
1053 3093 1172 3146 loco
1205 3093 1403 3160 patior,
1434 3092 1654 3145 minime
1682 3105 1775 3144 ve-

1888 1922 1989 1976 sibi
2019 1924 2189 1993 magis
2229 1938 2292 1978 ex
2323 1923 2645 1986 humilitate,
2675 1903 2970 1992 quanfillis
2997 1923 3196 1992 aliqttid
3228 1923 3470 1990 pratstitit

1885 2026 1951 2065 ex
1983 2011 2286 2066 reverentia
2327 2013 2586 2078 impensa.
2634 2012 2774 2066 Ante
2811 2027 2933 2065 eum
2964 2013 3162 2080 quippe
3191 2011 3383 2080 pagani
3417 2013 3468 2065 in

1879 2100 2153 2170 republica
2175 2101 2442 2170 principes
2468 2099 2699 2167 fuerunt,
2724 2102 2814 2169 qui
2832 2115 3019 2155 verum
3045 2101 3209 2154 Deum
3235 2101 3470 2156 nescien-

1879 2200 1981 2255 tes,
2015 2193 2145 2247 deos
2184 2193 2390 2261 ligneos
2417 2202 2470 2246 et
2500 2194 2740 2262 lapideos
2770 2193 3039 2255 colebant,
3075 2201 3131 2247 et
3161 2200 3338 2246 tamen
3370 2207 3468 2246 eo-

1877 2297 1996 2336 rum
2045 2283 2413 2338 sacerdotibus
2469 2283 2733 2338 bonorem
2788 2284 3079 2336 maximum
3139 2284 3467 2338 tribmbant.

1877 2371 2014 2438 Quid
2037 2373 2197 2441 igitur
2225 2374 2442 2436 mirum,
2473 2375 2516 2428 si
2543 2373 2879 2429 Christianus
2906 2374 3205 2444 imperator
3229 2375 3340 2430 veri
3374 2375 3428 2428 D.
3453 2377 3467 2430 i

1875 2465 2182 2519 sacerdotes
2225 2464 2473 2533 dignetur
2503 2465 2795 2532 honorare,
2841 2465 2966 2518 dum
2999 2467 3212 2534 pagani.
3243 2475 3301 2518 ttt
3332 2481 3466 2535 pra:-

1876 2556 2128 2617 diximus,
2159 2557 2429 2625 principes
2459 2557 2717 2611 honorem
2749 2558 3059 2626 impendere
3087 2557 3464 2611 sacerdotibus

1878 2655 2164 2710 noverunt,
2195 2647 2286 2713 qui
2315 2647 2416 2700 diis
2441 2647 2628 2714 ligneis
2648 2655 2702 2700 et
2731 2645 2952 2714 lapideis
2972 2643 3467 2700 serviebant?‘~ll:ec

1877 2749 1980 2803 ego
2010 2736 2196 2804 pietati
2245 2736 2583 2790 dominorum
2611 2752 2716 2791 non
2750 2753 2846 2806 pro
2874 2752 2978 2800 me,
3008 2737 3101 2790 sed
3133 2751 3230 2801 pro
3257 2737 3466 2789 cunctis

1879 2827 2249 2881 sacerdotibus
2267 2840 2516 2894 suggero.
2549 2827 2660 2894 Ego
2682 2829 2826 2882 enim
2849 2836 3103 2896 peccator
3125 2827 3288 2880 homo
3311 2843 3468 2894 sum;

1879 2923 1936 2969 et
1953 2915 2078 2984 quia
2092 2915 2442 2984 omnipotenti
2468 2915 2575 2968 Deo
2592 2916 2923 2968 incessanter
2935 2917 3176 2984 quotidie
3189 2917 3468 2984 delinquo,

1877 3007 2096 3077 aliquod
2122 3008 2248 3060 mihi
2273 3007 2411 3076 apud
2435 3006 2765 3061 tremendum
2793 3022 3018 3060 examen
3052 3006 3190 3060 illius
3235 3022 3356 3061 esse
3380 3023 3467 3060 re-

1879 3102 2111 3155 medium
2140 3102 2405 3170 suspicor,
2435 3102 2478 3155 si
2510 3101 2897 3155 incessantibus
2927 3101 3166 3168 quotidie
3197 3101 3366 3169 plagis
3389 3100 3468 3155 fo-

186 3187 410 3239 nissem.
439 3185 495 3238 In
525 3201 587 3237 ea
616 3192 793 3238 autem
829 3197 888 3238 re
923 3198 1086 3252 quam
1114 3182 1179 3235 de
1217 3182 1477 3250 Ariulplto
1509 3179 1770 3250 perhibui,

1882 3195 2006 3248 rior.
2036 3193 2104 3246 Et
2127 3195 2290 3248 credo
2317 3195 2440 3262 quia
2462 3194 2708 3248 eumdem
2730 3193 3152 3262 omnipotentem
3181 3192 3466 3246 Dominum

182 3276 309 3344 quia
341 3285 459 3328 toto
486 3275 649 3328 corde
677 3274 857 3328 venire
898 3275 961 3326 ad
993 3273 1373 3341 rempubTicam
1418 3280 1634 3340 paratus
1656 3271 1772 3336 fuit,

181 3370 310 3421 dunt
345 3368 476 3420 tttilti
522 3383 625 3420 non
664 3366 924 3431 creditur,
969 3366 1134 3419 etiam
1164 3365 1416 3418 mentitus
1446 3379 1564 3418 esse
1596 3378 1778 3432 repre-

185 3460 420 3514 hendor.
471 3460 577 3513 Sed
617 3460 716 3513 etsi
763 3460 1012 3513 sacerdos
1055 3474 1162 3512 non
1199 3474 1338 3524 sunt,
1396 3459 1507 3513 scio
1558 3473 1776 3526 gravem

185 3568 307 3606 esse
351 3553 493 3606 hanc
523 3551 769 3619 injuriam
799 3551 1097 3613 sacerdoti,
1150 3559 1208 3603 ut
1253 3550 1463 3602 veritati
1507 3550 1776 3615 serviens,

187 3643 351 3696 fallax
381 3644 651 3698 cr-..-datur.
684 3642 748 3695 Et
772 3642 970 3695 dudum
996 3643 1118 3694 novi
1145 3651 1169 3676 θ
1193 3641 1444 3708 queuiam
1469 3639 1778 3708 Nordulpho

186 3735 305 3803 plus
357 3744 441 3787 est
487 3734 748 3787 creditum
787 3749 946 3802 quam
992 3733 1142 3795 tnilti,
1171 3731 1336 3786 Leoni
1363 3732 1588 3799 amplius
1617 3747 1777 3800 quam

185 3826 342 3877 mibi.
387 3823 452 3876 Et
481 3840 624 3878 nunc
665 3825 773 3890 eis,
823 3823 915 3890 qui
957 3837 1075 3877 esse
1116 3823 1183 3874 ad
1226 3821 1458 3873 medium
1509 3820 1776 3887 videntur,

190 3918 480 3986 plusquam
513 3917 648 3970 meis
679 3916 1066 3970 assertionibus
1111 3913 1400 3968 credulitas
1431 3913 1775 3981 impenditur.

188 4009 498 4075 thuidem
544 4009 589 4062 si
635 4015 791 4062 terrae
831 4023 963 4060 mea:
1014 4006 1296 4075 captivizas
1333 4021 1431 4073 per
1468 4004 1779 4073 quotidiana

188 4111 463 4155 momenta
493 4116 601 4153 mn
631 4108 985 4164 excresceret,
1012 4098 1078 4151 de
1105 4097 1452 4166 despectionc
1475 4113 1592 4151 mea
1621 4105 1780 4164 atque

189 4192 438 4245 irri-ione.
485 4192 639 4244 hctus
678 4198 933 4242 tacerem.
987 4187 1091 4241 Sed
1146 4187 1249 4241 hoc
1299 4203 1385 4240 me
1431 4187 1781 4239 vehementer

190 4282 274 4336 am
297 4286 396 4352 git,
429 4284 554 4351 quia
589 4282 727 4334 unde
765 4295 864 4348 ego
892 4280 1094 4334 crimen
1144 4279 1390 4334 falsitatis
1431 4279 1626 4343 tolero,
1658 4277 1780 4331 inde

189 4373 336 4428 italia
369 4373 614 4443 quotidie
643 4372 854 4426 ducitur
879 4372 978 4425 sub
1007 4370 1480 4436 Langobardorum
1523 4370 1652 4438 jugo
1689 4384 1779 4422 ca-

191 4469 331 4536 ptiva
353 4484 367 4529 ;
393 4467 631 4534 dumque
654 4463 786 4517 meis
815 4463 1246 4530 suggestionibus
1277 4461 1327 4514 in
1355 4461 1500 4514 nullo
1521 4461 1775 4522 creditur,

1879 3293 2030 3338 tanto
2060 3285 2210 3338 vobis
2239 3285 2467 3352 amplius
2494 3284 2738 3352 placatis,
2771 3292 2972 3350 quanto
2995 3283 3042 3335 ei
3067 3298 3152 3336 me
3180 3283 3320 3336 male
3349 3298 3464 3336 ser-

1877 3376 2112 3429 vientem
2150 3374 2442 3428 districtius
2469 3371 2720 3439 allligitis.
2757 3372 2951 3425 Mult'ts
2979 3372 3246 3439 enimjam
3279 3373 3466 3439 plagas

1877 3479 2212 3533 acceperant,
2245 3472 2318 3528 et,
2367 3461 2869 3530 supervenientibus
2898 3459 3236 3514 dominorum
3262 3459 3466 3527 jussin-

1879 3555 2055 3619 nibus,
2087 3553 2264 3608 inveni
2291 3553 2718 3623 consolationem
2750 3567 2911 3621 quam
2943 3567 3048 3604 non
3071 3549 3375 3620 sperabam.
3408 3548 3466 3604 Si

1879 3659 2120 3712 possunt,
2169 3642 2264 3695 has
2292 3642 2542 3695 celeriter
2574 3641 2755 3710 plagas
2785 3655 3064 3694 enumcro.
3099 3637 3280 3692 Primo
3320 3638 3470 3706 quod

1879 3735 2008 3788 ntihi
2037 3751 2141 3803 pax
2189 3733 2452 3788 subducta
2482 3742 2584 3797 est,
2625 3749 2787 3800 quant
2827 3750 2948 3786 cum
2998 3732 3371 3798 Langobardis
3415 3733 3468 3788 in

1881 3823 2074 3877 Tuscia
2094 3824 2281 3891 positis
2307 3824 2422 3875 sine
2451 3825 2560 3876 ullo
2579 3824 2884 3891 reipublica:
2907 3823 3184 3890 dispendio
3211 3824 3464 3876 feceram.

1881 3916 2107 3979 Deinde,
2142 3923 2392 3982 corrupta
2436 3929 2592 3982 pace,
2642 3914 2708 3966 de
2740 3913 2979 3965 Romana
3011 3912 3229 3966 civitate
3274 3911 3470 3968 milites

1881 4006 2042 4058 ablati
2065 4013 2205 4058 sunt.
2233 4001 2294 4055 Et
2316 4003 2530 4071 quidem
2553 4003 2644 4056 alii
2665 4003 2733 4056 ab
2756 4003 3000 4056 hostibus
3023 4002 3204 4066 occisi,
3229 4001 3317 4055 alii
3339 4017 3470 4056 vero

1881 4096 2092 4150 Narniis
2118 4105 2172 4149 et
2198 4094 2418 4149 Perusio
2452 4094 2643 4164 positi;
2683 4103 2737 4149 et
2767 4105 2823 4148 ιιι
2861 4093 3138 4148 Perusium
3172 4103 3478 4161 teneretur,

1883 4187 2053 4242 ltoma
2093 4186 2276 4241 relicta
2309 4195 2410 4241 cst.
2445 4186 2570 4241 Posr
2595 4187 2707 4241 haec
2731 4187 2884 4255 plaga
2910 4186 3125 4256 gravior
3146 4186 3244 4238 fuit
3265 4186 3468 4239 adven-

1883 4287 1967 4332 tus
2005 4279 2294 4347 Agilulplti,
2326 4278 2396 4330 ita
2431 4286 2487 4330 ut
2526 4279 2696 4332 oculis
2726 4278 2859 4332 meis
2888 4293 3166 4331 cernerem
3196 4276 3472 4332 Romanos

1881 4388 2032 4426 tnore
2061 4387 2255 4425 canum
2286 4371 2336 4423 irt
2383 4369 2534 4424 collis
2573 4368 2786 4423 funibus
2815 4370 3027 4437 ligatos,
3069 4369 3160 4437 qui
3187 4369 3253 4422 ad
3296 4366 3468 4421 Fran-

1882 4465 2018 4518 ciam
2047 4463 2380 4517 duci-bantur
2401 4461 2637 4515 venales.
2669 4460 2734 4514 Et
2761 4462 2882 4529 quia
2914 4477 3030 4524 nos,
3059 4461 3149 4530 qui
3176 4461 3314 4514 intra
3337 4459 3474 4514 civi-

189 4559 328 4611 vires
387 4558 622 4609 hostium
677 4554 981 4607 immaniter
1031 4561 1368 4605 excrescunt.
1429 4550 1541 4604 lloc
1598 4559 1778 4604 tamen
1812 4560 1856 4618 ο
1883 4564 2046 4610 latent
2077 4554 2290 4618 fuimus,
2325 4554 2432 4606 Deo
2461 4562 2795 4622 protegente,
2828 4565 3016 4603 manus
3036 4550 3152 4616 ejus
3175 4548 3468 4613 evasimus,

193 4647 432 4715 piissimo
457 4645 679 4698 domino
700 4658 949 4712 suggero,
983 4649 1038 4695 ut
1065 4641 1129 4694 de
1158 4657 1243 4695 me
1265 4641 1402 4694 mala
1432 4640 1607 4694 omnia
1633 4655 1780 4707 qum.

192 4736 318 4789 libet
344 4735 653 4797 existimet;
686 4733 751 4786 de
783 4733 1010 4785 utilitate
1041 4747 1167 4785 vero
1190 4731 1496 4798 reipublicae
1533 4740 1586 4784 et
1621 4746 1779 4784 causa

188 4829 487 4898 ereptionis
524 4826 691 4880 Italiat
724 4842 827 4879 non
882 4825 1211 4894 quibuslibet
1254 4822 1408 4877 facile
1460 4823 1575 4892 pias
1624 4838 1780 4878 aures

191 4921 448 4990 praebeat,
479 4919 572 4972 sel
607 4918 724 4987 plus
769 4917 931 4970 rebus
957 4931 1115 4985 quant
1142 4914 1321 4969 Verbis
1351 4913 1554 4968 credat.
1586 4913 1779 4968 Sacer—

190 5009 406 5064 dotibus
449 5017 629 5060 autem
682 5020 788 5059 non
833 5019 900 5057 ex
952 5013 1162 5056 terrena
1211 5009 1477 5071 potestate
1534 5001 1783 5055 dominus

189 5111 380 5158 noster
394 5102 555 5157 citius
583 5099 906 5165 indignetur,
930 5097 1023 5149 sed
1044 5095 1328 5150 excellenti
1351 5095 1784 5149 consideratione

189 5204 414 5265 propter
443 5210 591 5258 cum,
622 5190 772 5257 cujus
799 5189 938 5243 servi
967 5198 1110 5252 sunt,
1135 5189 1213 5241 eis
1271 5189 1342 5242 ita
1372 5189 1693 5252 dominetur,
1726 5197 1782 5242 ut

193 5289 354 5342 etiam
381 5287 617 5339 debitam
647 5281 1005 5336 reverentiam
1034 5279 1329 5349 impendat.
1360 5278 1489 5332 Nam
1516 5280 1566 5333 io
1592 5280 1782 5332 divinis

193 5379 422 5449 eloquiis
457 5374 770 5430 sacerdotes
809 5372 1096 5442 aliquando
1139 5372 1240 5434 dii,
1285 5372 1572 5439 aliquando
1608 5371 1780 5438 angeli

197 5476 480 5522 voc-antur.
515 5464 581 5517 Et
617 5479 712 5534 per
758 5463 974 5533 Moysen
1007 5461 1072 5516 de
1114 5479 1179 5515 eo
1201 5462 1291 5530 qui
1323 5462 1386 5514 ad
1419 5463 1780 5530 juratttentum

195 5556 540 5610 deduwttdus
595 5562 678 5607 est
734 5552 984 5605 dicitur:
1040 5551 1258 5622 Applica
1313 5551 1461 5604 illum
1522 5552 1588 5602 ad
1657 5551 1782 5603 deos

199 5648 400 5719 (Exod.
433 5661 565 5714 χιιι,
600 5644 676 5716 8),
705 5643 953 5700 videlicet
997 5643 1063 5696 ad
1101 5642 1428 5698 sacerdotes.
1461 5640 1528 5695 Et
1571 5656 1780 5695 rursum

1883 4649 2162 4717 qures’tum
2193 4654 2274 4700 est
2304 4647 2444 4700 unde
2468 4645 2763 4713 culpabiles
2784 4658 2902 4697 esse
2925 4643 3248 4702 videremus,
3280 4641 3471 4694 videli-

1881 4745 1968 4792 cet
2019 4753 2114 4791 cur
2163 4738 2425 4790 frumenta
2475 4734 2761 4801 defuerint,
2816 4748 2936 4802 qua:
2966 4733 3017 4785 in
3071 4732 3174 4786 hac
3213 4731 3346 4786 urbe
3375 4731 3470 4785 diu

1883 4828 2047 4880 multa
2079 4827 2276 4879 servari
2323 4825 2624 4879 nullatenus
2655 4832 2895 4893 possunt,
2927 4822 3069 4876 sicut
3111 4821 3162 4874 in
3193 4821 3297 4874 alia
3340 4835 3470 4888 sug-

1882 4918 2124 4986 geSllOlle
2148 4915 2351 4984 Plenius
2374 4916 2622 4969 indicavi.
2652 4914 2718 4968 Et
2737 4916 2956 4983 quidem
2978 4913 3044 4966 de
3074 4911 3390 4979 memetipso
3414 4911 3469 4965 in

1885 5008 2030 5062 nulio
2049 5009 2289 5060 turbatus
2319 5022 2455 5070 sum,
2481 5007 2604 5076 quia
2637 5014 2774 5059 teste
2796 5003 3123 5058 conscientia
3151 4999 3342 5067 fateor,
3375 5000 3471 5053 ad-

1885 5114 2036 5151 versa
2064 5099 2315 5168 quaelibet
2344 5097 2451 5165 pati
2492 5105 2708 5162 paratus
2728 5110 2867 5158 sunt,
2899 5091 3188 5146 dummodo
3218 5091 3332 5146 haec
3352 5105 3471 5144 om-

1884 5190 1970 5242 nia
2001 5205 2118 5243 cum
2155 5191 2330 5241 salute
2359 5187 2620 5238 duntaxat
2662 5184 2853 5237 animat
2897 5196 3028 5234 meat
3062 5179 3312 5235 evadant.
3360 5178 3469 5233 Sed

1885 5281 1950 5331 de
1972 5278 2218 5345 gloriosis
2241 5277 2364 5330 viris
2387 5275 2671 5341 Gregorio,
2693 5272 2962 5341 pnel'ecto,
2988 5281 3040 5325 et
3062 5269 3334 5332 Castorio,
3355 5285 3472 5322 nta-

1887 5366 2054 5434 gistro
2085 5367 2332 5428 trtilitttttt,
2365 5379 2469 5416 non
2497 5361 2840 5414 mediocriter
2871 5376 2988 5413 sum
3013 5358 3240 5413 alllictus
3258 5376 3276 5409 :
3301 5358 3393 5426 qui
3417 5367 3472 5412 et

1889 5456 2065 5509 omnia
2091 5470 2207 5522 qua-
2241 5463 2528 5520 potuerunt
2551 5451 2681 5512 lieri,
2713 5451 2856 5503 nrt-llo
2888 5450 3044 5504 modo
3077 5449 3253 5504 iaci-re
3282 5449 3470 5518 negle-

1889 5563 1936 5600 Χ(
1959 5557 2103 5612 rurtt,
2143 5554 2196 5598 et
2226 5547 2436 5599 labores
2467 5543 2762 5611 vigiliarum
2793 5555 2846 5597 et
2875 5542 3130 5597 custodia:
3159 5542 3388 5596 civitatis
3416 5542 3470 5596 in

1888 5637 2166 5693 obsidione
2215 5638 2402 5690 eadem
2454 5634 2949 5690 veltetncntissimos
2998 5634 3363 5704 pertulerunt;
3413 5641 3471 5688 et

269 5790 295 5820 ο
321 5778 385 5835 In
415 5778 626 5834 excusis
651 5776 820 5834 Codd.
854 5791 987 5845 quos
1026 5776 1152 5834 Mss.
1185 5777 1382 5848 Περι,
1415 5775 1576 5839 Utic.,
1611 5784 1717 5831 trcs
1747 5775 1779 5828 Ρ

1882 5773 2089 5838 sicnscs,
2122 5780 2248 5838 ctc.,
2269 5771 2611 5841 redarguunt,
2639 5770 2757 5841 quia
2779 5769 3139 5854 ΛνηιιιρΙεοηνι
3159 5768 3173 5823 1
3195 5766 3444 5836 Ariulplts
