3992 6310
585 340 690 397 1δῦ

1153 342 1213 400 S.
1256 337 1582 398 GREGORII
1622 336 1835 392 MAGNI
1876 335 2061 397 VITA'.
2102 332 2304 391 AUCT.
2346 335 2607 392 ΙΟᾹΝΝΕ
2647 335 2961 392 DlACONO.
3004 336 3136 393 LIB.
3166 336 3257 392 IV.
3724 360 3809 419 is;

584 460 710 524 post
737 452 850 508 haec
875 466 1054 506 omnia
1083 453 1230 520 gravi
1260 452 1596 507 dominorum
1646 447 2012 538 indignatione
2041 458 2165 513 per-
2192 449 2245 505 A
2269 445 2389 501 dem
2415 465 2522 503 vox
2557 451 2888 504 characteris
2913 450 2989 504 ait
3022 467 3035 503 :
3067 448 3167 505 Ubi
3208 450 3287 505 vis
3310 456 3528 512 reddam
3558 462 3647 520 tibi
3671 474 3813 538 mala,

575 543 718 598 cussi
747 550 895 597 sunt.
927 543 1004 597 De
1027 544 1220 611 quibus
1249 550 1495 611 patenter
1522 538 1761 605 intelligo
1781 536 1906 606 quia
1934 550 2030 589 eos
2050 549 2160 587 non

575 648 669 688 sua
718 640 857 696 acta,
902 633 995 687 sed
1037 646 1152 685 mea
1196 645 1427 699 persona
1474 635 1683 697 gravat,
1715 642 1834 682 cum
1882 639 2009 693 qua,
2035 622 2161 693 quia

575 723 780 792 pariter
803 722 1145 776 tribulatione
1173 721 1572 782 laboraverant,
1603 725 1725 785 post
1754 717 1991 770 laborem
2015 713 2161 784 pari-

577 821 661 867 ter
689 812 1029 865 tribulantur.
1086 809 1241 879 134
1278 807 1428 874 Quod
1460 817 1639 862 autem
1671 808 2008 862 dominorum
2050 805 2163 873 pie-

576 910 657 956 tas
686 901 814 955 illud
833 900 963 953 ntihi
987 899 1289 969 pavendum
1320 908 1375 954 et
1397 899 1634 953 terribile
1655 897 2040 967 omnipotentis
2067 894 2163 950 Dei

571 989 832 1058 judicium
864 988 1124 1053 intentat,
1161 1004 1293 1058 rogo
1323 988 1691 1057 pereumdem
1735 988 2162 1059 omnipotentem

578 1080 886 1144 Dominum,
916 1096 984 1135 ne
1012 1082 1117 1136 hoc
1145 1081 1369 1135 ulterius
1396 1079 1560 1134 faciat
1588 1097 1600 1132 :
1635 1095 1755 1132 nam
1786 1079 1959 1133 adhuc
1987 1077 2163 1131 nesci-

574 1185 693 1225 mus
714 1171 835 1239 quis
864 1170 937 1224 ibi
959 1171 1131 1240 qualis
1152 1170 1249 1236 sit;
1279 1178 1334 1224 et
1357 1169 1550 1224 Paulus
1575 1169 1821 1236 egregius
1842 1168 2164 1238 praedicator

575 1260 708 1315 dicit
738 1277 751 1312 :
788 1257 968 1315 Nolite
989 1260 1229 1330 judicare
1258 1271 1377 1313 ante
1404 1266 1622 1328 tempus,
1656 1258 1818 1312 donec
1863 1259 2031 1311 veniat
2057 1256 2164 1311 Do—

574 1355 765 1420 minus,
813 1355 897 1423 qui
932 1362 983 1406 et
1026 1352 1341 1406 illuminabit
1383 1352 1685 1406 abscondia
1718 1351 2063 1417 ttnebrarum,
2113 1359 2167 1404 et

574 1443 928 1513 manifestabit
959 1444 1176 1498 consilia
1218 1443 1450 1497 cordium
1480 1441 1535 1511 (Ι
1563 1441 1682 1495 Cor.
1714 1458 1784 1504 tv,
1829 1440 1905 1511 5).
1935 1441 2049 1496 Hoc
2074 1449 2161 1495 ta-

576 1550 703 1590 men
742 1534 980 1589 breviter
1028 1535 1183 1599 dico,
1226 1534 1480 1601 quoniam
1532 1539 1785 1601 peccator
1816 1539 1872 1584 et
1917 1530 2162 1599 indignus

574 1625 697 1695 plus
727 1625 795 1679 de
837 1626 1100 1679 venientis
1126 1624 1253 1678 Jesu
1280 1623 1652 1679 misericordia
1672 1638 1831 1691 quam
1865 1623 1936 1678 de
1970 1633 2167 1680 vestrae

574 1716 790 1785 pietatis
812 1716 1018 1782 justitia
1059 1729 1355 1783 praesumo;
1386 1722 1442 1768 et
1471 1722 1596 1768 sunt
1622 1715 1788 1768 multa
1817 1729 1938 1783 qua:
1966 1714 2033 1770 de
2069 1716 2161 1784 ju-

2262 551 2381 605 quae
2404 538 2455 590 in
2480 539 2584 593 hoc
2609 540 2805 594 smculo
2832 540 3194 609 perpetrasti?
3221 539 3316 595 Ille
3343 548 3649 617 respondit:
3673 558 3810 618 Ama.

2263 634 2350 680 tor
2371 626 2670 693 hominum,
2705 628 2959 695 Domine,
2980 637 3035 684 et
3065 629 3236 684 Judex
3262 631 3430 703 juste,
3459 636 3544 693 hic
3574 645 3737 710 potius
3758 666 3808 709 ea

2262 718 2415 778 mihi,
2444 726 2500 772 et
2521 733 2625 772 non
2650 719 2701 772 in
2723 719 2921 774 saeculo
2944 718 3150 785 futuro,
3165 721 3421 776 retribue.
3453 724 3637 785 Statim
3659 736 3817 797 divina

2262 825 2369 864 vox
2388 809 2546 879 jussit
2586 810 2722 863 tradi
2752 809 3067 863 Mauricium
3091 818 3147 864 et
3185 809 3587 872 Constantinam
3616 837 3817 887 uxorein

2263 901 2400 971 ejus,
2425 918 2545 956 cum
2570 900 2690 956 ﬁliis
2710 909 2763 956 et
2785 901 3013 968 filiabus,
3038 903 3290 971 omnique
3315 910 3630 973 cognatione
3648 915 3808 985 ipsius,

2265 993 2457 1048 Phoceu
2486 993 2660 1049 militi.
2690 993 2962 1062 Evigilans
2990 1008 3119 1062 ergo
3148 993 3437 1052 Mauricius
3474 1001 3611 1056 misit
3631 1004 3653 1040 ά
3679 1022 3810 1075 para.

2264 1099 2657 1139 cremomenum
2676 1125 2692 1151 ,
2723 1092 2778 1139 et
2806 1086 3020 1140 vocavit
3048 1084 3115 1139 ad
3144 1100 3203 1140 se
3231 1084 3581 1157 Philippicum
3625 1104 3647 1132 ο
3673 1110 3819 1165 sene-

2262 1191 2381 1229 rum
2410 1191 2586 1240 suum,
2616 1176 3003 1245 quem'dudum
3033 1176 3336 1246 suspicatus
3364 1180 3535 1235 fuerat
3560 1183 3810 1254 imperium

2264 1267 2363 1321 sibi
2395 1267 2531 1321 velle
2553 1268 2851 1337 subripere.
2879 1269 3059 1324 Atille
3088 1285 3187 1339 pro
3209 1270 3513 1338 suspicione
3533 1289 3589 1329 se
3613 1278 3815 1346 perdenc

2262 1358 2388 1413 dum
2420 1359 2741 1428 conjiciens,
2789 1360 3065 1415 advocata!
3116 1360 3331 1416 Gordim
3381 1366 3534 1418 uxori
3562 1382 3681 1433 suae,
3710 1378 3811 1424 tan-

2264 1467 2562 1521 quamnou
2593 1468 2653 1507 se
2697 1452 2977 1519 revisurus,
3027 1453 3272 1507 ultimum
3326 1454 3446 1509 vale
3477 1455 3808 1523 dixit;sacra-

2265 1549 2556 1610 mentoque
2601 1542 2994 1597 communionis
3024 1552 3275 1611 accepto,
3299 1543 3367 1595 ad
3397 1544 3645 1612 palatium
3665 1550 3813 1606 venit.

2266 1640 2321 1687 et
2345 1632 2647 1689 cubiculum
2682 1633 3022 1703 imperatoris
3054 1636 3207 1706 135
3234 1635 3560 1703 ingrediens,
3586 1638 3647 1692 ad
3674 1640 3812 1709 pedes

2265 1723 2382 1792 ejus
2404 1722 2651 1788 procidit.
2675 1724 2771 1778 Cui
2804 1724 3092 1793 imperator
3117 1738 3426 1793 assurgens,
3457 1727 3522 1780 ad
3544 1728 3696 1796 pedes
3716 1729 3812 1798 ejus

574 1807 715 1860 dicio
746 1807 886 1860 illius
937 1806 1183 1861 homines
1210 1806 1475 1876 ignorant,
1506 1806 1631 1874 quia
1654 1805 1879 1861 fortasse
1916 1822 2036 1876 quae
2064 1823 2162 1863 vos
2193 1807 2237 1866 Β
2267 1814 2613 1869 nihilominus
2632 1814 3089 1881 corruit,dicens:
3119 1814 3365 1883 lgnosce‘,
3402 1818 3671 1885 deprecor,
3685 1819 3819 1885 mihi,

574 1897 801 1951 laudatis
838 1896 930 1951 ille
968 1896 1346 1967 reprehendet,
1378 1906 1432 1951 et
1459 1912 1577 1966 quae
1607 1912 1703 1952 vos
1746 1898 2155 1967 reprehenditis,

574 1987 666 2042 ille
703 1988 961 2043 laudabit.
990 1997 1015 2025 ⁸
1040 1988 1184 2042 inter
1206 2001 1337 2056 ergo
1363 1988 1539 2043 omnia
1569 1989 1702 2044 ince*
1720 1997 1793 2054 ta,
1821 1989 1889 2043 ad
1913 1990 2057 2045 solas
2082 1991 2159 2045 la-

575 2093 789 2149 crytnas
818 2079 1004 2146 redeo,
1031 2086 1219 2148 petens
1250 2086 1306 2133 ut
1330 2078 1471 2133 ident
1494 2079 1837 2148 omnipotens
1867 2078 2006 2134 Deus
2032 2081 2160 2151 piis-

574 2170 771 2225 simum
800 2169 1075 2225 dominum
1106 2178 1370 2234 nostrum,
1400 2179 1455 2223 et
1481 2185 1577 2224 sua
1603 2170 1689 2224 hic
1721 2185 1880 2224 manu
1902 2178 2072 2239 regat,
2106 2178 2162 2224 et

575 2259 632 2313 in
677 2258 768 2315 illo
810 2260 1035 2315 terribili
1078 2259 1279 2329 judicio
1309 2260 1537 2314 liberum
1577 2260 1645 2314 ab
1675 2261 1920 2315 omnibus
1949 2260 2161 2315 delictis

578 2352 847 2419 inveniat;
898 2361 953 2407 et
979 2369 1065 2408 me
1096 2353 1168 2406 ita
1196 2353 1433 2421 placere,
1477 2352 1521 2406 si
1547 2367 1768 2407 necesse
1792 2360 1895 2419 est,
1924 2351 2161 2408 homini-

578 2441 674 2495 bus
702 2442 880 2508 faciat,
912 2452 969 2497 ut
992 2452 1244 2498 aeternam
1276 2445 1395 2515 ejus
1416 2446 1644 2515 gratiam
1676 2462 1781 2502 non
1810 2446 2096 2501 oﬂ'eudam.
2133 2465 2155 2499 ι

578 2530 719 2602 (Lib.
750 2550 804 2600 ν,
830 2552 911 2602 ep.
942 2533 1057 2603 40.)

652 2622 738 2676 17.
770 2624 1009 2692 Denique
1033 2625 1318 2682 Mauricius
1350 2635 1643 2696 imperator
1679 2628 1980 2683 libertatem
2013 2630 2161 2685 vocis

575 2715 708 2767 tanti
732 2716 1016 2783 pontilicis,
1036 2718 1576 2788 reprehensionisque
1604 2720 1963 2774 constantiam
1986 2720 2159 2776 admi-

577 2812 744 2873 ratus,
793 2806 916 2875 quia
970 2807 1038 2863 de
1085 2808 1264 2864 futuro
1312 2809 1407 2864 Dei
1430 2810 1629 2877 judicio
1666 2826 1725 2866 se
1774 2819 2061 2878 terruerat,
2094 2813 2159 2866 ad

575 2898 930 2953 exercendam
974 2900 1027 2954 in
1073 2916 1194 2955 eum
1226 2904 1563 2971 tyrannidem
1602 2905 1819 2973 prodire
1863 2905 2155 2969 nitebatur,

573 3006 692 3043 cum
720 2993 966 3061 protinus
987 2993 1175 3048 eodem
1200 3009 1341 3047 anno
1368 3012 1448 3049 Vir
1472 3011 1688 3064 quinam
1718 2998 2046 3051 monachicis
2078 2998 2160 3051 in-

573 3081 735 3135 dutus
756 3085 1107 3148 vestimentis,
1140 3084 1317 3138 divina
1345 3087 1573 3153 quadam
1598 3086 1794 3141 virtute
1833 3095 2157 3153 commotus,

2262 1906 2386 1974 quia
2415 1921 2561 1960 nunc
2586 1905 2829 1975 profecto
2849 1906 3031 1961 divina
3053 1906 3385 1961 revelatione
3405 1904 3592 1960 doctus
3613 1909 3811 1975 cognovi

2262 1998 2407 2068 quod
2438 1999 2569 2053 nihil
2594 1999 2645 2052 in
2676 2013 2761 2053 me
2788 1998 2928 2053 unde
2947 1998 3258 2068 suspicabar
3284 1997 3626 2052 commiseris.
3655 1996 3755 2051 Sed
3775 1998 3812 2050 si

2264 2105 2423 2159 quem
2448 2091 2501 2145 in
2533 2090 2832 2159 agminibus
2861 2090 3056 2143 nostris
3098 2088 3383 2156 cognoscis
3406 2087 3494 2157 qui
3523 2086 3718 2140 Phocas
3740 2102 3814 2141 so-

2265 2181 2374 2237 leat
2389 2182 2631 2249 vocitari,
2662 2182 2827 2237 dicito
2855 2180 3005 2234 mihi.
3037 2179 3102 2233 Et
3133 2178 3485 2250 Philippicus,
3510 2177 3597 2232 diu
3617 2176 3741 2247 apud
3766 2191 3813 2231 se

2263 2272 2587 2340 recogitans,
2617 2272 2693 2326 ait
2724 2290 2737 2325 :
2773 2270 2947 2326 Unum
2988 2270 3224 2325 Phocam
3245 2283 3537 2338 cognosco,
3562 2268 3650 2337 qui
3671 2282 3812 2335 nuper

2266 2370 2585 2431 procurator
2606 2363 2673 2416 ab
2703 2363 2942 2417 exercitu
2971 2369 3307 2430 nuncupatus
3328 2358 3718 2415 contradicebat
3740 2365 3817 2409 tuo»

2264 2453 2510 2523 imperio.
2540 2452 2675 2507 Cum
2701 2468 2833 2507 vero
2880 2452 3169 2506 Mauricius
3207 2450 3275 2504 de
3315 2449 3571 2519 qualitate
3598 2446 3725 2501 illius
3743 2445 3811 2500 in-

2263 2542 2519 2612 quireret,
2550 2541 2875 2611 Philippicus
2902 2542 2977 2594 ait
3009 2558 3022 2594 :
3053 2538 3145 2593 Est
3186 2539 3398 2608 quidem
3422 2538 3650 2606 juvenis,
3676 2544 3723 2589 et
3748 2544 3811 2588 te-

2262 2634 2547 2700 merarius,
2570 2641 2805 2687 attamen
2835 2630 3068 2685 timidus.
3097 2628 3161 2683 Et
3181 2630 3464 2685 Mauricius
3488 2646 3500 2681 :
3525 2626 3581 2681 Si
3607 2625 3811 2688 timidus,

2264 2725 2464 2795 inquit,
2494 2724 2738 2794 profecto
2789 2733 2845 2779 et
2872 2721 3176 2777 ~homicida.
3210 2723 3451 2790 Dumque
3478 2735 3634 2788 super
3654 2716 3812 2784 hujus-

2262 2814 2408 2869 modi
2448 2813 2724 2880 titubaret,
2749 2814 2801 2866 in
2833 2813 3122 2869 crastinum
3154 2812 3534 2879 magistriattus
3564 2807 3628 2860 ab
3648 2803 3813 2860 eremi-

2264 2907 2355 2973 tis,
2396 2906 2589 2974 quibus
2618 2904 2961 2973 imperatoris
3000 2918 3187 2973 preces
3233 2908 3566 2971 portaverat,
3611 2897 3813 2958 rediens,

2263 3011 2579 3066 responsum
2633 2995 2818 3049 retulit
2859 2995 3043 3049 dicens
3076 3011 3089 3045 :
3122 2993 3283 3058 Deus,
3337 3001 3555 3060 recepta
3584 2988 3812 3059 pmttitett-

2264 3086 2336 3138 tia
2364 3096 2478 3151 tua,
2499 3085 2727 3139 salvabit
2748 3085 2982 3138 animam
3010 3093 3175 3148 tuam,
3202 3092 3397 3138 etcum
3427 3081 3627 3136 sanctis
3647 3087 3696 3133 te
3715 3091 3812 3130 cum

574 3173 795 3227 dextera
826 3174 1073 3241 spatham
1111 3176 1275 3242 cepit.
1306 3190 1465 3242 quam
1503 3175 1757 3229 videlicet
1787 3190 1815 3228 a
1847 3174 1964 3229 foro
1996 3191 2163 3244 usque
2190 3171 2237 3235 C
2269 3185 2379 3233 tota
2401 3177 2563 3231 domo
2588 3184 2673 3230 tua
2698 3177 3024 3242 conSIituet;
3068 3177 3135 3231 ab
3157 3176 3382 3244 imperio
3402 3192 3533 3229 vero
3553 3188 3669 3227 cum
3689 3170 3812 3237 igno-

577 3262 643 3315 ad
668 3271 872 3316 aeneam
895 3270 1124 3317 statuam
1146 3263 1173 3301 δ
1195 3264 1506 3331 gladiatoris
1536 3265 1729 3319 nudam
1754 3266 2158 3331 circumferens,

579 3356 956 3423 imperatorem
1013 3355 1192 3423 gladio
1244 3358 1450 3411 cunctis
1514 3358 1832 3412 moriturum
1897 3360 2160 3426 praedixit.

582 3444 736 3509 Quod
768 3444 1055 3500 Mauricius
1087 3454 1143 3499 ut
1170 3446 1390 3511 audivit,
1424 3462 1454 3500 a
1486 3449 1764 3518 tyrannide
1793 3449 2052 3516 Gregorio
2082 3452 2165 3505 in-

580 3538 799 3593 lercnda
843 3548 1016 3594 semet
1045 3542 1329 3605 continuit,
1381 3550 1435 3596 ct
1458 3542 1719 3611 judicium
1748 3542 1986 3597 divinqu
2020 3544 2164 3613 quod

583 3629 633 3682 ci
686 3630 919 3683 minatus
974 3630 1149 3684 fuerat
1192 3633 1300 3685 cito
1348 3648 1406 3685 se
1445 3633 1743 3686 subiturum
1789 3640 1942 3687 tanto
1994 3634 2165 3702 magis

583 3720 776 3785 timuit,
809 3729 1011 3789 quanto
1025 3720 1341 3791 Gregorium
1365 3722 1589 3776 credidit
1616 3738 1721 3776 non
1744 3736 1902 3789 posse
1927 3723 2161 3776 mentiri.

650 3810 737 3864 18.
770 3811 889 3865 Mox
921 3810 1101 3881 itaque
1137 3813 1339 3881 scripto
1364 3827 1549 3881 preces
1578 3813 1904 3882 compositas
1944 3822 2051 3867 tam
2082 3814 2163 3867 ei-

576 3899 695 3953 dem
723 3915 881 3968 quant
903 3901 1110 3955 cunctis
1140 3901 1479 3965 uatriarchis,
1511 3901 1776 3970 episcopis
1804 3910 1860 3956 et
1884 3903 2164 3957 monachis

578 3991 855 4043 civitatum
883 3992 997 4045 sive
1026 3991 1393 4057 solitudinum,
1425 3995 1684 4061 pecunias
1714 3993 1943 4059 multas,
1975 4009 2162 4048 cereos

578 4088 633 4132 et
662 4081 1007 4150 thymiamata
1038 4080 1345 4146 destinavit,
1378 4082 1482 4136 hoc
1504 4083 1838 4151 potissimum
1867 4083 2164 4152 deprecans

578 4179 638 4223 ιιι
662 4171 890 4227 Domino
917 4172 1300 4241 supplicarent,
1331 4182 1599 4243 quatenus
1622 4174 1674 4228 in
1698 4175 1802 4229 hoc
1832 4176 2030 4230 smculo
2052 4192 2166 4231 me-

577 4263 682 4315 tita
713 4279 932 4316 suorum
961 4264 1225 4317 malorum
1256 4265 1541 4333 reciperet,
1586 4273 1793 4319 tantum
1824 4275 1885 4319 ut
1913 4282 1940 4319 a
1972 4266 2164 4321 futuris

577 4352 905 4406 cruciatibus
952 4352 1142 4407 redimi
1181 4354 1486 4409 meruisset.
1525 4354 1768 4424 Cumque
1814 4356 1919 4410 hoc
1966 4366 2023 4410 et
2051 4357 2165 4427 ipse

577 4440 949 4495 vehementius
968 4458 1066 4511 per
1091 4442 1257 4495 multa
1288 4450 1531 4512 tempora
1554 4458 1673 4497 cum
1696 4444 1946 4513 lacrymis
1975 4453 2161 4513 postu-

2266 3268 2430 3322 minia
2461 3276 2514 3320 et
2541 3267 2847 3321 discrimine
2875 3266 3112 3321 decides.

2338 3357 2426 3413 i9.
2459 3357 2661 3423 Quibus
2709 3356 2925 3421 auditis,
2974 3357 3259 3411 Mauricius
3302 3356 3472 3409 Deum
3523 3348 3812 3421 glorificans,

2268 3449 2639 3518 pecnitentiam
2668 3447 2867 3511 tenuit;
2900 3445 2994 3500 sed
3023 3462 3052 3499 a
3094 3446 3400 3514 cupiditatis
3428 3442 3645 3497 avaritia
3676 3448 3815 3504 usque

2267 3540 2403 3593 adeo
2431 3554 2537 3593 non
2568 3537 2808 3603 recessit,
2845 3536 2862 3575 ί
2904 3546 2961 3591 ut
2991 3537 3261 3592 exercitus
3291 3537 3343 3589 in
3376 3530 3682 3604 periculosis
3708 3525 3815 3579 locis

2267 3630 2541 3700 hyemare,
2575 3636 2628 3682 et
2648 3627 2874 3681 transito
2906 3627 3149 3681 Danubio
3174 3627 3375 3680 victum
3404 3624 3503 3679 sibi
3532 3623 3597 3674 de
3618 3617 3813 3671 Sclavo—

2267 3736 2384 3775 rum
2416 3719 2634 3788 regione
2661 3717 3068 3789 periclitabundi
3090 3731 3356 3785 quaerere,
3388 3731 3454 3769 ne
3478 3710 3716 3766 videlicet
3735 3701 3814 3755 ali-

2266 3809 2447 3864 menta
2478 3811 2691 3879 publica
2720 3810 3123 3872 manducarent,
3156 3806 3316 3861 Petro
3350 3804 3561 3874 praetori
3595 3795 3817 3853 feralibus

2268 3902 2460 3957 litteris
2514 3901 2835 3954 immineret.
2889 3899 2993 3965 Qui
3040 3910 3064 3945 8
3110 3898 3398 3952 taxiarchis
3456 3890 3670 3952 vocatis,
3715 3883 3814 3936 ait:

2275 4013 2293 4045 ι
2326 3993 2493 4047 Nimis
2538 3993 2665 4046 mihi
2690 3992 2940 4046 videntur
2978 3991 3158 4058 gravia
3188 3987 3532 4058 imperatoris
3562 3980 3816 4052 prieceplai

2268 4085 2542 4139 Romanos
2566 4085 2619 4137 in
2651 4084 2823 4138 aliena
2854 4093 2996 4136 terra
3026 4083 3280 4152 hyemare
3306 4078 3571 4149 jubentia.
3611 4071 3731 4125 Nam
3758 4062 3815 4116 illi

2268 4192 2376 4230 non
2397 4175 2617 4230 obedire
2635 4190 2835 4229 saevum
2857 4182 2958 4241 est,
2976 4183 3222 4227 etrursus
3238 4171 3460 4225 obedire
3480 4161 3814 4224 suavissimum-

2266 4267 2478 4324 Nullum
2509 4268 2707 4323 bonum
2761 4267 2903 4334 parit
2950 4265 3194 4329 avaritia,
3241 4264 3363 4332 quia
3408 4268 3583 4316 mater
3606 4249 3814 4308 omnium

2268 4361 2529 4415 malorum
2560 4360 2827 4421 consistit,
2869 4373 2973 4426 qua
3002 4357 3299 4427 imperator
3346 4357 3620 4424 languens,
3652 4345 3815 4397 horum

2267 4452 2622 4506 maximorum
2685 4449 2947 4504 malorum
3010 4464 3170 4502 causa
3218 4446 3479 4501 Romanis
3524 4436 3752 4497 cftlcitur.
3796 4443 3812 4474 ι

576 4533 732 4598 taret,
783 4533 1010 4602 quadam
1059 4542 1219 4589 nocte
1255 4533 1548 4601 dormiens,
1576 4534 1723 4589 videt
1770 4536 1912 4605 apud
1956 4551 2162 4591 teneam
2199 4543 2245 4602 Β
2270 4541 2553 4597 Exercitus
2582 4541 2782 4609 itaque,
2813 4540 2916 4595 hoc
2940 4555 3035 4609 per
3056 4539 3361 4592 taxiarchas
3388 4535 3588 4597 audito,
3612 4526 3672 4580 ad
3696 4516 3814 4577 sedi-

576 4622 761 4689 palatii
800 4632 1013 4692 portam
1056 4639 1116 4679 se
1140 4640 1323 4679 coram
1357 4625 1524 4680 multo
1552 4626 1753 4695 pupulo
1780 4642 1943 4681 aenea:
1971 4636 2162 4683 statua:

578 4714 872 4769 Salvatoris
898 4716 1171 4771 assistere.
1216 4715 1365 4771 Tunc
1387 4732 1491 4771 vox
1533 4717 1783 4771 terribilis
1811 4718 1949 4772 facta
1976 4725 2059 4771 est
2095 4733 2165 4773 ex

576 4805 696 4871 ipso
726 4805 986 4860 incantati
1009 4807 1171 4863 Verbi
1201 4810 1532 4875 charactere,
1565 4809 1751 4864 dicens
1776 4827 1789 4862 :
1815 4810 1948 4863 Date
1970 4809 2165 4866 Mauri-

574 4896 739 4949 cium.
789 4895 853 4949 Et
881 4898 1156 4968 capientes
1185 4915 1307 4955 eum
1328 4900 1654 4969 .judiciorum
1684 4901 1931 4965 ministri,
1964 4917 2161 4971 posue-

558 4994 701 5040 runt
725 4985 881 5054 juxta
914 5000 935 5026 ο
980 4990 1131 5059 pueri
1161 4990 1469 5046 umbilicum
1505 4991 1594 5061 qui
1630 4991 1737 5046 illic
1764 5000 1902 5046 erat.
1932 4990 2030 5047 Cui
2065 5008 2159 5047 ea-

650 5141 675 5168 ιι
709 5131 912 5211 _Exc‘u_si
953 5151 1072 5211 cum
1113 5137 1282 5211 tribus
1310 5136 1436 5191 Mss.
1483 5135 1678 5202 Paris.,
1729 5139 2015 5192 intermino
2039 5156 2160 5211 ergo

578 5204 773 5255 omnia.
808 5202 939 5257 Aliis
968 5205 1093 5260 Mss.
1126 5209 1479 5261 adhzcremus.

648 5271 673 5309 δ
706 5274 760 5346 ln
795 5274 981 5346 Regio,
1012 5278 1244 5331 secunda
1273 5293 1432 5331 manu
1461 5278 1895 5346 superscribitur,
1928 5297 2086 5335 more.

653 5350 676 5378 ο
706 5343 781 5418 Ita
810 5344 936 5418 Mss.
970 5347 1098 5410 Reg.
1132 5357 1185 5401 et
1206 5348 1447 5401 ecclesia:
1476 5343 1539 5399 ΒΣ
1567 5347 1747 5402 Mariae
1778 5347 1945 5402 Paris.
1992 5350 2156 5418 Etliti,

581 5414 892 5487 eumColh.
916 5425 971 5469 et
995 5418 1264 5487 nonnullis
1285 5418 1420 5479 aliis,
1454 5435 1782 5487 purpureum.

649 5481 674 5520 ἀ
706 5482 781 5537 lta
812 5486 1092 5565 legendum
1123 5503 1193 5565 e_x_
1218 5481 1565 5556 Theophane,
1590 5486 1795 5561 G‘nece,
1826 5494 2167 5565 trapezitae-

581 5573 744 5627 utuov,
768 5555 1124 5609 accubilorem.
1152 5557 1274 5612 Hinc
1290 5555 1393 5612 vox
1406 5558 1656 5627 corrupta
1673 5567 1757 5613 est
1779 5555 1939 5613 etiam
1964 5555 2013 5613 in
2036 5555 2159 5627 515.,

577 5624 673 5675 sed
698 5627 993 5695 prmsertint
1025 5628 1074 5680 in
1104 5628 1349 5695 vulgatis.

654 5703 676 5730 ι·
707 5691 819 5748 lttto
847 5704 964 5748 erat
987 5691 1449 5769 sororisﬂlauricii
1470 5698 1710 5753 maritus.
1741 5698 1851 5753 Cur
1878 5712 2160 5769 suspectus

578 5759 719 5821 foret
747 5780 963 5823 causam
994 5767 1148 5824 allcrt
1174 5767 1553 5835 Theophanes,
1584 5770 1726 5836 quod
1756 5770 1870 5837 ejus
1898 5759 2096 5829 nomen
2127 5790 2155 5829 a

2269 4637 2473 4691 tionem
2529 4635 2878 4697 convertitur,
2944 4633 3344 4702 exaltatumque
3396 4642 3556 4700 super
3598 4621 3815 4689 clypeum

2274 4727 2502 4781 Pltocam
2535 4740 2631 4795 per
2652 4724 3046 4788 centurionem,
3078 4724 3368 4777 exercitum
3396 4707 3814 4804 acclamavct'unl:

2266 4790 2558 4885 fugatoque
2585 4822 2836 4883 praetore,
2888 4812 3195 4869 Theodosio
3244 4812 3352 4865 tilio
3402 4790 3815 4895 imperatoris

2267 4906 2537 4961 Germano
2586 4920 2777 4961 socero
2822 4905 2967 4972 ejus,
3000 4905 3230 4973 dirigunt
3275 4910 3332 4957 ut
3357 4904 3496 4956 alter
3522 4904 3694 4953 eorum
3729 4886 3813 4938 sibi

2270 4999 2539 5069 imperare
2588 4996 2848 5051 studeret.
2897 4995 2978 5049 llli
3036 4996 3183 5049 nullo
3230 4997 3393 5049 modo
3438 4980 3813 5049 consenseruub

2268 5144 2447 5217 littera
2478 5142 2537 5195 P.
2574 5140 2853 5217 inciperet.
2899 5138 3356 5217 Acceperatrpim
3386 5136 3674 5217 imperator

2270 5214 2493 5284 primam
2524 5226 2642 5265 esse
2668 5211 2897 5265 litteram
2928 5202 3157 5265 nominis
3184 5210 3323 5263 illius
3362 5225 3392 5261 a
3426 5202 3533 5277 quo
3561 5206 3669 5255 erat
3688 5202 3813 5245 occ:-

2272 5283 2498 5339 ﬂendus.
3677 5333 3687 5344 .

2347 5351 2363 5389 ί
2400 5351 2455 5405 lu
2488 5353 2655 5406 tribus
2683 5351 2853 5404 Paris.
2883 5352 3010 5403 etin
3042 5349 3288 5416 vulgatis,
3318 5358 3373 5400 ut
3401 5344 3646 5416 exercitus
3665 5338 3719 5416 in

2271 5424 2508 5476 ricnlosis
2539 5424 2798 5490 Ityemaret
2831 5422 2922 5484 (al.
2953 5406 3287 5489 hyetuavrent)
3320 5427 3368 5470 ct
3413 5413 3621 5490 transito

2270 5470 2897 5559 tibi;iis;titubans;
2910 5470 3013 5562 ut:
3034 5470 3037 5471 ί
3058 5470 3510 5562 ᾗειὲίόιίζιιυιιυάε)
3541 5470 3814 5562 (interfit?

2268 5539 2868 5617 ne.:::.-timndttcarent.
2914 5539 3206 5625 (:Iuodrcum
3239 5539 3507 5613 Patron”:
3538 5539 3810 5625 immineret,

2266 5636 2304 5688 il
2329 5651 2355 5687 e
2383 5634 2712 5686 Taxiarcltis.
2742 5623 3029 5701 Sequimur
3056 5645 3283 5685 οπμενος
3309 5646 3439 5685 mss.
3471 5623 3623 5683 codd-

2338 5715 2363 5753 ις
2391 5705 2504 5763 Hoc
2524 5712 2625 5770 ρει,
2648 5703 2896 5758 ordinum
2920 5701 3209 5759 l'rmleetis.
