3992 6306
172 354 278 415 983

761 351 818 413 S.
860 349 1190 412 GREGORII
1229 352 1447 410 BMGNI
1486 348 1645 405 VlTA
1712 347 1913 404 AL'CT.
1958 342 2220 401 JOANNE
2260 343 2573 403 DIACONO.
2616 345 2742 402 Lm.
2784 345 2874 404 Π.

3344 347 3467 413 186.

170 476 283 533 imo
330 473 436 529 hoc
506 468 755 525 Mauricio
810 469 1132 523 retulerunt.
1189 467 1248 521 At
1300 467 1389 521 ille
1429 466 1760 520 Germanum
1792 467 1836 521 Α
1864 474 1983 528 quae
2015 475 2121 513 non
2147 466 2271 513 sunt
2292 460 2358 513 ab
2380 460 2458 514 eis
2487 460 2759 517 fraudibus
2786 460 3069 531 acquisita.
3104 460 3452 519 Rtlormctur

170 563 399 632 perdere
428 562 610 626 voluit,
642 559 731 629 qui
752 559 1003 630 quoniam
1033 559 1083 612 in
1107 557 1404 613 Ecclesium
1435 555 1664 622 fugerat,
1694 552 1755 602 Ii-

169 650 299 705 lium
323 663 575 720 tauquam
604 649 929 719 proditorem
950 648 1032 700 sui
1054 646 1262 701 conrilii
1286 643 1595 714 flagellavit,
1621 640 1758 694 mul-

174 748 368 808 tosque
417 739 489 793 ad
528 740 669 793 hunc
719 737 787 791 ab
840 734 1033 790 eadem
1090 734 1317 790 ecclesia
1372 729 1758 801 extrahendum

176 832 566 893 transmittens,
584 843 853 897 nunquam
871 827 1198 896 permittitur
1216 843 1232 892 ;
1251 826 1358 879 imo
1378 824 1559 878 multis
1571 821 1757 877 convi-

171 921 271 975 ciis
300 936 331 974 a
362 921 559 990 populo
578 920 871 984 laceratus,
899 916 1240 972 Marcionista
1269 915 1550 970 hazreticus
1577 910 1759 980 appel-

171 1010 336 1065 latur.
394 1010 460 1064 Et
501 1018 777 1066 commoto
829 1008 969 1062 intra
1034 1003 1559 1073 Constantinopolim
1609 997 1759 1070 gravi

169 1103 429 1170 tumultu,
476 1102 791 1167 Mauricius,
838 1100 1174 1156 dissimulato
1203 1096 1410 1163 habitu,
1439 1110 1559 1149 cum
1591 1107 1761 1146 uxore

170 1200 231 1247 et
287 1194 411 1249 tiliis
438 1202 601 1249 noctu
634 1204 659 1231 ει
690 1193 1012 1249 dromonem
1049 1188 1389 1253 conscendit;
1434 1194 1488 1242 et
1532 1183 1759 1251 fugiens,

171 1279 200 1322 δ
232 1285 375 1353 apud
400 1294 652 1342 sanctum
695 1284 1059 1340 Antonomum
1105 1280 1268 1336 venit.
1301 1278 1370 1330 At
1396 1291 1523 1330 vero
1552 1273 1761 1327 Phocus

170 1388 300 1427 eum
331 1374 574 1429 exercitu
591 1374 682 1428 cin
703 1373 993 1443 septimum
1021 1370 1262 1433 veniens,
1292 1361 1761 1434 imperatorellici-

170 1470 297 1530 tur;
329 1479 359 1518 a
387 1480 496 1535 quo
522 1464 811 1519 Mauricius
839 1478 960 1518 cum
986 1475 1172 1524 uxore,
1204 1457 1323 1511 filiis
1348 1463 1402 1511 et
1426 1454 1636 1507 filiabus
1662 1465 1760 1520 pe-

167 1568 272 1607 nes
293 1554 717 1610 Chalcedoniam
735 1554 931 1621 jussus,
952 1546 1399 1619 quemadmodum
1427 1544 1529 1598 sibi
1555 1542 1763 1597 denun-

167 1643 372 1698 tiatum
400 1644 591 1708 fuerat,
623 1644 932 1699 decollatur.
960 1639 1023 1693 Et
1049 1640 1171 1707 quia
1198 1638 1371 1692 oratio
1391 1635 1633 1703 Gregorii
1657 1649 1764 1702 qua

166 1732 328 1787 illum
359 1736 589 1802 petierat
612 1735 667 1787 in
696 1732 919 1787 terribili
948 1730 1045 1784 Dei
1068 1729 1269 1797 judicio
1290 1728 1517 1783 liberum
1548 1726 1614 1781 ab
1640 1740 1760 1778 om-

166 1823 334 1878 nibus
359 1825 573 1879 delictis
600 1823 827 1878 inveniri
857 1837 1023 1877 vacua
1051 1835 1171 1877 esse
1207 1836 1316 1876 non
1365 1819 1565 1889 potuit,
1618 1817 1759 1872 idem
1793 1839 1841 1899 Β

166 1913 464 1970 Mauricius
492 1915 544 1969 id
586 1915 792 1983 recepit
818 1915 962 1984 quod
1001 1914 1219 1979 meruit,
1249 1922 1305 1968 et
1338 1913 1391 1966 in
1418 1912 1625 1969 cunctis
1653 1910 1766 1966 suis

167 2003 531 2063 incommodis
545 2004 715 2060 Deum
735 2006 1083 2072 benedicens,
1105 2020 1134 2059 a
1154 2004 1486 2074 sempiterno
1501 2001 1765 2073 supplicio

169 2097 351 2151 merui
401 2097 642 2153 liberari.

249 2203 337 2261 ﬂ).
360 2205 525 2274 igitur
543 2206 774 2277 septimo
795 2206 1141 2262 kalendarum
1166 2207 1447 2272 Maiarum,
1475 2205 1768 2261 indictione

172 2303 353 2359 sexta,
385 2297 560 2366 imago
601 2296 794 2354 Phocae
840 2306 895 2352 et
941 2297 1197 2363 Leontize,
1235 2305 1603 2367 augustorum,
1642 2311 1765 2351 cum

170 2388 495 2442 earumdem
535 2388 917 2444 tavorabilibus
947 2390 1139 2444 litteris
1185 2390 1411 2443 Romam
1452 2388 1629 2443 delata
1658 2396 1761 2446 est.

178 2478 342 2547 136
373 2477 438 2532 Et
465 2488 748 2548 postquam
780 2496 812 2535 a
834 2484 979 2536 clero
1001 2489 1055 2536 et
1082 2490 1273 2537 senatu
1302 2481 1657 2537 acclamatum
1683 2489 1766 2535 est

170 2571 257 2623 eis
287 2572 341 2624 in
368 2572 588 2627 basilica
617 2572 762 2640 Julii,
787 2573 938 2642 jussu
964 2572 1213 2642 Gregorii
1242 2574 1295 2628 in
1324 2574 1564 2629 oratorio
1592 2570 1767 2627 sancti

170 2660 399 2726 Cmsarji
428 2663 769 2718 Lateranensi
798 2666 995 2733 palatio
1020 2666 1315 2721 constituto
1350 2663 1766 2735 reponitur.Qui

170 2754 341 2807 etiam
374 2753 569 2809 Phoca:
612 2756 922 2826 imperatori
954 2758 1027 2811 ita
1074 2758 1345 2827 rescripsit
1378 2774 1391 2810 :
1434 2776 1452 2808 ι
1484 2755 1665 2811 Gloria
1710 2756 1766 2810 iu

174 2846 408 2901 excelsis
453 2846 596 2912 Deo,
644 2848 758 2915 qui,
804 2848 959 2917 juxta
991 2849 1132 2918 quod
1166 2850 1426 2917 scriptum
1455 2856 1558 2910 est,
1596 2846 1768 2899 Mutat

177 2945 417 3006 tempora
456 2949 506 2990 et
541 2940 787 3008 transfert
824 2957 986 3010 regna
1025 2940 1187 3011 (Dan.
1222 2956 1280 3006 tt,
1310 2940 1437 3011 2i);
1469 2948 1524 2994 et
1545 2940 1635 3008 qui
1665 2940 1770 2993 hoc

176 3028 390 3083 cunctis
429 3030 662 3082 innotuit
687 3030 832 3097 quod
866 3046 962 3099 per
987 3031 1304 3100 prophetam
1332 3046 1487 3085 suum
1517 3030 1663 3099 loqui
1682 3029 1767 3085 di-

176 3127 373 3185 gnatus
399 3126 503 3183 est,
528 3120 710 3174 dicens
743 3137 755 3172 :
787 3119 919 3183 Quia
946 3121 1244 3175 dominatur
1265 3120 1513 3175 Excelsus
1533 3124 1587 3175 in
1607 3138 1766 3192 regno

178 3210 468 3277 hominum,
498 3220 548 3263 et
576 3214 656 3265 cui
681 3215 912 3275 coluerit,
941 3215 1051 3282 ipse
1079 3217 1168 3265 dat
1196 3214 1328 3267 illud
1356 3214 1521 3284 (Dan.
1552 3230 1621 3275 tv,
1652 3214 1764 3283 14).
1799 3205 1842 3266 C

178 3296 235 3351 ἰει
265 3301 654 3370 omnipotentis
675 3304 872 3371 quippe
901 3304 993 3356 Dei
1016 3303 1769 3373 iucomprebensibilidispen-

181 3393 396 3447 satione
430 3394 550 3447 vitae
582 3396 822 3448 mortalis
852 3392 1221 3450 moderamina
1243 3397 1542 3451 consismnt
1564 3413 1578 3461 ;
1601 3395 1770 3450 etali-

181 3475 405 3549 quando.
448 3498 569 3536 cum
613 3483 877 3550 justorum
927 3486 1216 3541 multorum
1264 3495 1485 3556 peccata
1532 3486 1770 3540 ferienda

181 3580 327 3635 sunt,
361 3588 500 3626 unus
528 3573 767 3642 erigitur,
800 3592 896 3644 per
937 3576 1089 3645 cujus
1126 3578 1375 3631 duritiam
1412 3577 1773 3632 tribulationis

184 3661 309 3729 jugo
337 3665 707 3733 subjectorum
730 3668 864 3721 colla
884 3667 1269 3739 deprimantur.
1296 3669 1447 3735 Quod
1478 3685 1577 3724 nos
1600 3670 1652 3723 in
1677 3684 1773 3724 no-

184 3762 295 3806 stra
328 3755 529 3808 diutius
557 3757 899 3811 tribulatione
925 3761 1281 3828 probavimus.
1317 3759 1617 3829 Aliquando
1643 3774 1774 3813 vero

185 3858 308 3897 cum
361 3846 669 3902 misericors
702 3851 838 3903 Deus
867 3854 1206 3906 mmrentium
1250 3852 1538 3905 multorum
1588 3850 1773 3916 corda,

185 3949 281 3987 sua
309 3936 554 3991 decernit
582 3942 948 3996 consolatione
977 3945 1243 4009 refoverc,
1274 3960 1437 3997 unum
1462 3944 1528 3997 ad
1560 3944 1776 4013 regimi-

189 4026 271 4079 nis
298 4028 515 4081 culmen
540 4031 805 4097 provehit,
833 4041 887 4087 et
910 4049 1004 4102 per
1026 4034 1142 4102 ejus
1168 4034 1549 4089 misericordiae
1570 4035 1778 4090 viscera

189 4116 241 4169 in
274 4128 598 4173 cunctorum
640 4124 908 4178 mentibus
934 4126 1279 4180 exultationis
1302 4142 1413 4182 sua:
1439 4126 1664 4195 gratiam
1697 4127 1780 4181 in-

190 4210 383 4265 fundit.
420 4214 496 4267 De
535 4231 638 4284 qua
670 4219 1012 4274 exultationis
1051 4221 1373 4276 abundantia
1409 4223 1652 4277 roborari
1682 4239 1780 4279 nos

189 4300 350 4355 citius
376 4304 671 4373 credimus,
708 4309 799 4375 qui
838 4310 1222 4378 benignitatem
1255 4324 1443 4368 vestrm
1473 4316 1685 4385 pietatis
1714 4316 1780 4371 ad

194 4390 476 4459 imperiale
520 4396 784 4466 fastigium
828 4404 1134 4469 pervenisse
1163 4406 1473 4473 gaudemus.
1509 4407 1781 4463 Lmtcntur

194 4481 337 4546 εαξη,
371 4491 428 4536 et
449 4486 655 4540 exultet
675 4497 817 4543 terra
849 4490 1021 4558 (Psal.
1054 4493 1208 4563 xcv);
1247 4504 1301 4548 ct
1330 4494 1397 4549 dc
1421 4496 1663 4565 benignis
1688 4513 1783 4552 ve-

196 4572 322 4626 stris
366 4576 578 4629 actibus
617 4579 875 4634 universa:
906 4583 1212 4653 reipublicae
1243 4590 1471 4656 populus
1504 4605 1645 4643 nunc
1692 4606 1782 4643 us-
1811 4564 1863 4623 D

197 4674 303 4728 que
339 4664 691 4720 vehementer
719 4668 947 4725 aﬂlictus
990 4673 1295 4729 hilartscal.
1349 4677 1785 4747 Comprimantur

195 4750 325 4820 jugo
372 4752 756 4812 dominationis
783 4769 975 4816 vestrae
1000 4766 1241 4831 superbae
1280 4777 1488 4822 mentes
1525 4768 1780 4834 hostium,

198 4842 511 4897 releventur
551 4857 728 4902 vestra
776 4851 1143 4907 misericordia
1189 4857 1405 4911 contriti
1435 4873 1498 4913 ac
1546 4858 1786 4929 depressi

200 4931 363 4984 animi
405 4934 791 5000 sohjectorum.
824 4940 1006 4996 Virtus
1051 4944 1284 4999 cmleslis
1324 4949 1507 5014 gratiae
1554 4949 1785 5006 inimicis

200 5035 299 5076 vos
328 5027 596 5082 terribiles
624 5028 801 5097 faciat,
833 5034 1005 5101 pietas
1029 5037 1252 5091 subditis
1282 5039 1558 5108 benignos.
1590 5042 1783 5109 Quies-

199 5121 289 5167 cat
332 5114 655 5174 felicissimis
694 5126 1025 5193 temporibus
1072 5131 1264 5185 vestris
1306 5134 1552 5188 universa
1599 5152 1786 5206 respu-

200 5206 362 5273 blica,
407 5211 615 5278 prolata
660 5215 759 5269 sub
801 5233 1082 5273 causarum
1130 5222 1361 5291 imagine
1404 5227 1577 5291 prmda
1618 5232 1784 5299 pacis.

201 5295 427 5354 Cessent
458 5310 902 5361 testamentorum
946 5310 1167 5375 insidiae,
1213 5313 1562 5373 donationqu
1606 5295 1791 5387 grata:

202 5388 472 5446 violenter
500 5398 971 5481 exactzerlletleat
1016 5405 1222 5458 cunctis
1251 5406 1303 5459 in
1353 5408 1513 5463 rebus
1560 5414 1792 5481 propriis

200 5493 391 5537 secura
424 5490 716 5555 possessio,
736 5476 808 5543 ἰιι
835 5490 949 5547 sine
981 5495 1173 5550 timore
1209 5497 1408 5553 habere
1434 5515 1493 5554 se
1525 5476 1793 5571 gaudeant

276 5623 303 5652 ³
331 5615 512 5705 Genus
551 5622 747 5705 navigii
792 5624 1131 5705 ﬁdeliorem
1173 5629 1239 5684 lle
1280 5646 1386 5699 quo
1424 5633 1621 5701 passim
1651 5636 1792 5705 apud

205 5681 607 5752 Cassiodorum,
640 5681 695 5745 et
716 5693 764 5746 iu
790 5692 889 5751 En.
918 5696 982 5749 37
1010 5698 1127 5751 libri
1156 5716 1204 5752 χ.

278 5754 307 5795 δ
340 5756 813 5819 ῩεΙΛιιιοηοςτιωη.
848 5763 894 5820 l.
922 5765 1215 5841 Episcopus
1239 5778 1292 5827 ct
1312 5770 1515 5850 Μαι-ξπ
1534 5772 1587 5829 iu
1610 5772 1793 5846 Bythi-

1854 551 1967 620 jam
2013 548 2234 617 singulis
2277 548 2376 603 sub
2402 548 2530 618 jugo
2572 552 2647 621 pii
2676 538 2892 622 imperii
2920 551 3143 607 libertas
3183 568 3304 608 sua.
3332 553 3451 609 lloe

1860 652 2093 706 namque
2122 638 2259 692 inter
2287 652 2442 707 reges
2470 642 2713 707 gentium
2742 650 2797 694 et
2819 641 3131 713 reipublica;
3158 643 3450 712 imperato-

1861 745 1950 786 res
1971 731 2151 793 distat,
2175 728 2319 797 quod
2343 744 2497 797 reges
2515 732 2755 798 gentium
2774 730 2974 784 domini
2994 746 3270 787 servorum
3297 740 3449 797 sunt,

1860 816 2221 885 Imperatores
2262 832 2391 873 vero
2422 817 2750 889 Reipublicae
2792 818 3006 875 Domini
3052 820 3365 878 liberorum.
3416 842 3437 876 ι

1862 906 2005 977 (Lib.
2030 924 2148 975 stu,
2172 925 2255 975 ep.
2289 908 2404 977 51.)

1928 995 2020 1049 21.
2050 995 2296 1064 Cumque
2326 996 2535 1052 Phocas
2575 1000 2819 1056 mandari
2864 1001 2967 1057 sibi
3008 1001 3265 1059 Romana:
3311 1004 3454 1060 sedis

1860 1083 2144 1140 diaconum
2176 1100 2299 1140 cum
2324 1100 2519 1153 magna
2542 1090 2856 1148 humilitatis
2883 1098 3186 1152 reverentia
3217 1095 3456 1164 postula-

1860 1184 1960 1241 ret,
1986 1174 2278 1243 Gregorius
2305 1177 2379 1229 ita
2400 1178 2715 1248 rescripsit:
2744 1199 2763 1232 ι
2792 1180 3157 1240 Considerare
3175 1201 3297 1239 cum
3321 1200 3456 1254 gaud

1861 1264 1962 1319 diis
2007 1272 2064 1318 et
2103 1266 2310 1333 magnis
2358 1265 2666 1323 actionibus
2703 1271 2999 1338 gratiarum
3045 1274 3194 1340 libet,
3227 1283 3459 1342 quantas

1862 1354 2220 1424 omnipotenti
2248 1356 2357 1412 Deo
2390 1356 2576 1414 laudes
2616 1360 2896 1431 debemus,
2926 1366 3071 1434 quod
3114 1372 3324 1419 remoto
3355 1367 3453 1419 tri-

1861 1447 2023 1501 stitia:
2043 1446 2195 1515 jugo,
2227 1446 2295 1501 ad
2318 1448 2582 1503 libertatis
2606 1458 2847 1520 tempora
2870 1454 2969 1509 sub
2999 1454 3265 1524 imperiali
3294 1454 3452 1508 beni-

1864 1534 2082 1603 gnitatis
2121 1544 2313 1590 vestra:
2345 1536 2547 1605 pietate
2595 1540 2961 1607 pervenimus.
2991 1542 3123 1599 Nam
3153 1542 3296 1612 quod
3327 1557 3458 1611 per~

1864 1641 2087 1683 manere
2127 1626 2179 1681 in
2236 1627 2435 1696 palatio
2480 1628 2635 1698 juxta
2686 1634 2962 1704 antiquam
3007 1635 3453 1691 consuetudinem

1866 1716 2179 1784 apostolica:
2224 1718 2367 1772 sedis
2395 1718 2681 1775 diaconum
2711 1733 2890 1778 vestra
2924 1726 3185 1779 serenitas
3215 1740 3322 1777 non
3364 1724 3450 1777 in-

1865 1808 2033 1872 venit,
2063 1824 2169 1861 nou
2197 1808 2302 1863 hoc
2329 1824 2463 1863 mea:
2490 1812 2853 1881 negligentiae,
2884 1813 2978 1869 sed
3006 1814 3334 1885 gravissima:
3360 1826 3457 1867 ue-

1870 1896 2137 1951 cessitatis
2158 1895 2257 1951 fuit
2279 1914 2293 1949 :
2317 1897 2443 1965 quia
2468 1897 2595 1953 dum
2618 1900 2848 1956 minisari
2872 1918 3060 1961 omnes
3082 1902 3238 1972 hujus
3260 1911 3455 1956 nostrae

1869 1985 2143 2051 Ecclesiae,
2173 1989 2406 2043 contrita
2434 2005 2733 2061 asperaque
2757 2001 2999 2063 tempora
3021 2010 3141 2049 cum
3171 1993 3456 2048 formidine

1868 2077 2203 2133 declinarent
2254 2088 2416 2148 atque
2466 2082 2791 2149 refugerent,
2842 2084 2975 2139 nulli
3005 2100 3191 2139 eorum
3241 2092 3459 2154 poterat

1866 2167 2094 2238 imponi,
2125 2176 2183 2222 ut
2211 2168 2277 2222 ad
2307 2170 2493 2225 urbem
2522 2173 2724 2241 regiam
2763 2174 2817 2227 in
2844 2175 3043 2245 palatio
3075 2190 3455 2244 permansurus

1867 2259 2170 2314 accederet.
2197 2258 2301 2314 Sed
2327 2270 2607 2332 postquam
2634 2270 2866 2317 vestram
2893 2265 3252 2329 clementiam,
3277 2265 3456 2317 omni-

1865 2352 2103 2422 potentis
2154 2352 2249 2407 Dei
2294 2353 2464 2420 gratia
2520 2354 2865 2423 disponente,
2906 2358 2973 2410 ad
3002 2357 3210 2412 culmen
3241 2356 3455 2426 imperii

1865 2442 2175 2514 pervenisse
2189 2453 2579 2512 cognoverunt,
2598 2446 2697 2514 ipsi
2714 2462 2950 2518 quoque,
2969 2449 3226 2503 suadente
3247 2448 3456 2515 la-titia,

1867 2531 1934 2585 ad
1966 2539 2139 2586 vestra
2166 2532 2387 2602 vestigia
2409 2535 2595 2589 venire
2620 2536 2893 2605 festinant,
2920 2540 3012 2609 qui
3040 2538 3165 2593 illuc
3193 2539 3339 2607 prius
3361 2554 3453 2592 ac-

1868 2622 2061 2677 cedere
2080 2623 2239 2678 valde
2266 2624 2577 2681 timuerant.
2607 2626 2714 2683 Sed
2743 2632 2872 2699 quia
2897 2646 3083 2685 eorum
3123 2630 3337 2701 quidam
3379 2631 3454 2683 ita

1869 2721 2145 2768 senectute
2180 2722 2304 2767 sunt
2335 2715 2540 2772 debiles
2568 2726 2628 2772 ut
2656 2718 2896 2774 laborem
2935 2720 3077 2775 ferre
3097 2722 3188 2774 vix
3214 2721 3445 2788 possint,

1871 2801 2087 2870 quidam
2118 2818 2247 2856 vero
2285 2805 2437 2874 137
2486 2807 2868 2864 ecclesiasticis
2918 2810 3061 2864 curis
3103 2810 3459 2863 vehementer

1872 2892 2237 2961 implicantur,
2262 2895 2473 2951 etlator
2489 2900 2856 2967 przesentium,
2878 2901 2967 2969 qui
2989 2900 3190 2969 primus
3215 2901 3456 2954 omnium

1872 2980 2123 3035 defensor
2161 2982 2280 3048 fuit,
2330 2984 2468 3039 bene
2510 2987 2641 3040 mihi
2667 3003 2735 3041 ex
2766 2988 2922 3057 longa
2962 2988 3273 3043 assiduitate
3309 3003 3457 3043 com-

1872 3080 2054 3139 pertus
2083 3081 2166 3128 est
2189 3075 2318 3138 vita,
2349 3072 2453 3129 fide
2474 3091 2539 3130 ac
2565 3078 2801 3133 moribus
2821 3080 3167 3151 approbatus,
3192 3078 3337 3133 hunc
3361 3093 3458 3149 ap-

1874 3166 1987 3213 tum
2030 3170 2221 3215 vestrm
2279 3163 2494 3231 pietatis
2543 3167 2783 3236 vestigiis
2826 3166 3081 3235 judicavi.
3118 3167 3267 3223 Unde
3310 3183 3454 3234 eum,

1873 3259 2093 3305 auctore
2130 3250 2269 3316 Deo,
2300 3253 2585 3309 diaconum
2615 3254 2736 3322 feci,
2769 3266 2825 3311 et
2850 3259 2947 3313 sub
2977 3258 3253 3313 celeritate
3284 3269 3459 3313 trans-

1870 3341 2083 3395 mittere
2111 3342 2308 3408 studui,
2342 3345 2432 3412 qui
2463 3355 2654 3401 cuocta
2680 3363 2801 3417 qum
2829 3348 2880 3402 iu
2910 3350 2992 3403 his
3022 3350 3263 3417 partibus
3285 3364 3459 3418 agun—

1870 3441 1977 3499 tur,
2030 3433 2247 3489 invento
2294 3446 2599 3506 opportuno
2653 3448 2917 3509 tempore,
2946 3442 3124 3495 valeat
3153 3443 3455 3497 clementia:

1870 3532 2064 3577 vestrm
2093 3537 2403 3591 suggerere.
2436 3526 2534 3581 Cui
2580 3544 2713 3599 rogo
2754 3541 2813 3585 ut
2842 3535 3106 3589 serenitas
3134 3545 3312 3589 vestra
3343 3534 3461 3603 pias

1873 3626 2031 3666 aures
2062 3613 2321 3669 inclinare
2347 3616 2597 3686 dignetur
2630 3638 2640 3671 :
2674 3630 2732 3674 ut
2761 3631 2911 3677 tanto
2942 3625 3095 3678 nobis
3120 3624 3349 3679 celerius
3374 3638 3465 3677 va-

1873 3703 1981 3757 leat
2004 3705 2270 3773 misereri,
2311 3718 2511 3775 quanto
2537 3708 2886 3765 afflictioncm
2917 3723 3154 3767 nostram
3184 3715 3364 3767 verius
3391 3727 3463 3768 ex

1875 3792 1992 3860 ejus
2026 3795 2289 3849 relatione
2326 3799 2660 3863 cognoverit.
2696 3799 2933 3865 Qualiter
2964 3802 3106 3856 enim
3136 3800 3468 3870 quotidianis

1879 3881 2088 3947 gladiis,
2114 3890 2166 3936 et
2181 3887 2397 3950 quantis
2418 3882 3467 3958 Langobardorumincursionibus,ecco

1875 3967 1989 4037 jam
2020 3986 2115 4039 per
2146 3972 2363 4038 triginta
2393 3974 2629 4044 quinque
2656 3992 2917 4031 annorum
2948 3979 3329 4046 longitudinem
3353 3995 3469 4048 pre-

1879 4058 2095 4128 mimur,
2138 4061 2296 4115 nullis
2324 4064 2544 4131 explere
2572 4067 2933 4133 suggestionis
2955 4069 3179 4123 vocibus
3206 4069 3467 4125 valemus.

1881 4146 1988 4203 Sed
2011 4151 2063 4204 in
2088 4153 2457 4221 omnipotente
2477 4153 2589 4210 Deo
2611 4157 2950 4224 confidimus,
2981 4161 3102 4228 quia
3128 4176 3189 4215 ea
3219 4177 3338 4230 qua:
3358 4177 3466 4216 ca:-

1882 4240 1979 4308 pit,
2030 4241 2417 4297 consolationis
2457 4260 2565 4299 sum
2594 4248 2749 4301 nobis
2794 4247 2934 4303 bona
2978 4249 3246 4319 perficirt;
3296 4260 3351 4304 et
3379 4253 3472 4320 qui

1881 4331 2159 4387 suscitavit
2191 4332 2242 4386 in
2269 4334 2536 4404 republica
2567 4338 2683 4407 pios
2698 4340 2964 4406 dominos,
2983 4342 3146 4397 etiam
3168 4343 3475 4413 exstinguet

1884 4423 2414 4480 crudelesinimicos.
2448 4446 2466 4477 ι
2503 4426 2639 4498 (Lib.
2676 4446 2789 4497 χιιι,
2820 4446 2903 4501 ep.
2931 4430 3050 4502 '58.)

1958 4512 2045 4568 29..
2086 4513 2217 4568 Item
2247 4514 2486 4571 Leontia:
2514 4518 2763 4587 migtistze
2790 4539 2803 4574 :
2843 4539 2860 4573 ι
2889 4522 3018 4588 Οιιτε
3048 4524 3223 4591 lingua
3255 4524 3481 4593 eloqui,

1886 4606 2005 4674 quis
2033 4606 2241 4659 animus
2264 4608 2503 4677 cogitare
2531 4608 2788 4674 sufficiat,
2833 4620 3061 4680 quantas
3090 4613 3155 4666 de
3182 4615 3473 4669 serenitate

1886 4698 2051 4753 vestri
2077 4699 2286 4767 imperii
2303 4699 2660 4770 omnipotenti
2682 4701 2794 4756 Deo
2817 4703 3017 4770 gratias
3037 4702 3311 4768 debemus,
3330 4703 3474 4772 quod

1888 4799 1998 4844 tam
2030 4789 2163 4844 dura
2209 4789 2352 4860 longi
2384 4792 2640 4861 temporis
2686 4793 2925 4863 pondera
2954 4793 3251 4846 cervicibus
3280 4794 3475 4846 nostris

1888 4889 2069 4934 amota
2092 4887 2236 4944 sunt,
2262 4891 2316 4935 et
2345 4882 2637 4951 imperialis
2665 4884 2912 4939 culminis
2940 4883 3055 4937 leve
3079 4883 3264 4951 jugum
3295 4883 3472 4947 rediit,

1889 4972 2031 5041 quod
2054 4972 2070 5025 Ι
2092 4972 2218 5026 beat
2239 4981 2455 5041 portare
2475 4973 2762 5043 subjectis?
2784 4974 3055 5029 Reddatur
3078 4989 3205 5042 ergo
3231 4972 3477 5027 Creatori

1886 5062 2123 5117 omnium
2177 5063 2244 5117 ab
2295 5063 2614 5134 hymnidicis
2644 5063 2956 5131 angelorum
2997 5063 3177 5117 choris
3216 5062 3383 5129 gloria
3418 5063 3477 5116 iu

1887 5153 2063 5209 caalo:
2106 5153 2441 5223 persolvatur
2474 5155 2543 5208 ab
2572 5154 2874 5208 hominibus
2902 5154 3192 5221 gratiarum
3237 5153 3377 5208 actio
3424 5153 3478 5208 in

1889 5253 2056 5310 terra,
2079 5246 2205 5312 quia
2238 5246 2484 5299 universa
2513 5244 2846 5313 respublica,
2875 5260 2994 5313 quae
3034 5244 3197 5298 multa
3230 5244 3479 5299 mteroris

1891 5334 2112 5401 pertulit
2143 5334 2397 5399 vulnera,
2425 5335 2537 5402 jam
2568 5349 2709 5388 nunc
2751 5333 3137 5388 consolationis
3176 5340 3367 5388 vestrm
3396 5332 3476 5387 in-

1892 5425 2039 5479 venit
2069 5426 2321 5479 fomenta.
2357 5424 2510 5480 Unde
2540 5426 2695 5479 nobis
2721 5441 2945 5483 necesse
2984 5436 3069 5482 est
3094 5426 3480 5496 omnipotentis

1893 5511 1987 5567 Dei
2033 5512 2461 5569 misericordiam
2508 5513 2717 5569 enixius
2760 5528 3019 5581 exorare.
3065 5524 3125 5568 ut
3167 5528 3263 5568 cor
3287 5521 3481 5571 vestrm

1896 5645 1983 5700 uia
2012 5645 2110 5719 sub
2143 5645 2471 5719 Diocletiano
2490 5689 2504 5714 ,
2530 5647 2729 5719 colitur
2751 5648 2839 5703 die
2870 5648 2938 5702 12
2957 5648 3308 5719 Septembris.

1970 5727 1993 5754 ο
2028 5715 2185 5841 ξλεεεί
2207 5718 2273 5772 ad
2302 5720 2504 5775 calcem
2539 5718 2897 5791 Epistolarum
2928 5720 2976 5791 ,§
3010 5715 3069 5783 ut
3091 5722 3156 5779 de
3190 5722 3360 5784 Phoce
3387 5736 3471 5778 co-

1970 5803 2026 5841 ma
2053 5805 2100 5841 ο.
2133 5803 2161 5841 c
2189 5803 2235 5841 c.

1898 5802 2100 5854 ronalo,
2133 5802 2235 5842 etc.
