3992 6300
553 336 652 391 187

1127 332 1182 387 S.
1227 330 1552 387 GREGORII
1595 328 1807 384 M.\GNI
1851 328 2032 390 VITA.
2071 327 2271 387 AUCT.
2312 332 2574 388 JOANNE
2618 330 2927 385 DlACONO.
2970 328 3096 384 LIB.
3136 328 3223 384 IV.

3710 333 3833 387 138‘

548 448 761 520 pietatis
788 462 885 504 sua
915 460 1128 515 semper
1158 446 1375 500 dextera
1405 452 1621 506 teneat,
1665 441 1889 509 ejusque
1916 441 2121 507 cogita-
2150 446 2199 498 Δ
2227 445 2473 497 scrutari.
2501 445 2619 498 Etsi
2646 445 2788 497 nulla
2810 459 2902 498 eos
2922 444 3201 501 diversitas
3217 446 3284 499 ab
3304 446 3586 503 electionis
3608 450 3808 506 unitate

549 543 724 594 tiones
753 540 989 594 caelestis
1018 539 1200 605 gratia:
1229 553 1330 606 ope
1359 538 1629 604 dispenset
1654 551 1666 586 :
1699 544 1961 602 quatenus
1992 542 2129 585 tran-

546 632 785 698 quillitas
832 639 1008 684 vestra
1058 637 1204 682 tanto
1244 628 1440 680 rectius
1479 626 1655 679 valeat
1696 625 1795 679 sibi
1833 625 2129 678 servientes

546 735 735 788 regere
758 760 774 782 ,
804 729 1004 789 quanto
1058 716 1385 770 Dominatori
1426 718 1665 769 omnium
1714 716 1922 768 noverit
1950 717 2129 768 verius

546 809 835 862 deservire.
866 807 922 859 In
947 820 1130 858 amore
1158 805 1438 858 catholica:
1462 803 1580 859 ﬁdei
1612 803 1775 859 faciat
1819 805 2130 859 defensores

544 919 691 965 suos,
707 917 842 969 quos
868 902 992 955 fecit
1009 917 1076 953 ex
1093 900 1322 967 benigno
1344 915 1507 969 opere
1524 900 1879 968 imperatores
1897 908 2126 953 nostros.

545 990 790 1044 lufundat
813 992 865 1044 in
895 991 1088 1046 vestris
1114 991 1384 1045 mentibus
1416 991 1588 1043 zelum
1619 990 1776 1043 simul
1807 999 1861 1043 et
1890 989 2133 1042 ma'nsue-

544 1080 801 1144 tudinem,
836 1090 895 1134 ut
923 1082 1012 1149 pio
1036 1095 1251 1150 semper
1281 1079 1493 1134 fervore
1521 1078 1764 1140 valeatis,
1794 1087 1847 1131 et
1876 1078 2133 1147 quidquid

543 1173 595 1227 in
632 1173 740 1227 Deo
766 1174 1061 1237 exceditur,
1096 1188 1204 1226 non
1234 1171 1462 1224 inultum
1494 1171 1818 1238 relinquere,
1849 1176 1903 1223 et
1929 1170 1973 1222 si
2003 1167 2133 1236 quid

544 1262 599 1317 in
628 1264 779 1318 vobis
805 1264 1154 1333 delinquitur,
1190 1263 1459 1331 parcendo
1490 1262 1743 1317 tolerare.
1775 1282 1793 1313 ι
1839 1259 1978 1325 (Lib.
2020 1275 2132 1325 xm,

553 1372 633 1425 ep.
658 1353 788 1421 59.)

618 1443 707 1497 9.3.
741 1443 836 1499 His
855 1443 1141 1513 Gregorius
1159 1444 1405 1497 laudibus
1425 1449 1518 1496 aut
1539 1441 1658 1496 ideo
1678 1456 1849 1496 novos
1872 1440 2136 1510 principes

547 1537 911 1601 demulcebat,
944 1545 1001 1589 ut
1029 1537 1307 1589 audientes
1343 1535 1529 1603 quales
1573 1549 1693 1589 esse
1721 1533 2007 1593 debebant,
2040 1532 2137 1586 lie-

544 1638 668 1683 rent
698 1628 937 1681 mitiores
960 1643 1120 1697 quam
1144 1626 1429 1680 Mauricius
1458 1625 1651 1689 fuerat,
1676 1626 1827 1692 cujus
1860 1631 1938 1678 tot
1963 1623 2136 1677 crimi-

544 1718 701 1772 nibus
731 1715 969 1769 involuta
1001 1723 1245 1784 tempora
1274 1714 1701 1782 cognoscebant;
1753 1722 1849 1799 aut
1889 1713 2013 1781 quia
2042 1728 2136 1768 eos

2228 533 2583 600 disterminat,
2612 536 2654 588 si
2682 536 2895 602 quidem
2927 537 2977 589 in
3009 538 3262 605 przedicto
3294 539 3402 591 ﬁlio
3432 549 3619 593 nostro
3647 540 3813 597 Cons-

2230 625 2399 677 tantio
2422 628 2657 678 omnium
2679 627 2978 681 voluntates
2999 638 3160 696 atque
3187 645 3502 684 consensum
3528 633 3819 700 perdurare

2231 716 2531 782 cognoscis,
2560 726 2685 770 tunc
2711 733 2831 771 eum
2859 733 2887 770 a
2920 720 3147 787 propriis
3186 721 3473 790 episcopis,
3507 724 3645 777 sicut
3678 728 3813 779 ami-

2231 808 2448 875 quitatis
2470 824 2584 862 mos
2613 809 2795 873 exigit,
2826 825 2945 862 cum
2978 819 3174 864 nostra:
3202 814 3540 868 auctoritatis
3568 832 3808 879 assensu,

2231 898 2515 951 solatiante
2544 908 2598 951 et
2626 900 2919 952 auxiliante
2949 900 3176 954 Domino
3200 940 3215 963 ,
3261 901 3425 956 facias
3456 908 3762 960 consecrari
3792 925 3804 959 :

2233 996 2495 1055 quatenus
2516 988 2818 1054 huiusmodi
2848 999 3058 1043 servata
3086 993 3496 1053 consuetudine,
3530 1006 3583 1046 et
3608 1009 3815 1064 aposto-

2235 1076 2336 1130 lica
2363 1078 2518 1131 sedes
2566 1080 2839 1147 proprium
2870 1080 3109 1147 vigorem
3150 1083 3417 1145 retineat,
3459 1092 3513 1136 et
3544 1100 3571 1136 a
3602 1100 3661 1138 se
3691 1102 3815 1138 con-

2237 1182 2385 1221 cessa
2417 1168 2536 1221 aliis
2564 1184 2659 1221 sua
2684 1168 2803 1235 jura
2836 1185 2943 1222 non
2983 1170 3207 1224 minuat.
3240 1191 3258 1221 ι
3308 1170 3460 1241 (Lib.
3494 1188 3570 1233 Ill,
3597 1191 3678 1242 ep.
3703 1173 3813 1244 30.)

2306 1258 2433 1319 Sed,
2453 1274 2572 1312 cum
2591 1266 2711 1328 post
2733 1274 2904 1312 annos
2917 1260 3119 1327 aliquot
3138 1260 3481 1314 Constantius
3502 1260 3714 1317 functus
3736 1264 3815 1316 in-

2237 1349 2457 1408 signiter
2472 1348 2744 1417 pontiﬁcio
2765 1349 3052 1403 dormisset
3070 1350 3120 1402 in
3144 1350 3390 1414 Domino,
3405 1351 3581 1404 clerus
3602 1361 3658 1405 et
3676 1354 3819 1420 plebs

2238 1440 2650 1495 Mediolanensis
2681 1440 2969 1493 Deusdedit
2996 1440 3277 1494 diaconum
3308 1442 3570 1510 eligentes
3598 1444 3667 1507 ab
3699 1445 3819 1511 Agi-

2239 1530 2368 1585 lulfo
2397 1545 2521 1598 rege
2550 1538 2819 1584 terrentur
2843 1572 2858 1596 ,
2888 1539 3153 1599 quatenus
3196 1510 3341 1584 illum
3373 1533 3477 1599 elig
3514 1544 3635 1587 rent
3663 1510 3817 1601 quem

2242 1620 2714 1687 Langobardorum
2744 1619 3017 1673 barbaries
3047 1620 3319 1673 voluisset.
3354 1622 3422 1672 At
3451 1622 3523 1674 illi
3547 1622 3819 1677 decretum

2240 1726 2394 1766 suum
2442 1708 2703 1775 Gregorio
2753 1708 3073 1775 dirigentes,
3121 1710 3403 1764 consilium
3450 1720 3505 1765 et
3556 1713 3625 1765 lic
3659 1714 3821 1767 utiam

544 1805 640 1860 sibi
670 1820 888 1874 sumque
915 1804 1155 1859 ecclesia:
1182 1804 1558 1859 devotissimos
1586 1819 1850 1871 cernens,
1891 1820 1994 1857 non
2036 1818 2131 1856 eos
2163 1809 2207 1867 Β
2234 1811 2441 1875 petunt.
2466 1801 2669 1867 Quibus
2694 1801 2808 1869 ipse
2832 1801 2971 1853 inter
2992 1810 3184 1854 caetera
3206 1801 3282 1854 sic
3312 1802 3587 1870 rescripsit
3610 1820 3622 1855 :
3654 1822 3671 1852 ι
3694 1804 3828 1857 Illud

545 1895 612 1948 ad
642 1894 976 1965 tyrannidem
1005 1895 1242 1948 ruituros
1271 1909 1390 1948 esse
1415 1894 1655 1963 putabat.
1688 1894 1788 1960 Qui
1819 1895 1957 1948 sicut
1996 1908 2132 1961 quo-

553 1987 807 2041 rumlibet
833 1986 959 2039 vitia
986 1986 1166 2039 liberis
1194 1985 1415 2039 vocibus
1443 1985 1723 2052 arguebat,
1747 1993 1801 2038 et
1829 1994 2015 2039 contra
2043 1998 2133 2037 ca-

546 2089 717 2131 nones
746 2077 1019 2145 priscasve
1048 2075 1464 2130 consuetudines
1487 2077 1673 2129 venire
1697 2076 1964 2128 neminem
2010 2089 2133 2143 pcr-

547 2166 811 2231 mittcbat,
844 2167 915 2219 ita
939 2181 1058 2234 quae
1086 2166 1492 2221 consuetudinis
1523 2167 1735 2220 fuerant
1761 2166 1891 2218 nulli
1924 2167 2133 2234 penitus

547 2255 865 2323 denegabat.
908 2254 1041 2308 Nam
1085 2270 1210 2308 mox
1252 2262 1311 2307 ut
1339 2254 1625 2323 episcopus
1654 2255 1963 2322 apostolica:
1992 2254 2135 2309 sedis

548 2346 754 2408 enituit,
774 2344 1219 2413 patriarclialibus
1239 2343 1457 2397 sedibus
1478 2359 1627 2397 suam
1649 2344 1959 2414 synodicam
1980 2344 2138 2397 desti-

549 2436 714 2497 navit,
747 2444 802 2489 et
831 2433 1170 2504 postmodum
1202 2432 1528 2492 Secundino,
1560 2446 1718 2487 servo
1749 2433 1845 2487 Dei
1889 2433 2136 2501 incluso,

550 2526 689 2580 inter
735 2534 925 2580 caetera
954 2526 1141 2579 scribit
1162 2565 1174 2585 ,
1210 2525 1431 2579 dicens:
1466 2544 1482 2575 ι
1506 2524 1641 2578 llinc
1669 2533 1751 2578 est
1779 2526 1961 2589 etiam,
1994 2526 2137 2593 quod

551 2618 769 2686 quoties
814 2619 865 2670 in
890 2626 1121 2683 quatuor
1143 2618 1427 2685 praecipuis
1447 2617 1665 2672 sedibus
1694 2617 1959 2671 antistites
1988 2618 2134 2671 ordi-

549 2717 726 2773 natur,
760 2708 1046 2778 synodales
1094 2710 1194 2763 sibi
1246 2709 1504 2776 epistolas
1534 2709 1765 2763 vicissim
1814 2710 2051 2772 mittant,
2084 2710 2137 2762 in

547 2798 739 2864 quibus
787 2813 846 2851 se
888 2809 1130 2851 sanctam
1174 2798 1668 2853 Chalcedoneusem
1706 2801 1967 2868 synodum
2013 2815 2138 2854 cum

548 2887 663 2941 aliis
679 2888 1017 2956 generalibus
1034 2888 1251 2957 synodis
1266 2888 1536 2941 custodire
1553 2887 1837 2942 fateantur.
1862 2910 1879 2941 ›
1904 2889 2042 2959 (Lib.
2060 2906 2133 2955 ix,

553 2998 635 3050 ep.
672 2980 760 3035 52.
782 2984 800 3049 )
826 2981 958 3035 Item
987 2980 1304 3046 Athanasio,
1331 2981 1646 3049 presbytero
1667 2980 1733 3034 de
1756 2980 1956 3034 Isauria
1974 3021 1989 3045 ,
2017 2992 2138 3049 post

549 3073 712 3125 multa
741 3089 753 3124 :
792 3091 810 3122 ι
841 3072 1014 3126 Fratri
1038 3079 1220 3126 nostro
1249 3071 1502 3141 Cyriaco,
1525 3069 2137 3138 Constantinopolitanae

550 3162 780 3215 civitatis
801 3163 1050 3225 antistiti,
1079 3161 1165 3229 qui
1190 3176 1361 3228 nuper
1384 3161 1434 3212 in
1457 3159 1678 3213 Joannis
1708 3160 2133 3214 reverendissimi
2160 3179 2205 3241 ι)

551 3248 786 3316 episcopi
834 3249 955 3302 loco
987 3250 1263 3302 ordinatus
1302 3256 1407 3314 est,
1437 3256 1621 3301 nostra
1647 3248 1913 3302 voluimus
1938 3248 2135 3317 seripta

551 3339 955 3404 transmittere;
987 3340 1078 3393 sed
1118 3341 1241 3407 quia
1272 3355 1379 3393 non
1421 3348 1502 3392 est
1542 3340 1873 3394 consuetudo
1904 3348 1961 3392 ut
1990 3340 2137 3406 prius

550 3445 712 3498 quam
743 3429 808 3483 ad
853 3447 952 3485 nos
982 3430 1097 3497 ejus
1124 3431 1377 3501 synodica
1408 3428 1679 3485 deferatur
1706 3430 1753 3485 ei
1783 3431 2015 3485 scribere
2044 3431 2137 3485 de-

550 3520 792 3587 beamus,
819 3520 1019 3575 idcirco
1046 3538 1186 3576 nunc
1212 3522 1533 3587 distulimus,
1565 3533 1750 3590 postea
1773 3530 1950 3576 autem
1979 3525 2135 3594 138

550 3610 922 3665 indicabimus.
956 3629 974 3662 ι
1006 3610 1144 3680 (Lib.
1169 3628 1241 3679 v1,
1267 3629 1348 3680 ep.
1382 3611 1497 3680 66.)
1529 3611 1697 3676 Quam
1726 3610 1978 3666 videlicet
2005 3629 2137 3668 con-

548 3701 911 3767 suetudinem,
943 3702 1080 3756 sicut
1110 3705 1275 3756 nostri
1314 3718 1529 3771 quoque
1558 3704 1648 3772 qui
1693 3712 1817 3758 ante
1863 3704 2134 3758 biennium

549 3794 617 3847 ab
645 3793 918 3847 lIadriano
949 3796 1321 3849 liberalissimo
1338 3813 1475 3866 papa
1507 3799 1557 3850 in
1581 3807 1767 3850 sancta
1786 3806 1979 3851 octava
2007 3808 2135 3868 syn-

548 3885 653 3939 odo
699 3883 961 3954 prmfuere
1013 3894 1294 3951 testantur,
1324 3886 1394 3939 ita
1424 3885 1723 3939 Orientales
1747 3888 2015 3955 prtecipue
2047 3903 2134 3941 re-

548 3977 723 4029 tinent
763 3991 933 4043 usque
975 3976 1233 4029 hactenus
1278 3976 1467 4038 sedes,
1511 3984 1569 4030 ut
1613 3977 1667 4030 in
1712 3976 1823 4030 suis
1869 3977 2134 4047 dyptichis

548 4066 746 4120 nullius
788 4066 1060 4135 pontiﬁcis
1088 4081 1285 4121 nomen
1315 4068 1575 4135 scribant,
1603 4082 1885 4137 quousque
1912 4070 2134 4140 synodi-

548 4173 666 4211 cam
685 4159 848 4227 ipsius
863 4158 1178 4227 suscipiant,
1197 4166 1250 4212 et
1277 4158 1458 4213 tandiu
1491 4158 1800 4214 defunctum
1822 4161 2131 4228 pontificem

549 4248 689 4301 inter
712 4249 955 4302 viventes
984 4256 1336 4303 annumercnt
1360 4290 1375 4314 ,
1417 4250 1655 4317 quandiu
1684 4266 1965 4307 successor
1992 4252 2133 4308 illius

548 4352 673 4389 suas
696 4336 902 4390 litteras
923 4337 1187 4391 studuerit
1204 4338 1493 4392 destinare.

618 4425 708 4478 24.
752 4425 888 4480 Hinc
917 4434 999 4481 est
1024 4428 1273 4480 nimirum
1299 4429 1442 4496 quod
1471 4428 1760 4497 Gregorius
1783 4445 1812 4484 a
1839 4441 2129 4486 consuetu-

545 4514 671 4569 dine
689 4516 861 4585 prisca
882 4532 987 4569 non
1004 4516 1334 4585 discrepans,
1349 4516 1561 4583 Joanni,
1579 4520 1910 4575 subdiacono
1934 4523 2127 4576 rectori
2158 4549 2209 4607 D

547 4605 851 4672 patrimonii
879 4604 1124 4672 Ligurire,
1157 4606 1342 4661 scribit
1371 4606 1554 4663 dicens
1578 4626 1591 4660 :
1630 4628 1645 4659 ι
1675 4608 1889 4674 Quanto
1913 4619 2131 4680 aposto-

544 4692 646 4747 lica
673 4694 848 4757 sedes,
872 4693 983 4747 Deo
1025 4704 1267 4761 auctore,
1311 4698 1514 4750 cunctis
1556 4698 1775 4765 pnclata
1805 4709 2015 4754 constat
2043 4716 2133 4756 ec-

545 4782 743 4846 clesiis,
774 4790 925 4837 tanto
950 4784 1088 4838 inter
1107 4785 1430 4854 multiplices
1459 4801 1615 4841 curas
1644 4797 1698 4841 et
1735 4788 1826 4841 illa
1852 4805 1952 4844 nos
1974 4791 2129 4846 valde

543 4871 816 4940 sollicitat,
850 4874 939 4928 ubi
968 4874 1035 4927 ad
1083 4876 1507 4930 consecrandum
1535 4878 1852 4946 antistitem,
1882 4889 2125 4936 nostrum

545 4974 890 5032 exspectatur
943 4966 1240 5021 arbitrium.
1272 4968 1532 5022 Defuncto
1587 4970 1749 5036 igitur
1799 4970 2124 5038 Laurentio,

540 5051 802 5111 Ecclesiae
830 5055 1242 5112 Mediolanensis
1270 5058 1544 5126 episcopo,
1569 5074 1664 5114 sua
1696 5060 1850 5114 nobis
1870 5061 2130 5116 relatione

544 5143 723 5198 clerus
752 5145 984 5200 innotuit
1013 5146 1064 5200 in
1094 5147 1360 5201 electione
1388 5162 1448 5201 se
1491 5146 1583 5200 ﬁlii
1613 5148 1782 5202 nostri
1808 5148 2129 5217 Constantii,

545 5234 761 5289 diaconi
805 5238 920 5301 sui,
966 5238 1290 5292 unanimiter
1334 5240 1692 5294 consensisse.
1743 5240 1849 5295 Sed
1876 5242 2127 5310 quoniam

549 5330 741 5382 eadem
773 5346 877 5383 non
910 5331 1006 5384 fuit
1033 5331 1333 5401 subscripta
1370 5331 1582 5396 relatio,
1613 5348 1681 5386 ne
1709 5332 1835 5401 quid
1880 5334 2025 5401 quod
2064 5333 2133 5387 ad

547 5418 811 5471 cautelam
840 5421 1070 5488 pertinet
1098 5422 1429 5489 omittamus,
1462 5423 1660 5477 idcirco
1696 5422 1855 5491 hujus
1878 5425 2129 5494 praecepti

547 5510 868 5565 auctoritate
895 5512 1166 5567 suffultum
1191 5552 1208 5581 ,
1257 5513 1499 5568 Genuam
1526 5524 1577 5569 te
1606 5515 1869 5583 proﬁcisci
1912 5531 2132 5571 necesse

547 5606 656 5653 est.
688 5599 755 5652 Et
780 5602 904 5668 quia
934 5602 1042 5657 illic
1067 5605 1221 5657 multi
1266 5605 1742 5661 Mediolanensium
1773 5609 1946 5663 coacti
1988 5607 2129 5662 Lan-

546 5689 909 5757 gobardorum
938 5693 1213 5749 barbarica
1244 5694 1455 5751 feritate
1500 5700 1826 5765 consistunt,
1857 5715 2045 5755 eorum
2077 5709 2131 5754 te

548 5784 856 5839 voluntates
884 5794 1113 5855 oportet,
1141 5789 1451 5845 convocatis
1479 5790 1556 5845 cis
1588 5791 1638 5845 in
1669 5807 1974 5858 commune,
2007 5808 2130 5863 pcr-

2235 1892 2380 1961 quod
2412 1891 2561 1945 vobis
2587 1890 2653 1944 ab
2684 1888 2913 1957 Agilulfo
2943 1889 3218 1944 indicastis
3242 1892 3497 1960 scriptum
3522 1933 3536 1958 ,
3579 1894 3823 1948 dilectio-

2236 2000 2358 2039 nem
2405 1992 2638 2037 vestram
2692 1997 2799 2035 non
2843 1990 3076 2035 moveat.
3128 1982 3257 2035 Nam
3293 1982 3437 2050 quod
3466 1999 3566 2037 nos
3604 1985 3826 2040 utilitati

2234 2083 2428 2131 vestra:
2457 2073 2747 2129 salubriter
2775 2072 3058 2127 consulere
3084 2073 3309 2128 velimus
3331 2115 3346 2139 ,
3394 2075 3445 2127 in
3490 2075 3711 2128 homine
3737 2076 3829 2144 qui

2238 2182 2345 2222 non
2393 2182 2423 2219 a
2470 2165 2751 2220 catholicis
2798 2174 2855 2217 et
2902 2165 3136 2219 maxime
3194 2164 3558 2233 Langobardis
3613 2168 3826 2234 eligitur

2236 2258 2379 2312 nulla
2409 2257 2710 2327 praebemus
2758 2256 2966 2309 ratione
3014 2271 3373 2323 consensum,
3419 2257 3543 2323 quia
3594 2258 3829 2310 vicarius

2235 2348 2407 2401 sancti
2457 2346 2727 2400 AmbrOsii
2778 2344 3027 2411 indignus
3072 2346 3349 2398 evidenter
3396 2346 3732 2411 ostenditur,
3784 2347 3825 2399 si

2237 2439 2305 2493 Cit
2323 2447 2440 2493 ctus
2460 2455 2496 2514 a_
2514 2439 2706 2492 talibus
2724 2437 3023 2491 ordinatur.
3045 2456 3062 2487 ι
3087 2436 3151 2489 Et
3174 2446 3293 2506 post
3312 2453 3478 2505 pauca
3503 2456 3546 2489 ε(
3577 2436 3645 2491 Ut
3670 2440 3827 2503 igitur

2237 2532 2290 2583 in
2320 2530 2619 2583 ordinando
2648 2530 2938 2583 Deusdedit
2966 2530 3225 2595 diacono,
3266 2530 3354 2596 qui
3386 2544 3414 2581 a
3442 2531 3594 2582 Vobis
3624 2531 3827 2583 (lectus

2237 2629 2337 2681 est,
2370 2620 2513 2673 nulla
2543 2619 2715 2688 possit
2744 2634 2893 2672 mora
2926 2620 3271 2686 contingere,
3311 2617 3698 2713 I’antaleont-‘m
3735 2637 3827 2671 nu-

2240 2710 2429 2763 larium
2456 2718 2697 2763 nostrum
2725 2709 3136 2771 transmisimus,
3163 2708 3253 2776 qui
3281 2724 3422 2770 eum,
3450 2716 3506 2761 ut
3531 2708 3698 2762 moris
3727 2720 3828 2775 est,

2239 2806 2509 2851 annuente
2538 2813 2833 2852 consensus
2866 2797 3032 2851 nostri
3063 2798 3411 2861 auctoritate,
3442 2795 3603 2851 faciat
3634 2815 3828 2853 conse-

2237 2891 2393 2945 crari.
2426 2910 2443 2941 )
2481 2890 2619 2959 (Lib.
2649 2905 2720 2953 Ix,
2745 2906 2826 2959 ep.
2852 2889 2931 2957 4.)

2307 2980 2394 3033 2P5.
2438 2983 2519 3035 Ab
2546 2982 2785 3034 adversis
2814 2982 3169 3048 potestatibus
3212 2991 3570 3050 prtegravalos
3603 2982 3829 3035 fortissi-

2237 3086 2356 3124 mus
2402 3071 2556 3124 miles
2602 3069 2800 3122 Christi
2851 3068 3142 3137 Gregorius
3195 3072 3416 3125 viriliter
3466 3072 3828 3135 defendebat,

2238 3161 2539 3230 injusleque
2579 3160 2819 3227 dejeetos
2859 3177 2966 3213 non
3012 3161 3182 3213 solum
3215 3161 3352 3213 inter
3395 3162 3678 3229 depositus
3725 3180 3830 3215 non

2239 3250 2489 3312 habebat,
2518 3266 2700 3303 verum
2743 3250 2903 3302 etiam
2934 3250 3169 3317 pristinis
3199 3250 3446 3316 gradibus
3492 3254 3830 3309 auctoritatis

2238 3354 2347 3393 sua:
2393 3339 2665 3407 privilegio
2694 3338 3038 3394 reformabat.
3082 3338 3213 3392 Nam
3238 3338 3607 3405 Auastasium,
3640 3342 3828 3396 Antio-

2237 3430 2465 3486 chenutn
2497 3431 2878 3499 patriarcham,
2910 3431 3001 3497 qui
3030 3428 3290 3483 Joannem
3331 3429 3829 3501 ConstantinOpoli-

2238 3532 2418 3576 tanum
2434 3523 2712 3592 praesulem
2731 3538 2863 3577 voce
2876 3522 3038 3576 libera
3053 3523 3469 3590 reprehendens,
3488 3523 3831 3592 imperatoris

2236 3613 2429 3668 Justini
2469 3615 2618 3682 jussu
2650 3616 2899 3669 detrusus
2946 3616 2999 3668 in
3048 3616 3302 3675 exilium,
3337 3616 3403 3667 ab
3435 3616 3561 3683 ipsis
3604 3616 3830 3672 Joannis

2236 3718 2387 3772 papm
2414 3704 2758 3772 temporibus,
2792 3720 2959 3771 usque
2982 3704 3048 3757 ad
3078 3705 3158 3756 sui
3192 3704 3532 3772 pontificatus
3578 3713 3828 3774 tempora

2234 3794 2618 3864 permanebat,
2665 3811 2787 3848 mox
2821 3803 2877 3847 ut
2901 3810 3165 3847 summmn
3204 3795 3559 3848 sacerdotium
3594 3798 3828 3861 meruit,

2236 3886 2377 3939 inter
2405 3885 2734 3954 patriarchas
2763 3900 2882 3938 eum
2926 3895 3198 3953 reputans,
3229 3885 3443 3953 scriptis
3473 3886 3673 3939 talibus
3706 3889 3827 3940 ani-

2235 3978 2399 4030 mavit
2424 3996 2434 4028 :
2471 3996 2489 4027 ‹
2518 3975 2804 4041 Prteterea,
2835 3978 3047 4045 inquit,
3068 3979 3207 4032 sicut
3238 3978 3554 4046 patriarchis
3584 3979 3709 4034 aliis
3738 3997 3826 4048 pa-

2234 4068 2382 4121 ribus
2402 4068 2611 4130 vestris,
2638 4067 2947 4137 synodicam
2974 4069 3128 4138 139
3144 4068 3295 4121 vobis
3318 4068 3601 4137 epistolam
3628 4069 3827 4136 direxi,

2236 4159 2358 4227 quia
2382 4157 2520 4226 apud
2542 4173 2627 4211 me
2649 4173 2862 4226 semper
2891 4159 2993 4213 hoc
3021 4167 3150 4211 estis
3177 4159 3317 4225 quod
3347 4174 3411 4211 ex
3434 4160 3826 4228 omnipotentis

2236 4247 2331 4300 Dei
2362 4261 2583 4301 munere
2613 4246 2897 4313 accepistis
2926 4262 3076 4311 eSse,
3108 4262 3217 4300 non
3259 4247 3400 4312 quod
3446 4263 3512 4300 ex
3543 4248 3825 4303 voluntate

2233 4336 2512 4389 hominum
2558 4336 2820 4405 putamini
2870 4352 2977 4388 non
3025 4351 3165 4391 esse.
3197 4356 3214 4387 ι
3252 4335 3381 4389 ltem
3414 4336 3587 4389 cidem
3638 4338 3692 4390 in
3724 4340 3825 4393 alia

2235 4427 2460 4496 epistola
2506 4436 2628 4496 post
2674 4426 2930 4480 nonnulla
2978 4426 3255 4479 scribens:
3297 4445 3313 4476 ‹
3343 4425 3690 4482 Frateruitati
3724 4438 3824 4483 tua:

2234 4515 2411 4571 indico
2431 4518 2555 4585 quia
2586 4532 2615 4568 a
2639 4515 2997 4570 sercnissimis
3019 4514 3271 4582 dominis,
3293 4517 3508 4583 quantis
3526 4518 3669 4572 valui
3695 4535 3823 4588 pre-

2235 4613 2402 4677 cibus,
2433 4612 2696 4681 postulavi
2729 4619 2785 4664 ut
2826 4626 2942 4678 vos,
2986 4611 3190 4664 honore
3235 4610 3514 4675 restituto,
3543 4613 3609 4665 ad
3648 4614 3821 4669 sancti

2236 4701 2379 4755 Petri
2407 4701 2774 4770 apostolorum
2819 4700 3074 4769 principis
3103 4701 3282 4753 limina
3315 4700 3521 4763 venire.
3547 4709 3603 4755 et
3628 4719 3821 4772 quous-

2232 4806 2338 4860 que
2368 4792 2439 4845 ita
2473 4791 2582 4845 Deo
2612 4791 2891 4858 placuerit,
2921 4791 3007 4845 hic
3045 4805 3253 4843 mecum
3285 4791 3465 4845 vivere
3493 4793 3821 4859 concedant,

2229 4890 2492 4951 quatenus
2537 4881 2662 4935 dum
2692 4896 2787 4936 vos
2827 4881 3012 4935 videre
3058 4896 3306 4935 meruero
3332 4923 3346 4948 ,
3375 4882 3823 4950 peregrinationis

2229 4982 2427 5030 nostrae
2454 4972 2685 5035 taedium,
2715 4973 2783 5027 de
2809 4982 3009 5026 aeterna
3041 4972 3214 5041 patria
3245 4972 3475 5027 invicem
3504 4972 3819 5041 loquendo,

2230 5066 2550 5120 relevemus.
2583 5083 2601 5115 ι
2640 5064 2879 5131 Denique
2903 5064 3321 5118 studiosissimus
3351 5072 3502 5133 pater
3530 5063 3823 5134 Gregorius

2235 5155 2418 5209 tandiu
2456 5169 2620 5223 penes
2659 5153 2972 5207 Mauricium
3018 5154 3400 5221 imperatorem
3456 5155 3822 5220 suggestioni~

2230 5247 2329 5301 bus
2367 5247 2476 5300 suis
2522 5245 2823 5309 imminuit,
2874 5244 3048 5299 donec
3074 5253 3197 5314 post
3223 5245 3514 5300 multorum
3546 5260 3817 5301 annorum

2230 5338 2495 5393 curricula
2524 5351 2749 5405 magnus
2776 5336 3089 5392 Anastasius
3132 5338 3186 5390 in
3224 5337 3420 5391 throno
3447 5337 3667 5406 proprio
3694 5339 3822 5393 red-

2233 5431 2471 5485 deretur.
2526 5428 2624 5483 Cui
2674 5427 3203 5494 congratulabundus
3244 5428 3541 5497 rescripsit,
3589 5428 3818 5482 dicens:

2237 5539 2257 5571 σ
2284 5518 2465 5574 Gloria
2507 5519 2559 5572 in
2588 5517 2816 5572 excelsis
2857 5517 2999 5583 Deo,
3031 5526 3086 5571 et
3115 5518 3166 5571 in
3198 5525 3339 5571 terra
3378 5532 3483 5587 pax
3509 5517 3824 5575 hominibus

2232 5611 2386 5664 bona:
2414 5610 2723 5671 voluntatis,
2756 5608 2882 5676 quia
2912 5622 3137 5675 magnus
3166 5607 3255 5663 ille
3284 5605 3474 5662 ﬁuvius
3512 5608 3605 5678 qui
3642 5623 3819 5676 quon-

2232 5702 2352 5754 dam
2379 5703 2585 5756 arentia
2614 5701 2909 5755 Antiochia:
2931 5715 3060 5755 saxa
3091 5701 3403 5769 reliquerat,
3437 5700 3504 5754 ad
3534 5702 3819 5771 proprium

2233 5793 2441 5847 alveum
2476 5807 2737 5855 reversus,
2763 5791 3033 5859 subjectus
3059 5798 3115 5871 et
3136 5789 3286 5859 juxta
3318 5791 3521 5862 positas
3548 5791 3715 5846 valles
3744 5797 3823 5851 ri-
