  <div class='ocr_page' id='page_1' title='image "/cluster/home/n/w/nwhite01/storage/ocr_20150623/75/uva.x000827087/103.png"; bbox 0 0 3992 6292; ppageno 0'>
   <div class='ocr_carea' id='block_1_1' title="bbox 628 306 724 371">
    <p class='ocr_par' dir='ltr' id='par_1_1' title="bbox 628 306 724 371">
     <span class='ocr_line' id='line_1_1' title="bbox 628 306 724 371; baseline 0.021 -2"><span class='ocrx_word' id='word_1_1' title='bbox 628 306 724 371; x_wconf 67' lang='grc'><strong>191</strong></span> 
     </span>
    </p>
   </div>
   <div class='ocr_carea' id='block_1_2' title="bbox 1206 299 3320 371">
    <p class='ocr_par' dir='ltr' id='par_1_2' title="bbox 1206 299 3320 371">
     <span class='ocr_line' id='line_1_2' title="bbox 1206 299 3320 371; baseline -0.007 0"><span class='ocrx_word' id='word_1_2' title='bbox 1206 310 1266 371; x_wconf 87' lang='lat' dir='ltr'><strong>S.</strong></span> <span class='ocrx_word' id='word_1_3' title='bbox 1306 309 1633 370; x_wconf 75' lang='lat' dir='ltr'><strong>CREGOR&quot;</strong></span> <span class='ocrx_word' id='word_1_4' title='bbox 1674 304 1889 364; x_wconf 68' lang='lat' dir='ltr'><strong>MAGNI</strong></span> <span class='ocrx_word' id='word_1_5' title='bbox 1932 306 2111 371; x_wconf 76' lang='grc' dir='ltr'><strong>ἯΤᾹ,</strong></span> <span class='ocrx_word' id='word_1_6' title='bbox 2153 302 2356 360; x_wconf 81' lang='lat' dir='ltr'><strong>AUCT.</strong></span> <span class='ocrx_word' id='word_1_7' title='bbox 2394 301 2659 360; x_wconf 72' lang='lat' dir='ltr'><strong>JOANNE</strong></span> <span class='ocrx_word' id='word_1_8' title='bbox 2700 300 3015 358; x_wconf 70' lang='lat' dir='ltr'><strong>DIACONO.</strong></span> <span class='ocrx_word' id='word_1_9' title='bbox 3059 299 3190 359; x_wconf 86' lang='lat' dir='ltr'><strong>LIB.</strong></span> <span class='ocrx_word' id='word_1_10' title='bbox 3230 301 3320 357; x_wconf 84' lang='lat' dir='ltr'><strong>lV.</strong></span> 
     </span>
    </p>
   </div>
   <div class='ocr_carea' id='block_1_3' title="bbox 3788 303 3889 359">
    <p class='ocr_par' dir='ltr' id='par_1_3' title="bbox 3788 303 3889 359">
     <span class='ocr_line' id='line_1_3' title="bbox 3788 303 3889 359; baseline 0.04 -3"><span class='ocrx_word' id='word_1_11' title='bbox 3788 303 3889 359; x_wconf 68' lang='lat'><strong>19&#39;!</strong></span> 
     </span>
    </p>
   </div>
   <div class='ocr_carea' id='block_1_4' title="bbox 625 417 3886 504">
    <p class='ocr_par' dir='ltr' id='par_1_4' title="bbox 625 417 3886 504">
     <span class='ocr_line' id='line_1_4' title="bbox 625 417 3886 504; baseline -0.002 -22"><span class='ocrx_word' id='word_1_12' title='bbox 625 444 857 492; x_wconf 68' lang='lat' dir='ltr'><strong>vesti-am</strong></span> <span class='ocrx_word' id='word_1_13' title='bbox 888 435 1049 495; x_wconf 71' lang='lat' dir='ltr'><strong>fuisse</strong></span> <span class='ocrx_word' id='word_1_14' title='bbox 1079 435 1463 504; x_wconf 75' lang='lat' dir='ltr'><strong>rescripsimus,</strong></span> <span class='ocrx_word' id='word_1_15' title='bbox 1495 430 1636 500; x_wconf 92' lang='lat' dir='ltr'><strong>quod</strong></span> <span class='ocrx_word' id='word_1_16' title='bbox 1667 445 1728 484; x_wconf 89' lang='lat' dir='ltr'><strong>ea</strong></span> <span class='ocrx_word' id='word_1_17' title='bbox 1759 444 1877 499; x_wconf 83' lang='lat' dir='ltr'><strong>quae</strong></span> <span class='ocrx_word' id='word_1_18' title='bbox 1907 428 1972 481; x_wconf 92' lang='lat' dir='ltr'><strong>ad</strong></span> <span class='ocrx_word' id='word_1_19' title='bbox 2002 442 2104 482; x_wconf 91' lang='lat' dir='ltr'><strong>nos</strong></span> <span class='ocrx_word' id='word_1_20' title='bbox 2132 425 2200 480; x_wconf 84' lang='lat' dir='ltr'><strong>de</strong></span> <span class='ocrx_word' id='word_1_21' title='bbox 2230 427 2275 480; x_wconf 81' lang='grc' dir='ltr'><strong>Α</strong></span> <span class='ocrx_word' id='word_1_22' title='bbox 2305 420 2470 474; x_wconf 89' lang='lat' dir='ltr'><strong>tentia</strong></span> <span class='ocrx_word' id='word_1_23' title='bbox 2498 421 2722 475; x_wconf 89' lang='lat' dir='ltr'><strong>recitata</strong></span> <span class='ocrx_word' id='word_1_24' title='bbox 2751 427 2850 473; x_wconf 91' lang='lat' dir='ltr'><strong>est.</strong></span> <span class='ocrx_word' id='word_1_25' title='bbox 2880 417 3035 484; x_wconf 86' lang='lat' dir='ltr'><strong>Quod</strong></span> <span class='ocrx_word' id='word_1_26' title='bbox 3064 419 3108 473; x_wconf 89' lang='lat' dir='ltr'><strong>si</strong></span> <span class='ocrx_word' id='word_1_27' title='bbox 3135 418 3271 473; x_wconf 89' lang='lat' dir='ltr'><strong>forte</strong></span> <span class='ocrx_word' id='word_1_28' title='bbox 3294 418 3407 473; x_wconf 83' lang='lat' dir='ltr'><strong>haec</strong></span> <span class='ocrx_word' id='word_1_29' title='bbox 3428 419 3744 473; x_wconf 89' lang='lat' dir='ltr'><strong>solemniter</strong></span> <span class='ocrx_word' id='word_1_30' title='bbox 3770 428 3886 475; x_wconf 84' lang='lat' dir='ltr'><strong>acta</strong></span> 
     </span>
    </p>
   </div>
   <div class='ocr_carea' id='block_1_5' title="bbox 625 520 2201 598">
    <p class='ocr_par' dir='ltr' id='par_1_5' title="bbox 625 520 2201 598">
     <span class='ocr_line' id='line_1_5' title="bbox 625 520 2201 598; baseline -0.006 -16"><span class='ocrx_word' id='word_1_31' title='bbox 625 527 788 584; x_wconf 98' lang='lat' dir='ltr'><strong>fratre</strong></span> <span class='ocrx_word' id='word_1_32' title='bbox 810 536 865 585; x_wconf 88' lang='lat' dir='ltr'><strong>et</strong></span> <span class='ocrx_word' id='word_1_33' title='bbox 886 528 1208 598; x_wconf 86' lang='lat' dir='ltr'><strong>coepiscopo</strong></span> <span class='ocrx_word' id='word_1_34' title='bbox 1231 535 1415 580; x_wconf 90' lang='lat' dir='ltr'><strong>nostro</strong></span> <span class='ocrx_word' id='word_1_35' title='bbox 1438 523 1711 591; x_wconf 87' lang='lat' dir='ltr'><strong>Pompeio,</strong></span> <span class='ocrx_word' id='word_1_36' title='bbox 1740 521 1829 590; x_wconf 91' lang='lat' dir='ltr'><strong>qui</strong></span> <span class='ocrx_word' id='word_1_37' title='bbox 1852 520 2026 574; x_wconf 89' lang='lat' dir='ltr'><strong>adhuc</strong></span> <span class='ocrx_word' id='word_1_38' title='bbox 2048 534 2076 571; x_wconf 89' lang='lat' dir='ltr'><strong>a</strong></span> <span class='ocrx_word' id='word_1_39' title='bbox 2104 533 2201 572; x_wconf 92' lang='lat' dir='ltr'><strong>no-</strong></span> 
     </span>
    </p>
   </div>
   <div class='ocr_carea' id='block_1_6' title="bbox 625 611 2203 683">
    <p class='ocr_par' dir='ltr' id='par_1_6' title="bbox 625 611 2203 683">
     <span class='ocr_line' id='line_1_6' title="bbox 625 611 2203 683; baseline -0.005 -10"><span class='ocrx_word' id='word_1_40' title='bbox 625 618 705 673; x_wconf 86' lang='lat' dir='ltr'><strong>bis</strong></span> <span class='ocrx_word' id='word_1_41' title='bbox 749 619 819 673; x_wconf 89' lang='lat' dir='ltr'><strong>ita</strong></span> <span class='ocrx_word' id='word_1_42' title='bbox 859 627 941 672; x_wconf 89' lang='lat' dir='ltr'><strong>est</strong></span> <span class='ocrx_word' id='word_1_43' title='bbox 986 617 1371 679; x_wconf 81' lang='lat' dir='ltr'><strong>nominandus,</strong></span> <span class='ocrx_word' id='word_1_44' title='bbox 1424 621 1817 683; x_wconf 88' lang='lat' dir='ltr'><strong>pervenerunt,</strong></span> <span class='ocrx_word' id='word_1_45' title='bbox 1864 611 2203 666; x_wconf 84' lang='lat' dir='ltr'><strong>dissimulare</strong></span> 
     </span>
    </p>
   </div>
   <div class='ocr_carea' id='block_1_7' title="bbox 624 705 2202 777">
    <p class='ocr_par' dir='ltr' id='par_1_7' title="bbox 624 705 2202 777">
     <span class='ocr_line' id='line_1_7' title="bbox 624 705 2202 777; baseline -0.002 -15"><span class='ocrx_word' id='word_1_46' title='bbox 624 710 844 764; x_wconf 85' lang='lat' dir='ltr'><strong>minime</strong></span> <span class='ocrx_word' id='word_1_47' title='bbox 882 708 1195 777; x_wconf 88' lang='lat' dir='ltr'><strong>pertulistis.</strong></span> <span class='ocrx_word' id='word_1_48' title='bbox 1245 705 1353 760; x_wconf 89' lang='lat' dir='ltr'><strong>Sed</strong></span> <span class='ocrx_word' id='word_1_49' title='bbox 1395 706 1568 775; x_wconf 83' lang='lat' dir='ltr'><strong>qualis</strong></span> <span class='ocrx_word' id='word_1_50' title='bbox 1614 706 1713 759; x_wconf 91' lang='lat' dir='ltr'><strong>fuit</strong></span> <span class='ocrx_word' id='word_1_51' title='bbox 1753 722 1806 759; x_wconf 83' lang='lat' dir='ltr'><strong>In</strong></span> <span class='ocrx_word' id='word_1_52' title='bbox 1852 705 2202 776; x_wconf 86' lang='lat' dir='ltr'><strong>requisitione</strong></span> 
     </span>
    </p>
   </div>
   <div class='ocr_carea' id='block_1_8' title="bbox 622 795 2198 861">
    <p class='ocr_par' dir='ltr' id='par_1_8' title="bbox 622 795 2198 861">
     <span class='ocr_line' id='line_1_8' title="bbox 622 795 2198 861; baseline -0.001 -9"><span class='ocrx_word' id='word_1_53' title='bbox 622 811 773 859; x_wconf 76' lang='lat' dir='ltr'><strong>cura,</strong></span> <span class='ocrx_word' id='word_1_54' title='bbox 803 798 846 851; x_wconf 89' lang='lat' dir='ltr'><strong>si</strong></span> <span class='ocrx_word' id='word_1_55' title='bbox 872 797 991 849; x_wconf 87' lang='lat' dir='ltr'><strong>talis</strong></span> <span class='ocrx_word' id='word_1_56' title='bbox 1016 796 1200 851; x_wconf 90' lang='lat' dir='ltr'><strong>fuisset</strong></span> <span class='ocrx_word' id='word_1_57' title='bbox 1231 796 1281 849; x_wconf 92' lang='lat' dir='ltr'><strong>in</strong></span> <span class='ocrx_word' id='word_1_58' title='bbox 1304 796 1636 853; x_wconf 86' lang='lat' dir='ltr'><strong>discussione</strong></span> <span class='ocrx_word' id='word_1_59' title='bbox 1658 796 1945 861; x_wconf 89' lang='lat' dir='ltr'><strong>subtilitas,</strong></span> <span class='ocrx_word' id='word_1_60' title='bbox 1977 795 2107 849; x_wconf 86' lang='lat' dir='ltr'><strong>nihil</strong></span> <span class='ocrx_word' id='word_1_61' title='bbox 2135 810 2198 850; x_wconf 78' lang='lat' dir='ltr'><strong>ex</strong></span> 
     </span>
    </p>
   </div>
   <div class='ocr_carea' id='block_1_9' title="bbox 624 885 2202 955">
    <p class='ocr_par' dir='ltr' id='par_1_9' title="bbox 624 885 2202 955">
     <span class='ocr_line' id='line_1_9' title="bbox 624 885 2202 955; baseline 0.003 -18"><span class='ocrx_word' id='word_1_62' title='bbox 624 886 726 938; x_wconf 91' lang='lat' dir='ltr'><strong>hoc</strong></span> <span class='ocrx_word' id='word_1_63' title='bbox 755 885 897 952; x_wconf 86' lang='lat' dir='ltr'><strong>quod</strong></span> <span class='ocrx_word' id='word_1_64' title='bbox 938 885 1005 939; x_wconf 92' lang='lat' dir='ltr'><strong>de</strong></span> <span class='ocrx_word' id='word_1_65' title='bbox 1044 901 1110 942; x_wconf 93' lang='lat' dir='ltr'><strong>eo</strong></span> <span class='ocrx_word' id='word_1_66' title='bbox 1156 886 1355 941; x_wconf 90' lang='lat' dir='ltr'><strong>dictum</strong></span> <span class='ocrx_word' id='word_1_67' title='bbox 1386 896 1469 943; x_wconf 91' lang='lat' dir='ltr'><strong>est</strong></span> <span class='ocrx_word' id='word_1_68' title='bbox 1507 887 1693 942; x_wconf 94' lang='lat' dir='ltr'><strong>fuisset</strong></span> <span class='ocrx_word' id='word_1_69' title='bbox 1721 888 2056 955; x_wconf 87' lang='lat' dir='ltr'><strong>ambiguum,</strong></span> <span class='ocrx_word' id='word_1_70' title='bbox 2107 887 2202 941; x_wconf 88' lang='lat' dir='ltr'><strong>sed</strong></span> 
     </span>
    </p>
   </div>
   <div class='ocr_carea' id='block_1_10' title="bbox 624 977 2202 1047">
    <p class='ocr_par' dir='ltr' id='par_1_10' title="bbox 624 977 2202 1047">
     <span class='ocr_line' id='line_1_10' title="bbox 624 977 2202 1047; baseline 0.004 -20"><span class='ocrx_word' id='word_1_71' title='bbox 624 982 802 1031; x_wconf 89' lang='lat' dir='ltr'><strong>utrum</strong></span> <span class='ocrx_word' id='word_1_72' title='bbox 826 990 1011 1033; x_wconf 90' lang='lat' dir='ltr'><strong>verum</strong></span> <span class='ocrx_word' id='word_1_73' title='bbox 1028 992 1094 1030; x_wconf 90' lang='lat' dir='ltr'><strong>an</strong></span> <span class='ocrx_word' id='word_1_74' title='bbox 1116 992 1235 1032; x_wconf 89' lang='lat' dir='ltr'><strong>esse</strong></span> <span class='ocrx_word' id='word_1_75' title='bbox 1256 980 1612 1046; x_wconf 90' lang='lat' dir='ltr'><strong>compositum</strong></span> <span class='ocrx_word' id='word_1_76' title='bbox 1636 978 1913 1047; x_wconf 88' lang='lat' dir='ltr'><strong>patuisset.</strong></span> <span class='ocrx_word' id='word_1_77' title='bbox 1940 977 2073 1043; x_wconf 84' lang='lat' dir='ltr'><strong>Quia</strong></span> <span class='ocrx_word' id='word_1_78' title='bbox 2091 978 2202 1047; x_wconf 88' lang='lat' dir='ltr'><strong>jam</strong></span> 
     </span>
    </p>
   </div>
   <div class='ocr_carea' id='block_1_11' title="bbox 622 1066 2203 1141">
    <p class='ocr_par' dir='ltr' id='par_1_11' title="bbox 622 1066 2203 1141">
     <span class='ocr_line' id='line_1_11' title="bbox 622 1066 2203 1141; baseline 0.005 -23"><span class='ocrx_word' id='word_1_79' title='bbox 622 1073 811 1119; x_wconf 88' lang='lat' dir='ltr'><strong>contra</strong></span> <span class='ocrx_word' id='word_1_80' title='bbox 841 1066 1013 1135; x_wconf 88' lang='lat' dir='ltr'><strong>ipsum</strong></span> <span class='ocrx_word' id='word_1_81' title='bbox 1045 1068 1243 1123; x_wconf 88' lang='lat' dir='ltr'><strong>dudum</strong></span> <span class='ocrx_word' id='word_1_82' title='bbox 1274 1070 1327 1123; x_wconf 92' lang='lat' dir='ltr'><strong>in</strong></span> <span class='ocrx_word' id='word_1_83' title='bbox 1356 1068 1537 1124; x_wconf 79' lang='lat' dir='ltr'><strong>Sicilia</strong></span> <span class='ocrx_word' id='word_1_84' title='bbox 1576 1070 1715 1141; x_wconf 90' lang='lat' dir='ltr'><strong>apud</strong></span> <span class='ocrx_word' id='word_1_85' title='bbox 1755 1070 2061 1126; x_wconf 86' lang='lat' dir='ltr'><strong>reverendae</strong></span> <span class='ocrx_word' id='word_1_86' title='bbox 2089 1086 2203 1126; x_wconf 88' lang='lat' dir='ltr'><strong>me-</strong></span> 
     </span>
    </p>
   </div>
   <div class='ocr_carea' id='block_1_12' title="bbox 622 1156 2199 1232">
    <p class='ocr_par' dir='ltr' id='par_1_12' title="bbox 622 1156 2199 1232">
     <span class='ocr_line' id='line_1_12' title="bbox 622 1156 2199 1232; baseline 0.006 -25"><span class='ocrx_word' id='word_1_87' title='bbox 622 1157 808 1210; x_wconf 78' lang='lat' dir='ltr'><strong>moriae</strong></span> <span class='ocrx_word' id='word_1_88' title='bbox 851 1156 1071 1213; x_wconf 80' lang='lat' dir='ltr'><strong>fratrem</strong></span> <span class='ocrx_word' id='word_1_89' title='bbox 1117 1168 1357 1215; x_wconf 90' lang='lat' dir='ltr'><strong>nostrum</strong></span> <span class='ocrx_word' id='word_1_90' title='bbox 1409 1160 1816 1228; x_wconf 81' lang='lat' dir='ltr'><strong>Maximianum,</strong></span> <span class='ocrx_word' id='word_1_91' title='bbox 1866 1162 2199 1232; x_wconf 88' lang='lat' dir='ltr'><strong>episcopum,</strong></span> 
     </span>
    </p>
   </div>
   <div class='ocr_carea' id='block_1_13' title="bbox 622 1247 2202 1321">
    <p class='ocr_par' dir='ltr' id='par_1_13' title="bbox 622 1247 2202 1321">
     <span class='ocr_line' id='line_1_13' title="bbox 622 1247 2202 1321; baseline 0.005 -21"><span class='ocrx_word' id='word_1_92' title='bbox 622 1247 745 1301; x_wconf 88' lang='lat' dir='ltr'><strong>talis</strong></span> <span class='ocrx_word' id='word_1_93' title='bbox 759 1250 1006 1316; x_wconf 76' lang='lat' dir='ltr'><strong>quaestio,</strong></span> <span class='ocrx_word' id='word_1_94' title='bbox 1026 1252 1463 1319; x_wconf 81' lang='lat' dir='ltr'><strong>utcognovimus,</strong></span> <span class='ocrx_word' id='word_1_95' title='bbox 1489 1262 1635 1307; x_wconf 88' lang='lat' dir='ltr'><strong>mota</strong></span> <span class='ocrx_word' id='word_1_96' title='bbox 1650 1262 1750 1307; x_wconf 86' lang='lat' dir='ltr'><strong>est.</strong></span> <span class='ocrx_word' id='word_1_97' title='bbox 1768 1252 1873 1307; x_wconf 86' lang='lat' dir='ltr'><strong>Sed</strong></span> <span class='ocrx_word' id='word_1_98' title='bbox 1895 1253 2018 1321; x_wconf 84' lang='lat' dir='ltr'><strong>quia</strong></span> <span class='ocrx_word' id='word_1_99' title='bbox 2040 1268 2202 1308; x_wconf 88' lang='lat' dir='ltr'><strong>causa</strong></span> 
     </span>
    </p>
   </div>
   <div class='ocr_carea' id='block_1_14' title="bbox 624 1338 2203 1411">
    <p class='ocr_par' dir='ltr' id='par_1_14' title="bbox 624 1338 2203 1411">
     <span class='ocr_line' id='line_1_14' title="bbox 624 1338 2203 1411; baseline 0.004 -20"><span class='ocrx_word' id='word_1_100' title='bbox 624 1338 792 1406; x_wconf 86' lang='lat' dir='ltr'><strong>ipsius</strong></span> <span class='ocrx_word' id='word_1_101' title='bbox 820 1341 1000 1394; x_wconf 82' lang='lat' dir='ltr'><strong>subtili</strong></span> <span class='ocrx_word' id='word_1_102' title='bbox 1026 1343 1245 1396; x_wconf 92' lang='lat' dir='ltr'><strong>omnino</strong></span> <span class='ocrx_word' id='word_1_103' title='bbox 1275 1343 1682 1410; x_wconf 80' lang='lat' dir='ltr'><strong>investigatione</strong></span> <span class='ocrx_word' id='word_1_104' title='bbox 1703 1344 1922 1411; x_wconf 81' lang='lat' dir='ltr'><strong>quaesita</strong></span> <span class='ocrx_word' id='word_1_105' title='bbox 1950 1351 2032 1397; x_wconf 91' lang='lat' dir='ltr'><strong>est</strong></span> <span class='ocrx_word' id='word_1_106' title='bbox 2051 1383 2067 1408; x_wconf 89' lang='lat'><strong>,</strong></span> <span class='ocrx_word' id='word_1_107' title='bbox 2118 1343 2203 1397; x_wconf 92' lang='lat' dir='ltr'><strong>in-</strong></span> 
     </span>
    </p>
   </div>
   <div class='ocr_carea' id='block_1_15' title="bbox 623 1432 2200 1502">
    <p class='ocr_par' dir='ltr' id='par_1_15' title="bbox 623 1432 2200 1502">
     <span class='ocr_line' id='line_1_15' title="bbox 623 1432 2200 1502; baseline 0.001 -17"><span class='ocrx_word' id='word_1_108' title='bbox 623 1438 815 1485; x_wconf 84' lang='lat' dir='ltr'><strong>ventus</strong></span> <span class='ocrx_word' id='word_1_109' title='bbox 835 1443 917 1485; x_wconf 87' lang='lat' dir='ltr'><strong>est</strong></span> <span class='ocrx_word' id='word_1_110' title='bbox 945 1432 1223 1500; x_wconf 88' lang='lat' dir='ltr'><strong>innocens,</strong></span> <span class='ocrx_word' id='word_1_111' title='bbox 1252 1433 1342 1502; x_wconf 93' lang='lat' dir='ltr'><strong>qui</strong></span> <span class='ocrx_word' id='word_1_112' title='bbox 1372 1433 1546 1487; x_wconf 82' lang='lat' dir='ltr'><strong>fuerat</strong></span> <span class='ocrx_word' id='word_1_113' title='bbox 1574 1442 1857 1489; x_wconf 82' lang='lat' dir='ltr'><strong>accusatus</strong></span> <span class='ocrx_word' id='word_1_114' title='bbox 1882 1434 1933 1488; x_wconf 95' lang='lat' dir='ltr'><strong>in</strong></span> <span class='ocrx_word' id='word_1_115' title='bbox 1957 1434 2200 1487; x_wconf 77' lang='lat' dir='ltr'><strong>crimine.</strong></span> 
     </span>
    </p>
   </div>
   <div class='ocr_carea' id='block_1_16' title="bbox 624 1517 2204 1593">
    <p class='ocr_par' dir='ltr' id='par_1_16' title="bbox 624 1517 2204 1593">
     <span class='ocr_line' id='line_1_16' title="bbox 624 1517 2204 1593; baseline 0.006 -20"><span class='ocrx_word' id='word_1_116' title='bbox 624 1517 775 1577; x_wconf 81' lang='lat' dir='ltr'><strong>Nunc</strong></span> <span class='ocrx_word' id='word_1_117' title='bbox 800 1522 977 1590; x_wconf 78' lang='lat' dir='ltr'><strong>igitur,</strong></span> <span class='ocrx_word' id='word_1_118' title='bbox 1002 1526 1253 1591; x_wconf 91' lang='lat' dir='ltr'><strong>quoniam</strong></span> <span class='ocrx_word' id='word_1_119' title='bbox 1279 1525 1368 1578; x_wconf 89' lang='lat' dir='ltr'><strong>illa</strong></span> <span class='ocrx_word' id='word_1_120' title='bbox 1395 1540 1515 1593; x_wconf 80' lang='lat' dir='ltr'><strong>quae</strong></span> <span class='ocrx_word' id='word_1_121' title='bbox 1543 1532 1730 1579; x_wconf 90' lang='lat' dir='ltr'><strong>contra</strong></span> <span class='ocrx_word' id='word_1_122' title='bbox 1756 1540 1878 1580; x_wconf 90' lang='lat' dir='ltr'><strong>eum</strong></span> <span class='ocrx_word' id='word_1_123' title='bbox 1908 1526 2050 1581; x_wconf 88' lang='lat' dir='ltr'><strong>dicta</strong></span> <span class='ocrx_word' id='word_1_124' title='bbox 2079 1536 2204 1584; x_wconf 86' lang='lat' dir='ltr'><strong>sunt</strong></span> 
     </span>
    </p>
   </div>
   <div class='ocr_carea' id='block_1_17' title="bbox 625 1613 2203 1686">
    <p class='ocr_par' dir='ltr' id='par_1_17' title="bbox 625 1613 2203 1686">
     <span class='ocr_line' id='line_1_17' title="bbox 625 1613 2203 1686; baseline 0.004 -18"><span class='ocrx_word' id='word_1_125' title='bbox 625 1627 732 1668; x_wconf 89' lang='lat' dir='ltr'><strong>non</strong></span> <span class='ocrx_word' id='word_1_126' title='bbox 762 1613 859 1667; x_wconf 85' lang='lat' dir='ltr'><strong>sub</strong></span> <span class='ocrx_word' id='word_1_127' title='bbox 890 1614 977 1666; x_wconf 88' lang='lat' dir='ltr'><strong>illa</strong></span> <span class='ocrx_word' id='word_1_128' title='bbox 1010 1630 1114 1683; x_wconf 91' lang='lat' dir='ltr'><strong>qua</strong></span> <span class='ocrx_word' id='word_1_129' title='bbox 1144 1615 1324 1670; x_wconf 88' lang='lat' dir='ltr'><strong>decuit</strong></span> <span class='ocrx_word' id='word_1_130' title='bbox 1351 1616 1686 1671; x_wconf 88' lang='lat' dir='ltr'><strong>districtione</strong></span> <span class='ocrx_word' id='word_1_131' title='bbox 1710 1618 1932 1686; x_wconf 81' lang='lat' dir='ltr'><strong>quaesita</strong></span> <span class='ocrx_word' id='word_1_132' title='bbox 1963 1626 2113 1685; x_wconf 91' lang='lat' dir='ltr'><strong>sunt,</strong></span> <span class='ocrx_word' id='word_1_133' title='bbox 2146 1629 2203 1675; x_wconf 90' lang='lat' dir='ltr'><strong>et</strong></span> 
     </span>
    </p>
   </div>
   <div class='ocr_carea' id='block_1_18' title="bbox 622 1703 2197 1773">
    <p class='ocr_par' dir='ltr' id='par_1_18' title="bbox 622 1703 2197 1773">
     <span class='ocr_line' id='line_1_18' title="bbox 622 1703 2197 1773; baseline 0.008 -18"><span class='ocrx_word' id='word_1_134' title='bbox 622 1709 771 1769; x_wconf 85' lang='lat' dir='ltr'><strong>gesta</strong></span> <span class='ocrx_word' id='word_1_135' title='bbox 788 1718 905 1770; x_wconf 75' lang='lat' dir='ltr'><strong>quae</strong></span> <span class='ocrx_word' id='word_1_136' title='bbox 920 1703 1117 1757; x_wconf 82' lang='lat' dir='ltr'><strong>exinde</strong></span> <span class='ocrx_word' id='word_1_137' title='bbox 1133 1704 1271 1773; x_wconf 88' lang='lat' dir='ltr'><strong>apud</strong></span> <span class='ocrx_word' id='word_1_138' title='bbox 1294 1703 1681 1761; x_wconf 87' lang='lat' dir='ltr'><strong>fraternitatem</strong></span> <span class='ocrx_word' id='word_1_139' title='bbox 1698 1716 1929 1769; x_wconf 84' lang='lat' dir='ltr'><strong>vestram</strong></span> <span class='ocrx_word' id='word_1_140' title='bbox 1951 1710 2197 1769; x_wconf 85' lang='lat' dir='ltr'><strong>confecta</strong></span> 
     </span>
    </p>
   </div>
   <div class='ocr_carea' id='block_1_19' title="bbox 2304 508 3887 579">
    <p class='ocr_par' dir='ltr' id='par_1_19' title="bbox 2304 508 3887 579">
     <span class='ocr_line' id='line_1_19' title="bbox 2304 508 3887 579; baseline 0.001 -16"><span class='ocrx_word' id='word_1_141' title='bbox 2304 525 2412 563; x_wconf 93' lang='lat' dir='ltr'><strong>non</strong></span> <span class='ocrx_word' id='word_1_142' title='bbox 2442 518 2584 569; x_wconf 84' lang='lat' dir='ltr'><strong>sunt.</strong></span> <span class='ocrx_word' id='word_1_143' title='bbox 2620 524 2794 579; x_wconf 89' lang='lat' dir='ltr'><strong>neque</strong></span> <span class='ocrx_word' id='word_1_144' title='bbox 2820 524 2981 565; x_wconf 88' lang='lat' dir='ltr'><strong>causa</strong></span> <span class='ocrx_word' id='word_1_145' title='bbox 3008 509 3231 579; x_wconf 87' lang='lat' dir='ltr'><strong>probata</strong></span> <span class='ocrx_word' id='word_1_146' title='bbox 3253 518 3334 563; x_wconf 88' lang='lat' dir='ltr'><strong>est</strong></span> <span class='ocrx_word' id='word_1_147' title='bbox 3358 523 3477 577; x_wconf 86' lang='lat' dir='ltr'><strong>quae</strong></span> <span class='ocrx_word' id='word_1_148' title='bbox 3503 508 3668 563; x_wconf 77' lang='lat' dir='ltr'><strong>exilio</strong></span> <span class='ocrx_word' id='word_1_149' title='bbox 3690 508 3773 563; x_wconf 84' lang='lat' dir='ltr'><strong>vei</strong></span> <span class='ocrx_word' id='word_1_150' title='bbox 3796 510 3887 564; x_wconf 87' lang='lat' dir='ltr'><strong>de-</strong></span> 
     </span>
    </p>
   </div>
   <div class='ocr_carea' id='block_1_20' title="bbox 2303 598 3887 667">
    <p class='ocr_par' dir='ltr' id='par_1_20' title="bbox 2303 598 3887 667">
     <span class='ocr_line' id='line_1_20' title="bbox 2303 598 3887 667; baseline 0.002 -15"><span class='ocrx_word' id='word_1_151' title='bbox 2303 599 2570 666; x_wconf 88' lang='lat' dir='ltr'><strong>positione</strong></span> <span class='ocrx_word' id='word_1_152' title='bbox 2598 600 2754 667; x_wconf 87' lang='lat' dir='ltr'><strong>digna</strong></span> <span class='ocrx_word' id='word_1_153' title='bbox 2784 601 2883 667; x_wconf 88' lang='lat' dir='ltr'><strong>sit,</strong></span> <span class='ocrx_word' id='word_1_154' title='bbox 2927 600 2979 654; x_wconf 89' lang='lat' dir='ltr'><strong>in</strong></span> <span class='ocrx_word' id='word_1_155' title='bbox 3008 598 3305 657; x_wconf 84' lang='lat' dir='ltr'><strong>Ecclesiam</strong></span> <span class='ocrx_word' id='word_1_156' title='bbox 3335 614 3486 653; x_wconf 90' lang='lat' dir='ltr'><strong>suam</strong></span> <span class='ocrx_word' id='word_1_157' title='bbox 3517 600 3691 655; x_wconf 90' lang='lat' dir='ltr'><strong>modis</strong></span> <span class='ocrx_word' id='word_1_158' title='bbox 3719 602 3887 655; x_wconf 86' lang='lat' dir='ltr'><strong>omni-</strong></span> 
     </span>
    </p>
   </div>
   <div class='ocr_carea' id='block_1_21' title="bbox 2302 689 3349 762">
    <p class='ocr_par' dir='ltr' id='par_1_21' title="bbox 2302 689 3349 762">
     <span class='ocr_line' id='line_1_21' title="bbox 2302 689 3349 762; baseline -0.001 -18"><span class='ocrx_word' id='word_1_159' title='bbox 2302 690 2401 748; x_wconf 90' lang='lat' dir='ltr'><strong>bus</strong></span> <span class='ocrx_word' id='word_1_160' title='bbox 2426 700 2728 746; x_wconf 81' lang='lat' dir='ltr'><strong>revocetur.</strong></span> <span class='ocrx_word' id='word_1_161' title='bbox 2764 711 2782 742; x_wconf 71' lang='grc' dir='ltr'><strong>ι</strong></span> <span class='ocrx_word' id='word_1_162' title='bbox 2822 691 2961 762; x_wconf 82' lang='lat' dir='ltr'><strong>(Lib.</strong></span> <span class='ocrx_word' id='word_1_163' title='bbox 2994 707 3106 757; x_wconf 82' lang='lat' dir='ltr'><strong>xm,</strong></span> <span class='ocrx_word' id='word_1_164' title='bbox 3130 708 3207 759; x_wconf 89' lang='lat' dir='ltr'><strong>ep.</strong></span> <span class='ocrx_word' id='word_1_165' title='bbox 3237 689 3349 760; x_wconf 74' lang='lat'><strong>45.)</strong></span> 
     </span>
    </p>
   </div>
   <div class='ocr_carea' id='block_1_22' title="bbox 2375 784 3887 855">
    <p class='ocr_par' dir='ltr' id='par_1_22' title="bbox 2375 784 3887 855">
     <span class='ocr_line' id='line_1_22' title="bbox 2375 784 3887 855; baseline -0.001 -18"><span class='ocrx_word' id='word_1_166' title='bbox 2375 784 2463 838; x_wconf 71' lang='lat'><strong>29.</strong></span> <span class='ocrx_word' id='word_1_167' title='bbox 2504 786 2894 840; x_wconf 81' lang='lat' dir='ltr'><strong>Auctoritatem</strong></span> <span class='ocrx_word' id='word_1_168' title='bbox 2923 784 3284 855; x_wconf 88' lang='lat' dir='ltr'><strong>quorumlibet</strong></span> <span class='ocrx_word' id='word_1_169' title='bbox 3312 799 3645 851; x_wconf 87' lang='lat' dir='ltr'><strong>summorum</strong></span> <span class='ocrx_word' id='word_1_170' title='bbox 3676 785 3887 855; x_wconf 81' lang='lat' dir='ltr'><strong>pontiﬁ-</strong></span> 
     </span>
    </p>
   </div>
   <div class='ocr_carea' id='block_1_23' title="bbox 2304 875 3887 945">
    <p class='ocr_par' dir='ltr' id='par_1_23' title="bbox 2304 875 3887 945">
     <span class='ocr_line' id='line_1_23' title="bbox 2304 875 3887 945; baseline 0.001 -15"><span class='ocrx_word' id='word_1_171' title='bbox 2304 892 2426 931; x_wconf 89' lang='lat' dir='ltr'><strong>cum</strong></span> <span class='ocrx_word' id='word_1_172' title='bbox 2473 876 2767 945; x_wconf 79' lang='lat' dir='ltr'><strong>Gregorius</strong></span> <span class='ocrx_word' id='word_1_173' title='bbox 2808 876 3143 931; x_wconf 86' lang='lat' dir='ltr'><strong>auctoritatis</strong></span> <span class='ocrx_word' id='word_1_174' title='bbox 3190 891 3300 931; x_wconf 82' lang='lat' dir='ltr'><strong>suac</strong></span> <span class='ocrx_word' id='word_1_175' title='bbox 3339 875 3712 945; x_wconf 90' lang='lat' dir='ltr'><strong>magnitudine</strong></span> <span class='ocrx_word' id='word_1_176' title='bbox 3741 877 3887 931; x_wconf 89' lang='lat' dir='ltr'><strong>nullo</strong></span> 
     </span>
    </p>
   </div>
   <div class='ocr_carea' id='block_1_24' title="bbox 2303 966 3885 1037">
    <p class='ocr_par' dir='ltr' id='par_1_24' title="bbox 2303 966 3885 1037">
     <span class='ocr_line' id='line_1_24' title="bbox 2303 966 3885 1037; baseline -0.001 -15"><span class='ocrx_word' id='word_1_177' title='bbox 2303 968 2464 1024; x_wconf 89' lang='lat' dir='ltr'><strong>modo</strong></span> <span class='ocrx_word' id='word_1_178' title='bbox 2488 968 2786 1035; x_wconf 88' lang='lat' dir='ltr'><strong>minuebat,</strong></span> <span class='ocrx_word' id='word_1_179' title='bbox 2814 967 2943 1037; x_wconf 91' lang='lat' dir='ltr'><strong>quin</strong></span> <span class='ocrx_word' id='word_1_180' title='bbox 2971 966 3157 1037; x_wconf 90' lang='lat' dir='ltr'><strong>potius</strong></span> <span class='ocrx_word' id='word_1_181' title='bbox 3182 967 3549 1037; x_wconf 84' lang='lat' dir='ltr'><strong>multipliciter</strong></span> <span class='ocrx_word' id='word_1_182' title='bbox 3574 966 3885 1021; x_wconf 88' lang='lat' dir='ltr'><strong>roborabat.</strong></span> 
     </span>
    </p>
   </div>
   <div class='ocr_carea' id='block_1_25' title="bbox 2304 1058 3889 1130">
    <p class='ocr_par' dir='ltr' id='par_1_25' title="bbox 2304 1058 3889 1130">
     <span class='ocr_line' id='line_1_25' title="bbox 2304 1058 3889 1130; baseline 0.001 -18"><span class='ocrx_word' id='word_1_183' title='bbox 2304 1058 2374 1114; x_wconf 88' lang='lat' dir='ltr'><strong>Et</strong></span> <span class='ocrx_word' id='word_1_184' title='bbox 2399 1059 2641 1129; x_wconf 89' lang='lat' dir='ltr'><strong>quamvis</strong></span> <span class='ocrx_word' id='word_1_185' title='bbox 2671 1060 2810 1114; x_wconf 86' lang='lat' dir='ltr'><strong>inter</strong></span> <span class='ocrx_word' id='word_1_186' title='bbox 2838 1059 3131 1129; x_wconf 81' lang='lat' dir='ltr'><strong>culpabiles</strong></span> <span class='ocrx_word' id='word_1_187' title='bbox 3160 1060 3531 1114; x_wconf 85' lang='lat' dir='ltr'><strong>auctoritatem</strong></span> <span class='ocrx_word' id='word_1_188' title='bbox 3561 1060 3643 1115; x_wconf 91' lang='lat' dir='ltr'><strong>sui</strong></span> <span class='ocrx_word' id='word_1_189' title='bbox 3680 1060 3889 1130; x_wconf 83' lang='lat' dir='ltr'><strong>priora-</strong></span> 
     </span>
    </p>
   </div>
   <div class='ocr_carea' id='block_1_26' title="bbox 2307 1147 3889 1221">
    <p class='ocr_par' dir='ltr' id='par_1_26' title="bbox 2307 1147 3889 1221">
     <span class='ocr_line' id='line_1_26' title="bbox 2307 1147 3889 1221; baseline 0.001 -20"><span class='ocrx_word' id='word_1_190' title='bbox 2307 1156 2390 1202; x_wconf 92' lang='lat' dir='ltr'><strong>tus</strong></span> <span class='ocrx_word' id='word_1_191' title='bbox 2432 1155 2777 1217; x_wconf 82' lang='lat' dir='ltr'><strong>agnosceret,</strong></span> <span class='ocrx_word' id='word_1_192' title='bbox 2829 1155 3009 1202; x_wconf 90' lang='lat' dir='ltr'><strong>tamen</strong></span> <span class='ocrx_word' id='word_1_193' title='bbox 3053 1147 3192 1202; x_wconf 88' lang='lat' dir='ltr'><strong>inter</strong></span> <span class='ocrx_word' id='word_1_194' title='bbox 3228 1147 3469 1202; x_wconf 90' lang='lat' dir='ltr'><strong>insontes</strong></span> <span class='ocrx_word' id='word_1_195' title='bbox 3508 1148 3792 1221; x_wconf 89' lang='lat' dir='ltr'><strong>episcopos</strong></span> <span class='ocrx_word' id='word_1_196' title='bbox 3828 1163 3889 1203; x_wconf 88' lang='lat' dir='ltr'><strong>se</strong></span> 
     </span>
    </p>
   </div>
   <div class='ocr_carea' id='block_1_27' title="bbox 2307 1236 3891 1313">
    <p class='ocr_par' dir='ltr' id='par_1_27' title="bbox 2307 1236 3891 1313">
     <span class='ocr_line' id='line_1_27' title="bbox 2307 1236 3891 1313; baseline 0 -19"><span class='ocrx_word' id='word_1_197' title='bbox 2307 1239 2579 1308; x_wconf 74' lang='lat' dir='ltr'><strong>praebebat</strong></span> <span class='ocrx_word' id='word_1_198' title='bbox 2604 1255 2823 1309; x_wconf 88' lang='lat' dir='ltr'><strong>prorsus</strong></span> <span class='ocrx_word' id='word_1_199' title='bbox 2848 1239 3131 1308; x_wconf 74' lang='lat' dir='ltr'><strong>aequalem.</strong></span> <span class='ocrx_word' id='word_1_200' title='bbox 3170 1237 3506 1313; x_wconf 79' lang='lat' dir='ltr'><strong>Quapropter</strong></span> <span class='ocrx_word' id='word_1_201' title='bbox 3532 1236 3758 1303; x_wconf 83' lang='lat' dir='ltr'><strong>Joanni,</strong></span> <span class='ocrx_word' id='word_1_202' title='bbox 3789 1239 3891 1310; x_wconf 85' lang='lat' dir='ltr'><strong>Sy-</strong></span> 
     </span>
    </p>
   </div>
   <div class='ocr_carea' id='block_1_28' title="bbox 2305 1328 3889 1398">
    <p class='ocr_par' dir='ltr' id='par_1_28' title="bbox 2305 1328 3889 1398">
     <span class='ocr_line' id='line_1_28' title="bbox 2305 1328 3889 1398; baseline 0.001 -16"><span class='ocrx_word' id='word_1_203' title='bbox 2305 1344 2571 1383; x_wconf 90' lang='lat' dir='ltr'><strong>racusano</strong></span> <span class='ocrx_word' id='word_1_204' title='bbox 2593 1329 2871 1398; x_wconf 90' lang='lat' dir='ltr'><strong>episcopo,</strong></span> <span class='ocrx_word' id='word_1_205' title='bbox 2902 1328 3041 1381; x_wconf 90' lang='lat' dir='ltr'><strong>inter</strong></span> <span class='ocrx_word' id='word_1_206' title='bbox 3060 1335 3253 1382; x_wconf 73' lang='lat' dir='ltr'><strong>caetera</strong></span> <span class='ocrx_word' id='word_1_207' title='bbox 3277 1328 3517 1383; x_wconf 90' lang='lat' dir='ltr'><strong>scribens</strong></span> <span class='ocrx_word' id='word_1_208' title='bbox 3541 1328 3615 1382; x_wconf 87' lang='lat' dir='ltr'><strong>ait</strong></span> <span class='ocrx_word' id='word_1_209' title='bbox 3640 1347 3651 1380; x_wconf 92' lang='lat'><strong><em>:</em></strong></span> <span class='ocrx_word' id='word_1_210' title='bbox 3690 1347 3709 1380; x_wconf 76' lang='grc' dir='ltr'><strong>ι</strong></span> <span class='ocrx_word' id='word_1_211' title='bbox 3737 1328 3889 1396; x_wconf 87' lang='lat' dir='ltr'><strong>Quod</strong></span> 
     </span>
    </p>
   </div>
   <div class='ocr_carea' id='block_1_29' title="bbox 2305 1417 3887 1488">
    <p class='ocr_par' dir='ltr' id='par_1_29' title="bbox 2305 1417 3887 1488">
     <span class='ocr_line' id='line_1_29' title="bbox 2305 1417 3887 1488; baseline 0.002 -16"><span class='ocrx_word' id='word_1_212' title='bbox 2305 1420 2504 1488; x_wconf 91' lang='lat' dir='ltr'><strong>primas</strong></span> <span class='ocrx_word' id='word_1_213' title='bbox 2529 1417 2848 1484; x_wconf 87' lang='lat' dir='ltr'><strong>Bizacenus,</strong></span> <span class='ocrx_word' id='word_1_214' title='bbox 2880 1434 2910 1471; x_wconf 89' lang='lat' dir='ltr'><strong>a</strong></span> <span class='ocrx_word' id='word_1_215' title='bbox 2932 1418 3043 1472; x_wconf 91' lang='lat' dir='ltr'><strong>suis</strong></span> <span class='ocrx_word' id='word_1_216' title='bbox 3071 1418 3336 1488; x_wconf 87' lang='lat' dir='ltr'><strong>episcopis</strong></span> <span class='ocrx_word' id='word_1_217' title='bbox 3360 1418 3664 1487; x_wconf 89' lang='lat' dir='ltr'><strong>impetitus,</strong></span> <span class='ocrx_word' id='word_1_218' title='bbox 3691 1435 3751 1474; x_wconf 90' lang='lat' dir='ltr'><strong>se</strong></span> <span class='ocrx_word' id='word_1_219' title='bbox 3776 1420 3887 1475; x_wconf 86' lang='lat' dir='ltr'><strong>sedi</strong></span> 
     </span>
    </p>
   </div>
   <div class='ocr_carea' id='block_1_30' title="bbox 2305 1508 3889 1580">
    <p class='ocr_par' dir='ltr' id='par_1_30' title="bbox 2305 1508 3889 1580">
     <span class='ocr_line' id='line_1_30' title="bbox 2305 1508 3889 1580; baseline -0.001 -15"><span class='ocrx_word' id='word_1_220' title='bbox 2305 1509 2615 1580; x_wconf 83' lang='lat' dir='ltr'><strong>apostolicae</strong></span> <span class='ocrx_word' id='word_1_221' title='bbox 2645 1509 2778 1563; x_wconf 89' lang='lat' dir='ltr'><strong>dicit</strong></span> <span class='ocrx_word' id='word_1_222' title='bbox 2805 1508 3015 1578; x_wconf 88' lang='lat' dir='ltr'><strong>subjici,</strong></span> <span class='ocrx_word' id='word_1_223' title='bbox 3043 1509 3088 1564; x_wconf 91' lang='lat' dir='ltr'><strong>si</strong></span> <span class='ocrx_word' id='word_1_224' title='bbox 3117 1522 3220 1576; x_wconf 91' lang='lat' dir='ltr'><strong>qua</strong></span> <span class='ocrx_word' id='word_1_225' title='bbox 3251 1508 3405 1579; x_wconf 91' lang='lat' dir='ltr'><strong>culpa</strong></span> <span class='ocrx_word' id='word_1_226' title='bbox 3436 1509 3486 1562; x_wconf 88' lang='lat' dir='ltr'><strong>in</strong></span> <span class='ocrx_word' id='word_1_227' title='bbox 3515 1510 3783 1580; x_wconf 88' lang='lat' dir='ltr'><strong>episcopis</strong></span> <span class='ocrx_word' id='word_1_228' title='bbox 3812 1512 3889 1564; x_wconf 90' lang='lat' dir='ltr'><strong>in-</strong></span> 
     </span>
    </p>
   </div>
   <div class='ocr_carea' id='block_1_31' title="bbox 2303 1602 3882 1673">
    <p class='ocr_par' dir='ltr' id='par_1_31' title="bbox 2303 1602 3882 1673">
     <span class='ocr_line' id='line_1_31' title="bbox 2303 1602 3882 1673; baseline 0 -16"><span class='ocrx_word' id='word_1_229' title='bbox 2303 1604 2547 1665; x_wconf 82' lang='lat' dir='ltr'><strong>venitur.</strong></span> <span class='ocrx_word' id='word_1_230' title='bbox 2597 1603 2779 1661; x_wconf 86' lang='lat' dir='ltr'><strong>nescio</strong></span> <span class='ocrx_word' id='word_1_231' title='bbox 2800 1603 2920 1671; x_wconf 89' lang='lat' dir='ltr'><strong>quis</strong></span> <span class='ocrx_word' id='word_1_232' title='bbox 2948 1602 2998 1667; x_wconf 91' lang='lat' dir='ltr'><strong>ei</strong></span> <span class='ocrx_word' id='word_1_233' title='bbox 3026 1602 3307 1673; x_wconf 90' lang='lat' dir='ltr'><strong>episcopus</strong></span> <span class='ocrx_word' id='word_1_234' title='bbox 3341 1602 3615 1672; x_wconf 86' lang='lat' dir='ltr'><strong>subjectus</strong></span> <span class='ocrx_word' id='word_1_235' title='bbox 3646 1619 3755 1657; x_wconf 92' lang='lat' dir='ltr'><strong>non</strong></span> <span class='ocrx_word' id='word_1_236' title='bbox 3792 1604 3882 1657; x_wconf 87' lang='lat' dir='ltr'><strong>sit.</strong></span> 
     </span>
    </p>
   </div>
   <div class='ocr_carea' id='block_1_32' title="bbox 2304 1692 3887 1771">
    <p class='ocr_par' dir='ltr' id='par_1_32' title="bbox 2304 1692 3887 1771">
     <span class='ocr_line' id='line_1_32' title="bbox 2304 1692 3887 1771; baseline 0.001 -23"><span class='ocrx_word' id='word_1_237' title='bbox 2304 1692 2436 1748; x_wconf 89' lang='lat' dir='ltr'><strong>Cum</strong></span> <span class='ocrx_word' id='word_1_238' title='bbox 2474 1709 2607 1749; x_wconf 87' lang='lat' dir='ltr'><strong>vero</strong></span> <span class='ocrx_word' id='word_1_239' title='bbox 2646 1694 2802 1762; x_wconf 88' lang='lat' dir='ltr'><strong>culpa</strong></span> <span class='ocrx_word' id='word_1_240' title='bbox 2830 1709 2939 1747; x_wconf 94' lang='lat' dir='ltr'><strong>non</strong></span> <span class='ocrx_word' id='word_1_241' title='bbox 2968 1694 3161 1762; x_wconf 75' lang='lat' dir='ltr'><strong>exigit,</strong></span> <span class='ocrx_word' id='word_1_242' title='bbox 3207 1709 3396 1748; x_wconf 90' lang='lat' dir='ltr'><strong>omnes</strong></span> <span class='ocrx_word' id='word_1_243' title='bbox 3426 1695 3665 1765; x_wconf 87' lang='lat' dir='ltr'><strong>episcopi</strong></span> <span class='ocrx_word' id='word_1_244' title='bbox 3694 1711 3887 1771; x_wconf 82' lang='lat' dir='ltr'><strong>secun-</strong></span> 
     </span>
    </p>
   </div>
   <div class='ocr_carea' id='block_1_33' title="bbox 621 1782 3889 1871">
    <p class='ocr_par' dir='ltr' id='par_1_33' title="bbox 621 1782 3889 1871">
     <span class='ocr_line' id='line_1_33' title="bbox 621 1782 3889 1871; baseline 0.004 -40"><span class='ocrx_word' id='word_1_245' title='bbox 621 1805 772 1860; x_wconf 59' lang='lat' dir='ltr'><strong>sum,</strong></span> <span class='ocrx_word' id='word_1_246' title='bbox 825 1812 998 1864; x_wconf 69' lang='lat' dir='ltr'><strong>neque</strong></span> <span class='ocrx_word' id='word_1_247' title='bbox 1040 1797 1107 1851; x_wconf 62' lang='lat' dir='ltr'><strong>ad</strong></span> <span class='ocrx_word' id='word_1_248' title='bbox 1137 1799 1643 1855; x_wconf 49' lang='lat' dir='ltr'><strong>condemnationem</strong></span> <span class='ocrx_word' id='word_1_249' title='bbox 1670 1815 1844 1871; x_wconf 64' lang='lat' dir='ltr'><strong>neque</strong></span> <span class='ocrx_word' id='word_1_250' title='bbox 1872 1803 1939 1861; x_wconf 66' lang='lat' dir='ltr'><strong>ad</strong></span> <span class='ocrx_word' id='word_1_251' title='bbox 1977 1804 2195 1857; x_wconf 65' lang='lat' dir='ltr'><strong>absolu_</strong></span> <span class='ocrx_word' id='word_1_252' title='bbox 2230 1782 2276 1842; x_wconf 88' lang='grc' dir='ltr'><strong>Β</strong></span> <span class='ocrx_word' id='word_1_253' title='bbox 2302 1782 2428 1836; x_wconf 90' lang='lat' dir='ltr'><strong>dum</strong></span> <span class='ocrx_word' id='word_1_254' title='bbox 2449 1783 2713 1838; x_wconf 79' lang='lat' dir='ltr'><strong>rationem</strong></span> <span class='ocrx_word' id='word_1_255' title='bbox 2736 1782 3048 1837; x_wconf 88' lang='lat' dir='ltr'><strong>humilitatis</strong></span> <span class='ocrx_word' id='word_1_256' title='bbox 3067 1783 3300 1855; x_wconf 83' lang='lat' dir='ltr'><strong>aequales</strong></span> <span class='ocrx_word' id='word_1_257' title='bbox 3320 1799 3554 1839; x_wconf 64' lang='lat' dir='ltr'><strong>sumus.)</strong></span> <span class='ocrx_word' id='word_1_258' title='bbox 3585 1786 3652 1839; x_wconf 88' lang='lat' dir='ltr'><strong>Et</strong></span> <span class='ocrx_word' id='word_1_259' title='bbox 3671 1795 3889 1843; x_wconf 71' lang='lat' dir='ltr'><strong>cantem.</strong></span> 
     </span>
    </p>
   </div>
   <div class='ocr_carea' id='block_1_34' title="bbox 622 1888 2198 1959">
    <p class='ocr_par' dir='ltr' id='par_1_34' title="bbox 622 1888 2198 1959">
     <span class='ocr_line' id='line_1_34' title="bbox 622 1888 2198 1959; baseline 0.006 -20"><span class='ocrx_word' id='word_1_260' title='bbox 622 1888 821 1941; x_wconf 88' lang='lat' dir='ltr'><strong>tionem</strong></span> <span class='ocrx_word' id='word_1_261' title='bbox 854 1888 969 1955; x_wconf 84' lang='lat' dir='ltr'><strong>ejus</strong></span> <span class='ocrx_word' id='word_1_262' title='bbox 997 1888 1295 1956; x_wconf 83' lang='lat' dir='ltr'><strong>probantur</strong></span> <span class='ocrx_word' id='word_1_263' title='bbox 1324 1906 1482 1959; x_wconf 86' lang='lat' dir='ltr'><strong>posse</strong></span> <span class='ocrx_word' id='word_1_264' title='bbox 1510 1891 1781 1959; x_wconf 80' lang='lat' dir='ltr'><strong>sufficere,</strong></span> <span class='ocrx_word' id='word_1_265' title='bbox 1814 1909 1921 1950; x_wconf 94' lang='lat' dir='ltr'><strong>non</strong></span> <span class='ocrx_word' id='word_1_266' title='bbox 1952 1894 2084 1949; x_wconf 80' lang='lat' dir='ltr'><strong>levis</strong></span> <span class='ocrx_word' id='word_1_267' title='bbox 2112 1910 2198 1949; x_wconf 88' lang='lat' dir='ltr'><strong>res</strong></span> 
     </span>
    </p>
   </div>
   <div class='ocr_carea' id='block_1_35' title="bbox 620 1978 2193 2044">
    <p class='ocr_par' dir='ltr' id='par_1_35' title="bbox 620 1978 2193 2044">
     <span class='ocr_line' id='line_1_35' title="bbox 620 1978 2193 2044; baseline 0.006 -15"><span class='ocrx_word' id='word_1_268' title='bbox 620 1978 796 2044; x_wconf 78' lang='lat' dir='ltr'><strong>agitur</strong></span> <span class='ocrx_word' id='word_1_269' title='bbox 832 1984 889 2029; x_wconf 91' lang='lat' dir='ltr'><strong>ut</strong></span> <span class='ocrx_word' id='word_1_270' title='bbox 928 1979 1138 2033; x_wconf 89' lang='lat' dir='ltr'><strong>incaute</strong></span> <span class='ocrx_word' id='word_1_271' title='bbox 1173 1979 1256 2033; x_wconf 91' lang='lat' dir='ltr'><strong>vel</strong></span> <span class='ocrx_word' id='word_1_272' title='bbox 1298 1980 1350 2034; x_wconf 91' lang='lat' dir='ltr'><strong>in</strong></span> <span class='ocrx_word' id='word_1_273' title='bbox 1397 1990 1704 2037; x_wconf 78' lang='lat' dir='ltr'><strong>transcursu</strong></span> <span class='ocrx_word' id='word_1_274' title='bbox 1743 1983 1937 2041; x_wconf 88' lang='lat' dir='ltr'><strong>debeat</strong></span> <span class='ocrx_word' id='word_1_275' title='bbox 1964 1984 2193 2040; x_wconf 88' lang='lat' dir='ltr'><strong>deliniri.</strong></span> 
     </span>
    </p>
   </div>
   <div class='ocr_carea' id='block_1_36' title="bbox 620 2065 2197 2140">
    <p class='ocr_par' dir='ltr' id='par_1_36' title="bbox 620 2065 2197 2140">
     <span class='ocr_line' id='line_1_36' title="bbox 620 2065 2197 2140; baseline 0.006 -20"><span class='ocrx_word' id='word_1_276' title='bbox 620 2065 751 2120; x_wconf 80' lang='lat' dir='ltr'><strong>Nam</strong></span> <span class='ocrx_word' id='word_1_277' title='bbox 778 2083 938 2135; x_wconf 87' lang='lat' dir='ltr'><strong>grave</strong></span> <span class='ocrx_word' id='word_1_278' title='bbox 959 2078 1043 2123; x_wconf 89' lang='lat' dir='ltr'><strong>est</strong></span> <span class='ocrx_word' id='word_1_279' title='bbox 1062 2070 1191 2130; x_wconf 83' lang='lat' dir='ltr'><strong>satis</strong></span> <span class='ocrx_word' id='word_1_280' title='bbox 1211 2078 1266 2124; x_wconf 92' lang='lat' dir='ltr'><strong>et</strong></span> <span class='ocrx_word' id='word_1_281' title='bbox 1293 2070 1545 2129; x_wconf 85' lang='lat' dir='ltr'><strong>indecens</strong></span> <span class='ocrx_word' id='word_1_282' title='bbox 1567 2080 1646 2140; x_wconf 89' lang='lat' dir='ltr'><strong>ut,</strong></span> <span class='ocrx_word' id='word_1_283' title='bbox 1677 2074 1728 2127; x_wconf 92' lang='lat' dir='ltr'><strong>in</strong></span> <span class='ocrx_word' id='word_1_284' title='bbox 1758 2089 1815 2127; x_wconf 91' lang='lat' dir='ltr'><strong>re</strong></span> <span class='ocrx_word' id='word_1_285' title='bbox 1835 2074 2014 2136; x_wconf 87' lang='lat' dir='ltr'><strong>dubia,</strong></span> <span class='ocrx_word' id='word_1_286' title='bbox 2048 2084 2197 2137; x_wconf 87' lang='lat' dir='ltr'><strong>certa</strong></span> 
     </span>
    </p>
   </div>
   <div class='ocr_carea' id='block_1_37' title="bbox 620 2156 2199 2235">
    <p class='ocr_par' dir='ltr' id='par_1_37' title="bbox 620 2156 2199 2235">
     <span class='ocr_line' id='line_1_37' title="bbox 620 2156 2199 2235; baseline 0.006 -27"><span class='ocrx_word' id='word_1_287' title='bbox 620 2156 829 2211; x_wconf 84' lang='lat' dir='ltr'><strong>dicatur</strong></span> <span class='ocrx_word' id='word_1_288' title='bbox 850 2159 1136 2215; x_wconf 85' lang='lat' dir='ltr'><strong>sententia.</strong></span> <span class='ocrx_word' id='word_1_289' title='bbox 1167 2159 1231 2219; x_wconf 86' lang='lat' dir='ltr'><strong>Et</strong></span> <span class='ocrx_word' id='word_1_290' title='bbox 1260 2159 1375 2217; x_wconf 69' lang='lat' dir='ltr'><strong>haec</strong></span> <span class='ocrx_word' id='word_1_291' title='bbox 1394 2160 1607 2231; x_wconf 77' lang='lat' dir='ltr'><strong>quidem</strong></span> <span class='ocrx_word' id='word_1_292' title='bbox 1634 2172 1784 2231; x_wconf 85' lang='lat' dir='ltr'><strong>gesta</strong></span> <span class='ocrx_word' id='word_1_293' title='bbox 1809 2179 1927 2219; x_wconf 90' lang='lat' dir='ltr'><strong>esse</strong></span> <span class='ocrx_word' id='word_1_294' title='bbox 1948 2173 2199 2235; x_wconf 88' lang='lat' dir='ltr'><strong>poterant</strong></span> 
     </span>
    </p>
   </div>
   <div class='ocr_carea' id='block_1_38' title="bbox 625 2246 2199 2317">
    <p class='ocr_par' dir='ltr' id='par_1_38' title="bbox 625 2246 2199 2317">
     <span class='ocr_line' id='line_1_38' title="bbox 625 2246 2199 2317; baseline 0.005 -14"><span class='ocrx_word' id='word_1_295' title='bbox 625 2246 693 2303; x_wconf 87' lang='lat' dir='ltr'><strong>ad</strong></span> <span class='ocrx_word' id='word_1_296' title='bbox 718 2247 1075 2305; x_wconf 84' lang='lat' dir='ltr'><strong>definiendum</strong></span> <span class='ocrx_word' id='word_1_297' title='bbox 1107 2250 1298 2307; x_wconf 89' lang='lat' dir='ltr'><strong>idonea</strong></span> <span class='ocrx_word' id='word_1_298' title='bbox 1323 2293 1338 2317; x_wconf 91' lang='lat'><strong>,</strong></span> <span class='ocrx_word' id='word_1_299' title='bbox 1378 2253 1422 2306; x_wconf 90' lang='lat' dir='ltr'><strong>si</strong></span> <span class='ocrx_word' id='word_1_300' title='bbox 1456 2255 1695 2308; x_wconf 88' lang='lat' dir='ltr'><strong>accusati</strong></span> <span class='ocrx_word' id='word_1_301' title='bbox 1724 2270 1788 2309; x_wconf 91' lang='lat' dir='ltr'><strong>ea</strong></span> <span class='ocrx_word' id='word_1_302' title='bbox 1818 2255 2083 2310; x_wconf 86' lang='lat' dir='ltr'><strong>confessio</strong></span> <span class='ocrx_word' id='word_1_303' title='bbox 2112 2272 2199 2311; x_wconf 86' lang='lat' dir='ltr'><strong>se-</strong></span> 
     </span>
    </p>
   </div>
   <div class='ocr_carea' id='block_1_39' title="bbox 620 2342 2198 2415">
    <p class='ocr_par' dir='ltr' id='par_1_39' title="bbox 620 2342 2198 2415">
     <span class='ocr_line' id='line_1_39' title="bbox 620 2342 2198 2415; baseline 0.004 -22"><span class='ocrx_word' id='word_1_304' title='bbox 620 2350 891 2407; x_wconf 84' lang='lat' dir='ltr'><strong>queretur,</strong></span> <span class='ocrx_word' id='word_1_305' title='bbox 941 2342 983 2395; x_wconf 87' lang='lat' dir='ltr'><strong>si</strong></span> <span class='ocrx_word' id='word_1_306' title='bbox 1028 2350 1204 2396; x_wconf 88' lang='lat' dir='ltr'><strong>tamen</strong></span> <span class='ocrx_word' id='word_1_307' title='bbox 1235 2343 1477 2399; x_wconf 85' lang='lat' dir='ltr'><strong>eamdem</strong></span> <span class='ocrx_word' id='word_1_308' title='bbox 1509 2344 1903 2400; x_wconf 85' lang='lat' dir='ltr'><strong>confessionem</strong></span> <span class='ocrx_word' id='word_1_309' title='bbox 1930 2346 2198 2415; x_wconf 80' lang='lat' dir='ltr'><strong>subtilitas</strong></span> 
     </span>
    </p>
   </div>
   <div class='ocr_carea' id='block_1_40' title="bbox 622 2424 2197 2499">
    <p class='ocr_par' dir='ltr' id='par_1_40' title="bbox 622 2424 2197 2499">
     <span class='ocr_line' id='line_1_40' title="bbox 622 2424 2197 2499; baseline 0.004 -16"><span class='ocrx_word' id='word_1_310' title='bbox 622 2430 880 2483; x_wconf 79' lang='lat' dir='ltr'><strong>examinis</strong></span> <span class='ocrx_word' id='word_1_311' title='bbox 909 2447 971 2484; x_wconf 82' lang='lat' dir='ltr'><strong>ex</strong></span> <span class='ocrx_word' id='word_1_312' title='bbox 1005 2424 1237 2487; x_wconf 66' lang='lat' dir='ltr'><strong>occultis</strong></span> <span class='ocrx_word' id='word_1_313' title='bbox 1260 2433 1511 2499; x_wconf 86' lang='lat' dir='ltr'><strong>eliceret,</strong></span> <span class='ocrx_word' id='word_1_314' title='bbox 1553 2442 1607 2489; x_wconf 91' lang='lat' dir='ltr'><strong>et</strong></span> <span class='ocrx_word' id='word_1_315' title='bbox 1646 2450 1754 2490; x_wconf 92' lang='lat' dir='ltr'><strong>non</strong></span> <span class='ocrx_word' id='word_1_316' title='bbox 1784 2434 2002 2490; x_wconf 86' lang='lat' dir='ltr'><strong>alllictio</strong></span> <span class='ocrx_word' id='word_1_317' title='bbox 2033 2437 2197 2490; x_wconf 89' lang='lat' dir='ltr'><strong>vehe-</strong></span> 
     </span>
    </p>
   </div>
   <div class='ocr_carea' id='block_1_41' title="bbox 621 2521 2199 2594">
    <p class='ocr_par' dir='ltr' id='par_1_41' title="bbox 621 2521 2199 2594">
     <span class='ocr_line' id='line_1_41' title="bbox 621 2521 2199 2594; baseline 0.007 -23"><span class='ocrx_word' id='word_1_318' title='bbox 621 2534 773 2577; x_wconf 88' lang='lat' dir='ltr'><strong>mens</strong></span> <span class='ocrx_word' id='word_1_319' title='bbox 792 2530 1156 2588; x_wconf 84' lang='lat' dir='ltr'><strong>extorqueret,</strong></span> <span class='ocrx_word' id='word_1_320' title='bbox 1186 2539 1304 2591; x_wconf 80' lang='lat' dir='ltr'><strong>quae</strong></span> <span class='ocrx_word' id='word_1_321' title='bbox 1334 2521 1639 2594; x_wconf 83' lang='lat' dir='ltr'><strong>frequenter</strong></span> <span class='ocrx_word' id='word_1_322' title='bbox 1663 2527 1764 2580; x_wconf 93' lang='lat' dir='ltr'><strong>hoc</strong></span> <span class='ocrx_word' id='word_1_323' title='bbox 1788 2527 1896 2594; x_wconf 87' lang='lat' dir='ltr'><strong>agit</strong></span> <span class='ocrx_word' id='word_1_324' title='bbox 1924 2536 1978 2579; x_wconf 92' lang='lat' dir='ltr'><strong>ut</strong></span> <span class='ocrx_word' id='word_1_325' title='bbox 2009 2528 2199 2582; x_wconf 78' lang='lat' dir='ltr'><strong>noxios</strong></span> 
     </span>
    </p>
   </div>
   <div class='ocr_carea' id='block_1_42' title="bbox 621 2609 2199 2687">
    <p class='ocr_par' dir='ltr' id='par_1_42' title="bbox 621 2609 2199 2687">
     <span class='ocr_line' id='line_1_42' title="bbox 621 2609 2199 2687; baseline 0.007 -24"><span class='ocrx_word' id='word_1_326' title='bbox 621 2625 679 2663; x_wconf 89' lang='lat' dir='ltr'><strong>se</strong></span> <span class='ocrx_word' id='word_1_327' title='bbox 708 2609 856 2663; x_wconf 87' lang='lat' dir='ltr'><strong>fateri</strong></span> <span class='ocrx_word' id='word_1_328' title='bbox 885 2616 1045 2665; x_wconf 89' lang='lat' dir='ltr'><strong>etiam</strong></span> <span class='ocrx_word' id='word_1_329' title='bbox 1069 2622 1327 2682; x_wconf 89' lang='lat' dir='ltr'><strong>cogantur</strong></span> <span class='ocrx_word' id='word_1_330' title='bbox 1350 2615 1572 2669; x_wconf 81' lang='lat' dir='ltr'><strong>innoxii.</strong></span> <span class='ocrx_word' id='word_1_331' title='bbox 1604 2615 1734 2669; x_wconf 90' lang='lat' dir='ltr'><strong>Nam</strong></span> <span class='ocrx_word' id='word_1_332' title='bbox 1759 2625 2040 2686; x_wconf 86' lang='lat' dir='ltr'><strong>postquam</strong></span> <span class='ocrx_word' id='word_1_333' title='bbox 2064 2634 2199 2687; x_wconf 82' lang='lat' dir='ltr'><strong>prae-</strong></span> 
     </span>
    </p>
   </div>
   <div class='ocr_carea' id='block_1_43' title="bbox 619 2698 2200 2775">
    <p class='ocr_par' dir='ltr' id='par_1_43' title="bbox 619 2698 2200 2775">
     <span class='ocr_line' id='line_1_43' title="bbox 619 2698 2200 2775; baseline 0.007 -23"><span class='ocrx_word' id='word_1_334' title='bbox 619 2698 758 2755; x_wconf 82' lang='lat' dir='ltr'><strong>fatus</strong></span> <span class='ocrx_word' id='word_1_335' title='bbox 785 2701 1085 2770; x_wconf 89' lang='lat' dir='ltr'><strong>episc0pus,</strong></span> <span class='ocrx_word' id='word_1_336' title='bbox 1121 2714 1177 2757; x_wconf 91' lang='lat' dir='ltr'><strong>ut</strong></span> <span class='ocrx_word' id='word_1_337' title='bbox 1197 2703 1409 2769; x_wconf 89' lang='lat' dir='ltr'><strong>dicitur,</strong></span> <span class='ocrx_word' id='word_1_338' title='bbox 1441 2707 1668 2761; x_wconf 84' lang='lat' dir='ltr'><strong>cruciari</strong></span> <span class='ocrx_word' id='word_1_339' title='bbox 1696 2708 1959 2775; x_wconf 86' lang='lat' dir='ltr'><strong>custodia,</strong></span> <span class='ocrx_word' id='word_1_340' title='bbox 1991 2724 2200 2763; x_wconf 86' lang='lat' dir='ltr'><strong>crema-</strong></span> 
     </span>
    </p>
   </div>
   <div class='ocr_carea' id='block_1_44' title="bbox 619 2791 2200 2862">
    <p class='ocr_par' dir='ltr' id='par_1_44' title="bbox 619 2791 2200 2862">
     <span class='ocr_line' id='line_1_44' title="bbox 619 2791 2200 2862; baseline 0.004 -15"><span class='ocrx_word' id='word_1_341' title='bbox 619 2791 773 2861; x_wconf 85' lang='lat' dir='ltr'><strong>rique</strong></span> <span class='ocrx_word' id='word_1_342' title='bbox 801 2792 941 2848; x_wconf 90' lang='lat' dir='ltr'><strong>fame</strong></span> <span class='ocrx_word' id='word_1_343' title='bbox 968 2808 1027 2847; x_wconf 89' lang='lat' dir='ltr'><strong>se</strong></span> <span class='ocrx_word' id='word_1_344' title='bbox 1048 2795 1258 2858; x_wconf 89' lang='lat' dir='ltr'><strong>asserit,</strong></span> <span class='ocrx_word' id='word_1_345' title='bbox 1292 2796 1434 2849; x_wconf 89' lang='lat' dir='ltr'><strong>scire</strong></span> <span class='ocrx_word' id='word_1_346' title='bbox 1463 2797 1687 2862; x_wconf 89' lang='lat' dir='ltr'><strong>debetis,</strong></span> <span class='ocrx_word' id='word_1_347' title='bbox 1718 2798 1762 2851; x_wconf 88' lang='lat' dir='ltr'><strong>si</strong></span> <span class='ocrx_word' id='word_1_348' title='bbox 1796 2800 1865 2851; x_wconf 90' lang='lat' dir='ltr'><strong>ita</strong></span> <span class='ocrx_word' id='word_1_349' title='bbox 1889 2807 1988 2858; x_wconf 88' lang='lat' dir='ltr'><strong>est.</strong></span> <span class='ocrx_word' id='word_1_350' title='bbox 2022 2808 2200 2854; x_wconf 89' lang='lat' dir='ltr'><strong>utrum</strong></span> 
     </span>
    </p>
   </div>
   <div class='ocr_carea' id='block_1_45' title="bbox 620 2884 2199 2958">
    <p class='ocr_par' dir='ltr' id='par_1_45' title="bbox 620 2884 2199 2958">
     <span class='ocr_line' id='line_1_45' title="bbox 620 2884 2199 2958; baseline 0.005 -22"><span class='ocrx_word' id='word_1_351' title='bbox 620 2891 848 2948; x_wconf 88' lang='lat' dir='ltr'><strong>noceat,</strong></span> <span class='ocrx_word' id='word_1_352' title='bbox 910 2884 951 2937; x_wconf 90' lang='lat' dir='ltr'><strong>si</strong></span> <span class='ocrx_word' id='word_1_353' title='bbox 1004 2884 1083 2938; x_wconf 91' lang='lat' dir='ltr'><strong>sic</strong></span> <span class='ocrx_word' id='word_1_354' title='bbox 1125 2884 1284 2938; x_wconf 84' lang='lat' dir='ltr'><strong>fuerit</strong></span> <span class='ocrx_word' id='word_1_355' title='bbox 1339 2895 1549 2940; x_wconf 79' lang='lat' dir='ltr'><strong>extorta</strong></span> <span class='ocrx_word' id='word_1_356' title='bbox 1605 2889 1894 2943; x_wconf 88' lang='lat' dir='ltr'><strong>confessio.</strong></span> <span class='ocrx_word' id='word_1_357' title='bbox 1952 2888 2199 2958; x_wconf 86' lang='lat' dir='ltr'><strong>Nunquid</strong></span> 
     </span>
    </p>
   </div>
   <div class='ocr_carea' id='block_1_46' title="bbox 618 2977 2199 3048">
    <p class='ocr_par' dir='ltr' id='par_1_46' title="bbox 618 2977 2199 3048">
     <span class='ocr_line' id='line_1_46' title="bbox 618 2977 2199 3048; baseline 0.005 -20"><span class='ocrx_word' id='word_1_358' title='bbox 618 2977 833 3045; x_wconf 90' lang='lat' dir='ltr'><strong>quando</strong></span> <span class='ocrx_word' id='word_1_359' title='bbox 884 2978 1206 3033; x_wconf 89' lang='lat' dir='ltr'><strong>sententiam</strong></span> <span class='ocrx_word' id='word_1_360' title='bbox 1254 2978 1389 3032; x_wconf 86' lang='lat' dir='ltr'><strong>tales</strong></span> <span class='ocrx_word' id='word_1_361' title='bbox 1435 2994 1612 3034; x_wconf 74' lang='lat' dir='ltr'><strong>causa:</strong></span> <span class='ocrx_word' id='word_1_362' title='bbox 1663 2982 1992 3048; x_wconf 84' lang='lat' dir='ltr'><strong>suscipiunt,</strong></span> <span class='ocrx_word' id='word_1_363' title='bbox 2037 2989 2093 3034; x_wconf 90' lang='lat' dir='ltr'><strong>et</strong></span> <span class='ocrx_word' id='word_1_364' title='bbox 2131 2982 2199 3037; x_wconf 87' lang='lat' dir='ltr'><strong>ad</strong></span> 
     </span>
    </p>
   </div>
   <div class='ocr_carea' id='block_1_47' title="bbox 617 3067 2198 3139">
    <p class='ocr_par' dir='ltr' id='par_1_47' title="bbox 617 3067 2198 3139">
     <span class='ocr_line' id='line_1_47' title="bbox 617 3067 2198 3139; baseline 0.001 -18"><span class='ocrx_word' id='word_1_365' title='bbox 617 3067 799 3121; x_wconf 80' lang='lat' dir='ltr'><strong>sedem</strong></span> <span class='ocrx_word' id='word_1_366' title='bbox 830 3069 1178 3136; x_wconf 88' lang='lat' dir='ltr'><strong>apostolicam</strong></span> <span class='ocrx_word' id='word_1_367' title='bbox 1211 3069 1538 3136; x_wconf 88' lang='lat' dir='ltr'><strong>appellatur,</strong></span> <span class='ocrx_word' id='word_1_368' title='bbox 1581 3085 1687 3122; x_wconf 94' lang='lat' dir='ltr'><strong>non</strong></span> <span class='ocrx_word' id='word_1_369' title='bbox 1726 3078 1781 3123; x_wconf 90' lang='lat' dir='ltr'><strong>et</strong></span> <span class='ocrx_word' id='word_1_370' title='bbox 1819 3085 2047 3137; x_wconf 88' lang='lat' dir='ltr'><strong>persona</strong></span> <span class='ocrx_word' id='word_1_371' title='bbox 2079 3086 2198 3139; x_wconf 81' lang='lat' dir='ltr'><strong>quae</strong></span> 
     </span>
    </p>
   </div>
   <div class='ocr_carea' id='block_1_48' title="bbox 2300 1875 2794 1951">
    <p class='ocr_par' dir='ltr' id='par_1_48' title="bbox 2300 1875 2794 1951">
     <span class='ocr_line' id='line_1_48' title="bbox 2300 1875 2794 1951; baseline 0 -20"><span class='ocrx_word' id='word_1_372' title='bbox 2300 1878 2437 1951; x_wconf 85' lang='lat' dir='ltr'><strong>(Lib.</strong></span> <span class='ocrx_word' id='word_1_373' title='bbox 2468 1893 2541 1943; x_wconf 76' lang='lat' dir='ltr'><strong>lx,</strong></span> <span class='ocrx_word' id='word_1_374' title='bbox 2571 1895 2653 1946; x_wconf 81' lang='lat' dir='ltr'><strong>ep.</strong></span> <span class='ocrx_word' id='word_1_375' title='bbox 2680 1875 2794 1944; x_wconf 65' lang='grc' dir='ltr'>ιε.)</span> 
     </span>
    </p>
   </div>
   <div class='ocr_carea' id='block_1_49' title="bbox 2370 1966 3884 2040">
    <p class='ocr_par' dir='ltr' id='par_1_49' title="bbox 2370 1966 3884 2040">
     <span class='ocr_line' id='line_1_49' title="bbox 2370 1966 3884 2040; baseline 0.001 -17"><span class='ocrx_word' id='word_1_376' title='bbox 2370 1968 2503 2023; x_wconf 90' lang='lat' dir='ltr'><strong>ltem</strong></span> <span class='ocrx_word' id='word_1_377' title='bbox 2531 1969 2585 2023; x_wconf 92' lang='lat' dir='ltr'><strong>in</strong></span> <span class='ocrx_word' id='word_1_378' title='bbox 2616 1968 2752 2024; x_wconf 87' lang='lat' dir='ltr'><strong>libro</strong></span> <span class='ocrx_word' id='word_1_379' title='bbox 2782 1966 2997 2035; x_wconf 76' lang='lat' dir='ltr'><strong>Regulae</strong></span> <span class='ocrx_word' id='word_1_380' title='bbox 3031 1966 3316 2023; x_wconf 88' lang='lat' dir='ltr'><strong>Pastoralis</strong></span> <span class='ocrx_word' id='word_1_381' title='bbox 3343 1986 3355 2021; x_wconf 87' lang='lat'><strong>:</strong></span> <span class='ocrx_word' id='word_1_382' title='bbox 3394 1987 3412 2021; x_wconf 76' lang='grc' dir='ltr'><strong>ι</strong></span> <span class='ocrx_word' id='word_1_383' title='bbox 3446 1968 3657 2039; x_wconf 90' lang='lat' dir='ltr'><strong>Liquet,</strong></span> <span class='ocrx_word' id='word_1_384' title='bbox 3688 1970 3884 2040; x_wconf 86' lang='lat' dir='ltr'><strong>inquit,</strong></span> 
     </span>
    </p>
   </div>
   <div class='ocr_carea' id='block_1_50' title="bbox 2300 2058 3890 2128">
    <p class='ocr_par' dir='ltr' id='par_1_50' title="bbox 2300 2058 3890 2128">
     <span class='ocr_line' id='line_1_50' title="bbox 2300 2058 3890 2128; baseline 0.003 -17"><span class='ocrx_word' id='word_1_385' title='bbox 2300 2058 2446 2126; x_wconf 91' lang='lat' dir='ltr'><strong>quod</strong></span> <span class='ocrx_word' id='word_1_386' title='bbox 2476 2072 2664 2117; x_wconf 85' lang='lat' dir='ltr'><strong>omnes</strong></span> <span class='ocrx_word' id='word_1_387' title='bbox 2693 2058 2939 2112; x_wconf 87' lang='lat' dir='ltr'><strong>homines</strong></span> <span class='ocrx_word' id='word_1_388' title='bbox 2969 2065 3157 2112; x_wconf 89' lang='lat' dir='ltr'><strong>natura</strong></span> <span class='ocrx_word' id='word_1_389' title='bbox 3185 2059 3417 2128; x_wconf 83' lang='lat' dir='ltr'><strong>aequales</strong></span> <span class='ocrx_word' id='word_1_390' title='bbox 3442 2061 3644 2127; x_wconf 88' lang='lat' dir='ltr'><strong>genuit,</strong></span> <span class='ocrx_word' id='word_1_391' title='bbox 3674 2060 3775 2115; x_wconf 89' lang='lat' dir='ltr'><strong>sed</strong></span> <span class='ocrx_word' id='word_1_392' title='bbox 3803 2078 3890 2115; x_wconf 64' lang='grc' dir='ltr'><strong>γε·</strong></span> 
     </span>
    </p>
   </div>
   <div class='ocr_carea' id='block_1_51' title="bbox 2298 2149 3889 2222">
    <p class='ocr_par' dir='ltr' id='par_1_51' title="bbox 2298 2149 3889 2222">
     <span class='ocr_line' id='line_1_51' title="bbox 2298 2149 3889 2222; baseline 0.003 -20"><span class='ocrx_word' id='word_1_393' title='bbox 2298 2150 2473 2204; x_wconf 88' lang='lat' dir='ltr'><strong>riante</strong></span> <span class='ocrx_word' id='word_1_394' title='bbox 2513 2149 2827 2205; x_wconf 88' lang='lat' dir='ltr'><strong>meritorum</strong></span> <span class='ocrx_word' id='word_1_395' title='bbox 2854 2149 3062 2215; x_wconf 87' lang='lat' dir='ltr'><strong>ordine,</strong></span> <span class='ocrx_word' id='word_1_396' title='bbox 3094 2150 3228 2205; x_wconf 90' lang='lat' dir='ltr'><strong>alios</strong></span> <span class='ocrx_word' id='word_1_397' title='bbox 3257 2151 3375 2205; x_wconf 90' lang='lat' dir='ltr'><strong>aliis</strong></span> <span class='ocrx_word' id='word_1_398' title='bbox 3402 2152 3557 2220; x_wconf 92' lang='lat' dir='ltr'><strong>culpa</strong></span> <span class='ocrx_word' id='word_1_399' title='bbox 3589 2154 3889 2222; x_wconf 84' lang='lat' dir='ltr'><strong>postponit.</strong></span> 
     </span>
    </p>
   </div>
   <div class='ocr_carea' id='block_1_52' title="bbox 2300 2239 3890 2313">
    <p class='ocr_par' dir='ltr' id='par_1_52' title="bbox 2300 2239 3890 2313">
     <span class='ocr_line' id='line_1_52' title="bbox 2300 2239 3890 2313; baseline 0.003 -17"><span class='ocrx_word' id='word_1_400' title='bbox 2300 2239 2418 2310; x_wconf 87' lang='lat' dir='ltr'><strong>lpsa</strong></span> <span class='ocrx_word' id='word_1_401' title='bbox 2440 2248 2622 2296; x_wconf 89' lang='lat' dir='ltr'><strong>autem</strong></span> <span class='ocrx_word' id='word_1_402' title='bbox 2645 2241 2925 2301; x_wconf 85' lang='lat' dir='ltr'><strong>diversitas</strong></span> <span class='ocrx_word' id='word_1_403' title='bbox 2951 2257 3070 2310; x_wconf 77' lang='lat' dir='ltr'><strong>quae</strong></span> <span class='ocrx_word' id='word_1_404' title='bbox 3092 2243 3319 2298; x_wconf 90' lang='lat' dir='ltr'><strong>ac&#39;cessit</strong></span> <span class='ocrx_word' id='word_1_405' title='bbox 3345 2261 3413 2300; x_wconf 80' lang='lat' dir='ltr'><strong>ex</strong></span> <span class='ocrx_word' id='word_1_406' title='bbox 3440 2246 3571 2300; x_wconf 92' lang='lat' dir='ltr'><strong>vitio</strong></span> <span class='ocrx_word' id='word_1_407' title='bbox 3599 2247 3785 2300; x_wconf 87' lang='lat' dir='ltr'><strong>divino</strong></span> <span class='ocrx_word' id='word_1_408' title='bbox 3806 2245 3890 2313; x_wconf 89' lang='lat' dir='ltr'><strong>ju-</strong></span> 
     </span>
    </p>
   </div>
   <div class='ocr_carea' id='block_1_53' title="bbox 2301 2332 3890 2405">
    <p class='ocr_par' dir='ltr' id='par_1_53' title="bbox 2301 2332 3890 2405">
     <span class='ocr_line' id='line_1_53' title="bbox 2301 2332 3890 2405; baseline 0.004 -20"><span class='ocrx_word' id='word_1_409' title='bbox 2301 2332 2439 2387; x_wconf 91' lang='lat' dir='ltr'><strong>dicio</strong></span> <span class='ocrx_word' id='word_1_410' title='bbox 2466 2332 2840 2403; x_wconf 88' lang='lat' dir='ltr'><strong>dispensatur,</strong></span> <span class='ocrx_word' id='word_1_411' title='bbox 2890 2341 2950 2387; x_wconf 88' lang='lat' dir='ltr'><strong>ut</strong></span> <span class='ocrx_word' id='word_1_412' title='bbox 2992 2333 3115 2401; x_wconf 91' lang='lat' dir='ltr'><strong>quia</strong></span> <span class='ocrx_word' id='word_1_413' title='bbox 3159 2335 3334 2389; x_wconf 90' lang='lat' dir='ltr'><strong>omnis</strong></span> <span class='ocrx_word' id='word_1_414' title='bbox 3371 2335 3533 2391; x_wconf 92' lang='lat' dir='ltr'><strong>homo</strong></span> <span class='ocrx_word' id='word_1_415' title='bbox 3561 2352 3717 2405; x_wconf 74' lang='lat' dir='ltr'><strong>aeque</strong></span> <span class='ocrx_word' id='word_1_416' title='bbox 3745 2346 3890 2391; x_wconf 86' lang='lat' dir='ltr'><strong>stare</strong></span> 
     </span>
    </p>
   </div>
   <div class='ocr_carea' id='block_1_54' title="bbox 2301 2424 3890 2498">
    <p class='ocr_par' dir='ltr' id='par_1_54' title="bbox 2301 2424 3890 2498">
     <span class='ocr_line' id='line_1_54' title="bbox 2301 2424 3890 2498; baseline 0.001 -19"><span class='ocrx_word' id='word_1_417' title='bbox 2301 2440 2410 2479; x_wconf 90' lang='lat' dir='ltr'><strong>non</strong></span> <span class='ocrx_word' id='word_1_418' title='bbox 2437 2425 2611 2490; x_wconf 85' lang='lat' dir='ltr'><strong>valet,</strong></span> <span class='ocrx_word' id='word_1_419' title='bbox 2653 2424 2789 2479; x_wconf 90' lang='lat' dir='ltr'><strong>alter</strong></span> <span class='ocrx_word' id='word_1_420' title='bbox 2817 2433 3032 2494; x_wconf 89' lang='lat' dir='ltr'><strong>regatur</strong></span> <span class='ocrx_word' id='word_1_421' title='bbox 3060 2427 3126 2480; x_wconf 90' lang='lat' dir='ltr'><strong>ab</strong></span> <span class='ocrx_word' id='word_1_422' title='bbox 3164 2428 3353 2482; x_wconf 91' lang='lat' dir='ltr'><strong>altero.</strong></span> <span class='ocrx_word' id='word_1_423' title='bbox 3398 2426 3548 2483; x_wconf 90' lang='lat' dir='ltr'><strong>Unde</strong></span> <span class='ocrx_word' id='word_1_424' title='bbox 3588 2429 3774 2483; x_wconf 90' lang='lat' dir='ltr'><strong>cuncti</strong></span> <span class='ocrx_word' id='word_1_425' title='bbox 3802 2428 3890 2498; x_wconf 89' lang='lat' dir='ltr'><strong>qui</strong></span> 
     </span>
    </p>
   </div>
   <div class='ocr_carea' id='block_1_55' title="bbox 2303 2516 3892 2589">
    <p class='ocr_par' dir='ltr' id='par_1_55' title="bbox 2303 2516 3892 2589">
     <span class='ocr_line' id='line_1_55' title="bbox 2303 2516 3892 2589; baseline 0.004 -18"><span class='ocrx_word' id='word_1_426' title='bbox 2303 2524 2541 2586; x_wconf 76' lang='lat' dir='ltr'><strong>praesunt</strong></span> <span class='ocrx_word' id='word_1_427' title='bbox 2578 2532 2687 2571; x_wconf 90' lang='lat' dir='ltr'><strong>non</strong></span> <span class='ocrx_word' id='word_1_428' title='bbox 2732 2516 2785 2571; x_wconf 90' lang='lat' dir='ltr'><strong>in</strong></span> <span class='ocrx_word' id='word_1_429' title='bbox 2832 2532 2891 2572; x_wconf 81' lang='lat' dir='ltr'><strong>se</strong></span> <span class='ocrx_word' id='word_1_430' title='bbox 2928 2518 3125 2573; x_wconf 89' lang='lat' dir='ltr'><strong>debent</strong></span> <span class='ocrx_word' id='word_1_431' title='bbox 3163 2528 3485 2589; x_wconf 78' lang='lat' dir='ltr'><strong>potestatem</strong></span> <span class='ocrx_word' id='word_1_432' title='bbox 3527 2521 3757 2589; x_wconf 89' lang='lat' dir='ltr'><strong>ordinis,</strong></span> <span class='ocrx_word' id='word_1_433' title='bbox 3802 2521 3892 2580; x_wconf 86' lang='lat' dir='ltr'><strong>sed</strong></span> 
     </span>
    </p>
   </div>
   <div class='ocr_carea' id='block_1_56' title="bbox 2300 2606 3894 2678">
    <p class='ocr_par' dir='ltr' id='par_1_56' title="bbox 2300 2606 3894 2678">
     <span class='ocr_line' id='line_1_56' title="bbox 2300 2606 3894 2678; baseline 0.004 -19"><span class='ocrx_word' id='word_1_434' title='bbox 2300 2606 2657 2673; x_wconf 77' lang='lat' dir='ltr'><strong>aequalitatem</strong></span> <span class='ocrx_word' id='word_1_435' title='bbox 2688 2620 2915 2676; x_wconf 88' lang='lat' dir='ltr'><strong>pensare</strong></span> <span class='ocrx_word' id='word_1_436' title='bbox 2943 2606 3287 2673; x_wconf 86' lang='lat' dir='ltr'><strong>conditionis,</strong></span> <span class='ocrx_word' id='word_1_437' title='bbox 3316 2625 3416 2664; x_wconf 88' lang='lat' dir='ltr'><strong>nec</strong></span> <span class='ocrx_word' id='word_1_438' title='bbox 3440 2625 3681 2678; x_wconf 85' lang='lat' dir='ltr'><strong>praeesse</strong></span> <span class='ocrx_word' id='word_1_439' title='bbox 3710 2628 3772 2665; x_wconf 89' lang='lat' dir='ltr'><strong>se</strong></span> <span class='ocrx_word' id='word_1_440' title='bbox 3800 2612 3894 2665; x_wconf 88' lang='lat' dir='ltr'><strong>ho-</strong></span> 
     </span>
    </p>
   </div>
   <div class='ocr_carea' id='block_1_57' title="bbox 2302 2697 3894 2771">
    <p class='ocr_par' dir='ltr' id='par_1_57' title="bbox 2302 2697 3894 2771">
     <span class='ocr_line' id='line_1_57' title="bbox 2302 2697 3894 2771; baseline 0.003 -21"><span class='ocrx_word' id='word_1_441' title='bbox 2302 2697 2536 2753; x_wconf 91' lang='lat' dir='ltr'><strong>minibus</strong></span> <span class='ocrx_word' id='word_1_442' title='bbox 2562 2698 2850 2766; x_wconf 85' lang='lat' dir='ltr'><strong>gaudeant,</strong></span> <span class='ocrx_word' id='word_1_443' title='bbox 2883 2698 2975 2753; x_wconf 90' lang='lat' dir='ltr'><strong>sed</strong></span> <span class='ocrx_word' id='word_1_444' title='bbox 3010 2699 3283 2771; x_wconf 88' lang='lat' dir='ltr'><strong>prodesse.</strong></span> <span class='ocrx_word' id='word_1_445' title='bbox 3317 2701 3530 2770; x_wconf 86' lang='lat' dir='ltr'><strong>Antiqui</strong></span> <span class='ocrx_word' id='word_1_446' title='bbox 3562 2702 3766 2755; x_wconf 72' lang='lat' dir='ltr'><strong>etenim</strong></span> <span class='ocrx_word' id='word_1_447' title='bbox 3801 2700 3894 2754; x_wconf 86' lang='lat' dir='ltr'><strong>Pa-</strong></span> 
     </span>
    </p>
   </div>
   <div class='ocr_carea' id='block_1_58' title="bbox 2305 2789 3895 2861">
    <p class='ocr_par' dir='ltr' id='par_1_58' title="bbox 2305 2789 3895 2861">
     <span class='ocr_line' id='line_1_58' title="bbox 2305 2789 3895 2861; baseline 0.001 -19"><span class='ocrx_word' id='word_1_448' title='bbox 2305 2797 2412 2843; x_wconf 88' lang='lat' dir='ltr'><strong>tres</strong></span> <span class='ocrx_word' id='word_1_449' title='bbox 2441 2789 2608 2844; x_wconf 91' lang='lat' dir='ltr'><strong>nostri</strong></span> <span class='ocrx_word' id='word_1_450' title='bbox 2640 2806 2747 2845; x_wconf 93' lang='lat' dir='ltr'><strong>non</strong></span> <span class='ocrx_word' id='word_1_451' title='bbox 2778 2805 2932 2859; x_wconf 88' lang='lat' dir='ltr'><strong>reges</strong></span> <span class='ocrx_word' id='word_1_452' title='bbox 2961 2790 3266 2857; x_wconf 89' lang='lat' dir='ltr'><strong>hominum,</strong></span> <span class='ocrx_word' id='word_1_453' title='bbox 3313 2790 3408 2845; x_wconf 88' lang='lat' dir='ltr'><strong>sed</strong></span> <span class='ocrx_word' id='word_1_454' title='bbox 3438 2799 3691 2858; x_wconf 84' lang='lat' dir='ltr'><strong>pastores</strong></span> <span class='ocrx_word' id='word_1_455' title='bbox 3724 2806 3895 2861; x_wconf 86' lang='lat' dir='ltr'><strong>peco-</strong></span> 
     </span>
    </p>
   </div>
   <div class='ocr_carea' id='block_1_59' title="bbox 2303 2879 3893 2944">
    <p class='ocr_par' dir='ltr' id='par_1_59' title="bbox 2303 2879 3893 2944">
     <span class='ocr_line' id='line_1_59' title="bbox 2303 2879 3893 2944; baseline -0.001 -10"><span class='ocrx_word' id='word_1_456' title='bbox 2303 2896 2454 2944; x_wconf 90' lang='lat' dir='ltr'><strong>rum,</strong></span> <span class='ocrx_word' id='word_1_457' title='bbox 2505 2879 2669 2935; x_wconf 90' lang='lat' dir='ltr'><strong>fuisse</strong></span> <span class='ocrx_word' id='word_1_458' title='bbox 2718 2888 3105 2934; x_wconf 81' lang='lat' dir='ltr'><strong>memorantur.</strong></span> <span class='ocrx_word' id='word_1_459' title='bbox 3157 2879 3223 2933; x_wconf 88' lang='lat' dir='ltr'><strong>Et</strong></span> <span class='ocrx_word' id='word_1_460' title='bbox 3272 2894 3391 2935; x_wconf 92' lang='lat' dir='ltr'><strong>cum</strong></span> <span class='ocrx_word' id='word_1_461' title='bbox 3442 2879 3556 2933; x_wconf 91' lang='lat' dir='ltr'><strong>Noe</strong></span> <span class='ocrx_word' id='word_1_462' title='bbox 3608 2880 3893 2944; x_wconf 90' lang='lat' dir='ltr'><strong>Dominus,</strong></span> 
     </span>
    </p>
   </div>
   <div class='ocr_carea' id='block_1_60' title="bbox 2304 2970 3895 3039">
    <p class='ocr_par' dir='ltr' id='par_1_60' title="bbox 2304 2970 3895 3039">
     <span class='ocr_line' id='line_1_60' title="bbox 2304 2970 3895 3039; baseline -0.001 -15"><span class='ocrx_word' id='word_1_463' title='bbox 2304 2971 2531 3039; x_wconf 81' lang='lat' dir='ltr'><strong>ﬁliisque</strong></span> <span class='ocrx_word' id='word_1_464' title='bbox 2553 2970 2688 3037; x_wconf 90' lang='lat' dir='ltr'><strong>ejus,</strong></span> <span class='ocrx_word' id='word_1_465' title='bbox 2722 2971 3084 3037; x_wconf 89' lang='lat' dir='ltr'><strong>benediceret,</strong></span> <span class='ocrx_word' id='word_1_466' title='bbox 3115 2970 3331 3025; x_wconf 91' lang='lat' dir='ltr'><strong>dicens:</strong></span> <span class='ocrx_word' id='word_1_467' title='bbox 3367 2970 3610 3033; x_wconf 80' lang='lat' dir='ltr'><strong>Crescite,</strong></span> <span class='ocrx_word' id='word_1_468' title='bbox 3645 2980 3694 3023; x_wconf 83' lang='lat' dir='ltr'><strong>et</strong></span> <span class='ocrx_word' id='word_1_469' title='bbox 3718 2972 3895 3023; x_wconf 83' lang='lat' dir='ltr'><strong>multi-</strong></span> 
     </span>
    </p>
   </div>
   <div class='ocr_carea' id='block_1_61' title="bbox 2305 3058 3895 3131">
    <p class='ocr_par' dir='ltr' id='par_1_61' title="bbox 2305 3058 3895 3131">
     <span class='ocr_line' id='line_1_61' title="bbox 2305 3058 3895 3131; baseline -0.002 -17"><span class='ocrx_word' id='word_1_470' title='bbox 2305 3061 2601 3131; x_wconf 83' lang='lat' dir='ltr'><strong>plicamini,</strong></span> <span class='ocrx_word' id='word_1_471' title='bbox 2645 3068 2693 3113; x_wconf 83' lang='lat' dir='ltr'><strong>et</strong></span> <span class='ocrx_word' id='word_1_472' title='bbox 2729 3060 2919 3127; x_wconf 74' lang='lat' dir='ltr'><strong>replete</strong></span> <span class='ocrx_word' id='word_1_473' title='bbox 2952 3069 3175 3123; x_wconf 84' lang='lat' dir='ltr'><strong>terram;</strong></span> <span class='ocrx_word' id='word_1_474' title='bbox 3215 3059 3458 3127; x_wconf 88' lang='lat' dir='ltr'><strong>protinus</strong></span> <span class='ocrx_word' id='word_1_475' title='bbox 3497 3058 3747 3127; x_wconf 80' lang='lat' dir='ltr'><strong>adjunxit</strong></span> <span class='ocrx_word' id='word_1_476' title='bbox 3783 3077 3796 3111; x_wconf 92' lang='lat'><strong>:</strong></span> <span class='ocrx_word' id='word_1_477' title='bbox 3830 3059 3895 3112; x_wconf 79' lang='lat' dir='ltr'><strong>Et</strong></span> 
     </span>
    </p>
   </div>
   <div class='ocr_carea' id='block_1_62' title="bbox 616 3152 3896 3226">
    <p class='ocr_par' dir='ltr' id='par_1_62' title="bbox 616 3152 3896 3226">
     <span class='ocr_line' id='line_1_62' title="bbox 616 3152 3896 3226; baseline 0.005 -19"><span class='ocrx_word' id='word_1_478' title='bbox 616 3155 884 3224; x_wconf 88' lang='lat' dir='ltr'><strong>judicatur</strong></span> <span class='ocrx_word' id='word_1_479' title='bbox 906 3172 1138 3224; x_wconf 76' lang='lat' dir='ltr'><strong>praesens</strong></span> <span class='ocrx_word' id='word_1_480' title='bbox 1159 3166 1253 3221; x_wconf 88' lang='lat' dir='ltr'><strong>est,</strong></span> <span class='ocrx_word' id='word_1_481' title='bbox 1290 3158 1760 3211; x_wconf 90' lang='lat' dir='ltr'><strong>utdistrictissime</strong></span> <span class='ocrx_word' id='word_1_482' title='bbox 1780 3167 1941 3226; x_wconf 84' lang='lat' dir='ltr'><strong>atque</strong></span> <span class='ocrx_word' id='word_1_483' title='bbox 1961 3160 2028 3213; x_wconf 89' lang='lat' dir='ltr'><strong>ab</strong></span> <span class='ocrx_word' id='word_1_484' title='bbox 2050 3162 2195 3215; x_wconf 91' lang='lat' dir='ltr'><strong>omni</strong></span> <span class='ocrx_word' id='word_1_485' title='bbox 2222 3157 2267 3218; x_wconf 87' lang='lat' dir='ltr'>C</span> <span class='ocrx_word' id='word_1_486' title='bbox 2302 3165 2466 3208; x_wconf 70' lang='grc' dir='ltr'><strong>ιεννοτ</strong></span> <span class='ocrx_word' id='word_1_487' title='bbox 2504 3159 2667 3204; x_wconf 72' lang='grc' dir='ltr'><strong>υεετεν</strong></span> <span class='ocrx_word' id='word_1_488' title='bbox 2712 3168 2773 3205; x_wconf 78' lang='grc' dir='ltr'><strong>σε</strong></span> <span class='ocrx_word' id='word_1_489' title='bbox 2818 3161 3004 3204; x_wconf 69' lang='lat' dir='ltr'><strong>&quot;emo&quot;</strong></span> <span class='ocrx_word' id='word_1_490' title='bbox 3049 3152 3116 3204; x_wconf 64' lang='lat'><strong>3“</strong></span> <span class='ocrx_word' id='word_1_491' title='bbox 3167 3168 3321 3221; x_wconf 73' lang='grc' dir='ltr'><strong>δυΡετ</strong></span> <span class='ocrx_word' id='word_1_492' title='bbox 3368 3159 3556 3204; x_wconf 61' lang='lat' dir='ltr'><strong>“ma”</strong></span> <span class='ocrx_word' id='word_1_493' title='bbox 3603 3153 3896 3206; x_wconf 69' lang='grc' dir='ltr'><strong>αηίηῑαηίία</strong></span> 
     </span>
    </p>
   </div>
   <div class='ocr_carea' id='block_1_63' title="bbox 619 3243 2203 3312">
    <p class='ocr_par' dir='ltr' id='par_1_63' title="bbox 619 3243 2203 3312">
     <span class='ocr_line' id='line_1_63' title="bbox 619 3243 2203 3312; baseline 0.006 -17"><span class='ocrx_word' id='word_1_494' title='bbox 619 3243 786 3297; x_wconf 91' lang='lat' dir='ltr'><strong>latere</strong></span> <span class='ocrx_word' id='word_1_495' title='bbox 815 3244 1009 3297; x_wconf 81' lang='lat' dir='ltr'><strong>veritas</strong></span> <span class='ocrx_word' id='word_1_496' title='bbox 1036 3246 1367 3312; x_wconf 86' lang='lat' dir='ltr'><strong>requiratur,</strong></span> <span class='ocrx_word' id='word_1_497' title='bbox 1403 3254 1459 3299; x_wconf 93' lang='lat' dir='ltr'><strong>ut</strong></span> <span class='ocrx_word' id='word_1_498' title='bbox 1504 3256 1630 3299; x_wconf 90' lang='lat' dir='ltr'><strong>tunc</strong></span> <span class='ocrx_word' id='word_1_499' title='bbox 1650 3287 1663 3311; x_wconf 97' lang='lat'><strong>,</strong></span> <span class='ocrx_word' id='word_1_500' title='bbox 1716 3248 1760 3301; x_wconf 93' lang='lat' dir='ltr'><strong>si</strong></span> <span class='ocrx_word' id='word_1_501' title='bbox 1808 3249 2003 3303; x_wconf 88' lang='lat' dir='ltr'><strong>debeat</strong></span> <span class='ocrx_word' id='word_1_502' title='bbox 2032 3266 2203 3311; x_wconf 86' lang='lat' dir='ltr'><strong>necne</strong></span> 
     </span>
    </p>
   </div>
   <div class='ocr_carea' id='block_1_64' title="bbox 619 3335 2204 3410">
    <p class='ocr_par' dir='ltr' id='par_1_64' title="bbox 619 3335 2204 3410">
     <span class='ocr_line' id='line_1_64' title="bbox 619 3335 2204 3410; baseline 0.007 -26"><span class='ocrx_word' id='word_1_503' title='bbox 619 3347 874 3397; x_wconf 91' lang='lat' dir='ltr'><strong>manere,</strong></span> <span class='ocrx_word' id='word_1_504' title='bbox 919 3335 1185 3388; x_wconf 88' lang='lat' dir='ltr'><strong>sententia</strong></span> <span class='ocrx_word' id='word_1_505' title='bbox 1228 3336 1584 3390; x_wconf 89' lang='lat' dir='ltr'><strong>decernatur?</strong></span> <span class='ocrx_word' id='word_1_506' title='bbox 1630 3337 1847 3393; x_wconf 89' lang='lat' dir='ltr'><strong>Necnon</strong></span> <span class='ocrx_word' id='word_1_507' title='bbox 1892 3350 1948 3393; x_wconf 94' lang='lat' dir='ltr'><strong>et</strong></span> <span class='ocrx_word' id='word_1_508' title='bbox 1988 3342 2029 3396; x_wconf 90' lang='lat' dir='ltr'><strong>si</strong></span> <span class='ocrx_word' id='word_1_509' title='bbox 2068 3358 2204 3410; x_wconf 81' lang='lat' dir='ltr'><strong>prae-</strong></span> 
     </span>
    </p>
   </div>
   <div class='ocr_carea' id='block_1_65' title="bbox 619 3420 2203 3497">
    <p class='ocr_par' dir='ltr' id='par_1_65' title="bbox 619 3420 2203 3497">
     <span class='ocr_line' id='line_1_65' title="bbox 619 3420 2203 3497; baseline 0.009 -24"><span class='ocrx_word' id='word_1_510' title='bbox 619 3420 791 3475; x_wconf 86' lang='lat' dir='ltr'><strong>dictus</strong></span> <span class='ocrx_word' id='word_1_511' title='bbox 820 3422 1102 3491; x_wconf 88' lang='lat' dir='ltr'><strong>episcopus</strong></span> <span class='ocrx_word' id='word_1_512' title='bbox 1129 3423 1196 3476; x_wconf 91' lang='lat' dir='ltr'><strong>ad</strong></span> <span class='ocrx_word' id='word_1_513' title='bbox 1225 3423 1407 3479; x_wconf 92' lang='lat' dir='ltr'><strong>sedem</strong></span> <span class='ocrx_word' id='word_1_514' title='bbox 1433 3427 1783 3493; x_wconf 92' lang='lat' dir='ltr'><strong>apostolicam</strong></span> <span class='ocrx_word' id='word_1_515' title='bbox 1810 3430 2081 3497; x_wconf 87' lang='lat' dir='ltr'><strong>appellare</strong></span> <span class='ocrx_word' id='word_1_516' title='bbox 2108 3448 2203 3487; x_wconf 86' lang='lat' dir='ltr'><strong>vo-</strong></span> 
     </span>
    </p>
   </div>
   <div class='ocr_carea' id='block_1_66' title="bbox 620 3511 2201 3582">
    <p class='ocr_par' dir='ltr' id='par_1_66' title="bbox 620 3511 2201 3582">
     <span class='ocr_line' id='line_1_66' title="bbox 620 3511 2201 3582; baseline 0.006 -18"><span class='ocrx_word' id='word_1_517' title='bbox 620 3511 810 3574; x_wconf 88' lang='lat' dir='ltr'><strong>luerit,</strong></span> <span class='ocrx_word' id='word_1_518' title='bbox 864 3528 1024 3567; x_wconf 89' lang='lat' dir='ltr'><strong>causa</strong></span> <span class='ocrx_word' id='word_1_519' title='bbox 1056 3514 1222 3582; x_wconf 88' lang='lat' dir='ltr'><strong>ipsius</strong></span> <span class='ocrx_word' id='word_1_520' title='bbox 1267 3516 1492 3571; x_wconf 90' lang='lat' dir='ltr'><strong>interius</strong></span> <span class='ocrx_word' id='word_1_521' title='bbox 1530 3525 1735 3571; x_wconf 90' lang='lat' dir='ltr'><strong>etcum</strong></span> <span class='ocrx_word' id='word_1_522' title='bbox 1765 3520 1912 3572; x_wconf 91' lang='lat' dir='ltr'><strong>omni</strong></span> <span class='ocrx_word' id='word_1_523' title='bbox 1955 3528 2037 3574; x_wconf 91' lang='lat' dir='ltr'><strong>est</strong></span> <span class='ocrx_word' id='word_1_524' title='bbox 2076 3520 2201 3575; x_wconf 90' lang='lat' dir='ltr'><strong>dili-</strong></span> 
     </span>
    </p>
   </div>
   <div class='ocr_carea' id='block_1_67' title="bbox 619 3602 2202 3679">
    <p class='ocr_par' dir='ltr' id='par_1_67' title="bbox 619 3602 2202 3679">
     <span class='ocr_line' id='line_1_67' title="bbox 619 3602 2202 3679; baseline 0.008 -27"><span class='ocrx_word' id='word_1_525' title='bbox 619 3602 797 3668; x_wconf 81' lang='lat' dir='ltr'><strong>gentia</strong></span> <span class='ocrx_word' id='word_1_526' title='bbox 850 3605 1277 3671; x_wconf 80' lang='lat' dir='ltr'><strong>pcrscrutanda?</strong></span> <span class='ocrx_word' id='word_1_527' title='bbox 1332 3604 1398 3659; x_wconf 87' lang='lat' dir='ltr'><strong>Et</strong></span> <span class='ocrx_word' id='word_1_528' title='bbox 1452 3606 1574 3661; x_wconf 91' lang='lat' dir='ltr'><strong>ideo</strong></span> <span class='ocrx_word' id='word_1_529' title='bbox 1629 3616 1913 3677; x_wconf 89' lang='lat' dir='ltr'><strong>postquam</strong></span> <span class='ocrx_word' id='word_1_530' title='bbox 1971 3626 2202 3679; x_wconf 81' lang='lat' dir='ltr'><strong>persona</strong></span> 
     </span>
    </p>
   </div>
   <div class='ocr_carea' id='block_1_68' title="bbox 619 3694 2199 3769">
    <p class='ocr_par' dir='ltr' id='par_1_68' title="bbox 619 3694 2199 3769">
     <span class='ocr_line' id='line_1_68' title="bbox 619 3694 2199 3769; baseline 0.008 -22"><span class='ocrx_word' id='word_1_531' title='bbox 619 3694 813 3749; x_wconf 89' lang='lat' dir='ltr'><strong>absens</strong></span> <span class='ocrx_word' id='word_1_532' title='bbox 840 3704 938 3759; x_wconf 87' lang='lat' dir='ltr'><strong>est,</strong></span> <span class='ocrx_word' id='word_1_533' title='bbox 971 3706 1027 3750; x_wconf 91' lang='lat' dir='ltr'><strong>et</strong></span> <span class='ocrx_word' id='word_1_534' title='bbox 1055 3706 1204 3765; x_wconf 85' lang='lat' dir='ltr'><strong>gesta</strong></span> <span class='ocrx_word' id='word_1_535' title='bbox 1234 3713 1354 3766; x_wconf 80' lang='lat' dir='ltr'><strong>quae</strong></span> <span class='ocrx_word' id='word_1_536' title='bbox 1383 3700 1451 3755; x_wconf 90' lang='lat' dir='ltr'><strong>ad</strong></span> <span class='ocrx_word' id='word_1_537' title='bbox 1476 3715 1576 3755; x_wconf 93' lang='lat' dir='ltr'><strong>nos</strong></span> <span class='ocrx_word' id='word_1_538' title='bbox 1606 3701 1994 3767; x_wconf 87' lang='lat' dir='ltr'><strong>transmisistis,</strong></span> <span class='ocrx_word' id='word_1_539' title='bbox 2028 3705 2199 3769; x_wconf 90' lang='lat' dir='ltr'><strong>nobis,</strong></span> 
     </span>
    </p>
   </div>
   <div class='ocr_carea' id='block_1_69' title="bbox 617 3787 2197 3856">
    <p class='ocr_par' dir='ltr' id='par_1_69' title="bbox 617 3787 2197 3856">
     <span class='ocr_line' id='line_1_69' title="bbox 617 3787 2197 3856; baseline 0.003 -16"><span class='ocrx_word' id='word_1_540' title='bbox 617 3787 757 3840; x_wconf 88' lang='lat' dir='ltr'><strong>sicut</strong></span> <span class='ocrx_word' id='word_1_541' title='bbox 779 3788 983 3856; x_wconf 78' lang='lat' dir='ltr'><strong>praelati</strong></span> <span class='ocrx_word' id='word_1_542' title='bbox 1014 3804 1216 3854; x_wconf 90' lang='lat' dir='ltr'><strong>sumus,</strong></span> <span class='ocrx_word' id='word_1_543' title='bbox 1242 3789 1433 3844; x_wconf 92' lang='lat' dir='ltr'><strong>idonee</strong></span> <span class='ocrx_word' id='word_1_544' title='bbox 1454 3789 1776 3845; x_wconf 89' lang='lat' dir='ltr'><strong>satisfecisse</strong></span> <span class='ocrx_word' id='word_1_545' title='bbox 1798 3807 1903 3845; x_wconf 93' lang='lat' dir='ltr'><strong>non</strong></span> <span class='ocrx_word' id='word_1_546' title='bbox 1928 3792 2197 3853; x_wconf 86' lang='lat' dir='ltr'><strong>videntur,</strong></span> 
     </span>
    </p>
   </div>
   <div class='ocr_carea' id='block_1_70' title="bbox 619 3879 2201 3951">
    <p class='ocr_par' dir='ltr' id='par_1_70' title="bbox 619 3879 2201 3951">
     <span class='ocr_line' id='line_1_70' title="bbox 619 3879 2201 3951; baseline 0.004 -19"><span class='ocrx_word' id='word_1_547' title='bbox 619 3887 823 3933; x_wconf 87' lang='lat' dir='ltr'><strong>temere</strong></span> <span class='ocrx_word' id='word_1_548' title='bbox 866 3879 1065 3947; x_wconf 88' lang='lat' dir='ltr'><strong>aliquid</strong></span> <span class='ocrx_word' id='word_1_549' title='bbox 1095 3879 1162 3935; x_wconf 88' lang='lat' dir='ltr'><strong>de</strong></span> <span class='ocrx_word' id='word_1_550' title='bbox 1190 3880 1429 3950; x_wconf 91' lang='lat' dir='ltr'><strong>episcopi</strong></span> <span class='ocrx_word' id='word_1_551' title='bbox 1459 3896 1688 3951; x_wconf 88' lang='lat' dir='ltr'><strong>persona</strong></span> <span class='ocrx_word' id='word_1_552' title='bbox 1716 3882 2012 3937; x_wconf 87' lang='lat' dir='ltr'><strong>decernere</strong></span> <span class='ocrx_word' id='word_1_553' title='bbox 2031 3922 2047 3948; x_wconf 90' lang='lat'><strong>,</strong></span> <span class='ocrx_word' id='word_1_554' title='bbox 2100 3899 2201 3939; x_wconf 90' lang='lat' dir='ltr'><strong>nec</strong></span> 
     </span>
    </p>
   </div>
   <div class='ocr_carea' id='block_1_71' title="bbox 616 3970 2199 4044">
    <p class='ocr_par' dir='ltr' id='par_1_71' title="bbox 616 3970 2199 4044">
     <span class='ocr_line' id='line_1_71' title="bbox 616 3970 2199 4044; baseline 0.005 -21"><span class='ocrx_word' id='word_1_555' title='bbox 616 3970 873 4025; x_wconf 89' lang='lat' dir='ltr'><strong>debemus</strong></span> <span class='ocrx_word' id='word_1_556' title='bbox 902 3986 1000 4025; x_wconf 89' lang='lat' dir='ltr'><strong>nec</strong></span> <span class='ocrx_word' id='word_1_557' title='bbox 1031 3986 1315 4039; x_wconf 85' lang='lat' dir='ltr'><strong>possumus</strong></span> <span class='ocrx_word' id='word_1_558' title='bbox 1341 3990 1352 4025; x_wconf 91' lang='lat'><strong>:</strong></span> <span class='ocrx_word' id='word_1_559' title='bbox 1388 3988 1484 4037; x_wconf 89' lang='lat' dir='ltr'><strong>ne,</strong></span> <span class='ocrx_word' id='word_1_560' title='bbox 1516 3973 1660 4040; x_wconf 88' lang='lat' dir='ltr'><strong>quod</strong></span> <span class='ocrx_word' id='word_1_561' title='bbox 1688 3974 1852 4039; x_wconf 90' lang='lat' dir='ltr'><strong>absit,</strong></span> <span class='ocrx_word' id='word_1_562' title='bbox 1901 3975 2199 4044; x_wconf 88' lang='lat' dir='ltr'><strong>reprehen-</strong></span> 
     </span>
    </p>
   </div>
   <div class='ocr_carea' id='block_1_72' title="bbox 617 4061 2202 4134">
    <p class='ocr_par' dir='ltr' id='par_1_72' title="bbox 617 4061 2202 4134">
     <span class='ocr_line' id='line_1_72' title="bbox 617 4061 2202 4134; baseline 0.003 -17"><span class='ocrx_word' id='word_1_563' title='bbox 617 4061 797 4117; x_wconf 87' lang='lat' dir='ltr'><strong>sibiles</strong></span> <span class='ocrx_word' id='word_1_564' title='bbox 841 4061 1173 4115; x_wconf 89' lang='lat' dir='ltr'><strong>inveniamur</strong></span> <span class='ocrx_word' id='word_1_565' title='bbox 1211 4062 1265 4116; x_wconf 93' lang='lat' dir='ltr'><strong>in</strong></span> <span class='ocrx_word' id='word_1_566' title='bbox 1312 4063 1540 4128; x_wconf 85' lang='lat' dir='ltr'><strong>nostris,</strong></span> <span class='ocrx_word' id='word_1_567' title='bbox 1582 4064 1776 4131; x_wconf 90' lang='lat' dir='ltr'><strong>quibus</strong></span> <span class='ocrx_word' id='word_1_568' title='bbox 1819 4064 2045 4119; x_wconf 92' lang='lat' dir='ltr'><strong>aliorum</strong></span> <span class='ocrx_word' id='word_1_569' title='bbox 2079 4065 2202 4134; x_wconf 87' lang='lat' dir='ltr'><strong>jure</strong></span> 
     </span>
    </p>
   </div>
   <div class='ocr_carea' id='block_1_73' title="bbox 616 4150 2101 4225">
    <p class='ocr_par' dir='ltr' id='par_1_73' title="bbox 616 4150 2101 4225">
     <span class='ocr_line' id='line_1_73' title="bbox 616 4150 2101 4225; baseline 0.004 -22"><span class='ocrx_word' id='word_1_570' title='bbox 616 4150 874 4219; x_wconf 87' lang='lat' dir='ltr'><strong>competit</strong></span> <span class='ocrx_word' id='word_1_571' title='bbox 904 4159 1195 4206; x_wconf 87' lang='lat' dir='ltr'><strong>retractare</strong></span> <span class='ocrx_word' id='word_1_572' title='bbox 1222 4157 1534 4207; x_wconf 83' lang='lat' dir='ltr'><strong>sententias.</strong></span> <span class='ocrx_word' id='word_1_573' title='bbox 1566 4172 1585 4205; x_wconf 85' lang='grc'><strong>›</strong></span> <span class='ocrx_word' id='word_1_574' title='bbox 1623 4152 1762 4223; x_wconf 83' lang='lat' dir='ltr'><strong>(Lib.</strong></span> <span class='ocrx_word' id='word_1_575' title='bbox 1798 4171 1850 4218; x_wconf 74' lang='grc' dir='ltr'><strong>χ,</strong></span> <span class='ocrx_word' id='word_1_576' title='bbox 1881 4172 1961 4224; x_wconf 89' lang='lat' dir='ltr'><strong>ep.</strong></span> <span class='ocrx_word' id='word_1_577' title='bbox 1988 4155 2101 4225; x_wconf 79' lang='lat'><strong>9.9.)</strong></span> 
     </span>
    </p>
   </div>
   <div class='ocr_carea' id='block_1_74' title="bbox 687 4237 2196 4318">
    <p class='ocr_par' dir='ltr' id='par_1_74' title="bbox 687 4237 2196 4318">
     <span class='ocr_line' id='line_1_74' title="bbox 687 4237 2196 4318; baseline 0.008 -28"><span class='ocrx_word' id='word_1_578' title='bbox 687 4238 818 4293; x_wconf 86' lang='lat' dir='ltr'><strong>Item</strong></span> <span class='ocrx_word' id='word_1_579' title='bbox 840 4237 1032 4293; x_wconf 84' lang='lat' dir='ltr'><strong>Joanni</strong></span> <span class='ocrx_word' id='word_1_580' title='bbox 1057 4240 1327 4296; x_wconf 84' lang='lat' dir='ltr'><strong>defensori</strong></span> <span class='ocrx_word' id='word_1_581' title='bbox 1357 4252 1477 4312; x_wconf 88' lang='lat' dir='ltr'><strong>post</strong></span> <span class='ocrx_word' id='word_1_582' title='bbox 1499 4244 1677 4313; x_wconf 90' lang='lat' dir='ltr'><strong>aliqua</strong></span> <span class='ocrx_word' id='word_1_583' title='bbox 1710 4263 1721 4297; x_wconf 89' lang='lat'><strong>:</strong></span> <span class='ocrx_word' id='word_1_584' title='bbox 1764 4264 1780 4297; x_wconf 83' lang='grc' dir='ltr'><strong>ι</strong></span> <span class='ocrx_word' id='word_1_585' title='bbox 1819 4246 1975 4313; x_wconf 89' lang='lat' dir='ltr'><strong>Quia,</strong></span> <span class='ocrx_word' id='word_1_586' title='bbox 2009 4248 2196 4318; x_wconf 89' lang='lat' dir='ltr'><strong>inquit,</strong></span> 
     </span>
    </p>
   </div>
   <div class='ocr_carea' id='block_1_75' title="bbox 617 4327 2201 4407">
    <p class='ocr_par' dir='ltr' id='par_1_75' title="bbox 617 4327 2201 4407">
     <span class='ocr_line' id='line_1_75' title="bbox 617 4327 2201 4407; baseline 0.008 -26"><span class='ocrx_word' id='word_1_587' title='bbox 617 4327 956 4407; x_wconf 84' lang='lat' dir='ltr'><strong>Stephanus,</strong></span> <span class='ocrx_word' id='word_1_588' title='bbox 988 4331 1302 4401; x_wconf 89' lang='lat' dir='ltr'><strong>episcopus,</strong></span> <span class='ocrx_word' id='word_1_589' title='bbox 1334 4334 1386 4387; x_wconf 93' lang='lat' dir='ltr'><strong>in</strong></span> <span class='ocrx_word' id='word_1_590' title='bbox 1419 4334 1543 4389; x_wconf 92' lang='lat' dir='ltr'><strong>odio</strong></span> <span class='ocrx_word' id='word_1_591' title='bbox 1569 4351 1666 4390; x_wconf 91' lang='lat' dir='ltr'><strong>suo</strong></span> <span class='ocrx_word' id='word_1_592' title='bbox 1693 4338 1934 4406; x_wconf 72' lang='lat' dir='ltr'><strong>quaedam</strong></span> <span class='ocrx_word' id='word_1_593' title='bbox 1965 4338 2114 4404; x_wconf 78' lang='lat' dir='ltr'><strong>ficta,</strong></span> <span class='ocrx_word' id='word_1_594' title='bbox 2146 4348 2201 4395; x_wconf 88' lang='lat' dir='ltr'><strong>et</strong></span> 
     </span>
    </p>
   </div>
   <div class='ocr_carea' id='block_1_76' title="bbox 616 4420 2197 4497">
    <p class='ocr_par' dir='ltr' id='par_1_76' title="bbox 616 4420 2197 4497">
     <span class='ocr_line' id='line_1_76' title="bbox 616 4420 2197 4497; baseline 0.007 -24"><span class='ocrx_word' id='word_1_595' title='bbox 616 4420 685 4475; x_wconf 89' lang='lat' dir='ltr'><strong>de</strong></span> <span class='ocrx_word' id='word_1_596' title='bbox 716 4420 857 4476; x_wconf 88' lang='lat' dir='ltr'><strong>falsis</strong></span> <span class='ocrx_word' id='word_1_597' title='bbox 885 4436 943 4475; x_wconf 91' lang='lat' dir='ltr'><strong>se</strong></span> <span class='ocrx_word' id='word_1_598' title='bbox 972 4422 1219 4491; x_wconf 88' lang='lat' dir='ltr'><strong>capitulis</strong></span> <span class='ocrx_word' id='word_1_599' title='bbox 1248 4433 1579 4490; x_wconf 87' lang='lat' dir='ltr'><strong>accusatum,</strong></span> <span class='ocrx_word' id='word_1_600' title='bbox 1612 4442 1787 4495; x_wconf 89' lang='lat' dir='ltr'><strong>neque</strong></span> <span class='ocrx_word' id='word_1_601' title='bbox 1816 4427 2018 4497; x_wconf 89' lang='lat' dir='ltr'><strong>aliquid</strong></span> <span class='ocrx_word' id='word_1_602' title='bbox 2049 4430 2197 4484; x_wconf 88' lang='lat' dir='ltr'><strong>ordi-</strong></span> 
     </span>
    </p>
   </div>
   <div class='ocr_carea' id='block_1_77' title="bbox 2306 3240 3895 3314">
    <p class='ocr_par' dir='ltr' id='par_1_77' title="bbox 2306 3240 3895 3314">
     <span class='ocr_line' id='line_1_77' title="bbox 2306 3240 3895 3314; baseline 0 -18"><span class='ocrx_word' id='word_1_603' title='bbox 2306 3253 2459 3297; x_wconf 81' lang='lat' dir='ltr'><strong>teme</strong></span> <span class='ocrx_word' id='word_1_604' title='bbox 2486 3240 2707 3314; x_wconf 77' lang='lat' dir='ltr'><strong>(Cenes.</strong></span> <span class='ocrx_word' id='word_1_605' title='bbox 2740 3258 2826 3308; x_wconf 78' lang='grc' dir='ltr'><strong>ιχ,</strong></span> <span class='ocrx_word' id='word_1_606' title='bbox 2860 3242 2889 3292; x_wconf 90' lang='lat'><strong>7</strong></span> <span class='ocrx_word' id='word_1_607' title='bbox 2918 3252 2965 3294; x_wconf 87' lang='lat' dir='ltr'><strong>et</strong></span> <span class='ocrx_word' id='word_1_608' title='bbox 2990 3240 3076 3311; x_wconf 72' lang='lat'><strong>2).</strong></span> <span class='ocrx_word' id='word_1_609' title='bbox 3106 3240 3343 3307; x_wconf 92' lang='lat' dir='ltr'><strong>Quorum</strong></span> <span class='ocrx_word' id='word_1_610' title='bbox 3370 3250 3547 3297; x_wconf 84' lang='lat' dir='ltr'><strong>terror</strong></span> <span class='ocrx_word' id='word_1_611' title='bbox 3574 3258 3638 3296; x_wconf 88' lang='lat' dir='ltr'><strong>ac</strong></span> <span class='ocrx_word' id='word_1_612' title='bbox 3669 3252 3895 3309; x_wconf 89' lang='lat' dir='ltr'><strong>tremor,</strong></span> 
     </span>
    </p>
   </div>
   <div class='ocr_carea' id='block_1_78' title="bbox 2305 3333 3898 3405">
    <p class='ocr_par' dir='ltr' id='par_1_78' title="bbox 2305 3333 3898 3405">
     <span class='ocr_line' id='line_1_78' title="bbox 2305 3333 3898 3405; baseline 0.004 -19"><span class='ocrx_word' id='word_1_613' title='bbox 2305 3334 2429 3402; x_wconf 91' lang='lat' dir='ltr'><strong>quia</strong></span> <span class='ocrx_word' id='word_1_614' title='bbox 2460 3348 2579 3388; x_wconf 91' lang='lat' dir='ltr'><strong>esse</strong></span> <span class='ocrx_word' id='word_1_615' title='bbox 2607 3347 2769 3402; x_wconf 88' lang='lat' dir='ltr'><strong>super</strong></span> <span class='ocrx_word' id='word_1_616' title='bbox 2796 3333 3043 3387; x_wconf 88' lang='lat' dir='ltr'><strong>animalia</strong></span> <span class='ocrx_word' id='word_1_617' title='bbox 3075 3341 3229 3387; x_wconf 83' lang='lat' dir='ltr'><strong>terrae</strong></span> <span class='ocrx_word' id='word_1_618' title='bbox 3266 3333 3604 3402; x_wconf 76' lang='lat' dir='ltr'><strong>praecipitur,</strong></span> <span class='ocrx_word' id='word_1_619' title='bbox 3645 3337 3898 3405; x_wconf 89' lang='lat' dir='ltr'><strong>profecto</strong></span> 
     </span>
    </p>
   </div>
   <div class='ocr_carea' id='block_1_79' title="bbox 2303 3423 3899 3495">
    <p class='ocr_par' dir='ltr' id='par_1_79' title="bbox 2303 3423 3899 3495">
     <span class='ocr_line' id='line_1_79' title="bbox 2303 3423 3899 3495; baseline 0.003 -17"><span class='ocrx_word' id='word_1_620' title='bbox 2303 3439 2466 3493; x_wconf 87' lang='lat' dir='ltr'><strong>super</strong></span> <span class='ocrx_word' id='word_1_621' title='bbox 2493 3424 2743 3478; x_wconf 88' lang='lat' dir='ltr'><strong>homines</strong></span> <span class='ocrx_word' id='word_1_622' title='bbox 2771 3438 2889 3478; x_wconf 90' lang='lat' dir='ltr'><strong>esse</strong></span> <span class='ocrx_word' id='word_1_623' title='bbox 2918 3424 3231 3493; x_wconf 78' lang='lat' dir='ltr'><strong>prohibetur</strong></span> <span class='ocrx_word' id='word_1_624' title='bbox 3288 3423 3460 3478; x_wconf 89' lang='lat' dir='ltr'><strong>llomo</strong></span> <span class='ocrx_word' id='word_1_625' title='bbox 3490 3427 3692 3495; x_wconf 78' lang='lat' dir='ltr'><strong>quippe</strong></span> <span class='ocrx_word' id='word_1_626' title='bbox 3718 3427 3899 3483; x_wconf 84' lang='lat' dir='ltr'><strong>brutis</strong></span> 
     </span>
    </p>
   </div>
   <div class='ocr_carea' id='block_1_80' title="bbox 2304 3514 3899 3573">
    <p class='ocr_par' dir='ltr' id='par_1_80' title="bbox 2304 3514 3899 3573">
     <span class='ocr_line' id='line_1_80' title="bbox 2304 3514 3899 3573; baseline 0.003 -5"><span class='ocrx_word' id='word_1_627' title='bbox 2304 3514 2654 3573; x_wconf 84' lang='lat' dir='ltr'><strong>animalibus.</strong></span> <span class='ocrx_word' id='word_1_628' title='bbox 2708 3530 2816 3568; x_wconf 91' lang='lat' dir='ltr'><strong>non</strong></span> <span class='ocrx_word' id='word_1_629' title='bbox 2864 3522 3042 3569; x_wconf 90' lang='lat' dir='ltr'><strong>autem</strong></span> <span class='ocrx_word' id='word_1_630' title='bbox 3088 3514 3392 3568; x_wconf 88' lang='lat' dir='ltr'><strong>hominibus</strong></span> <span class='ocrx_word' id='word_1_631' title='bbox 3437 3517 3648 3570; x_wconf 80' lang='lat' dir='ltr'><strong>caeteris</strong></span> <span class='ocrx_word' id='word_1_632' title='bbox 3700 3528 3899 3572; x_wconf 88' lang='lat' dir='ltr'><strong>natura</strong></span> 
     </span>
    </p>
   </div>
   <div class='ocr_carea' id='block_1_81' title="bbox 2304 3604 3898 3675">
    <p class='ocr_par' dir='ltr' id='par_1_81' title="bbox 2304 3604 3898 3675">
     <span class='ocr_line' id='line_1_81' title="bbox 2304 3604 3898 3675; baseline 0.006 -19"><span class='ocrx_word' id='word_1_633' title='bbox 2304 3604 2554 3672; x_wconf 77' lang='lat' dir='ltr'><strong>prmlatus</strong></span> <span class='ocrx_word' id='word_1_634' title='bbox 2579 3615 2661 3659; x_wconf 90' lang='lat' dir='ltr'><strong>est</strong></span> <span class='ocrx_word' id='word_1_635' title='bbox 2688 3622 2699 3657; x_wconf 91' lang='lat'>:</span> <span class='ocrx_word' id='word_1_636' title='bbox 2732 3613 2787 3659; x_wconf 92' lang='lat' dir='ltr'><strong>et</strong></span> <span class='ocrx_word' id='word_1_637' title='bbox 2815 3605 3012 3659; x_wconf 90' lang='lat' dir='ltr'><strong>idcirco</strong></span> <span class='ocrx_word' id='word_1_638' title='bbox 3042 3605 3091 3659; x_wconf 92' lang='lat' dir='ltr'><strong>ei</strong></span> <span class='ocrx_word' id='word_1_639' title='bbox 3117 3605 3329 3669; x_wconf 88' lang='lat' dir='ltr'><strong>dicitur,</strong></span> <span class='ocrx_word' id='word_1_640' title='bbox 3364 3615 3422 3661; x_wconf 92' lang='lat' dir='ltr'><strong>ut</strong></span> <span class='ocrx_word' id='word_1_641' title='bbox 3452 3608 3518 3661; x_wconf 90' lang='lat' dir='ltr'><strong>ab</strong></span> <span class='ocrx_word' id='word_1_642' title='bbox 3546 3609 3898 3675; x_wconf 87' lang='lat' dir='ltr'><strong>animalibus,</strong></span> 
     </span>
    </p>
   </div>
   <div class='ocr_carea' id='block_1_82' title="bbox 2303 3696 3901 3764">
    <p class='ocr_par' dir='ltr' id='par_1_82' title="bbox 2303 3696 3901 3764">
     <span class='ocr_line' id='line_1_82' title="bbox 2303 3696 3901 3764; baseline 0.005 -15"><span class='ocrx_word' id='word_1_643' title='bbox 2303 3702 2359 3749; x_wconf 87' lang='lat' dir='ltr'><strong>et</strong></span> <span class='ocrx_word' id='word_1_644' title='bbox 2384 3711 2491 3749; x_wconf 90' lang='lat' dir='ltr'><strong>non</strong></span> <span class='ocrx_word' id='word_1_645' title='bbox 2515 3696 2581 3751; x_wconf 89' lang='lat' dir='ltr'><strong>ab</strong></span> <span class='ocrx_word' id='word_1_646' title='bbox 2602 3696 2929 3759; x_wconf 90' lang='lat' dir='ltr'><strong>hominibus,</strong></span> <span class='ocrx_word' id='word_1_647' title='bbox 2963 3698 3233 3751; x_wconf 87' lang='lat' dir='ltr'><strong>timeatur.</strong></span> <span class='ocrx_word' id='word_1_648' title='bbox 3266 3698 3399 3764; x_wconf 89' lang='lat' dir='ltr'><strong>Quia</strong></span> <span class='ocrx_word' id='word_1_649' title='bbox 3426 3708 3613 3754; x_wconf 88' lang='lat' dir='ltr'><strong>contra</strong></span> <span class='ocrx_word' id='word_1_650' title='bbox 3641 3713 3901 3757; x_wconf 88' lang='lat' dir='ltr'><strong>naturam</strong></span> 
     </span>
    </p>
   </div>
   <div class='ocr_carea' id='block_1_83' title="bbox 2303 3785 3902 3853">
    <p class='ocr_par' dir='ltr' id='par_1_83' title="bbox 2303 3785 3902 3853">
     <span class='ocr_line' id='line_1_83' title="bbox 2303 3785 3902 3853; baseline 0.008 -16"><span class='ocrx_word' id='word_1_651' title='bbox 2303 3785 2583 3853; x_wconf 88' lang='lat' dir='ltr'><strong>superbire</strong></span> <span class='ocrx_word' id='word_1_652' title='bbox 2612 3794 2727 3849; x_wconf 87' lang='lat' dir='ltr'><strong>est,</strong></span> <span class='ocrx_word' id='word_1_653' title='bbox 2766 3787 2833 3841; x_wconf 91' lang='lat' dir='ltr'><strong>ab</strong></span> <span class='ocrx_word' id='word_1_654' title='bbox 2860 3787 3053 3845; x_wconf 74' lang='lat' dir='ltr'><strong>aequali</strong></span> <span class='ocrx_word' id='word_1_655' title='bbox 3083 3789 3220 3843; x_wconf 89' lang='lat' dir='ltr'><strong>velle</strong></span> <span class='ocrx_word' id='word_1_656' title='bbox 3252 3790 3456 3853; x_wconf 88' lang='lat' dir='ltr'><strong>timeri;</strong></span> <span class='ocrx_word' id='word_1_657' title='bbox 3496 3799 3549 3845; x_wconf 90' lang='lat' dir='ltr'><strong>et</strong></span> <span class='ocrx_word' id='word_1_658' title='bbox 3582 3799 3772 3847; x_wconf 87' lang='lat' dir='ltr'><strong>tamen</strong></span> <span class='ocrx_word' id='word_1_659' title='bbox 3811 3812 3902 3851; x_wconf 87' lang='lat' dir='ltr'><strong>ne-</strong></span> 
     </span>
    </p>
   </div>
   <div class='ocr_carea' id='block_1_84' title="bbox 2303 3876 3898 3949">
    <p class='ocr_par' dir='ltr' id='par_1_84' title="bbox 2303 3876 3898 3949">
     <span class='ocr_line' id='line_1_84' title="bbox 2303 3876 3898 3949; baseline 0.007 -20"><span class='ocrx_word' id='word_1_660' title='bbox 2303 3889 2455 3930; x_wconf 89' lang='lat' dir='ltr'><strong>cesse</strong></span> <span class='ocrx_word' id='word_1_661' title='bbox 2486 3882 2569 3931; x_wconf 87' lang='lat' dir='ltr'><strong>est</strong></span> <span class='ocrx_word' id='word_1_662' title='bbox 2592 3884 2651 3929; x_wconf 92' lang='lat' dir='ltr'><strong>ut</strong></span> <span class='ocrx_word' id='word_1_663' title='bbox 2678 3884 2918 3931; x_wconf 88' lang='lat' dir='ltr'><strong>rectores</strong></span> <span class='ocrx_word' id='word_1_664' title='bbox 2944 3892 2975 3931; x_wconf 90' lang='lat' dir='ltr'><strong>a</strong></span> <span class='ocrx_word' id='word_1_665' title='bbox 2995 3876 3221 3933; x_wconf 91' lang='lat' dir='ltr'><strong>subditis</strong></span> <span class='ocrx_word' id='word_1_666' title='bbox 3244 3879 3551 3948; x_wconf 71' lang='lat' dir='ltr'><strong>timeantur;</strong></span> <span class='ocrx_word' id='word_1_667' title='bbox 3580 3884 3811 3949; x_wconf 90' lang='lat' dir='ltr'><strong>quando</strong></span> <span class='ocrx_word' id='word_1_668' title='bbox 3837 3887 3898 3940; x_wconf 86' lang='lat' dir='ltr'><strong>ab</strong></span> 
     </span>
    </p>
   </div>
   <div class='ocr_carea' id='block_1_85' title="bbox 2302 3966 3898 4038">
    <p class='ocr_par' dir='ltr' id='par_1_85' title="bbox 2302 3966 3898 4038">
     <span class='ocr_line' id='line_1_85' title="bbox 2302 3966 3898 4038; baseline 0.006 -18"><span class='ocrx_word' id='word_1_669' title='bbox 2302 3966 2382 4020; x_wconf 91' lang='lat' dir='ltr'><strong>eis</strong></span> <span class='ocrx_word' id='word_1_670' title='bbox 2410 3966 2578 4021; x_wconf 91' lang='lat' dir='ltr'><strong>Deum</strong></span> <span class='ocrx_word' id='word_1_671' title='bbox 2609 3968 2827 4023; x_wconf 89' lang='lat' dir='ltr'><strong>minime</strong></span> <span class='ocrx_word' id='word_1_672' title='bbox 2857 3968 3030 4022; x_wconf 90' lang='lat' dir='ltr'><strong>timeri</strong></span> <span class='ocrx_word' id='word_1_673' title='bbox 3061 3968 3499 4038; x_wconf 89' lang='lat' dir='ltr'><strong>deprehendunt,</strong></span> <span class='ocrx_word' id='word_1_674' title='bbox 3550 3980 3608 4026; x_wconf 90' lang='lat' dir='ltr'><strong>ut</strong></span> <span class='ocrx_word' id='word_1_675' title='bbox 3657 3973 3898 4031; x_wconf 88' lang='lat' dir='ltr'><strong>humana</strong></span> 
     </span>
    </p>
   </div>
   <div class='ocr_carea' id='block_1_86' title="bbox 2303 4058 3897 4131">
    <p class='ocr_par' dir='ltr' id='par_1_86' title="bbox 2303 4058 3897 4131">
     <span class='ocr_line' id='line_1_86' title="bbox 2303 4058 3897 4131; baseline 0.006 -21"><span class='ocrx_word' id='word_1_676' title='bbox 2303 4058 2493 4111; x_wconf 90' lang='lat' dir='ltr'><strong>saltem</strong></span> <span class='ocrx_word' id='word_1_677' title='bbox 2518 4058 2803 4113; x_wconf 89' lang='lat' dir='ltr'><strong>formidine</strong></span> <span class='ocrx_word' id='word_1_678' title='bbox 2826 4073 3050 4128; x_wconf 85' lang='lat' dir='ltr'><strong>peccare</strong></span> <span class='ocrx_word' id='word_1_679' title='bbox 3072 4068 3332 4121; x_wconf 90' lang='lat' dir='ltr'><strong>metuant,</strong></span> <span class='ocrx_word' id='word_1_680' title='bbox 3364 4061 3453 4130; x_wconf 89' lang='lat' dir='ltr'><strong>qui</strong></span> <span class='ocrx_word' id='word_1_681' title='bbox 3482 4062 3659 4115; x_wconf 91' lang='lat' dir='ltr'><strong>divina</strong></span> <span class='ocrx_word' id='word_1_682' title='bbox 3684 4063 3897 4131; x_wconf 76' lang='lat' dir='ltr'><strong>jutieia</strong></span> 
     </span>
    </p>
   </div>
   <div class='ocr_carea' id='block_1_87' title="bbox 2305 4147 3901 4219">
    <p class='ocr_par' dir='ltr' id='par_1_87' title="bbox 2305 4147 3901 4219">
     <span class='ocr_line' id='line_1_87' title="bbox 2305 4147 3901 4219; baseline 0.005 -17"><span class='ocrx_word' id='word_1_683' title='bbox 2305 4163 2413 4202; x_wconf 92' lang='lat' dir='ltr'><strong>non</strong></span> <span class='ocrx_word' id='word_1_684' title='bbox 2443 4147 2753 4203; x_wconf 89' lang='lat' dir='ltr'><strong>formidant.</strong></span> <span class='ocrx_word' id='word_1_685' title='bbox 2796 4148 3143 4219; x_wconf 88' lang='lat' dir='ltr'><strong>Nequaquam</strong></span> <span class='ocrx_word' id='word_1_686' title='bbox 3174 4157 3353 4203; x_wconf 91' lang='lat' dir='ltr'><strong>tamen</strong></span> <span class='ocrx_word' id='word_1_687' title='bbox 3382 4151 3657 4219; x_wconf 71' lang='lat' dir='ltr'><strong>praepositi</strong></span> <span class='ocrx_word' id='word_1_688' title='bbox 3688 4169 3759 4207; x_wconf 81' lang='lat' dir='ltr'><strong>ex</strong></span> <span class='ocrx_word' id='word_1_689' title='bbox 3796 4156 3901 4211; x_wconf 91' lang='lat' dir='ltr'><strong>hoc</strong></span> 
     </span>
    </p>
   </div>
   <div class='ocr_carea' id='block_1_88' title="bbox 2303 4237 3898 4310">
    <p class='ocr_par' dir='ltr' id='par_1_88' title="bbox 2303 4237 3898 4310">
     <span class='ocr_line' id='line_1_88' title="bbox 2303 4237 3898 4310; baseline 0.003 -17"><span class='ocrx_word' id='word_1_690' title='bbox 2303 4237 2528 4307; x_wconf 65' lang='lat' dir='ltr'><strong>quaesito</strong></span> <span class='ocrx_word' id='word_1_691' title='bbox 2555 4238 2746 4292; x_wconf 89' lang='lat' dir='ltr'><strong>timore</strong></span> <span class='ocrx_word' id='word_1_692' title='bbox 2766 4239 3094 4307; x_wconf 90' lang='lat' dir='ltr'><strong>superbiant,</strong></span> <span class='ocrx_word' id='word_1_693' title='bbox 3128 4239 3179 4292; x_wconf 92' lang='lat' dir='ltr'><strong>in</strong></span> <span class='ocrx_word' id='word_1_694' title='bbox 3202 4253 3310 4307; x_wconf 90' lang='lat' dir='ltr'><strong>quo</strong></span> <span class='ocrx_word' id='word_1_695' title='bbox 3336 4255 3441 4293; x_wconf 94' lang='lat' dir='ltr'><strong>non</strong></span> <span class='ocrx_word' id='word_1_696' title='bbox 3464 4255 3613 4294; x_wconf 91' lang='lat' dir='ltr'><strong>suam</strong></span> <span class='ocrx_word' id='word_1_697' title='bbox 3636 4242 3898 4310; x_wconf 80' lang='lat' dir='ltr'><strong>gloriam,</strong></span> 
     </span>
    </p>
   </div>
   <div class='ocr_carea' id='block_1_89' title="bbox 2304 4329 3900 4403">
    <p class='ocr_par' dir='ltr' id='par_1_89' title="bbox 2304 4329 3900 4403">
     <span class='ocr_line' id='line_1_89' title="bbox 2304 4329 3900 4403; baseline 0.003 -19"><span class='ocrx_word' id='word_1_698' title='bbox 2304 4329 2398 4384; x_wconf 88' lang='lat' dir='ltr'><strong>sed</strong></span> <span class='ocrx_word' id='word_1_699' title='bbox 2419 4329 2784 4399; x_wconf 89' lang='lat' dir='ltr'><strong>subjectorum</strong></span> <span class='ocrx_word' id='word_1_700' title='bbox 2805 4329 3088 4399; x_wconf 87' lang='lat' dir='ltr'><strong>justitiam,</strong></span> <span class='ocrx_word' id='word_1_701' title='bbox 3118 4337 3383 4398; x_wconf 87' lang='lat' dir='ltr'><strong>quaerunt.</strong></span> <span class='ocrx_word' id='word_1_702' title='bbox 3410 4329 3468 4383; x_wconf 92' lang='lat' dir='ltr'><strong>ln</strong></span> <span class='ocrx_word' id='word_1_703' title='bbox 3490 4346 3555 4385; x_wconf 91' lang='lat' dir='ltr'><strong>eo</strong></span> <span class='ocrx_word' id='word_1_704' title='bbox 3576 4332 3725 4385; x_wconf 87' lang='lat' dir='ltr'><strong>enim</strong></span> <span class='ocrx_word' id='word_1_705' title='bbox 3748 4336 3900 4403; x_wconf 85' lang='lat' dir='ltr'><strong>quod</strong></span> 
     </span>
    </p>
   </div>
   <div class='ocr_carea' id='block_1_90' title="bbox 2306 4420 3897 4492">
    <p class='ocr_par' dir='ltr' id='par_1_90' title="bbox 2306 4420 3897 4492">
     <span class='ocr_line' id='line_1_90' title="bbox 2306 4420 3897 4492; baseline 0.003 -18"><span class='ocrx_word' id='word_1_706' title='bbox 2306 4429 2509 4475; x_wconf 86' lang='lat' dir='ltr'><strong>metum</strong></span> <span class='ocrx_word' id='word_1_707' title='bbox 2538 4420 2638 4475; x_wconf 89' lang='lat' dir='ltr'><strong>sibi</strong></span> <span class='ocrx_word' id='word_1_708' title='bbox 2668 4435 2699 4474; x_wconf 92' lang='lat' dir='ltr'><strong>a</strong></span> <span class='ocrx_word' id='word_1_709' title='bbox 2726 4434 2978 4490; x_wconf 89' lang='lat' dir='ltr'><strong>perverse</strong></span> <span class='ocrx_word' id='word_1_710' title='bbox 3008 4420 3307 4475; x_wconf 88' lang='lat' dir='ltr'><strong>viventibus</strong></span> <span class='ocrx_word' id='word_1_711' title='bbox 3336 4421 3574 4492; x_wconf 81' lang='lat' dir='ltr'><strong>exigunt,</strong></span> <span class='ocrx_word' id='word_1_712' title='bbox 3603 4424 3759 4488; x_wconf 90' lang='lat' dir='ltr'><strong>quasi</strong></span> <span class='ocrx_word' id='word_1_713' title='bbox 3789 4441 3897 4479; x_wconf 90' lang='lat' dir='ltr'><strong>non</strong></span> 
     </span>
    </p>
   </div>
   <div class='ocr_carea' id='block_1_91' title="bbox 614 4511 3899 4587">
    <p class='ocr_par' dir='ltr' id='par_1_91' title="bbox 614 4511 3899 4587">
     <span class='ocr_line' id='line_1_91' title="bbox 614 4511 3899 4587; baseline 0.005 -23"><span class='ocrx_word' id='word_1_714' title='bbox 614 4511 866 4565; x_wconf 87' lang='lat' dir='ltr'><strong>nabiliter</strong></span> <span class='ocrx_word' id='word_1_715' title='bbox 906 4512 1134 4570; x_wconf 87' lang='lat' dir='ltr'><strong>tactum.</strong></span> <span class='ocrx_word' id='word_1_716' title='bbox 1176 4513 1273 4568; x_wconf 89' lang='lat' dir='ltr'><strong>sed</strong></span> <span class='ocrx_word' id='word_1_717' title='bbox 1315 4515 1511 4583; x_wconf 90' lang='lat' dir='ltr'><strong>injuste</strong></span> <span class='ocrx_word' id='word_1_718' title='bbox 1547 4532 1605 4572; x_wconf 91' lang='lat' dir='ltr'><strong>se</strong></span> <span class='ocrx_word' id='word_1_719' title='bbox 1642 4518 1834 4572; x_wconf 90' lang='lat' dir='ltr'><strong>asserit</strong></span> <span class='ocrx_word' id='word_1_720' title='bbox 1872 4518 2199 4575; x_wconf 89' lang='lat' dir='ltr'><strong>condemna-</strong></span> <span class='ocrx_word' id='word_1_721' title='bbox 2226 4527 2279 4587; x_wconf 82' lang='lat'><strong>1)</strong></span> <span class='ocrx_word' id='word_1_722' title='bbox 2304 4513 2641 4578; x_wconf 58' lang='lat' dir='ltr'><strong>hominibus,</strong></span> <span class='ocrx_word' id='word_1_723' title='bbox 2690 4513 2781 4567; x_wconf 73' lang='lat' dir='ltr'><strong>sed</strong></span> <span class='ocrx_word' id='word_1_724' title='bbox 2811 4512 3127 4567; x_wconf 70' lang='lat' dir='ltr'><strong>animalibus</strong></span> <span class='ocrx_word' id='word_1_725' title='bbox 3155 4512 3528 4580; x_wconf 69' lang='lat' dir='ltr'><strong>dominamur.</strong></span> <span class='ocrx_word' id='word_1_726' title='bbox 3582 4514 3711 4583; x_wconf 83' lang='lat' dir='ltr'><strong>quia</strong></span> <span class='ocrx_word' id='word_1_727' title='bbox 3743 4516 3899 4569; x_wconf 73' lang='lat' dir='ltr'><strong>Vide-</strong></span> 
     </span>
    </p>
   </div>
   <div class='ocr_carea' id='block_1_92' title="bbox 612 4604 2195 4679">
    <p class='ocr_par' dir='ltr' id='par_1_92' title="bbox 612 4604 2195 4679">
     <span class='ocr_line' id='line_1_92' title="bbox 612 4604 2195 4679; baseline 0.005 -22"><span class='ocrx_word' id='word_1_728' title='bbox 612 4613 757 4669; x_wconf 76' lang='lat' dir='ltr'><strong>tum,</strong></span> <span class='ocrx_word' id='word_1_729' title='bbox 805 4604 1088 4675; x_wconf 88' lang='lat' dir='ltr'><strong>diligenter</strong></span> <span class='ocrx_word' id='word_1_730' title='bbox 1126 4607 1470 4675; x_wconf 79' lang='lat' dir='ltr'><strong>quaerendum</strong></span> <span class='ocrx_word' id='word_1_731' title='bbox 1512 4618 1594 4663; x_wconf 87' lang='lat' dir='ltr'><strong>est</strong></span> <span class='ocrx_word' id='word_1_732' title='bbox 1633 4612 1807 4678; x_wconf 89' lang='lat' dir='ltr'><strong>primo</strong></span> <span class='ocrx_word' id='word_1_733' title='bbox 1849 4610 1893 4664; x_wconf 92' lang='lat' dir='ltr'><strong>si</strong></span> <span class='ocrx_word' id='word_1_734' title='bbox 1936 4609 2195 4679; x_wconf 85' lang='lat' dir='ltr'><strong>judicium</strong></span> 
     </span>
    </p>
   </div>
   <div class='ocr_carea' id='block_1_93' title="bbox 614 4693 2195 4767">
    <p class='ocr_par' dir='ltr' id='par_1_93' title="bbox 614 4693 2195 4767">
     <span class='ocr_line' id='line_1_93' title="bbox 614 4693 2195 4767; baseline 0.006 -21"><span class='ocrx_word' id='word_1_735' title='bbox 614 4693 982 4748; x_wconf 87' lang='lat' dir='ltr'><strong>ordinabiliter</strong></span> <span class='ocrx_word' id='word_1_736' title='bbox 1004 4703 1086 4749; x_wconf 92' lang='lat' dir='ltr'><strong>est</strong></span> <span class='ocrx_word' id='word_1_737' title='bbox 1111 4696 1370 4761; x_wconf 90' lang='lat' dir='ltr'><strong>habitum,</strong></span> <span class='ocrx_word' id='word_1_738' title='bbox 1397 4698 1439 4751; x_wconf 92' lang='lat' dir='ltr'><strong>si</strong></span> <span class='ocrx_word' id='word_1_739' title='bbox 1463 4697 1552 4752; x_wconf 89' lang='lat' dir='ltr'><strong>alii</strong></span> <span class='ocrx_word' id='word_1_740' title='bbox 1576 4700 1937 4767; x_wconf 79' lang='lat' dir='ltr'><strong>a‘ccnsatores,</strong></span> <span class='ocrx_word' id='word_1_741' title='bbox 1971 4700 2060 4755; x_wconf 88' lang='lat' dir='ltr'><strong>alii</strong></span> <span class='ocrx_word' id='word_1_742' title='bbox 2090 4710 2195 4756; x_wconf 90' lang='lat' dir='ltr'><strong>tes-</strong></span> 
     </span>
    </p>
   </div>
   <div class='ocr_carea' id='block_1_94' title="bbox 610 4783 2196 4859">
    <p class='ocr_par' dir='ltr' id='par_1_94' title="bbox 610 4783 2196 4859">
     <span class='ocr_line' id='line_1_94' title="bbox 610 4783 2196 4859; baseline 0.004 -21"><span class='ocrx_word' id='word_1_743' title='bbox 610 4793 698 4843; x_wconf 81' lang='lat' dir='ltr'><strong>tes</strong></span> <span class='ocrx_word' id='word_1_744' title='bbox 740 4783 972 4840; x_wconf 90' lang='lat' dir='ltr'><strong>fuerunt.</strong></span> <span class='ocrx_word' id='word_1_745' title='bbox 1020 4785 1220 4841; x_wconf 87' lang='lat' dir='ltr'><strong>Deinde</strong></span> <span class='ocrx_word' id='word_1_746' title='bbox 1263 4803 1545 4843; x_wconf 89' lang='lat' dir='ltr'><strong>causarum</strong></span> <span class='ocrx_word' id='word_1_747' title='bbox 1586 4790 1817 4859; x_wconf 86' lang='lat' dir='ltr'><strong>qualitas</strong></span> <span class='ocrx_word' id='word_1_748' title='bbox 1867 4799 1949 4845; x_wconf 89' lang='lat' dir='ltr'><strong>est</strong></span> <span class='ocrx_word' id='word_1_749' title='bbox 1993 4791 2196 4845; x_wconf 82' lang='lat' dir='ltr'><strong>exami-</strong></span> 
     </span>
    </p>
   </div>
   <div class='ocr_carea' id='block_1_95' title="bbox 612 4866 2194 4951">
    <p class='ocr_par' dir='ltr' id='par_1_95' title="bbox 612 4866 2194 4951">
     <span class='ocr_line' id='line_1_95' title="bbox 612 4866 2194 4951; baseline 0.006 -22"><span class='ocrx_word' id='word_1_750' title='bbox 612 4876 809 4942; x_wconf 88' lang='lat' dir='ltr'><strong>nanda,</strong></span> <span class='ocrx_word' id='word_1_751' title='bbox 842 4878 885 4932; x_wconf 91' lang='lat' dir='ltr'><strong>si</strong></span> <span class='ocrx_word' id='word_1_752' title='bbox 909 4877 1067 4946; x_wconf 88' lang='lat' dir='ltr'><strong>digna</strong></span> <span class='ocrx_word' id='word_1_753' title='bbox 1097 4879 1277 4945; x_wconf 81' lang='lat' dir='ltr'><strong>exilio,</strong></span> <span class='ocrx_word' id='word_1_754' title='bbox 1310 4882 1394 4936; x_wconf 86' lang='lat' dir='ltr'><strong>vel</strong></span> <span class='ocrx_word' id='word_1_755' title='bbox 1423 4881 1759 4951; x_wconf 90' lang='lat' dir='ltr'><strong>depositione</strong></span> <span class='ocrx_word' id='word_1_756' title='bbox 1788 4882 1912 4949; x_wconf 89' lang='lat' dir='ltr'><strong>fuit;</strong></span> <span class='ocrx_word' id='word_1_757' title='bbox 1945 4866 2037 4937; x_wconf 79' lang='lat' dir='ltr'><strong>aut</strong></span> <span class='ocrx_word' id='word_1_758' title='bbox 2057 4883 2101 4937; x_wconf 92' lang='lat' dir='ltr'><strong>si</strong></span> <span class='ocrx_word' id='word_1_759' title='bbox 2128 4898 2194 4938; x_wconf 93' lang='lat' dir='ltr'><strong>eo</strong></span> 
     </span>
    </p>
   </div>
   <div class='ocr_carea' id='block_1_96' title="bbox 614 4970 2193 5042">
    <p class='ocr_par' dir='ltr' id='par_1_96' title="bbox 614 4970 2193 5042">
     <span class='ocr_line' id='line_1_96' title="bbox 614 4970 2193 5042; baseline 0.005 -22"><span class='ocrx_word' id='word_1_760' title='bbox 614 4976 879 5037; x_wconf 62' lang='lat' dir='ltr'><strong>praesente</strong></span> <span class='ocrx_word' id='word_1_761' title='bbox 904 4970 994 5037; x_wconf 90' lang='lat' dir='ltr'><strong>qui</strong></span> <span class='ocrx_word' id='word_1_762' title='bbox 1025 4982 1304 5027; x_wconf 90' lang='lat' dir='ltr'><strong>accusatus</strong></span> <span class='ocrx_word' id='word_1_763' title='bbox 1334 4980 1447 5039; x_wconf 90' lang='lat' dir='ltr'><strong>est,</strong></span> <span class='ocrx_word' id='word_1_764' title='bbox 1486 4972 1584 5028; x_wconf 89' lang='lat' dir='ltr'><strong>sub</strong></span> <span class='ocrx_word' id='word_1_765' title='bbox 1616 4973 1966 5042; x_wconf 87' lang='lat' dir='ltr'><strong>jurejurando</strong></span> <span class='ocrx_word' id='word_1_766' title='bbox 2003 4982 2193 5030; x_wconf 90' lang='lat' dir='ltr'><strong>contra</strong></span> 
     </span>
    </p>
   </div>
   <div class='ocr_carea' id='block_1_97' title="bbox 612 5059 2192 5132">
    <p class='ocr_par' dir='ltr' id='par_1_97' title="bbox 612 5059 2192 5132">
     <span class='ocr_line' id='line_1_97' title="bbox 612 5059 2192 5132; baseline 0.006 -23"><span class='ocrx_word' id='word_1_767' title='bbox 612 5072 734 5109; x_wconf 88' lang='lat' dir='ltr'><strong>eum</strong></span> <span class='ocrx_word' id='word_1_768' title='bbox 769 5059 1127 5114; x_wconf 89' lang='lat' dir='ltr'><strong>testimonium</strong></span> <span class='ocrx_word' id='word_1_769' title='bbox 1165 5060 1364 5115; x_wconf 90' lang='lat' dir='ltr'><strong>dictum</strong></span> <span class='ocrx_word' id='word_1_770' title='bbox 1395 5070 1477 5117; x_wconf 91' lang='lat' dir='ltr'><strong>est</strong></span> <span class='ocrx_word' id='word_1_771' title='bbox 1502 5079 1515 5128; x_wconf 92' lang='lat'><strong>;</strong></span> <span class='ocrx_word' id='word_1_772' title='bbox 1545 5064 1591 5117; x_wconf 90' lang='lat' dir='ltr'><strong>si</strong></span> <span class='ocrx_word' id='word_1_773' title='bbox 1620 5063 1833 5132; x_wconf 89' lang='lat' dir='ltr'><strong>scriptis</strong></span> <span class='ocrx_word' id='word_1_774' title='bbox 1860 5072 2037 5118; x_wconf 88' lang='lat' dir='ltr'><strong>actum</strong></span> <span class='ocrx_word' id='word_1_775' title='bbox 2068 5071 2151 5118; x_wconf 90' lang='lat' dir='ltr'><strong>est</strong></span> <span class='ocrx_word' id='word_1_776' title='bbox 2177 5106 2192 5127; x_wconf 92' lang='lat'><strong>,</strong></span> 
     </span>
    </p>
   </div>
   <div class='ocr_carea' id='block_1_98' title="bbox 604 5149 2190 5222">
    <p class='ocr_par' dir='ltr' id='par_1_98' title="bbox 604 5149 2190 5222">
     <span class='ocr_line' id='line_1_98' title="bbox 604 5149 2190 5222; baseline 0.008 -25"><span class='ocrx_word' id='word_1_777' title='bbox 604 5149 645 5199; x_wconf 85' lang='lat' dir='ltr'><strong>si</strong></span> <span class='ocrx_word' id='word_1_778' title='bbox 672 5151 792 5219; x_wconf 84' lang='lat' dir='ltr'><strong>ipse</strong></span> <span class='ocrx_word' id='word_1_779' title='bbox 818 5151 1087 5209; x_wconf 89' lang='lat' dir='ltr'><strong>licentiam</strong></span> <span class='ocrx_word' id='word_1_780' title='bbox 1114 5154 1470 5222; x_wconf 89' lang='lat' dir='ltr'><strong>respondendi</strong></span> <span class='ocrx_word' id='word_1_781' title='bbox 1494 5163 1549 5207; x_wconf 92' lang='lat' dir='ltr'><strong>et</strong></span> <span class='ocrx_word' id='word_1_782' title='bbox 1570 5153 1886 5209; x_wconf 82' lang='lat' dir='ltr'><strong>defendendi</strong></span> <span class='ocrx_word' id='word_1_783' title='bbox 1909 5170 1966 5208; x_wconf 91' lang='lat' dir='ltr'><strong>se</strong></span> <span class='ocrx_word' id='word_1_784' title='bbox 1988 5154 2190 5209; x_wconf 89' lang='lat' dir='ltr'><strong>habuit.</strong></span> 
     </span>
    </p>
   </div>
   <div class='ocr_carea' id='block_1_99' title="bbox 604 5242 2194 5313">
    <p class='ocr_par' dir='ltr' id='par_1_99' title="bbox 604 5242 2194 5313">
     <span class='ocr_line' id='line_1_99' title="bbox 604 5242 2194 5313; baseline 0.003 -19"><span class='ocrx_word' id='word_1_785' title='bbox 604 5242 719 5295; x_wconf 81' lang='lat' dir='ltr'><strong>Sed</strong></span> <span class='ocrx_word' id='word_1_786' title='bbox 764 5250 818 5298; x_wconf 92' lang='lat' dir='ltr'><strong>et</strong></span> <span class='ocrx_word' id='word_1_787' title='bbox 862 5244 930 5299; x_wconf 90' lang='lat' dir='ltr'><strong>de</strong></span> <span class='ocrx_word' id='word_1_788' title='bbox 980 5245 1224 5313; x_wconf 89' lang='lat' dir='ltr'><strong>personis</strong></span> <span class='ocrx_word' id='word_1_789' title='bbox 1268 5246 1634 5299; x_wconf 88' lang='lat' dir='ltr'><strong>accusantium</strong></span> <span class='ocrx_word' id='word_1_790' title='bbox 1680 5259 1743 5299; x_wconf 88' lang='lat' dir='ltr'><strong>ac</strong></span> <span class='ocrx_word' id='word_1_791' title='bbox 1795 5245 2194 5301; x_wconf 83' lang='lat' dir='ltr'><strong>testiiicantium</strong></span> 
     </span>
    </p>
   </div>
   <div class='ocr_carea' id='block_1_100' title="bbox 605 5330 2194 5400">
    <p class='ocr_par' dir='ltr' id='par_1_100' title="bbox 605 5330 2194 5400">
     <span class='ocr_line' id='line_1_100' title="bbox 605 5330 2194 5400; baseline 0.003 -17"><span class='ocrx_word' id='word_1_792' title='bbox 605 5330 881 5386; x_wconf 72' lang='lat' dir='ltr'><strong>subtiliter</strong></span> <span class='ocrx_word' id='word_1_793' title='bbox 910 5331 1256 5400; x_wconf 81' lang='lat' dir='ltr'><strong>quaerendum</strong></span> <span class='ocrx_word' id='word_1_794' title='bbox 1288 5340 1396 5397; x_wconf 88' lang='lat' dir='ltr'><strong>est,</strong></span> <span class='ocrx_word' id='word_1_795' title='bbox 1441 5332 1593 5399; x_wconf 90' lang='lat' dir='ltr'><strong>cujus</strong></span> <span class='ocrx_word' id='word_1_796' title='bbox 1619 5331 1772 5395; x_wconf 75' lang='lat' dir='ltr'><strong>vitae,</strong></span> <span class='ocrx_word' id='word_1_797' title='bbox 1819 5332 1972 5400; x_wconf 90' lang='lat' dir='ltr'><strong>cujus</strong></span> <span class='ocrx_word' id='word_1_798' title='bbox 2008 5332 2194 5387; x_wconf 88' lang='lat' dir='ltr'><strong>condi-</strong></span> 
     </span>
    </p>
   </div>
   <div class='ocr_carea' id='block_1_101' title="bbox 608 5421 2196 5492">
    <p class='ocr_par' dir='ltr' id='par_1_101' title="bbox 608 5421 2196 5492">
     <span class='ocr_line' id='line_1_101' title="bbox 608 5421 2196 5492; baseline 0.002 -18"><span class='ocrx_word' id='word_1_799' title='bbox 608 5421 796 5485; x_wconf 89' lang='lat' dir='ltr'><strong>tionis,</strong></span> <span class='ocrx_word' id='word_1_800' title='bbox 828 5422 1085 5490; x_wconf 84' lang='lat' dir='ltr'><strong>cujusque</strong></span> <span class='ocrx_word' id='word_1_801' title='bbox 1115 5422 1405 5492; x_wconf 90' lang='lat' dir='ltr'><strong>opinionis,</strong></span> <span class='ocrx_word' id='word_1_802' title='bbox 1436 5430 1529 5476; x_wconf 87' lang='lat' dir='ltr'><strong>aut</strong></span> <span class='ocrx_word' id='word_1_803' title='bbox 1553 5436 1619 5476; x_wconf 92' lang='lat' dir='ltr'><strong>ne</strong></span> <span class='ocrx_word' id='word_1_804' title='bbox 1641 5422 1829 5492; x_wconf 88' lang='lat' dir='ltr'><strong>inopes</strong></span> <span class='ocrx_word' id='word_1_805' title='bbox 1849 5425 1975 5487; x_wconf 90' lang='lat' dir='ltr'><strong>sint,</strong></span> <span class='ocrx_word' id='word_1_806' title='bbox 2006 5429 2098 5475; x_wconf 90' lang='lat' dir='ltr'><strong>aut</strong></span> <span class='ocrx_word' id='word_1_807' title='bbox 2126 5437 2196 5477; x_wconf 87' lang='lat' dir='ltr'><strong>ne</strong></span> 
     </span>
    </p>
   </div>
   <div class='ocr_carea' id='block_1_102' title="bbox 606 5509 2195 5581">
    <p class='ocr_par' dir='ltr' id='par_1_102' title="bbox 606 5509 2195 5581">
     <span class='ocr_line' id='line_1_102' title="bbox 606 5509 2195 5581; baseline 0.004 -20"><span class='ocrx_word' id='word_1_808' title='bbox 606 5509 751 5566; x_wconf 77' lang='lat' dir='ltr'><strong>forte</strong></span> <span class='ocrx_word' id='word_1_809' title='bbox 776 5512 981 5580; x_wconf 80' lang='lat' dir='ltr'><strong>aliquas</strong></span> <span class='ocrx_word' id='word_1_810' title='bbox 1008 5522 1194 5568; x_wconf 85' lang='lat' dir='ltr'><strong>contra</strong></span> <span class='ocrx_word' id='word_1_811' title='bbox 1233 5512 1510 5581; x_wconf 84' lang='lat' dir='ltr'><strong>praefatum</strong></span> <span class='ocrx_word' id='word_1_812' title='bbox 1546 5512 1855 5581; x_wconf 87' lang='lat' dir='ltr'><strong>episcopum</strong></span> <span class='ocrx_word' id='word_1_813' title='bbox 1887 5512 2195 5567; x_wconf 86' lang='lat' dir='ltr'><strong>inimicitias</strong></span> 
     </span>
    </p>
   </div>
   <div class='ocr_carea' id='block_1_103' title="bbox 611 5598 2195 5674">
    <p class='ocr_par' dir='ltr' id='par_1_103' title="bbox 611 5598 2195 5674">
     <span class='ocr_line' id='line_1_103' title="bbox 611 5598 2195 5674; baseline 0.001 -18"><span class='ocrx_word' id='word_1_814' title='bbox 611 5600 955 5666; x_wconf 79' lang='lat' dir='ltr'><strong>habuissent;</strong></span> <span class='ocrx_word' id='word_1_815' title='bbox 1009 5598 1163 5674; x_wconf 64' lang='grc'><strong>142</strong></span> <span class='ocrx_word' id='word_1_816' title='bbox 1202 5610 1259 5657; x_wconf 92' lang='lat' dir='ltr'><strong>et</strong></span> <span class='ocrx_word' id='word_1_817' title='bbox 1294 5611 1472 5659; x_wconf 83' lang='lat' dir='ltr'><strong>utrum</strong></span> <span class='ocrx_word' id='word_1_818' title='bbox 1506 5602 1869 5659; x_wconf 90' lang='lat' dir='ltr'><strong>testimonium</strong></span> <span class='ocrx_word' id='word_1_819' title='bbox 1897 5617 1966 5657; x_wconf 81' lang='lat' dir='ltr'><strong>ex</strong></span> <span class='ocrx_word' id='word_1_820' title='bbox 2007 5602 2195 5658; x_wconf 91' lang='lat' dir='ltr'><strong>auditu</strong></span> 
     </span>
    </p>
   </div>
   <div class='ocr_carea' id='block_1_104' title="bbox 612 5691 2195 5763">
    <p class='ocr_par' dir='ltr' id='par_1_104' title="bbox 612 5691 2195 5763">
     <span class='ocr_line' id='line_1_104' title="bbox 612 5691 2195 5763; baseline 0.002 -15"><span class='ocrx_word' id='word_1_821' title='bbox 612 5691 881 5756; x_wconf 83' lang='lat' dir='ltr'><strong>dixerunt,</strong></span> <span class='ocrx_word' id='word_1_822' title='bbox 907 5700 999 5749; x_wconf 89' lang='lat' dir='ltr'><strong>aut</strong></span> <span class='ocrx_word' id='word_1_823' title='bbox 1022 5702 1171 5749; x_wconf 89' lang='lat' dir='ltr'><strong>certe</strong></span> <span class='ocrx_word' id='word_1_824' title='bbox 1196 5707 1256 5748; x_wconf 88' lang='lat' dir='ltr'><strong>se</strong></span> <span class='ocrx_word' id='word_1_825' title='bbox 1277 5693 1415 5748; x_wconf 89' lang='lat' dir='ltr'><strong>scire</strong></span> <span class='ocrx_word' id='word_1_826' title='bbox 1443 5694 1748 5763; x_wconf 88' lang='lat' dir='ltr'><strong>specialiter</strong></span> <span class='ocrx_word' id='word_1_827' title='bbox 1768 5693 1947 5748; x_wconf 85' lang='lat' dir='ltr'><strong>testati</strong></span> <span class='ocrx_word' id='word_1_828' title='bbox 1969 5702 2119 5761; x_wconf 91' lang='lat' dir='ltr'><strong>sunt;</strong></span> <span class='ocrx_word' id='word_1_829' title='bbox 2150 5695 2195 5751; x_wconf 90' lang='lat' dir='ltr'><strong>si</strong></span> 
     </span>
    </p>
   </div>
   <div class='ocr_carea' id='block_1_105' title="bbox 610 5779 2191 5853">
    <p class='ocr_par' dir='ltr' id='par_1_105' title="bbox 610 5779 2191 5853">
     <span class='ocr_line' id='line_1_105' title="bbox 610 5779 2191 5853; baseline 0.002 -16"><span class='ocrx_word' id='word_1_830' title='bbox 610 5780 825 5852; x_wconf 77' lang='lat' dir='ltr'><strong>scriptis</strong></span> <span class='ocrx_word' id='word_1_831' title='bbox 848 5779 1146 5851; x_wconf 80' lang='lat' dir='ltr'><strong>judicatum</strong></span> <span class='ocrx_word' id='word_1_832' title='bbox 1176 5788 1259 5838; x_wconf 90' lang='lat' dir='ltr'><strong>cst</strong></span> <span class='ocrx_word' id='word_1_833' title='bbox 1279 5821 1295 5850; x_wconf 92' lang='lat'><strong>,</strong></span> <span class='ocrx_word' id='word_1_834' title='bbox 1336 5789 1391 5837; x_wconf 86' lang='lat' dir='ltr'><strong>et</strong></span> <span class='ocrx_word' id='word_1_835' title='bbox 1420 5782 1659 5852; x_wconf 87' lang='lat' dir='ltr'><strong>partibus</strong></span> <span class='ocrx_word' id='word_1_836' title='bbox 1688 5783 2043 5853; x_wconf 77' lang='lat' dir='ltr'><strong>praesentibus</strong></span> <span class='ocrx_word' id='word_1_837' title='bbox 2071 5798 2191 5841; x_wconf 66' lang='lat' dir='ltr'><strong>sen«</strong></span> 
     </span>
    </p>
   </div>
   <div class='ocr_carea' id='block_1_106' title="bbox 2302 4602 3899 4673">
    <p class='ocr_par' dir='ltr' id='par_1_106' title="bbox 2302 4602 3899 4673">
     <span class='ocr_line' id='line_1_106' title="bbox 2302 4602 3899 4673; baseline 0 -15"><span class='ocrx_word' id='word_1_838' title='bbox 2302 4605 2429 4658; x_wconf 88' lang='lat' dir='ltr'><strong>licet</strong></span> <span class='ocrx_word' id='word_1_839' title='bbox 2450 4620 2518 4659; x_wconf 82' lang='lat' dir='ltr'><strong>ex</strong></span> <span class='ocrx_word' id='word_1_840' title='bbox 2538 4618 2643 4673; x_wconf 91' lang='lat' dir='ltr'><strong>qua</strong></span> <span class='ocrx_word' id='word_1_841' title='bbox 2665 4611 2818 4673; x_wconf 90' lang='lat' dir='ltr'><strong>parte</strong></span> <span class='ocrx_word' id='word_1_842' title='bbox 2846 4602 3097 4657; x_wconf 85' lang='lat' dir='ltr'><strong>bestiales</strong></span> <span class='ocrx_word' id='word_1_843' title='bbox 3118 4610 3241 4657; x_wconf 93' lang='lat' dir='ltr'><strong>sunt</strong></span> <span class='ocrx_word' id='word_1_844' title='bbox 3260 4602 3478 4669; x_wconf 88' lang='lat' dir='ltr'><strong>subditi,</strong></span> <span class='ocrx_word' id='word_1_845' title='bbox 3511 4617 3577 4657; x_wconf 82' lang='lat' dir='ltr'><strong>ex</strong></span> <span class='ocrx_word' id='word_1_846' title='bbox 3603 4617 3667 4656; x_wconf 88' lang='lat' dir='ltr'><strong>ea</strong></span> <span class='ocrx_word' id='word_1_847' title='bbox 3692 4604 3899 4659; x_wconf 89' lang='lat' dir='ltr'><strong>debent</strong></span> 
     </span>
    </p>
   </div>
   <div class='ocr_carea' id='block_1_107' title="bbox 2301 4692 3899 4765">
    <p class='ocr_par' dir='ltr' id='par_1_107' title="bbox 2301 4692 3899 4765">
     <span class='ocr_line' id='line_1_107' title="bbox 2301 4692 3899 4765; baseline 0.001 -16"><span class='ocrx_word' id='word_1_848' title='bbox 2301 4696 2463 4749; x_wconf 82' lang='lat' dir='ltr'><strong>etiam</strong></span> <span class='ocrx_word' id='word_1_849' title='bbox 2519 4692 2787 4748; x_wconf 91' lang='lat' dir='ltr'><strong>formidini</strong></span> <span class='ocrx_word' id='word_1_850' title='bbox 2838 4692 3021 4763; x_wconf 88' lang='lat' dir='ltr'><strong>jacere</strong></span> <span class='ocrx_word' id='word_1_851' title='bbox 3075 4693 3353 4748; x_wconf 89' lang='lat' dir='ltr'><strong>substrati.</strong></span> <span class='ocrx_word' id='word_1_852' title='bbox 3412 4692 3518 4749; x_wconf 89' lang='lat' dir='ltr'><strong>Sed</strong></span> <span class='ocrx_word' id='word_1_853' title='bbox 3569 4693 3899 4765; x_wconf 83' lang='lat' dir='ltr'><strong>plerumque</strong></span> 
     </span>
    </p>
   </div>
   <div class='ocr_carea' id='block_1_108' title="bbox 2301 4783 3899 4854">
    <p class='ocr_par' dir='ltr' id='par_1_108' title="bbox 2301 4783 3899 4854">
     <span class='ocr_line' id='line_1_108' title="bbox 2301 4783 3899 4854; baseline 0 -15"><span class='ocrx_word' id='word_1_854' title='bbox 2301 4794 2480 4840; x_wconf 88' lang='lat' dir='ltr'><strong>rector</strong></span> <span class='ocrx_word' id='word_1_855' title='bbox 2507 4799 2573 4839; x_wconf 92' lang='lat' dir='ltr'><strong>eo</strong></span> <span class='ocrx_word' id='word_1_856' title='bbox 2601 4784 2717 4853; x_wconf 92' lang='lat' dir='ltr'><strong>ipso</strong></span> <span class='ocrx_word' id='word_1_857' title='bbox 2745 4798 2852 4852; x_wconf 89' lang='lat' dir='ltr'><strong>quo</strong></span> <span class='ocrx_word' id='word_1_858' title='bbox 2879 4783 3086 4838; x_wconf 78' lang='lat' dir='ltr'><strong>caeteris</strong></span> <span class='ocrx_word' id='word_1_859' title='bbox 3112 4784 3445 4854; x_wconf 83' lang='lat' dir='ltr'><strong>praccminet,</strong></span> <span class='ocrx_word' id='word_1_860' title='bbox 3479 4784 3715 4839; x_wconf 85' lang='lat' dir='ltr'><strong>elatione</strong></span> <span class='ocrx_word' id='word_1_861' title='bbox 3743 4787 3899 4854; x_wconf 80' lang='lat' dir='ltr'><strong>cogi-</strong></span> 
     </span>
    </p>
   </div>
   <div class='ocr_carea' id='block_1_109' title="bbox 2302 4873 3896 4945">
    <p class='ocr_par' dir='ltr' id='par_1_109' title="bbox 2302 4873 3896 4945">
     <span class='ocr_line' id='line_1_109' title="bbox 2302 4873 3896 4945; baseline -0.002 -18"><span class='ocrx_word' id='word_1_862' title='bbox 2302 4875 2520 4930; x_wconf 87' lang='lat' dir='ltr'><strong>tationis</strong></span> <span class='ocrx_word' id='word_1_863' title='bbox 2548 4873 2872 4928; x_wconf 85' lang='lat' dir='ltr'><strong>intumescit.</strong></span> <span class='ocrx_word' id='word_1_864' title='bbox 2922 4873 2989 4927; x_wconf 87' lang='lat' dir='ltr'><strong>Et</strong></span> <span class='ocrx_word' id='word_1_865' title='bbox 3026 4874 3151 4928; x_wconf 91' lang='lat' dir='ltr'><strong>dum</strong></span> <span class='ocrx_word' id='word_1_866' title='bbox 3182 4874 3245 4928; x_wconf 90' lang='lat' dir='ltr'><strong>ad</strong></span> <span class='ocrx_word' id='word_1_867' title='bbox 3279 4889 3431 4928; x_wconf 89' lang='lat' dir='ltr'><strong>usum</strong></span> <span class='ocrx_word' id='word_1_868' title='bbox 3473 4882 3668 4929; x_wconf 89' lang='lat' dir='ltr'><strong>cuncta</strong></span> <span class='ocrx_word' id='word_1_869' title='bbox 3700 4876 3896 4945; x_wconf 67' lang='lat' dir='ltr'><strong>subjas</strong></span> 
     </span>
    </p>
   </div>
   <div class='ocr_carea' id='block_1_110' title="bbox 2301 4962 3893 5034">
    <p class='ocr_par' dir='ltr' id='par_1_110' title="bbox 2301 4962 3893 5034">
     <span class='ocr_line' id='line_1_110' title="bbox 2301 4962 3893 5034; baseline -0.001 -13"><span class='ocrx_word' id='word_1_870' title='bbox 2301 4976 2446 5034; x_wconf 90' lang='lat' dir='ltr'><strong>cent,</strong></span> <span class='ocrx_word' id='word_1_871' title='bbox 2474 4965 2600 5019; x_wconf 87' lang='lat' dir='ltr'><strong>dum</strong></span> <span class='ocrx_word' id='word_1_872' title='bbox 2620 4964 2684 5017; x_wconf 90' lang='lat' dir='ltr'><strong>ad</strong></span> <span class='ocrx_word' id='word_1_873' title='bbox 2713 4972 2894 5018; x_wconf 89' lang='lat' dir='ltr'><strong>votum</strong></span> <span class='ocrx_word' id='word_1_874' title='bbox 2918 4964 3175 5018; x_wconf 87' lang='lat' dir='ltr'><strong>velociter</strong></span> <span class='ocrx_word' id='word_1_875' title='bbox 3191 4962 3339 5032; x_wconf 87' lang='lat' dir='ltr'><strong>jussa</strong></span> <span class='ocrx_word' id='word_1_876' title='bbox 3362 4964 3724 5033; x_wconf 82' lang='lat' dir='ltr'><strong>complentur,</strong></span> <span class='ocrx_word' id='word_1_877' title='bbox 3758 4966 3893 5019; x_wconf 88' lang='lat' dir='ltr'><strong>dum</strong></span> 
     </span>
    </p>
   </div>
   <div class='ocr_carea' id='block_1_111' title="bbox 2302 5052 3899 5123">
    <p class='ocr_par' dir='ltr' id='par_1_111' title="bbox 2302 5052 3899 5123">
     <span class='ocr_line' id='line_1_111' title="bbox 2302 5052 3899 5123; baseline -0.004 -10"><span class='ocrx_word' id='word_1_878' title='bbox 2302 5072 2488 5113; x_wconf 89' lang='lat' dir='ltr'><strong>omnes</strong></span> <span class='ocrx_word' id='word_1_879' title='bbox 2516 5055 2731 5119; x_wconf 90' lang='lat' dir='ltr'><strong>subditi,</strong></span> <span class='ocrx_word' id='word_1_880' title='bbox 2764 5056 2808 5109; x_wconf 91' lang='lat' dir='ltr'><strong>si</strong></span> <span class='ocrx_word' id='word_1_881' title='bbox 2831 5070 2935 5123; x_wconf 89' lang='lat' dir='ltr'><strong>qua</strong></span> <span class='ocrx_word' id='word_1_882' title='bbox 2965 5055 3101 5108; x_wconf 89' lang='lat' dir='ltr'><strong>bene</strong></span> <span class='ocrx_word' id='word_1_883' title='bbox 3130 5060 3280 5122; x_wconf 88' lang='lat' dir='ltr'><strong>gesta</strong></span> <span class='ocrx_word' id='word_1_884' title='bbox 3307 5061 3451 5120; x_wconf 89' lang='lat' dir='ltr'><strong>sunt,</strong></span> <span class='ocrx_word' id='word_1_885' title='bbox 3483 5052 3733 5107; x_wconf 88' lang='lat' dir='ltr'><strong>laudibus</strong></span> <span class='ocrx_word' id='word_1_886' title='bbox 3764 5055 3899 5108; x_wconf 80' lang='lat' dir='ltr'><strong>effe-</strong></span> 
     </span>
    </p>
   </div>
   <div class='ocr_carea' id='block_1_112' title="bbox 2300 5144 3895 5215">
    <p class='ocr_par' dir='ltr' id='par_1_112' title="bbox 2300 5144 3895 5215">
     <span class='ocr_line' id='line_1_112' title="bbox 2300 5144 3895 5215; baseline -0.004 -11"><span class='ocrx_word' id='word_1_887' title='bbox 2300 5157 2457 5213; x_wconf 89' lang='lat' dir='ltr'><strong>runt,</strong></span> <span class='ocrx_word' id='word_1_888' title='bbox 2501 5147 2643 5202; x_wconf 89' lang='lat' dir='ltr'><strong>male</strong></span> <span class='ocrx_word' id='word_1_889' title='bbox 2670 5146 2834 5215; x_wconf 84' lang='lat' dir='ltr'><strong>gestis</strong></span> <span class='ocrx_word' id='word_1_890' title='bbox 2862 5154 3044 5199; x_wconf 90' lang='lat' dir='ltr'><strong>autem</strong></span> <span class='ocrx_word' id='word_1_891' title='bbox 3073 5145 3211 5199; x_wconf 87' lang='lat' dir='ltr'><strong>nulla</strong></span> <span class='ocrx_word' id='word_1_892' title='bbox 3242 5145 3565 5199; x_wconf 89' lang='lat' dir='ltr'><strong>auctoritate</strong></span> <span class='ocrx_word' id='word_1_893' title='bbox 3607 5144 3895 5198; x_wconf 81' lang='lat' dir='ltr'><strong>contradi-</strong></span> 
     </span>
    </p>
   </div>
   <div class='ocr_carea' id='block_1_113' title="bbox 2299 5237 3893 5309">
    <p class='ocr_par' dir='ltr' id='par_1_113' title="bbox 2299 5237 3893 5309">
     <span class='ocr_line' id='line_1_113' title="bbox 2299 5237 3893 5309; baseline -0.003 -12"><span class='ocrx_word' id='word_1_894' title='bbox 2299 5251 2455 5306; x_wconf 88' lang='lat' dir='ltr'><strong>eunt;</strong></span> <span class='ocrx_word' id='word_1_895' title='bbox 2497 5241 2623 5295; x_wconf 91' lang='lat' dir='ltr'><strong>dum</strong></span> <span class='ocrx_word' id='word_1_896' title='bbox 2664 5239 2974 5309; x_wconf 89' lang='lat' dir='ltr'><strong>plerumque</strong></span> <span class='ocrx_word' id='word_1_897' title='bbox 3001 5237 3218 5293; x_wconf 89' lang='lat' dir='ltr'><strong>laudant</strong></span> <span class='ocrx_word' id='word_1_898' title='bbox 3245 5238 3407 5291; x_wconf 91' lang='lat' dir='ltr'><strong>etiam</strong></span> <span class='ocrx_word' id='word_1_899' title='bbox 3436 5252 3555 5306; x_wconf 79' lang='lat' dir='ltr'><strong>qua:</strong></span> <span class='ocrx_word' id='word_1_900' title='bbox 3583 5239 3765 5305; x_wconf 64' lang='lat' dir='ltr'><strong>repro!</strong></span> <span class='ocrx_word' id='word_1_901' title='bbox 3790 5252 3893 5292; x_wconf 85' lang='lat' dir='ltr'><strong>are</strong></span> 
     </span>
    </p>
   </div>
   <div class='ocr_carea' id='block_1_114' title="bbox 2300 5328 3898 5399">
    <p class='ocr_par' dir='ltr' id='par_1_114' title="bbox 2300 5328 3898 5399">
     <span class='ocr_line' id='line_1_114' title="bbox 2300 5328 3898 5399; baseline -0.002 -12"><span class='ocrx_word' id='word_1_902' title='bbox 2300 5333 2615 5395; x_wconf 87' lang='lat' dir='ltr'><strong>debuerant,</strong></span> <span class='ocrx_word' id='word_1_903' title='bbox 2639 5329 2888 5385; x_wconf 90' lang='lat' dir='ltr'><strong>seductus</strong></span> <span class='ocrx_word' id='word_1_904' title='bbox 2908 5329 3074 5384; x_wconf 89' lang='lat' dir='ltr'><strong>abhis</strong></span> <span class='ocrx_word' id='word_1_905' title='bbox 3094 5344 3213 5398; x_wconf 75' lang='lat' dir='ltr'><strong>quae</strong></span> <span class='ocrx_word' id='word_1_906' title='bbox 3234 5328 3367 5383; x_wconf 92' lang='lat' dir='ltr'><strong>infra</strong></span> <span class='ocrx_word' id='word_1_907' title='bbox 3387 5337 3699 5399; x_wconf 88' lang='lat' dir='ltr'><strong>suppetunt,</strong></span> <span class='ocrx_word' id='word_1_908' title='bbox 3723 5344 3898 5399; x_wconf 86' lang='lat' dir='ltr'><strong>super</strong></span> 
     </span>
    </p>
   </div>
   <div class='ocr_carea' id='block_1_115' title="bbox 2300 5417 3896 5485">
    <p class='ocr_par' dir='ltr' id='par_1_115' title="bbox 2300 5417 3896 5485">
     <span class='ocr_line' id='line_1_115' title="bbox 2300 5417 3896 5485; baseline -0.004 -6"><span class='ocrx_word' id='word_1_909' title='bbox 2300 5439 2361 5479; x_wconf 89' lang='lat' dir='ltr'><strong>se</strong></span> <span class='ocrx_word' id='word_1_910' title='bbox 2388 5422 2594 5476; x_wconf 90' lang='lat' dir='ltr'><strong>animus</strong></span> <span class='ocrx_word' id='word_1_911' title='bbox 2624 5420 2856 5485; x_wconf 86' lang='lat' dir='ltr'><strong>tollitur;</strong></span> <span class='ocrx_word' id='word_1_912' title='bbox 2888 5428 2943 5473; x_wconf 92' lang='lat' dir='ltr'><strong>et</strong></span> <span class='ocrx_word' id='word_1_913' title='bbox 2968 5418 3092 5475; x_wconf 92' lang='lat' dir='ltr'><strong>dum</strong></span> <span class='ocrx_word' id='word_1_914' title='bbox 3123 5417 3251 5475; x_wconf 90' lang='lat' dir='ltr'><strong>foris</strong></span> <span class='ocrx_word' id='word_1_915' title='bbox 3278 5420 3541 5474; x_wconf 87' lang='lat' dir='ltr'><strong>immenso</strong></span> <span class='ocrx_word' id='word_1_916' title='bbox 3568 5418 3754 5473; x_wconf 89' lang='lat' dir='ltr'><strong>favore</strong></span> <span class='ocrx_word' id='word_1_917' title='bbox 3781 5420 3896 5475; x_wconf 89' lang='lat' dir='ltr'><strong>cir-</strong></span> 
     </span>
    </p>
   </div>
   <div class='ocr_carea' id='block_1_116' title="bbox 2297 5511 3895 5581">
    <p class='ocr_par' dir='ltr' id='par_1_116' title="bbox 2297 5511 3895 5581">
     <span class='ocr_line' id='line_1_116' title="bbox 2297 5511 3895 5581; baseline -0.001 -12"><span class='ocrx_word' id='word_1_918' title='bbox 2297 5514 2608 5581; x_wconf 89' lang='lat' dir='ltr'><strong>cumdatur,</strong></span> <span class='ocrx_word' id='word_1_919' title='bbox 2640 5512 2781 5567; x_wconf 92' lang='lat' dir='ltr'><strong>intus</strong></span> <span class='ocrx_word' id='word_1_920' title='bbox 2807 5511 3033 5565; x_wconf 89' lang='lat' dir='ltr'><strong>veritate</strong></span> <span class='ocrx_word' id='word_1_921' title='bbox 3062 5519 3349 5579; x_wconf 87' lang='lat' dir='ltr'><strong>vacuatur,</strong></span> <span class='ocrx_word' id='word_1_922' title='bbox 3378 5519 3540 5579; x_wconf 91' lang='lat' dir='ltr'><strong>atque</strong></span> <span class='ocrx_word' id='word_1_923' title='bbox 3566 5511 3772 5565; x_wconf 89' lang='lat' dir='ltr'><strong>oblitus</strong></span> <span class='ocrx_word' id='word_1_924' title='bbox 3805 5512 3895 5567; x_wconf 90' lang='lat' dir='ltr'><strong>sui</strong></span> 
     </span>
    </p>
   </div>
   <div class='ocr_carea' id='block_1_117' title="bbox 2298 5600 3896 5671">
    <p class='ocr_par' dir='ltr' id='par_1_117' title="bbox 2298 5600 3896 5671">
     <span class='ocr_line' id='line_1_117' title="bbox 2298 5600 3896 5671; baseline -0.001 -13"><span class='ocrx_word' id='word_1_925' title='bbox 2298 5605 2351 5659; x_wconf 93' lang='lat' dir='ltr'><strong>in</strong></span> <span class='ocrx_word' id='word_1_926' title='bbox 2376 5619 2534 5658; x_wconf 85' lang='lat' dir='ltr'><strong>voces</strong></span> <span class='ocrx_word' id='word_1_927' title='bbox 2554 5617 2612 5658; x_wconf 89' lang='lat' dir='ltr'><strong>se</strong></span> <span class='ocrx_word' id='word_1_928' title='bbox 2632 5600 2833 5671; x_wconf 88' lang='lat' dir='ltr'><strong>spargit</strong></span> <span class='ocrx_word' id='word_1_929' title='bbox 2853 5600 3074 5665; x_wconf 89' lang='lat' dir='ltr'><strong>alienas,</strong></span> <span class='ocrx_word' id='word_1_930' title='bbox 3101 5600 3369 5670; x_wconf 89' lang='lat' dir='ltr'><strong>talemque</strong></span> <span class='ocrx_word' id='word_1_931' title='bbox 3388 5616 3447 5657; x_wconf 88' lang='lat' dir='ltr'><strong>se</strong></span> <span class='ocrx_word' id='word_1_932' title='bbox 3469 5600 3640 5657; x_wconf 88' lang='lat' dir='ltr'><strong>credit</strong></span> <span class='ocrx_word' id='word_1_933' title='bbox 3663 5602 3896 5670; x_wconf 87' lang='lat' dir='ltr'><strong>qualern</strong></span> 
     </span>
    </p>
   </div>
   <div class='ocr_carea' id='block_1_118' title="bbox 2300 5688 3898 5759">
    <p class='ocr_par' dir='ltr' id='par_1_118' title="bbox 2300 5688 3898 5759">
     <span class='ocr_line' id='line_1_118' title="bbox 2300 5688 3898 5759; baseline -0.001 -11"><span class='ocrx_word' id='word_1_934' title='bbox 2300 5693 2428 5749; x_wconf 90' lang='lat' dir='ltr'><strong>foris</strong></span> <span class='ocrx_word' id='word_1_935' title='bbox 2455 5692 2620 5757; x_wconf 79' lang='lat' dir='ltr'><strong>audit,</strong></span> <span class='ocrx_word' id='word_1_936' title='bbox 2651 5705 2756 5745; x_wconf 89' lang='lat' dir='ltr'><strong>non</strong></span> <span class='ocrx_word' id='word_1_937' title='bbox 2781 5688 2993 5759; x_wconf 86' lang='lat' dir='ltr'><strong>qualem</strong></span> <span class='ocrx_word' id='word_1_938' title='bbox 3018 5688 3162 5745; x_wconf 90' lang='lat' dir='ltr'><strong>intus</strong></span> <span class='ocrx_word' id='word_1_939' title='bbox 3187 5690 3498 5747; x_wconf 88' lang='lat' dir='ltr'><strong>discernere</strong></span> <span class='ocrx_word' id='word_1_940' title='bbox 3518 5690 3725 5745; x_wconf 90' lang='lat' dir='ltr'><strong>debuit.</strong></span> <span class='ocrx_word' id='word_1_941' title='bbox 3754 5691 3898 5746; x_wconf 82' lang='lat' dir='ltr'><strong>Sub-</strong></span> 
     </span>
    </p>
   </div>
   <div class='ocr_carea' id='block_1_119' title="bbox 2290 5781 3895 5855">
    <p class='ocr_par' dir='ltr' id='par_1_119' title="bbox 2290 5781 3895 5855">
     <span class='ocr_line' id='line_1_119' title="bbox 2290 5781 3895 5855; baseline -0.001 -14"><span class='ocrx_word' id='word_1_942' title='bbox 2290 5784 2466 5854; x_wconf 82' lang='lat' dir='ltr'><strong>jectos</strong></span> <span class='ocrx_word' id='word_1_943' title='bbox 2513 5782 2767 5855; x_wconf 86' lang='lat' dir='ltr'><strong>despicit,</strong></span> <span class='ocrx_word' id='word_1_944' title='bbox 2812 5794 3011 5851; x_wconf 85' lang='lat' dir='ltr'><strong>eosque</strong></span> <span class='ocrx_word' id='word_1_945' title='bbox 3054 5781 3287 5851; x_wconf 78' lang='lat' dir='ltr'><strong>aequales</strong></span> <span class='ocrx_word' id='word_1_946' title='bbox 3316 5782 3418 5840; x_wconf 87' lang='lat' dir='ltr'><strong>sibi</strong></span> <span class='ocrx_word' id='word_1_947' title='bbox 3446 5790 3649 5840; x_wconf 81' lang='lat' dir='ltr'><strong>naturae</strong></span> <span class='ocrx_word' id='word_1_948' title='bbox 3690 5782 3895 5845; x_wconf 79' lang='lat' dir='ltr'><strong>ordino</strong></span> 
     </span>
    </p>
   </div>
  </div>
