3992 6320
117 321 202 379 195

669 293 739 374 Β.
780 313 1105 370 GRECORII
1147 314 1362 371 MAGNI
1405 316 1583 380 VITA,
1628 312 1828 370 AUCT.
1881 311 2144 367 JOANNE
2184 310 2497 368 DIACONO.
2540 312 2666 369 LIB.
2709 314 2796 370 IV.

3269 320 3370 377 19-5

109 430 201 488 non
224 428 501 496 agnoscit;
534 433 588 481 et
608 437 742 494 quos
762 435 908 480 sorte
938 426 1088 497 143
1114 429 1397 496 potestatis
1419 443 1669 483 cxcesse-
1697 417 1744 486 Ᾱ
1771 424 2090 478 humilitatis
2127 425 2423 482 custodiam
2454 428 2684 495 acqua‘es
2724 444 2782 483 se
2819 429 2946 500 ipsis
2977 430 3232 490 fratribus
3271 433 3363 503 qui

110 526 194 586 rit,
222 520 615 576 transcendisse
643 534 701 573 se
729 520 889 573 etiam
920 521 1040 573 vita:
1068 521 1274 574 meritis
1304 521 1494 574 credit.
1526 518 1670 572 Cttn-

110 617 196 672 ctis
214 627 268 668 se
281 611 515 666 aestimat
530 610 755 680 amplius
777 625 967 679 sapere
984 609 1177 679 quibus
1198 625 1256 664 sc
1277 610 1422 665 videt
1442 607 1674 680 amplius

109 715 266 775 posse.
295 700 353 754 In
383 697 615 770 quoda'm
644 702 842 770 quippe
869 715 929 754 se
957 700 1239 754 constituit
1265 701 1501 754 culmine
1531 698 1674 769 apud

107 793 464 863 semetipsum,
494 798 549 847 et
581 795 669 861 qui
711 802 862 860 mqua
890 793 1100 847 eteteris
1131 799 1334 845 natura:
1365 792 1676 846 eonditione

106 887 470 956 constringitur
489 899 553 940 ex
583 895 738 956 aequo
766 893 990 940 czcteros
1023 885 1294 954 respicere
1322 884 1670 952 dedignatur,

105 982 270 1048 sicque
309 994 478 1047 usque
517 979 582 1032 ad
621 979 738 1048 ejus
777 977 1184 1032 similitudinem
1223 976 1435 1030 ducitttr
1471 973 1672 1052 dequo

101 1074 341 1140 scriptum
372 1073 451 1126 est
479 1089 491 1124 :
528 1071 695 1124 Omne
714 1069 931 1124 sublime
951 1068 1107 1132 videt,
1139 1075 1187 1119 et
1216 1067 1325 1127 ipse
1352 1074 1429 1118 est
1451 1063 1562 1116 Rex
1587 1079 1673 1116 su-

100 1181 179 1235 per
204 1163 466 1216 universos
493 1163 632 1232 ﬁlios
671 1161 924 1231 superbia:
948 1158 1088 1230 (Job.
1120 1174 1227 1223 xu,
1259 1155 1382 1224 25).
1428 1155 1525 1222 Qui
1557 1155 1670 1208 sin-

98 1251 268 1322 gulare
286 1251 498 1307 culmen
521 1258 802 1322 appetens,
826 1261 881 1305 et
900 1251 1152 1306 socialem
1176 1247 1484 1316 angelorum
1507 1246 1668 1302 vitam

97 1343 414 1409 despiciens,
447 1343 525 1396 ait
554 1359 571 1396 :
602 1341 810 1396 Portam
838 1341 1010 1396 sedem
1037 1357 1201 1395 meam
1231 1339 1300 1392 ad
1328 1340 1632 1407 Aquilonem
1653 1377 1668 1403 ,

93 1439 134 1484 et
159 1444 243 1482 ero
273 1431 464 1484 similis
494 1432 760 1486 Altiaimo
790 1430 945 1502 (Isai.
977 1447 1086 1496 xxv,
1122 1429 1227 1500 i3).
1264 1428 1398 1482 Miro
1427 1441 1555 1496 ergo
1580 1427 1670 1495 ju-

95 1519 218 1573 dicio
249 1519 402 1575 intus
443 1522 654 1576 foveam
681 1521 996 1590 dejectionis
1035 1519 1262 1580 invenit,
1301 1519 1426 1572 dum
1458 1518 1583 1571 foris
1611 1527 1671 1572 se

91 1611 134 1663 in
167 1608 413 1664 culmine
450 1611 736 1680 potestatis
776 1609 1002 1663 extollit.
1048 1607 1319 1676 Apostatae
1348 1606 1546 1675 quippe
1574 1620 1671 1658 an—

92 1702 192 1770 gelo
224 1703 428 1757 similis
458 1705 715 1766 emcnur,
758 1712 882 1756 dum
909 1706 1071 1754 homo
1099 1698 1406 1752 hominibus
1445 1711 1565 1752 esse
1593 1698 1668 1751 si-

1772 517 2118 582 corriguntur
2162 528 2496 585 agnoscant,
2546 520 2786 588 quamvis
2829 521 3146 592 plerumque
3196 526 3360 583 etiam

1773 604 1990 672 dignum
2029 614 2106 660 est
2154 617 2212 661 ut
2256 609 2475 662 eosdem
2507 625 2642 678 quos
2671 613 2986 680 corrigimus
3016 618 3178 671 tacita
3213 619 3368 676 nobis

1774 697 2106 765 cogitatione
2122 697 2486 767 praeferamus.
2509 700 2727 756 Illorum
2753 720 2980 773 namque
3000 723 3096 774 per
3119 725 3214 764 nos
3236 712 3366 766 vitia

1773 786 2068 856 disciplina:
2114 789 2298 855 vigure
2347 791 2643 855 feriuntur;
2698 795 2748 846 in
2800 793 2881 849 his
2930 812 3055 851 vero
3102 816 3219 868 qum
3265 803 3365 870 ipsi

1775 877 2162 932 committimus
2206 896 2273 934 ne
2312 881 2461 935 veabi
2503 884 2720 949 quidem
2752 884 2818 936 ab
2855 885 3034 954 aliquo
3064 889 3366 946 invectione

1774 970 2099 1023 laccramur.
2134 970 2308 1025 'Iauto
2349 987 2475 1040 ergo
2505 974 2646 1041 apud
2689 975 2854 1027 Deum
2887 976 3237 1044 obligatiores
3280 997 3370 1034 su.

1774 1076 1910 1126 mus,
1945 1072 2147 1128 quanto
2182 1061 2339 1132 144
2360 1063 2500 1131 apud
2532 1065 2777 1119 homines
2802 1067 2969 1121 inulte
3000 1084 3309 1137 peccamus.
3348 1091 3366 1123 ›

1772 1151 1842 1206 Ει
1865 1153 2092 1220 reliqua.
2130 1152 2285 1223 (Reg.
2315 1154 2526 1208 Pastor.
2555 1174 2608 1222 ρ.
2639 1173 2694 1218 n,
2727 1174 2840 1226 cap.
2873 1156 2953 1225 ϐ.)

1845 1245 1931 1298 50.
1976 1246 2088 1300 llae
2131 1245 2419 1314 Gregorius
2464 1250 2773 1316 mqualitate
2824 1260 3070 1316 servata,
3123 1254 3370 1311 Romano

1772 1337 2043 1391 delensori
2074 1337 2270 1391 Siciliae
2301 1337 2516 1402 scribit,
2549 1339 2734 1393 dicens
2768 1357 2780 1391 :
2821 1359 2838 1390 ι
2874 1337 3126 1395 Pervenit
3154 1343 3220 1395 ad
3247 1361 3366 1408 nos,

1773 1429 1915 1499 quod
1942 1430 1984 1484 si
2010 1431 2128 1498 quis
2147 1441 2336 1485 contra
2362 1431 2631 1499 quoslibet
2652 1432 2875 1487 clericos
2898 1450 3112 1486 causam
3141 1435 3356 1500 habeat,

1771 1518 2038 1578 despectis
2076 1535 2261 1572 eorum
2307 1520 2602 1589 episcOpis,
2649 1523 2867 1576 eosdem
2913 1529 3138 1577 e‘erlcos
3178 1524 3230 1576 in
3265 1534 3358 1578 Iun

1773 1603 1938 1662 facias
1962 1608 2167 1676 judicio
2198 1609 2461 1664 exhiberi.
2487 1609 2639 1675 Quod
2685 1614 2727 1664 si
2769 1612 2841 1664 ita
2889 1620 3001 1675 cst,
3044 1615 3168 1680 quia
3208 1615 3365 1668 valde

1774 1709 1988 1756 constat
2015 1717 2133 1756 esse
2159 1702 2533 1771 incongruum,
2565 1703 2665 1758 hac
2698 1695 2791 1756 tibi
2823 1705 3146 1758 auctoritate
3177 1707 3366 1774 prmci-

92 1793 215 1847 milis
243 1793 595 1862 dedignatur.
625 1794 713 1848 Sic
741 1792 866 1847 Saul
897 1799 1019 1862 post
1047 1790 1364 1844 humilitatis
1394 1790 1676 1860 meritum,
1712 1797 1755 1855 Β
1784 1792 1961 1860 pimus
2006 1803 2062 1844 ut
2109 1793 2214 1846 hoc
2256 1793 2435 1846 denuo
2467 1793 2644 1848 facere
2674 1810 2779 1848 non
2809 1810 3129 1862 prmsunms;
3178 1795 3273 1849 sed
3323 1797 3368 1852 si

91 1885 132 1939 in
153 1894 421 1938 tumorem
445 1886 709 1955 superbiae
729 1885 960 1939 culmine
980 1884 1264 1954 potestatis
1281 1881 1544 1936 excrevit.
1574 1881 1675 1935 Per

91 1975 437 2029 humilitatem
469 1976 667 2044 quippe
705 1975 956 2044 prazlatus
991 1984 1109 2041 est,
1149 1980 1203 2027 et
1241 1987 1339 2042 per
1367 1972 1672 2042 superbiam

88 2064 430 2134 reprobatus,
461 2065 689 2119 Domino
712 2071 1031 2129 attestante,
1067 2063 1159 2132 qui
1190 2063 1303 2117 ait:
1337 2061 1528 2116 Nonne
1557 2079 1672 2114 cum

88 2171 206 2208 mes
228 2157 487 2224 parvulus
510 2155 564 2208 in
594 2155 755 2209 oculis
785 2157 886 2210 tuis
905 2197 919 2220 ,
961 2163 1114 2224 caput
1146 2161 1196 2206 te
1226 2155 1466 2207 constitui
1495 2155 1546 2206 in
1581 2153 1673 2204 tri-

87 2247 232 2299 bubus
263 2243 486 2297 Israel?
517 2244 572 2314 (Ι
601 2244 731 2315 Reg.
764 2253 854 2308 xv,
889 2245 1002 2314 l7.)
1037 2242 1322 2298 Parvulum
1355 2259 1414 2298 se
1444 2245 1590 2313 prius
1618 2245 1672 2298 in

91 2337 185 2391 suis
211 2335 388 2390 oculis
417 2335 641 2402 viderat,
676 2335 773 2390 sed
795 2335 960 2391 fultus
989 2336 1270 2406 temporali
1299 2336 1536 2405 potentia
1558 2334 1670 2405 jam

91 2442 137 2482 se
164 2426 449 2497 parvulum
481 2442 588 2481 non
621 2426 854 2482 videbat.
886 2426 1216 2482 Cmterorum
1257 2441 1486 2496 namque
1523 2442 1674 2481 com-

92 2517 347 2586 parationi
401 2532 460 2571 se
503 2515 824 2586 praeferens,
873 2517 996 2586 quia
1027 2517 1146 2585 plus
1174 2516 1382 2570 cunctis
1424 2525 1668 2586 poterat,

91 2624 330 2678 magnum
386 2624 447 2663 se
495 2624 602 2679 pra:
647 2610 894 2663 onmibus
937 2611 1256 2663 mstimabat.
1305 2609 1439 2664 Miro
1489 2618 1670 2664 autem

91 2699 264 2763 modo,
295 2713 428 2752 cum
469 2698 609 2766 apud
641 2711 700 2752 se
728 2700 1000 2768 parvulus,
1034 2699 1178 2770 apud
1206 2699 1372 2753 Deum
1403 2714 1628 2766 magnus
1655 2717 1668 2766 ;

90 2807 194 2846 cum
214 2807 348 2846 vero
378 2793 522 2862 apud
543 2808 601 2846 se
625 2807 847 2860 magnus
878 2795 1145 2862 apparuit,
1174 2793 1316 2862 apud
1344 2793 1514 2849 Deum
1546 2808 1672 2863 par-

92 2881 227 2934 vulus
272 2878 402 2935 fuit.
460 2873 782 2949 Plerumque
837 2894 966 2948 ergo
1018 2881 1144 2934 dum
1193 2895 1260 2934 ex
1309 2880 1674 2949 subjectorum

89 2973 346 3028 afﬂuentia
390 2973 604 3026 animus
650 2972 904 3035 inflatur,
958 2972 1012 3026 in
1053 2972 1236 3026 luxum
1268 2972 1531 3040 superbia:
1558 2970 1675 3041 ipso

91 3067 329 3136 potentiae
360 3064 581 3132 fastigio
609 3062 952 3118 len0cinante
976 3062 1355 3131 corrumpitur.
1395 3060 1565 3127 Quam
1597 3061 1676 3114 vi-

1777 1888 1899 1953 quis
1946 1895 2135 1940 contra
2185 1887 2480 1956 quemlibet
2526 1887 2781 1940 clericum
2831 1895 3046 1940 causam
3097 1886 3367 1954 habuerit,

1777 1975 2088 2045 episcopum
2133 1977 2300 2046 ipsius
2343 1977 2532 2043 adeat,
2570 1985 2628 2030 ut
2656 1981 2747 2029 aut
2779 1977 2891 2043 ipse
2920 1987 3241 2044 cognoscat,
3275 1986 3368 2032 aut

1777 2073 1927 2118 certe
1953 2066 2020 2119 ab
2051 2065 2396 2135 ipsojudiccs
2426 2065 2767 2135 deputentur.
2802 2065 2908 2120 Aut
2945 2069 2989 2121 si
3021 2070 3088 2122 ob
3120 2068 3224 2122 hoc
3257 2066 3368 2122 fur-

1778 2163 1921 2210 tasse
1951 2157 2018 2210 ad
2047 2158 2279 2212 arbitros
2308 2157 2538 2212 eundum
2567 2166 2682 2220 est,
2730 2165 2906 2224 partes
2951 2158 3016 2210 ad
3061 2159 3366 2224 eligendum

1771 2249 2004 2318 judicent
2035 2251 2102 2304 ab
2127 2251 2243 2318 ipso
2268 2251 2517 2305 executio
2542 2248 2795 2318 deputata
2824 2249 3130 2318 compellat.
3163 2248 3218 2301 Si
3245 2249 3367 2317 quis

1775 2357 1923 2407 vero,
1957 2342 2040 2396 vel
2069 2342 2312 2408 clericus,
2345 2342 2432 2396 vel
2461 2342 2646 2405 laicus,
2681 2349 2872 2396 contra
2894 2341 3204 2408 episc0pum
3233 2355 3367 2393 cau-

1774 2448 1887 2486 sam
1913 2433 2181 2497 habuerit,
2208 2439 2336 2487 tunc
2362 2441 2412 2487 te
2441 2433 2782 2502 interponere
2813 2431 2996 2493 debes,
3027 2439 3083 2482 ut
3104 2431 3243 2483 inter
3266 2445 3364 2483 eos

1774 2531 1869 2578 aut
1897 2525 2010 2592 ipse
2033 2538 2347 2592 cognoscas,
2380 2533 2472 2577 aut
2499 2533 2668 2589 certe,
2701 2531 2753 2575 te
2775 2525 3118 2585 admonente,
3150 2521 3247 2574 sibi
3273 2521 3363 2588 ju--

1773 2614 1920 2669 dices
1951 2615 2166 2682 eligant.
2210 2615 2343 2669 l‘tam
2383 2615 2428 2669 si
2468 2630 2563 2669 sua
2606 2613 2893 2681 unicuique
2923 2612 3179 2681 episeopo
3202 2610 3366 2678 juris-

1774 2704 1938 2759 dictio
1968 2722 2074 2760 non
2119 2717 2394 2772 servatur,
2427 2706 2553 2774 quid
2595 2705 2736 2758 aliud
2766 2706 2974 2772 agitur,
3022 2691 3153 2768 nisi,
3189 2713 3244 2755 nt
3272 2719 3367 2771 per

1775 2811 1911 2865 quos
1940 2797 2336 2851 ecclesiasticus
2364 2796 2618 2850 custodiri
2651 2795 2784 2848 ordo
2814 2795 3109 2857 debuerat,
3139 2792 3367 2846 confun-

1775 2888 1930 2942 datur
1951 2889 1975 2940 ζ)
2010 2907 2028 2940 ι
2065 2889 2285 2959 (Regist.
2319 2888 2409 2941 lib.
2438 2905 2510 2951 χι,
2541 2905 2622 2957 ep.
2653 2886 2765 2952 57.)

1848 2978 1936 3036 5t.
1968 2977 2117 3033 Sicut
2139 2979 2441 3032 convictum
2466 2977 2532 3032 de
2556 2977 2780 3030 crimine
2801 2975 2916 3029 sine
2942 2974 3173 3030 vindicta
3200 2990 3366 3029 cano-

1779 3067 1898 3123 nica
1946 3067 2237 3136 Gregorius
2267 3068 2535 3122 neminem
2575 3065 2944 3133 relinquebat,
2993 3065 3070 3119 sic
3114 3065 3366 3119 nimirum

91 3157 267 3214 delicet
295 3156 610 3228 potentiam
638 3155 776 3209 bene
800 3155 957 3223 regit.
990 3153 1082 3223 qui
1107 3161 1162 3208 el
1191 3161 1373 3208 tenere
1402 3153 1543 3205 illam
1573 3167 1675 3204 ηο-
1703 3149 1749 3212 C
1780 3161 2053 3214 falsarium
2083 3157 2379 3216 delatorem
2406 3160 2637 3230 regulari
2670 3163 2880 3214 tramite
2909 3160 3182 3228 puniebat.
3219 3157 3372 3212 Unde

91 3251 238 3314 verit,
284 3258 344 3305 et
388 3249 728 3319 impugnare;
761 3246 906 3301 Bene
935 3247 1074 3314 hanc
1103 3243 1276 3313 regit,
1323 3245 1414 3313 qui
1445 3244 1547 3300 scit
1575 3258 1672 3312 per

90 3339 219 3394 illam
259 3355 436 3410 super
476 3341 662 3410 culpas
703 3338 868 3407 erigi,
917 3337 1020 3392 scit
1058 3343 1114 3391 et
1162 3352 1286 3414 cum
1329 3335 1418 3390 illa
1464 3334 1672 3390 ameris

89 3432 388 3499 equalitate
431 3430 704 3500 componi.
753 3429 995 3484 Humana
1026 3428 1222 3483 etenim
1253 3443 1405 3483 mens
1433 3427 1672 3497 plerum-

89 3537 180 3590 que
208 3523 527 3587 extollitur,
579 3522 742 3577 etiam
783 3537 904 3576 eum
941 3521 1083 3575 nulla
1114 3528 1384 3590 potestate
1414 3519 1627 3574 fulcitur
1656 3536 1670 3572 :

88 3623 275 3684 quanto
299 3615 481 3683 magis
509 3614 561 3668 in
586 3613 752 3667 altum
781 3627 842 3666 se
867 3611 1057 3679 erigit,
1086 3627 1204 3666 eum
1235 3627 1294 3666 se
1322 3610 1487 3666 etiam
1517 3619 1673 3680 pole-

88 3715 187 3758 ttas
237 3710 288 3758 ei
347 3697 634 3773 adjungit?
683 3702 856 3770 Quam
913 3711 1092 3756 tamen
1147 3710 1471 3772 potestatem
1527 3709 1676 3756 recte

86 3794 388 3862 dispensat,
438 3794 530 3860 qui
567 3792 796 3848 sollicite
835 3792 1045 3848 noverit
1087 3802 1140 3846 et
1187 3806 1464 3846 assumere
1493 3806 1559 3845 ex
1586 3792 1677 3846 illa

88 3883 218 3948 quod
247 3882 504 3951 adjuvat,
535 3885 588 3936 ct
615 3888 921 3951 expugnare
943 3881 1091 3951 quod
1114 3889 1305 3947 tentat,
1335 3889 1390 3936 et
1417 3882 1677 3950 aequalem

85 3987 135 4024 te
154 3990 274 4028 cum
308 3974 408 4027 illa
441 3971 649 4028 caeteris
680 3989 924 4039 cernere,
951 3981 1006 4028 et
1035 3981 1214 4027 tamen
1246 3988 1304 4027 se
1333 3972 1682 4043 peccantibus

86 4065 191 4119 zelo
211 4065 448 4119 ultionis
469 4064 758 4120 anteferre.
783 4063 889 4118 Sed
910 4064 1050 4119 hanc
1072 4061 1448 4119 discretionem
1472 4063 1682 4133 plenius

84 4155 465 4220 agnoscimus,
509 4155 554 4209 si
602 4155 840 4224 pastoris
885 4155 1043 4224 primi
1085 4153 1334 4225 exempla
1377 4167 1677 4208 cernamus.

85 4242 269 4300 Petrus
313 4261 594 4316 namque,
623 4259 844 4302 auctore
872 4246 1017 4315 Deo,
1064 4254 1267 4302 sancta:
1306 4245 1401 4300 Dei
1428 4245 1683 4300 Ecclesia:

85 4335 455 4406 principatum
489 4345 698 4403 tenens,
732 4354 763 4392 a
789 4337 928 4393 bene
955 4345 1148 4406 agente
1185 4336 1460 4404 Cornelio,
1487 4344 1542 4391 et
1564 4351 1685 4392 sese

86 4427 131 4480 ei
162 4427 452 4483 humiliter
479 4431 857 4498 prosternente
887 4424 1293 4483 immoderatius
1318 4426 1568 4482 venerari
1597 4441 1682 4481 re-

1775 3251 2067 3306 Anthemio
2108 3251 2441 3306 subdiaeono
2470 3249 2743 3315 scribens,
2789 3250 2865 3302 ait
2905 3267 2918 3301 :
2971 3268 2988 3300 ι
3021 3251 3152 3303 Gum
3181 3249 3371 3302 fortius

1775 3341 2045 3412 punienda
2074 3342 2183 3396 sint
2210 3341 2435 3396 crimina
2461 3357 2579 3410 qua:
2611 3340 2913 3394 insontibus
2939 3348 2995 3394 et
3019 3339 3251 3393 maxime
3280 3355 3370 3393 sa-

1776 3433 1883 3488 cris
1904 3431 2185 3489 ordinibus
2205 3435 2538 3503 ingeruntur,
2562 3446 2721 3501 quam
2739 3431 2855 3484 sitis
2876 3429 3170 3499 culpabiles
3184 3444 3376 3484 omnes

1776 3523 1868 3592 qui
1909 3523 1962 3576 in
2004 3538 2166 3578 causa
2195 3513 2659 3584 Joannis’diaconi
2690 3521 2991 3586 resedistis,
3025 3520 3285 3574 attendite
3312 3528 3373 3574 ut

1777 3607 2072 3680 Hilarium,
2110 3615 2515 3670 criminatorem
2555 3612 2700 3682 ejus,
2754 3613 2897 3665 nulla
2945 3627 3010 3665 ex
3058 3611 3160 3665 deli
3205 3612 3372 3664 itione

1777 3716 1956 3762 vestra
1985 3721 2143 3775 ptrna
2171 3707 2396 3760 veniens
2427 3705 2738 3773 castigaret.
2769 3701 2879 3757 Nec
2907 3702 3035 3757 illud
3066 3703 3129 3755 ad
3152 3717 3377 3755 excusa-

1781 3797 1982 3851 tionem
2012 3807 2248 3850 vestram
2276 3810 2397 3850 esse
2437 3794 2670 3850 credatis
2701 3793 2982 3857 idoneum,
3034 3803 3170 3858 quod
3202 3792 3376 3855 vobis,

1780 3885 1936 3955 quasi
1961 3884 2208 3953 judicare
2239 3883 2560 3949 volentibus,
2593 3883 2740 3937 solus
2763 3882 2927 3936 frater
2948 3890 3002 3934 et
3029 3881 3378 3950 coepiscopus

1786 3983 1974 4030 noster
1994 3974 2319 4029 Paschasius
2350 3974 2540 4028 dicitur
2564 3972 2856 4028 distulisse.
2899 3971 3032 4026 Nam
3062 3971 3108 4025 si
3147 3971 3294 4026 zelus
3324 3971 3380 4028 in

1785 4067 1942 4124 vobis
1970 4067 2305 4122 rectitudinis
2331 4065 2620 4134 viguisset,
2662 4064 2871 4119 facilius
2903 4065 2994 4118 uni
3032 4079 3062 4118 a
3090 4064 3269 4118 multis
3298 4079 3380 4118 ra-

1786 4159 2117 4214 tionabiliter
2143 4155 2356 4211 suaderi
2385 4170 2546 4224 quam
2575 4154 2728 4208 multi
2756 4154 2824 4209 ab
2852 4169 2958 4208 uno
2987 4163 3236 4223 poterant
3262 4156 3380 4208 sine

1788 4263 1950 4304 causa
1980 4246 2201 4302 differri.
2231 4245 2366 4312 Quia
2393 4258 2526 4312 ergo
2555 4254 2714 4298 tanta:
2752 4244 3005 4312 nequitiae
3032 4244 3232 4297 malum
3264 4245 3382 4298 sine

1787 4339 1947 4407 digna
1977 4354 2083 4394 non
2114 4337 2275 4392 debet
2300 4335 2500 4390 ultione
2532 4335 2786 4397 transire,
2818 4334 3244 4404 suprascriptum
3274 4335 3382 4388 tra-

1789 4440 1927 4486 trem
1975 4437 2216 4486 nostrum
2266 4426 2613 4482 Paschasium
2661 4425 2906 4480 volumus
2953 4424 3274 4492 admoneri,
3326 4435 3384 4479 ut

88 4522 311 4586 cusavit,
345 4537 524 4591 seque
546 4522 620 4575 ilti
643 4521 868 4576 similem
890 4521 1227 4588 recognovit,
1252 4521 1473 4575 dicens:
1499 4521 1691 4594 Surge,
1724 4523 1776 4584 D
1799 4523 2046 4580 eumdem
2090 4521 2350 4575 Hilarium
2397 4518 2542 4589 prius
2581 4516 2944 4582 subdiaconii,
2989 4531 3098 4586 quo
3136 4515 3385 4582 indignus

86 4622 148 4660 ne
177 4610 403 4676 feceris;
445 4619 498 4664 et
536 4627 631 4680 ego
658 4612 768 4678 ipse
796 4611 946 4664 homo
975 4625 1088 4664 sum
1116 4611 1264 4680 (Act.
1297 4625 1362 4673 ι,
1388 4608 1459 4662 26
1477 4609 1516 4668 ).
1557 4609 1687 4674 Sed,

88 4713 202 4752 cum
223 4700 462 4755 Anania:
483 4713 539 4756 et
559 4701 832 4772 Sapphira:
859 4703 1068 4773 culpam
1091 4703 1460 4774 reperi't,'_mox
1489 4711 1690 4773 quanta

86 4791 325 4855 potentia
357 4807 533 4861 super
561 4802 785 4848 caeteros
813 4793 1146 4848 exerevisset
1173 4793 1409 4849 ostendit
1435 4793 1578 4862 (Act.
1609 4794 1686 4863 v).

87 4873 261 4934 Verbo
300 4888 554 4952 namque
593 4897 779 4937 eorum
803 4883 968 4936 vitam
997 4884 1254 4953 perculit,
1298 4899 1459 4952 quam
1498 4882 1689 4951 spiritu

84 4983 476 5040 perscrutante
497 4965 878 5045 deprehendit;
901 4983 956 5030 et
977 4981 1243 5030 summum
1266 4991 1326 5031 se
1348 4976 1485 5030 intra
1507 4975 1690 5032 Eccle-

89 5063 214 5118 siam
241 5076 452 5121 contra
485 5067 707 5134 peccata
734 5067 994 5133 recoluit;
1023 5067 1167 5138 quod
1187 5108 1202 5134 ,
1232 5067 1440 5122 honore
1465 5051 1566 5122 sibi
1595 5082 1689 5122 ve-

89 5155 378 5211 hementer
408 5158 692 5224 impenso,
734 5172 916 5211 coram
958 5157 1098 5213 bene
1127 5158 1411 5226 agentibus
1440 5158 1692 5213 fratribus

90 5259 189 5298 non
220 5247 486 5312 agnovit.
528 5241 639 5300 Illic
676 5246 872 5317 ouippe
912 5250 1344 5302 communionem
1373 5247 1695 5317 azqualitatis

89 5339 281 5392 meruit
309 5338 589 5417 sanctitas
615 5339 871 5406 actionis,
909 5336 999 5393 hic
1025 5338 1172 5394 zelus
1200 5339 1418 5394 ultionis
1441 5339 1530 5408 jus
1560 5355 1694 5411 ope-

91 5429 192 5482 ruit
238 5429 568 5499 potestatis.
599 5449 617 5481 ι
663 5427 731 5484 Ει
764 5430 922 5499 paulo
949 5438 1071 5501 post
1113 5449 1128 5484 :
1181 5449 1200 5483 ι
1227 5429 1334 5486 Sed
1363 5448 1485 5486 cum
1519 5431 1694 5487 delin-

89 5531 317 5590 quentes
339 5521 603 5578 subditos
633 5524 900 5594 praepositi
929 5525 1227 5594 corrigunt,
1256 5535 1442 5592 restat,
1474 5541 1698 5583 necesse

92 5624 186 5678 est,
212 5623 277 5669 ut
297 5614 552 5670 sollicite
563 5615 865 5684 attendant,
884 5624 1149 5686 quatenus
1173 5633 1270 5689 per
1291 5617 1585 5690 disciplina:
1604 5619 1699 5676 de-

92 5701 258 5762 bitum
288 5706 504 5778 culpas
532 5706 742 5778 quidem
771 5707 893 5779 jure
916 5709 1200 5782 potestatis
1222 5711 1450 5783 feriant,
1481 5712 1575 5769 sed
1604 5727 1703 5784 per

1792 4614 2046 4683 fungitur,
2078 4613 2250 4682 privet
2275 4609 2485 4674 officio,
2519 4615 2682 4677 atque
2708 4605 3020 4662 verberibus
3047 4603 3257 4674 publice
3287 4619 3382 4658 ea-

1791 4705 2045 4774 stigatnm
2073 4701 2234 4757 faciat
2258 4700 2310 4755 in
2340 4698 2588 4754 exsilium
2615 4695 2910 4767 deportari,
2954 4702 3011 4748 ut
3039 4694 3195 4747 unius
3217 4708 3383 4763 pcena

1794 4795 2087 4850 multorum
2113 4792 2283 4864 possit
2304 4804 2423 4846 esse
2447 4788 2736 4844 correctio.
2764 4785 2927 4854 Cujus
2953 4785 2998 4838 si
3027 4784 3166 4838 forte
3191 4783 3386 4837 lenita-

1795 4897 1903 4942 tem
1926 4886 2137 4942 diaconi
2159 4885 2238 4940 sui
2260 4883 2435 4937 adhuc
2453 4879 2638 4951 opinio
2661 4879 2892 4934 lacerata
2922 4893 3028 4931 non
3057 4882 3388 4940 commovet,

1796 4979 1929 5034 etin
1953 4978 2057 5032 hoc
2079 4974 2222 5044 quod
2246 4989 2354 5028 non
2381 4969 2648 5027 credimus
2670 4978 2888 5040 torpens
2904 4967 3192 5032 exstiterit,
3218 4981 3395 5034 expe-

1793 5071 1987 5128 rientia
2017 5078 2103 5124 tua
2130 5069 2245 5122 hinc
2272 5080 2393 5134 quae
2418 5065 2652 5140 diximus
2684 5060 2862 5125 faciat,
2894 5067 2950 5113 et
2975 5059 3042 5114 de
3064 5056 3206 5113 illius
3228 5057 3389 5112 nobis

1795 5165 2043 5233 neglectu
2069 5159 2362 5216 renuntiet.
2397 5176 2416 5210 ι
2460 5155 2686 5226 (Regist.
2716 5152 2806 5206 lib.
2840 5167 2913 5214 in,
2943 5167 3026 5220 ep.
3060 5149 3174 5220 7i.)

1872 5257 2074 5311 Idcirco
2100 5249 2390 5319 Gregorius
2418 5263 2524 5302 non
2553 5245 2877 5316 probantem
2919 5241 3062 5310 quod
3113 5241 3390 5308 obiecerat

1799 5346 2184 5405 subdiaconum
2214 5339 2392 5396 ollieio
2415 5336 2570 5406 jubet
2600 5333 2827 5404 privari,
2859 5332 3004 5402 quia,
3031 5331 3187 5402 juxta
3218 5346 3389 5390 cano-

1803 5438 1953 5494 nieas
1981 5434 2200 5488 Patrum
2227 5427 2542 5490 sententias,
2572 5425 2664 5494 qui
2692 5423 3016 5480 calumniam
3049 5423 3253 5478 illatam
3282 5439 3392 5482 non

1802 5525 1996 5600 probat
2022 5537 2237 5596 ptenam
2265 5517 2425 5574 debet
2451 5517 2756 5579 incurrere,
2788 5529 2984 5586 quam,
3009 5514 3055 5570 si
3085 5515 3392 5585 probasset,

1804 5634 1930 5678 reus
1951 5618 2137 5686 utique
2171 5610 2483 5668 sustineret.
2515 5605 2596 5662 Ae
2621 5621 2719 5677 per
2745 5605 2850 5661 hoc
2877 5605 3003 5676 quia
3033 5604 3395 5661 subdiaconus

1806 5709 2008 5769 crimen
2030 5705 2256 5761 diacono
2277 5699 2508 5774 probare
2531 5711 2638 5754 non
2660 5695 2857 5768 potuit,
2885 5695 3141 5768 quoniam
3169 5693 3394 5766 imposi-
