3992 6316
670 294 772 349 193

1273 289 1334 344 S.
1375 285 1701 343 GREGOllll
1743 282 1955 338 ΜᾹτὶΝΙ
1999 281 2178 344 VlTA,
2221 277 2419 334 AUCT.
2461 272 2719 329 JOANNE
2765 271 3077 327 DIACONO.
3121 270 3247 326 LIB.
3289 273 3374 328 IV.
3798 293 3869 351 ιιθ

668 411 863 461 tionem
893 419 1082 457 manus
1109 417 1211 471 qua
1237 415 1425 455 carere
1452 397 1714 469 potuisset
1744 409 1849 448 non
1882 392 2116 458 habuit,
2139 407 2244 445 non
2275 394 2324 454 Α
2351 387 2736 444 continentiam
2781 387 2918 441 sicut
2961 394 3355 441 consueverant
3407 401 3559 455 ante,
3598 399 3863 468 percipiant.

665 492 988 554 sacerdotio,
1018 491 1112 546 sed
1140 488 1314 542 ofﬁcio
1342 486 1542 549 caruit,
1574 491 1627 535 et
1656 492 1906 549 tanquam
1937 494 2122 533 revera
2153 479 2238 531 iu-

666 588 818 640 lamis
841 583 1032 637 meruit
1056 580 1360 635 verberibus
1381 576 1650 642 castigari.
1675 573 1806 627 Nam
1824 573 1907 627 cui
1929 587 2047 625 cum
2071 571 2242 624 tribus

664 675 891 728 testibus
929 672 1092 724 veluti
1142 669 1278 722 laico
1323 667 1526 720 crimen
1573 663 1849 731 quodlibet
1891 661 2238 731 approbatur,

664 779 773 818 non
802 772 883 818 est
922 763 1112 815 mirum
1142 757 1283 825 quod
1318 756 1517 822 objecit
1545 756 1670 808 dum
1702 761 1929 823 probare
1961 769 2066 807 non
2095 751 2243 805 sufli-

663 855 770 918 cit,
797 853 838 905 si
866 847 1130 915 corporali
1162 845 1419 910 infamia},
1462 844 1912 912 quemadmodum
1943 843 2139 906 laicus,
2172 857 2241 895 ex

662 940 796 1009 juris
831 936 1177 990 similitudine
1221 934 1556 1002 subjugatur.
1605 933 1758 998 Quod
1789 932 1932 985 enim
1962 941 2104 985 esset
2130 929 2242 984 dia-

663 1046 802 1086 cono
839 1028 1062 1098 gradum
1102 1028 1378 1090 amittere,
1420 1026 1524 1080 hoc
1559 1025 1659 1079 fuit
1710 1023 2040 1078 snbdiacono
2090 1023 2243 1075 famae

663 1119 990 1192 plenitudine
1019 1119 1270 1171 caruisse.

733 1209 819 1263 52.
873 1207 1109 1261 Crimina
1160 1206 1327 1260 semel
1380 1202 1559 1257 audita
1612 1200 1901 1269 Gregorius
1954 1199 2241 1253 indiscussa

665 1303 809 1354 nullo
831 1300 991 1353 modo
1015 1297 1338 1367 praeteribat,
1365 1292 1572 1347 etiamsi
1600 1297 1901 1352 accusatus,
1935 1305 2054 1343 cum
2083 1304 2242 1342 accu-

663 1397 840 1444 satore
869 1404 965 1440 suo
994 1387 1219 1440 redisset
1247 1385 1297 1436 in
1328 1383 1573 1451 gratiam.
1605 1379 1945 1447 Quaproriter
1976 1377 2240 1430 universis

665 1478 930 1548 episc0pis
957 1474 1199 1529 Corinthi
1228 1472 1492 1534 scribens,
1542 1469 1616 1521 ait
1662 1485 1674 1520 :
1729 1486 1747 1517 α
1779 1467 2034 1520 Desidcrii
2073 1465 2242 1520 nostri

666 1577 746 1622 est
772 1569 837 1620 ad
859 1564 1201 1621 concordiam
1224 1562 1465 1628 redigere
1481 1557 1775 1635 discordes,
1805 1566 1860 1611 et
1890 1557 2042 1626 1&5
2065 1557 2240 1610 unitos

664 1674 782 1713 esse
808 1659 858 1710 in
883 1655 1050 1724 gratia
1074 1670 1186 1717 eos,
1210 1668 1345 1721 quos
1369 1652 1571 1706 divisos
1591 1652 1658 1704 ab
1674 1651 1928 1704 alterutra
1953 1651 2240 1704 dilectione

2343 476 2664 532 Clematiunt
2685 492 2815 531 vero
2844 477 3101 530 lectorem
3121 475 3363 530 similiter
3378 477 3699 547 benignitatis
3724 487 3869 552 intuitu

2343 569 2396 620 in
2413 568 2657 622 ordinem
2670 570 2952 636 locumque
2973 582 3128 621 suum
3143 568 3495 622 revocandum
3507 585 3618 626 esse
3633 580 3864 637 c0u5tituo.

2341 657 2545 722 Quibus
2571 658 2729 710 etiam
2759 657 3007 710 erunibus
3031 696 3045 720 ,
3071 656 3122 710 id
3145 665 3228 710 est
3254 656 3421 712 Paulo
3450 657 3692 726 Diacono,
3713 665 3866 736 Euphe.

2342 745 2452 799 mio
2472 785 2486 806 ,
2535 744 2783 811 Thomas,
2825 757 2988 813 atque
3016 745 3279 800 Clematio
3309 748 3581 802 commoda
3608 767 3692 806 sua
3717 770 3865 810 St‘ctln-

2342 835 2468 888 dum
2499 835 2672 888 locum
2700 844 2756 910 et
2785 837 3026 890 ordinem
3045 876 3060 899 ,
3107 837 3160 888 iit
3188 850 3291 905 qua
3320 837 3540 905 quisque
3577 855 3743 896 eorum
3783 857 3865 911 est,

2341 927 2480 980 sicut
2509 927 2699 981 solitus
2727 934 2842 978 erat
2869 927 3135 995 accipere,
3167 941 3196 978 a
3228 928 3476 994 pmsenti
3506 928 3766 987 indictione
3789 937 3866 989 fra-

2342 1018 2567 1071 ternitas
2595 1027 2775 1072 vestra
2803 1017 2918 1070 sine
2940 1018 3120 1085 aliqua
3151 1017 3364 1071 studeat
3393 1018 3739 1076 imminutione
3763 1041 3867 1093 pm:-

2340 1107 2491 1162 bere.
2514 1128 2531 1159 ι
2568 1109 2791 1180 (Reg-ist.
2824 1110 2913 1164 lib.
2947 1126 2998 1174 v,
3032 1128 3114 1179 ep.
3147 1109 3258 1178 5‘2.)

2411 1199 2500 1252 55.
2540 1198 2807 1254 Consuela
2852 1201 3169 1255 clericorum
3213 1201 3473 1270 stipendia
3502 1205 3650 1258 nullis
3673 1221 3868 1275 quarm:-

2343 1287 2474 1342 libet
2495 1290 2865 1356 :egritudiuem
2888 1291 3263 1346 occasionibus
3285 1292 3778 1354 misericordiSsirnus
3796 1318 3866 1370 pa-

2342 1389 2424 1432 ter
2452 1377 2744 1447 Gregorius
2772 1381 3104 1436 retrahebat.
3149 1380 3299 1436 Unde
3344 1381 3576 1468 deldo
3600 1426 3612 1444 .
3662 1389 3865 1460 episcopo

2341 1469 2490 1523 urbis
2518 1471 2736 1536 veteris,
2768 1472 3030 1537 scribens,
3077 1473 3151 1526 ait
3176 1491 3188 1525 :
3224 1492 3242 1524 ‹
3262 1472 3397 1527 Cum
3426 1479 3686 1544 percussio
3712 1497 3865 1550 corpo-

2340 1560 2486 1622 ralis,
2523 1568 2701 1614 utrutn
2733 1577 2829 1630 pro
2859 1562 3175 1631 purgatione
3202 1578 3269 1616 an
3301 1579 3398 1634 pro
3427 1565 3648 1620 vindiCta
3697 1573 3865 1624 conlin-

2339 1661 2448 1718 gat,
2481 1653 2574 1706 Dei
2601 1652 2652 1705 in
2678 1653 2781 1707 hoc
2802 1652 3064 1722 judicium
3094 1655 3393 1720 ignoratur,
3417 1672 3522 1710 non
3548 1657 3695 1712 debet
3714 1664 3867 1717 anubis

665 1751 949 1805 voluntatis
979 1749 1104 1801 facit
1130 1761 1248 1800 esse
1275 1744 1574 1798 diversitas.
1615 1742 1824 1810 Scripta
1863 1742 2022 1810 igitur
2050 1742 2237 1795 frater-
2273 1753 2314 1810 Β
2341 1740 2465 1793 addi
2497 1738 2774 1810 ﬂagellatis
2799 1742 3016 1798 afﬂictio
3041 1785 3056 1809 ,
3100 1759 3168 1798 ne
3199 1759 3296 1798 nos
3325 1746 3526 1815 culpa),
3568 1749 3699 1816 quod
3739 1751 3868 1818 absit,

664 1840 846 1894 uitatis
887 1847 1081 1892 vestra:
1127 1837 1458 1903 relegentes,
1516 1834 1830 1902 agnovimus
1876 1834 2018 1901 quod
2073 1835 2107 1888 ii
2150 1835 2242 1902 qui

667 1935 853 1982 contra
883 1927 1208 1980 Hadrianum
1255 1925 1470 1978 fratrem
1509 1932 1565 1978 et
1600 1924 1974 1993 coepiscopum
2000 1932 2242 1978 nostrum

662 2021 838 2089 aliqua
866 2019 1110 2072 dixerant
1135 2017 1293 2072 modo
1323 2031 1444 2071 cum
1467 2015 1656 2070 eodem
1687 2015 1940 2085 episcopo
1970 2015 2023 2068 in
2053 2016 2242 2070 amici-

663 2113 790 2165 tiam
817 2111 1222 2172 convenissent,
1262 2122 1316 2163 et
1344 2121 1534 2174 magna
1566 2107 1719 2160 nobis
1747 2106 1813 2160 ad
1845 2123 2077 2175 praesens
2104 2108 2242 2161 facta

661 2213 744 2258 est
775 2203 843 2256 de
868 2218 1054 2256 eorum
1102 2203 1306 2255 unitate
1345 2199 1548 2253 laetitia.
1602 2197 1708 2252 Sed
1735 2199 1988 2267 quoniam
2023 2213 2087 2253 ea
2126 2215 2242 2268 qure

662 2294 804 2347 dicta
847 2301 969 2346 sunt
1007 2275 1304 2346 indiscussa
1344 2303 1625 2342 remanere
1654 2303 1758 2341 non
1791 2289 2050 2357 patimur,
2100 2289 2242 2342 sedis

663 2391 862 2436 nostra:
890 2383 1172 2436 diaconum
1203 2379 1268 2433 ad
1297 2394 1360 2432 ea
1389 2377 1756 2445 investiganda
1787 2378 2084 2446 dirigimus,
2116 2379 2240 2446 quia

660 2470 892 2523 nuntiati
923 2485 1019 2522 nos
1043 2466 1291 2522 facinoris
1312 2465 1540 2534 qualitas
1565 2466 1914 2519 vehementer
1939 2467 2163 2534 impellit
2185 2475 2243 2520 ut

662 2576 726 2614 ea
755 2575 872 2628 qua:
899 2559 1195 2612 audivimus
1221 2556 1556 2610 dissimulare
1591 2557 1896 2610 nullatenus
1926 2557 2237 2624 debeamus,

663 2651 954 2720 praisertim
1000 2665 1121 2703 cum
1152 2657 1496 2703 accusatores
1545 2655 1600 2701 et
1644 2656 1951 2702 accusatum
1999 2649 2138 2702 inter
2182 2663 2243 2704 se

662 2741 851 2795 fecisse
871 2741 1092 2810 gratiam
1119 2737 1410 2792 indicastis.
1441 2736 1556 2792 Hoc
1579 2737 1733 2791 nobis
1761 2752 1980 2791 necesse
2009 2746 2093 2790 est
2117 2737 2244 2791 sub-

661 2831 804 2884 tilius
835 2828 1188 2899 perscrutari,
1241 2842 1310 2881 ne
1354 2826 1584 2882 fortasse
1613 2842 1798 2881 eorum
1828 2827 1894 2880 sit
1931 2835 2239 2896 comparata

658 2920 945 2975 concordia
971 2937 983 2972 :
1009 2933 1127 2986 qua:
1153 2919 1218 2980 ei,
1250 2918 1392 2987 quod
1423 2918 1579 2981 absit,
1610 2933 1716 2971 non
1745 2933 1810 2972 ex
1839 2917 2120 2982 charitate,
2147 2917 2241 2972 sed

657 3026 727 3065 ex
748 3010 967 3080 prannio
997 3007 1137 3063 facta
1165 3007 1486 3070 constiterit,
1519 3006 1710 3075 majori
1736 3009 1840 3060 hoc
1861 3007 2242 3062 emendatione

659 3106 996 3175 plectendum
1028 3113 1129 3157 est.
1163 3102 1293 3155 Nam
1344 3117 1442 3155 nos
1489 3100 1578 3168 qui
1627 3100 1917 3164 canonice,
1966 3101 2242 3155 revelante

658 3195 801 3257 Deo,
857 3194 1028 3256 mala,
1075 3193 1119 3245 si
1169 3189 1387 3258 quidem
1412 3205 1539 3243 vera
1569 3198 1719 3254 sunt,
1753 3204 1996 3244 resecare
2037 3205 2241 3258 prtece—

658 3285 842 3342 dentia
873 3283 1222 3346 festinamus,
1270 3279 1611 3334 commissam
1656 3276 1997 3347 postmodum
2029 3279 2240 3346 culpam

657 3375 776 3430 sine
823 3373 1054 3426 vindicta
1100 3370 1243 3424 nulla
1292 3369 1502 3422 ratione
1548 3367 1884 3424 dimittimus.
1923 3387 1942 3420 ι
1998 3368 2242 3440 (Regist.

658 3464 749 3520 lib.
779 3480 855 3526 Ill,
883 3480 964 3532 ep.
996 3460 1110 3530 59.)

729 3552 862 3607 ltem
891 3551 1101 3613 Joanni,
1136 3553 1390 3619 episcopo
1418 3548 1822 3604 Corinthiorum
1851 3558 1974 3618 post
2015 3549 2193 3620 aliqua
2223 3565 2238 3602 :

665 3665 684 3696 ι
714 3643 971 3705 Paulum,
1021 3640 1223 3708 inquit,
1255 3638 1584 3706 Diaconum,
1622 3639 1846 3692 latorem
1875 3640 2238 3708 praesentium,

659 3735 903 3804 quamvis
945 3733 1100 3801 culpa
1129 3746 1224 3784 sua
1252 3731 1601 3785 vehementer
1638 3729 1931 3784 confundat
1959 3739 2121 3800 atque
2150 3745 2241 3785 re-

657 3827 882 3894 darguat
909 3823 1075 3892 quod,
1105 3821 1362 3890 deceptus
1391 3821 1774 3889 promissione,
1806 3819 1873 3874 ab
1903 3820 2242 3875 accusatione

658 3930 830 3983 nuper
875 3913 1103 3981 depositi
1151 3910 1415 3981 quondam
1461 3910 1699 3981 episcopi
1729 3909 1810 3965 sui
1851 3910 2144 3975 destiterit,
2186 3918 2242 3965 et

657 4004 964 4076 cupiditatis
1001 4003 1179 4058 studio
1215 4003 1375 4056 silere
1403 4010 1589 4057 contra
1620 4003 1851 4056 animam
1881 4017 2032 4056 suam
2064 4003 2241 4072 potius

660 4113 822 4164 quam
853 4095 1082 4165 prodere
1111 4108 1236 4147 vera
1264 4092 1557 4152 consensit,
1591 4098 1798 4155 tamen,
1840 4092 1963 4158 quia
1998 4091 2114 4161 plus
2141 4106 2240 4146 nos

659 4201 776 4239 esse
804 4184 1054 4239 convenit
1100 4183 1218 4250 pios
1257 4197 1420 4250 quam
1463 4180 1752 4244 districtos,
1782 4181 1919 4234 hanc
1948 4181 1996 4235 ei
2026 4182 2239 4250 culpam

660 4276 1004 4343 ignoscimus,
1038 4282 1199 4340 atque
1241 4287 1365 4327 eum
1395 4273 1447 4326 in
1477 4273 1667 4326 ordine
1712 4273 1939 4341 locoque
1971 4290 2067 4327 suo
2098 4276 2238 4328 reci-

661 4366 912 4436 piendum
937 4378 1236 4418 ceu-emus.
1268 4363 1398 4416 Nam
1427 4363 1478 4417 ei
1515 4378 1546 4416 a
1590 4369 1834 4431 tempore
1863 4364 2083 4432 prolatae
2111 4379 2238 4419 sen-

661 4456 843 4510 tentia:
886 4453 1226 4508 afﬁictionem
1267 4468 1427 4521 quam
1469 4454 1688 4522 pertulit
1711 4455 1976 4509 credimus
2012 4455 2079 4508 ad
2124 4457 2240 4509 vin-

659 4550 856 4603 dictam
888 4547 1048 4614 hujus
1073 4546 1242 4615 culptc
1269 4561 1427 4616 posse
1453 4547 1718 4602 sufﬁcere.
1753 4547 2106 4617 Euphemium
2147 4567 2239 4606 ve-

659 4656 722 4694 ro
751 4647 913 4707 atque
942 4637 1202 4690 Thomam
1231 4677 1246 4701 ,
1293 4637 1384 4704 qui
1419 4652 1516 4706 pro
1555 4637 1850 4692 deserenda
1896 4641 2241 4698 accusatione

659 4745 841 4786 sacros
865 4729 1083 4784 ordines
1105 4737 1449 4796 acceperunt,
1476 4727 1675 4784 eisdem
1697 4729 1975 4785 ordinibus
2003 4731 2240 4800 privatos

658 4837 799 4883 esse,
827 4830 988 4890 atque
1016 4821 1088 4873 ita
1117 4820 1271 4875 sicuti
1313 4828 1437 4873 sunt
1476 4819 1724 4890 depositi,
1758 4823 2004 4877 volumus
2029 4839 2241 4894 perma-

655 4929 829 4979 nere;
884 4927 985 4966 nec
1028 4926 1260 4979 unquam
1312 4925 1406 4964 eos
1455 4911 1554 4965 sub
1595 4911 1834 4980 qualibet
1875 4915 2241 4970 excusationis

656 5005 838 5075 specie
881 5004 931 5056 in
962 5018 1144 5056 sacros
1188 5002 1402 5056 ordines
1429 5004 1669 5056 revocari
1699 5002 2053 5059 decernimus.
2101 5006 2235 5060 Nam

658 5097 814 5150 nimis
841 5095 1133 5163 indignum.
1167 5103 1222 5147 et
1247 5102 1432 5148 contra
1463 5095 1840 5150 ecclesiastica:
1883 5097 2122 5164 regulam
2150 5099 2234 5152 di-

655 5187 892 5256 sciplinze
925 5193 1036 5249 est,
1068 5192 1126 5237 ut
1155 5185 1359 5239 honore
1401 5199 1562 5252 quem
1593 5201 1698 5237 non
1744 5201 1812 5238 ex
1857 5187 2096 5250 meritis,
2142 5189 2238 5243 sed

655 5293 754 5349 pro
800 5275 1018 5330 sceleris
1051 5274 1270 5343 prmmio
1317 5289 1629 5343 percepere,
1663 5275 1967 5345 fungantur.
1994 5275 2126 5343 Quia
2157 5286 2236 5331 ta-

653 5386 777 5426 men
808 5369 926 5439 plus
953 5366 1330 5422 misericordia
1357 5382 1516 5437 quam
1543 5368 1796 5423 districta:
1845 5386 1943 5423 nos
1981 5371 2235 5425 convenit

654 5476 872 5531 operam
926 5458 1056 5520 dare
1096 5457 1354 5527 justitize,
1403 5459 1621 5513 eosdem
1669 5459 2023 5529 Euphemium
2070 5469 2232 5528 atque

653 5549 933 5611 Thomam,
967 5549 1018 5601 in
1047 5549 1287 5602 ordinem
1320 5549 1605 5616 locumque
1633 5551 2003 5604 tantummodo
2027 5593 2041 5615 ,
2091 5551 2231 5607 unde

653 5638 718 5689 azl
749 5652 931 5691 sacres
957 5637 1174 5691 ordines
1201 5637 1430 5705 promoti
1461 5636 1690 5702 fuerant,
1725 5644 1970 5694 volumus
2009 5654 2229 5694 revoca-

652 5725 698 5779 ri
725 5765 742 5792 ,
792 5735 847 5782 et
876 5727 1082 5782 cunctis
1112 5727 1298 5784 diebus
1327 5728 1446 5784 vitae
1486 5743 1594 5784 suac
1624 5730 1932 5786 eoruzndcm
1980 5731 2224 5788 locorum

2349 1830 2558 1886 oﬁ‘eusa
2599 1833 2870 1901 respiciat.
2903 1833 2970 1888 Et
2994 1835 3116 1904 quia
3147 1837 3492 1904 praesentium
3534 1837 3666 1893 lator
3703 1840 3868 1894 Calui-

2348 1923 2550 1991 niosus,
2583 1939 2678 1992 pro
2701 1925 2804 1980 hac
2833 1927 3177 1995 percussione
3201 1943 3366 1996 quam
3396 1931 3630 1996 sustinet,
3659 1945 3868 1989 consueta

2347 2013 2448 2066 sibi
2495 2014 2778 2068 commoda
2818 2015 2885 2069 ab
2928 2015 3170 2070 Ecclesia
3201 2027 3383 2072 vestra
3428 2020 3609 2074 asserit
3645 2020 3868 2089 denegari,

2347 2103 2546 2158 idcirco
2587 2104 2979 2160 fraternitatem
3008 2114 3151 2160 tuam
3189 2107 3346 2179 146
3376 2111 3708 2177 ριέιξεθιιιὶϋυε
3731 2112 3868 2166 horta-

2345 2209 2466 2247 mur
2511 2196 2789 2264 epistolis,
2841 2206 3111 2284 quatenus
3147 2198 3277 2252 nihil
3322 2214 3447 2253 eum
3479 2199 3543 2253 ad
3589 2201 3870 2271 percipienda

2345 2296 2462 2350 quae
2510 2292 2762 2337 consueta
2793 2293 2919 2338 sunt
2948 2285 3062 2339 haec
3109 2287 3371 2355 mgritudo
3412 2288 3602 2342 debeat
3643 2289 3869 2358 impedire.

2344 2372 2467 2439 quia
2496 2372 2718 2427 diversis
2747 2373 2798 2426 in
2829 2373 3075 2428 Ecclesia
3104 2376 3459 2431 militantibus
3483 2377 3647 2441 varia,
3671 2360 3786 2431 sicut
3803 2394 3871 2430 no—

2343 2462 2432 2524 sti,
2463 2477 2604 2531 saepe
2634 2451 2899 2530 contingit
2928 2463 3229 2520 inﬁrmitas.
3254 2465 3386 2520 Etsi
3411 2467 3512 2522 hoc
3533 2465 3712 2520 fuerint
3735 2482 3870 2521 exem-

2344 2554 2436 2624 plo
2466 2555 2741 2622 deterriti,
2774 2556 2950 2611 nullus
2977 2557 3044 2611 de
3074 2567 3272 2613 caetero
3301 2559 3395 2627 qui
3423 2555 3666 2614 Ecclesia:
3699 2559 3870 2624 miliut,

2347 2649 2548 2717 poterit
2594 2648 2852 2716 inveniri;
2884 2649 2978 2704 sed
3023 2649 3321 2705 secundum
3355 2651 3458 2706 loci
3504 2650 3616 2718 ejus
3660 2651 3872 2714 ordinem,

2349 2751 2574 2805 quceque
2602 2738 2651 2791 ei
2676 2778 2691 2801 ,
2735 2738 2780 2792 si
2808 2754 2972 2793 sanus
3001 2751 3171 2805 esset,
3217 2748 3469 2808 poterant
3497 2740 3792 2802 ministrari,
3827 2741 3873 2792 tie

2343 2830 2459 2898 ipsa
2488 2830 2778 2899 exiguitate
2805 2847 2924 2900 quae
2953 2830 3205 2886 Ecclesiae
3249 2839 3430 2900 potest
3473 2831 3706 2886 accidere
3730 2831 3875 2883 fratcr-

2343 2919 2482 2973 nitas
2513 2930 2601 2974 tua
2629 2921 2793 2975 divini
2817 2921 3273 2991 contemplatione
3292 2921 3478 2990 judicii
3505 2922 3763 2990 mgrotanti
3784 2912 3875 2991 pne.

2342 3011 2471 3066 bere
2499 3027 2608 3065 non
2637 3011 2868 3067 desinat.
2901 3032 2919 3064 ι
2957 3013 3179 3085 (Regist.
3209 3015 3298 3068 lib.
3330 3032 3388 3080 tt,
3418 3033 3502 3086 ep.
3530 3015 3608 3085 8.)

2267 3126 2312 3188 ο
2416 3101 2503 3154 ⁸54.
2546 3100 2934 3171 Episcoporum
2964 3105 3350 3160 venerabilium
3381 3107 3552 3162 factas
3574 3107 3777 3177 propriis
3795 3106 3874 3161 cle-

2345 3190 2469 3244 ricis
2492 3191 2809 3259 sponsiones
2833 3189 3125 3260 Gregorius
3153 3197 3468 3263 apostolicae
3515 3198 3656 3253 sedis
3694 3200 3876 3252 auctori-

2345 3282 2547 3335 tatibus
2589 3281 2904 3336 roborabat.
2949 3280 3101 3337 Unde
3129 3281 3344 3352 Joauni,
3389 3285 3761 3342 Panormitano
3797 3286 3877 3355 epi-

2343 3387 2532 3442 scopo,
2563 3373 2766 3438 scribit,
2796 3371 2980 3429 dicens
3005 3391 3028 3449 τ’
3052 3392 3070 3425 ‹
3098 3372 3372 3444 lmplenda
3417 3391 3636 3448 semper
3672 3385 3778 3432 sunt
3810 3391 3878 3445 po-

2342 3462 2654 3516 stulantium
2701 3462 2988 3530 desideria,
3031 3465 3244 3534 quoties
3272 3463 3363 3520 illa
3407 3477 3708 3536 poscuntur
3731 3480 3826 3535 qua:
3855 3479 3878 3520 ι

2343 3552 2554 3606 ratione
2583 3567 2690 3606 non
2717 3552 2952 3607 deviant.
2985 3551 3052 3606 Et
3079 3553 3220 3616 ideo,
3268 3555 3396 3623 quia
3427 3558 3670 3626 quasdam
3697 3555 3878 3626 capitula

2343 3653 2462 3707 qua:
2482 3647 2818 3694 servaturum
2843 3647 2897 3695 te
2916 3640 3132 3696 clericis
3156 3642 3262 3696 tuis
3285 3646 3596 3714 petentibus
3618 3642 3878 3715 promisisti,

2345 3736 2530 3784 nostra
2555 3729 2620 3783 ab
2643 3729 2722 3784 eis
2751 3731 3052 3798 postulatur
3077 3732 3401 3789 auctoritate
3430 3733 3650 3802 ﬁrmari,
3685 3732 3880 3789 fraterni-

2344 3831 2510 3878 tatem
2544 3832 2690 3878 tuam
2719 3825 2802 3880 bis
2831 3825 3112 3880 hortamur
3139 3826 3411 3893 allatibus,
3443 3837 3503 3883 ut
3543 3844 3604 3884 ea
3649 3843 3758 3898 qua:
3781 3840 3881 3896 prm-

2344 3915 2514 3970 sentia
2542 3916 2742 3987 scripta
2763 3916 3042 3973 continent
3062 3917 3179 3974 sine
3199 3917 3377 3988 aliqua
3399 3918 3597 3974 debeat
3617 3917 3882 3987 rcfragatim

2345 4021 2414 4062 ne
2442 4022 2680 4063 servare.
2713 4007 2974 4071 Primum,
3005 4016 3063 4062 ut
3092 4009 3160 4063 de
3187 4009 3447 4064 reditibus
3480 4009 3722 4065 Ecclesia:
3756 4020 3882 4076 quar-

2345 4106 2455 4152 tam
2484 4099 2537 4152 in
2566 4099 2776 4168 integro
2802 4100 3109 4170 portionem
3147 4099 3391 4154 ecclesiae
3437 4107 3545 4154 tuae
3590 4099 3797 4160 clericis,
3819 4109 3884 4148 se-

2345 4188 2575 4242 cundum
2606 4189 2854 4242 meritum
2880 4188 2964 4243 vel
2995 4186 3228 4243 ofﬁcium
3257 4188 3372 4242 sive
3397 4189 3640 4244 laborem
3669 4202 3824 4250 suum,
3845 4189 3887 4236 ut

2344 4279 2459 4348 ipse
2486 4278 2770 4347 unicuique
2799 4280 2927 4332 dare
2959 4278 3319 4348 prospexeris,
3351 4279 3474 4334 sine
3516 4279 3689 4349 aliqua
3726 4277 3888 4332 debeas

2346 4368 2584 4436 praebere
2614 4368 2881 4423 tarditate.
2915 4369 2991 4423 De
3034 4369 3138 4424 hoc
3165 4384 3294 4424 vero
3322 4371 3473 4439 quod
3502 4385 3570 4426 ex
3601 4369 3812 4424 ﬁdelium
3839 4380 3886 4419 o-

2347 4465 2582 4519 blatione
2611 4465 2916 4527 accesserit,
2949 4463 3000 4518 id
3032 4474 3114 4518 est
3138 4472 3383 4532 quartam
3415 4472 3622 4533 partem
3663 4464 3711 4516 in
3739 4456 3888 4514 solidis

2343 4556 2426 4610 vel
2456 4555 2696 4624 cellario,
2737 4556 2815 4610 eis
2835 4555 2992 4626 juxta
3023 4555 3299 4624 pristinam
3329 4553 3763 4609 consuetudinem
3788 4548 3887 4603 dare

2343 4664 2449 4702 non
2478 4646 2711 4702 differas.
2739 4648 2962 4716 Reliqua
2985 4657 3166 4702 autem
3193 4647 3371 4702 omnia
3400 4646 3620 4701 mobilia
3649 4646 3698 4698 in
3727 4654 3804 4697 tua
3822 4653 3886 4693 re-

2342 4738 2513 4794 tineas
2545 4746 2847 4808 potestate;
2879 4737 3173 4792 immobilia
3203 4743 3397 4791 cuncta
3430 4732 3797 4791 ecclesiasticis
3819 4742 3886 4783 re-

2340 4829 2536 4883 ditibus
2563 4837 2938 4899 aggregentur,
2967 4836 3027 4882 ut
3053 4827 3405 4898 multiplicata
3447 4827 3760 4896 quantitate,
3798 4822 3886 4876 cle-

2340 4917 2573 4972 ricorum
2620 4927 2831 4972 tuorum
2878 4918 3079 4983 usibus,
3129 4912 3242 4972 Deo
3290 4916 3576 4983 largiente,
3626 4911 3887 4984 proiiciant-

2317 4997 2680 5075 ITabularium
2727 5016 2928 5072 autem,
2961 5021 3064 5062 una
3093 5021 3215 5060 cum
3255 5018 3524 5060 consensu
3555 5004 3807 5057 seniorum
3848 5004 3888 5047 ei

2338 5099 2464 5153 cleri
2491 5141 2506 5167 ,
2545 5099 2854 5153 memineris
2883 5096 3240 5152 ordinandum
3269 5095 3362 5164 qui
3390 5096 3548 5150 annis
3593 5091 3800 5161 singulis
3837 5083 3888 5138 ad

2339 5197 2552 5257 amputa
2561 5187 2715 5240 udam
2740 5186 2942 5240 fraudis
2961 5186 3321 5256 suspicionem
3347 5185 3668 5241 solemniter
3689 5195 3801 5236 suas
3819 5177 3887 5229 de-

2338 5279 2463 5333 beat
2493 5279 2730 5333 rationes
2760 5291 3052 5346 exponere.
3088 5275 3489 5331 Vindemiarum
3530 5289 3655 5330 vero
3683 5278 3888 5338 tempore

2340 5369 2479 5423 idem
2509 5368 2685 5422 clerus
2711 5366 2926 5422 eruendi
2967 5368 3151 5420 vinum
3180 5366 3248 5421 de
3277 5367 3705 5436 possessionibus
3744 5358 3888 5414 eccle-

2337 5459 2430 5513 siae
2461 5466 2562 5511 tua:
2590 5457 2657 5512 ad
2685 5457 2821 5524 iusta
2850 5457 3042 5526 pretia,
3076 5457 3130 5511 in
3159 5465 3420 5526 quantum
3449 5453 3781 5510 vendendum
3806 5455 3886 5506 est.

2336 5549 2634 5605 remedium
2661 5558 3042 5618 consequatur.
3081 5547 3216 5603 Nam
3265 5549 3395 5604 satis
3439 5556 3631 5602 contra
3663 5543 3888 5599 rationem

2335 5648 2444 5702 est,
2477 5648 2565 5702 ut,
2615 5640 2757 5708 quod
2801 5646 2978 5707 potest
3017 5623 3290 5693 extraneis
3315 5635 3615 5691 venundari
3637 5676 3652 5703 ,
3681 5628 3886 5690 clericis;

2334 5730 2460 5786 dato
2507 5732 2700 5802 pretio,
2749 5729 3061 5802 denegatur.
3096 5728 3472 5791 l‘ossessioues
3522 5729 3702 5799 igitur,
3736 5723 3814 5781 vel
3851 5715 3883 5774 si
