3992 6348
149 283 242 342 197

708 284 765 340 S.
807 282 1130 339 GRECORII
1175 285 1386 340 MAGM
1436 284 1589 339 VITA
1654 279 1851 338 AUCT.
1898 282 2159 336 JUANNE
2207 285 2514 339 DEACON‘O.
2561 288 2687 343 LIB.
2731 289 2816 345 IV.

3301 299 3405 353 198

153 410 245 469 qua
287 402 413 448 sunt
457 394 557 449 alia
589 395 949 449 ecclesiastico
977 395 1082 464 juri
1126 395 1509 463 competentia,
1558 404 1613 448 ct
1648 393 1716 447 ab
1746 395 1793 454 Α
1819 393 2073 448 donensis
2101 393 2349 449 Ecclesiae
2381 397 2771 468 presbyterum,
2805 414 2833 453 a
2863 400 3017 455 vobis
3058 401 3274 457 fuerant
3313 407 3411 460 de.

154 489 408 547 extraneis
454 486 688 540 indebite
716 486 1043 552 detinentur,
1071 502 1192 542 cum
1225 487 1372 540 omni
1399 486 1578 539 studio
1605 501 1721 539 ser-

153 592 260 634 vata
287 577 561 638 civilitate,
596 576 647 629 in
686 574 772 644 jus
800 577 1040 630 ecclesia:
1089 585 1192 629 tua:
1230 591 1481 644 repa'are
1510 574 1722 637 fe-tiua,

152 679 202 723 ttt
230 670 498 736 negligens
528 669 580 721 in
609 667 786 734 aliquo
816 667 982 720 videri
1015 683 1120 720 non
1156 666 1355 720 valcas.
1388 666 1445 720 Si
1477 666 1602 734 quid
1632 680 1726 718 ve-

152 775 205 814 ro
232 758 292 812 de
326 773 664 827 quocumque
702 757 901 811 cYcrico
930 758 997 810 ad
1026 773 1186 811 aures
1231 764 1352 809 tuas
1399 755 1725 824 pervenerit,

151 849 277 918 quod
310 859 357 902 te
380 850 524 918 juste
555 849 720 917 possit
748 846 1040 912 offendere,
1068 848 1220 901 facile
1249 863 1356 899 non
1385 845 1593 907 credas,
1628 858 1726 897 nec

149 941 204 992 ad
232 938 513 992 vindictam
540 946 592 993 te
622 955 709 993 res
731 938 994 992 accendat
1022 939 1322 1007 incognita:
1354 936 1467 1001 sed,
1494 950 1724 1005 praesen-

149 1030 275 1082 tibus
312 1031 554 1083 ecclesite
603 1039 706 1083 tum
751 1030 1074 1093 senioribus,
1107 1030 1386 1096 diligi-nter
1415 1035 1496 1081 est
1525 1027 1721 1078 veritas

145 1120 535 1189 perscrutanda,
579 1130 634 1173 et
662 1130 789 1173 tunc
831 1119 876 1174 si
905 1120 1139 1188 qualitas
1171 1118 1244 1172 rei
1277 1116 1600 1186 poposcerit,
1631 1130 1720 1168 ca-

143 1209 319 1263 nonica
350 1208 621 1265 districtio
649 1209 837 1278 culpas
866 1208 1025 1263 feriat
1053 1206 1428 1275 delinquentis.
1463 1203 1586 1258 llaec
1617 1202 1718 1255 ita-

142 1319 234 1371 que
261 1305 442 1357 omnia
477 1306 556 1359 sic
584 1304 813 1360 sollicite
842 1319 906 1358 ac
937 1313 1215 1358 mansuete
1239 1299 1398 1355 studii
1427 1299 1502 1352 tui
1529 1301 1598 1351 sit
1627 1313 1719 1350 cu-

137 1395 349 1459 stodire,
402 1409 672 1464 quatenus
720 1411 818 1450 nec
861 1403 916 1448 ttt
948 1393 1317 1464 promissionis
1349 1400 1450 1445 tua:
1491 1389 1719 1443 videatis

135 1487 417 1540 immemor
436 1488 734 1552 exstitisse,
753 1502 851 1540 nec
878 1486 951 1538 illi
976 1486 1172 1553 justam
1199 1493 1382 1537 contra
1407 1490 1459 1534 te
1481 1481 1718 1534 occasio-

134 1591 249 1629 nem
301 1577 551 1633 inveuire
597 1579 812 1632 valeant
859 1575 1241 1631 murmurandi.
1275 1593 1292 1624 ι
1347 1571 1591 1644 (Regést.
1623 1571 1714 1625 lib.

136 1681 242 1728 xm,
275 1684 365 1735 ep.
391 1667 478 1720 41.
509 1675 522 1733 ξ

1823 483 2016 551 putati,
2068 484 2398 552 negligentes
2425 486 2726 552 veritatem,
2767 488 3004 556 opinioni
3045 491 3412 560 crediderunt,

1827 584 1882 628 et
1927 574 2147 629 credere
2194 575 2433 629 districte
2481 577 2751 645 profitenti
2808 581 3142 636 noluerunt:
3179 585 3414 641 maxime

1829 679 1951 718 cum
1986 676 2326 721 accusatores
2362 666 2528 736 ipsius
2559 677 2584 704 ι
2613 669 3076 726 Marcionistarum
3106 690 3264 743 quam
3297 692 3412 730 me-

1827 757 2110 809 morabant
2141 757 2404 821 haeresim,
2441 758 2579 812 unde
2609 775 2729 813 eum
2760 776 2908 814 reum
2940 764 3302 819 moliebantur
3331 767 3414 820 ef-

1825 845 2008 914 ficere,
2057 848 2366 918 interrogati
2413 865 2533 918 qua:
2563 858 2740 916 esset,
2774 853 2982 908 nescire
3027 870 3085 907 se
3132 855 3418 910 manifesta

1824 934 2158 1004 professione
2187 939 2579 1006 responderint.
2615 940 2691 993 Ex
2723 957 2827 1008 qua
2857 958 2916 996 re
2943 944 3218 997 evidenter
3249 960 3412 1012 agno-

1822 1025 1989 1080 scitur
2016 1028 2140 1094 quia
2171 1043 2453 1096 personam
2501 1031 2668 1099 ipsius
2703 1034 2820 1088 sine
2868 1034 2963 1087 Dei
3012 1046 3258 1106 respectu
3306 1053 3415 1091 non

1816 1116 1980 1185 juste,
2014 1116 2109 1170 sed
2137 1126 2323 1170 contra
2352 1119 2559 1173 animas
2586 1136 2710 1175 suas
2739 1123 2852 1176 sola
2884 1138 3112 1190 gravare
3141 1129 3417 1182 voluntate

1822 1208 2190 1261 tantummodo
2237 1209 2538 1263 voluerunt.
2587 1211 2692 1264 Nos
2723 1213 2922 1279 itaque,
2977 1215 3116 1269 facto
3156 1219 3410 1286 concilio,

1819 1299 1959 1352 sicut
1997 1308 2268 1366 gestorum
2300 1299 2439 1369 apud
2469 1315 2569 1354 nos
2599 1301 2904 1355 habitormn
2946 1312 3103 1358 tenor
3146 1309 3403 1373 ostendit,

1821 1395 2010 1441 cuncta
2041 1403 2160 1456 qua:
2190 1397 2342 1442 erant
2373 1392 2676 1444 necessaria
2706 1391 2974 1448 subtiliter
3006 1407 3412 1462 perscrutantes

1823 1495 1885 1534 ac
1915 1488 2224 1548 tractantes,
2255 1483 2509 1550 quoniam
2539 1483 2590 1536 in
2624 1484 2774 1538 nullo
2813 1485 3138 1539 autedictum
3183 1489 3408 1557 presby-

1822 1577 1994 1625 terum
2025 1588 2173 1625 reum
2203 1573 2442 1628 invenire
2471 1575 2764 1643 potuimus,
2809 1578 3074 1645 prmcipue
3103 1579 3224 1646 quia
3255 1579 3399 1632 libel-

1823 1661 1906 1714 lus
1945 1677 2103 1730 quem
2135 1662 2392 1730 dclegatis
2436 1679 2467 1717 a
2504 1665 2656 1720 vobis
2698 1666 2965 1732 judicibus
3012 1668 3204 1721 obtulit
3247 1677 3406 1722 recta:

188 1754 330 1807 item
361 1757 700 1821 Maximiano,
752 1755 1093 1821 Syracusano
1123 1753 1397 1822 episcopo,
1430 1758 1550 1821 post
1579 1767 1712 1820 pau-
1743 1749 1789 1808 B
1818 1749 1937 1805 fidei
1970 1768 2067 1820 per
2094 1755 2269 1808 omnia
2297 1755 2590 1809 sinceritati
2619 1757 2928 1818 concordat,
2980 1768 3268 1828 eapmpter
3306 1775 3404 1814 eo-

125 1861 178 1902 ca
206 1861 222 1898 :
259 1864 276 1895 ι
308 1847 679 1913 Cognovimus
709 1845 775 1899 de
804 1845 1061 1899 reditibus
1087 1844 1339 1899 Ecclesia:
1371 1845 1580 1898 noviter
1621 1859 1717 1897 ac-

126 1936 330 2007 quisitis
364 1938 682 1991 canonicam
713 1935 1119 2004 dispositionem
1157 1944 1470 2005 quartarum
1500 1934 1719 1988 minime

127 2025 430 2096 provenire,
455 2026 548 2080 sed
573 2026 855 2095 episcopos
879 2025 1120 2080 locorum
1146 2024 1518 2078 tantummodo
1540 2024 1718 2078 distri-

125 2115 284 2169 buere
331 2123 583 2181 quartam
636 2114 979 2182 antiquorum
1032 2115 1344 2179 redituum,
1397 2129 1540 2169 nunc
1586 2129 1717 2168 vero

126 2205 342 2274 quiesita
393 2206 504 2258 suis
556 2206 736 2260 usibus
783 2206 1038 2260 retinere.
1086 2204 1445 2270 Quamobrem
1494 2219 1715 2274 pravam

123 2295 584 2350 subintrotluctam
617 2296 1060 2351 consuetudinem
1091 2296 1396 2350 fraternitas
1429 2306 1516 2350 tua
1568 2297 1718 2350 viva-

125 2386 252 2438 citer
278 2387 574 2439 emendare
602 2386 839 2451 festinet,
874 2395 950 2450 ut,
982 2388 1096 2441 sive
1121 2387 1188 2442 de
1217 2387 1503 2456 praeteritis
1527 2386 1714 2441 rediti-

123 2476 236 2542 bus,
264 2476 389 2530 sive
416 2476 483 2530 de
510 2476 592 2530 his
619 2493 738 2545 quae
767 2477 976 2532 noviter
1003 2478 1292 2541 obvenere,
1321 2478 1406 2531 vel
1433 2477 1718 2531 obvenien-

122 2568 274 2632 tibus,
332 2580 532 2638 quarta
580 2569 872 2624 secundum
917 2569 1349 2625 distributionem
1398 2570 1714 2625 canonicam

121 2661 492 2730 dispensatur.
549 2663 700 2732 147
746 2661 1099 2730 lncongruum
1148 2677 1381 2730 namque
1425 2670 1508 2717 est
1556 2677 1716 2716 unam

122 2752 480 2820 eamdemque
537 2752 790 2807 Ecclesia:
840 2752 1190 2805 substantiam
1239 2751 1438 2821 duplici
1485 2751 1718 2820 quodam

121 2843 274 2898 modo
299 2844 436 2912 jure
463 2844 693 2909 censeri,
726 2843 779 2899 id
803 2853 886 2898 est
910 2841 1270 2912 usurpationis
1299 2852 1353 2897 et
1375 2857 1660 2897 canonum.
1694 2851 1712 2894 ι

123 2933 251 3003 (Lib.
283 2951 366 2999 ιιι,
405 2952 489 3004 ep.
523 2934 632 3003 fl.)

182 3025 271 3080 55.
312 3026 404 3079 Ab
437 3026 556 3081 aliis
597 3025 862 3096 episcopis
908 3027 1286 3080 communione
1317 3025 1554 3095 privatos
1583 3025 1717 3079 Grc-

1820 1843 2062 1897 rumdem
2079 1844 2317 1912 judicum
2338 1847 2688 1914 reprobantes
2708 1847 3050 1912 sententiam,
3078 1860 3258 1902 nostra
3281 1864 3408 1902 cum

1821 1932 2132 1989 definitione
2161 1938 2506 2002 catholicum,
2552 1947 2607 1991 et
2635 1939 2700 1992 ab
2730 1941 2874 1992 omni
2905 1941 3154 1995 hmretico
3185 1941 3408 1994 crimine

1820 2023 2050 2078 liberum
2080 2041 2220 2092 esse,
2252 2025 2445 2080 Christi
2479 2028 2570 2082 Dei
2603 2027 2980 2097 Redemptoris
3011 2030 3176 2083 nostri
3208 2030 3408 2084 miscri~

1819 2115 2002 2170 cordia
2033 2123 2085 2170 et
2111 2117 2280 2184 gratia
2311 2117 2605 2183 revelantc,
2637 2117 3084 2173 dcuuntiavimus.
3109 2139 3127 2171 ι
3159 2119 3295 2188 (Lib.
3330 2136 3404 2188 vt,

1817 2222 1897 2275 ep.
1933 2206 2054 2277 15.)

1889 2299 2020 2353 Item
2074 2299 2327 2354 Mauricio
2375 2300 2687 2369 imperatori
2731 2308 2853 2371 post
2883 2315 3093 2369 pauca:
3127 2319 3144 2351 ι
3174 2299 3406 2354 Relectis

1819 2397 1872 2451 in
1903 2397 2132 2451 concilio
2161 2411 2278 2464 quae
2307 2406 2494 2450 contra
2524 2393 2804 2458 Joannem,
2837 2394 3078 2448 ecclesiae
3106 2393 3404 2447 Chalcedo-

1819 2490 2001 2543 nensis
2029 2489 2424 2558 presbyterum,
2440 2497 2560 2541 acta
2583 2495 2726 2551 sunt,
2751 2487 2905 2540 simul
2929 2495 2984 2540 et
3005 2486 3143 2540 serie
3162 2484 3404 2553 judicati,

1819 2578 2079 2646 majorem
2119 2577 2266 2631 illum
2315 2575 2628 2645 injustitiam
2668 2576 2984 2629 sustinuisse
3023 2574 3404 2642 cognovimus,

1819 2671 2017 2739 quippe
2047 2684 2205 2737 quem
2233 2669 2555 2723 clamantem
2587 2682 2644 2722 se
2674 2674 2834 2734 atque
2865 2673 3253 2718 monstrantem
3283 2678 3405 2717 esse

1823 2761 2172 2823 catholicum,
2206 2775 2310 2812 non
2341 2766 2526 2812 reatus
2555 2758 2730 2826 culpa,
2775 2756 2868 2810 sed
2907 2756 2996 2809 diu
3027 2755 3296 2808 accusatio
3327 2753 3408 2806 in¢

1821 2859 1971 2905 certa
2017 2850 2287 2913 contrivit,
2336 2849 2388 2902 in
2435 2856 2662 2912 tantum,
2691 2847 2815 2914 quia
2846 2855 3186 2900 accusatores
3216 2844 3406 2912 ipsius,

1823 2939 2286 2994 Marcionistarum
2326 2952 2486 3006 quam
2527 2937 2897 2990 memorabant
2928 2934 3170 2988 haeresim
3205 2934 3409 2989 nescire

1823 3047 1882 3087 se
1910 3041 2095 3100 aperta
2125 3029 2476 3099 responsione
2506 3028 2731 3098 professi
2775 3036 2918 3091 sunt,
2964 3034 3016 3081 et
3043 3027 3134 3095 qui
3166 3026 3308 3080 illico
3356 3027 3408 3080 in

121 3115 293 3185 gorius
315 3113 695 3169 communioni
719 3115 957 3182 pristina:
1004 3113 1347 3168 reformabat.
1380 3113 1720 3182 Quapropter

1828 3118 2007 3187 iudicii
2040 3118 2250 3172 fuerant
2278 3118 2464 3172 limine
2490 3117 2781 3186 repellendi
2828 3117 2880 3170 in
2923 3117 3266 3170 accusatione
3293 3116 3410 3184 ejus

115 3207 326 3277 Magno,
362 3207 691 3277 presbytero
721 3205 1132 3260 Metliolanensis
1162 3205 1424 3266 ecclesizc,
1456 3205 1713 3269 scribens,

117 3302 184 3353 ait
208 3318 221 3351 :
253 3318 271 3350 ι
301 3298 486 3360 Sicut,
513 3299 760 3366 exigente
789 3298 965 3367 culpa,
995 3296 1152 3365 digne
1175 3297 1294 3363 quis
1321 3313 1350 3350 a
1378 3304 1716 3350 sacramento

117 3389 521 3443 communionis
573 3388 840 3454 abigitur,
898 3386 968 3440 ita
1010 3386 1309 3440 insontibus
1357 3385 1504 3438 nullo
1555 3383 1717 3438 modo

115 3480 230 3535 talis
268 3481 509 3548 irrogari
540 3480 701 3534 debet
726 3479 982 3533 vindicta.
1034 3477 1406 3544 Comperimus
1453 3475 1716 3545 siquidem

116 3571 251 3639 quod
285 3570 422 3624 Lam
441 3572 640 3629 entius,
667 3568 936 3637 quondam
967 3566 1134 3620 frater
1162 3575 1218 3620 et
1243 3567 1600 3635 coepiscotnus
1627 3581 1719 3618 no-

112 3671 240 3724 ster,
277 3661 452 3715 nullis
483 3669 535 3715 lc
563 3660 737 3728 culpis
765 3658 1099 3713 exstantibus
1127 3657 1506 3712 communione
1535 3655 1716 3724 priva-

113 3753 267 3816 verit,
300 3752 544 3820 ideoque
574 3750 730 3817 bujus
761 3748 1016 3819 prmcepti
1043 3748 1212 3802 nostri
1241 3746 1562 3801 auctoritate
1596 3761 1714 3799 mu-

113 3843 276 3908 nitus,
309 3841 558 3895 ollicium
589 3848 737 3893 tuum
765 3853 989 3892 securus
1028 3852 1240 3908 perage,
1288 3845 1344 3891 et
1387 3835 1720 3892 communio-

116 3948 232 3985 nem
263 3933 396 3987 sine
431 3930 610 4000 aliqua
639 3947 791 3986 sume
819 3929 1119 3984 formidine.
1151 3949 1169 3981 ι
1214 3928 1354 4000 (Lib.
1387 3944 1462 3994 ιιι,
1493 3945 1574 3998 ep.
1607 3925 1722 3996 26.)

178 4025 267 4078 '56.
313 4025 624 4091 Purgantes
644 4037 703 4077 se
726 4038 757 4077 a
780 4022 1004 4077 crimine
1031 4021 1316 4090 cujuslibet
1345 4019 1567 4075 haeresis
1589 4016 1724 4073 Gre-

112 4117 292 4184 gorius
327 4132 447 4169 non
477 4115 652 4169 solum
711 4114 1026 4183 recipiebat,
1077 4115 1183 4167 imo
1211 4113 1374 4167 etiam
1427 4110 1724 4167 catholicos

110 4209 457 4262 declarabat.
510 4205 661 4261 Unde
709 4205 923 4270 Joanni,
973 4203 1571 4273 ConstantinOpolitano
1601 4201 1721 4271 epi-

111 4315 300 4368 scopo,
333 4299 554 4362 scribit,
587 4299 770 4353 dicens
797 4316 808 4350 :
841 4299 1021 4352 «Sicut
1067 4297 1442 4351 limreticorum
1487 4297 1724 4365 pravitas

110 4392 224 4444 zelo
255 4402 437 4444 rectm
489 4389 609 4444 fidei
640 4389 1062 4458 comprimenda,
1093 4388 1166 4441 ita
1194 4403 1335 4442 vera:
1376 4386 1726 4441 confessionis

1821 3211 2009 3264 incerti
2042 3223 2355 3278 permanere
2386 3207 2630 3277 permissi
2660 3215 2803 3262 sunt.
2836 3205 2962 3273 Sed,
3009 3221 3076 3260 ne
3114 3205 3254 3259 dicta
3287 3221 3408 3259 eum

1826 3300 1984 3372 148
2012 3300 2201 3354 saltem
2231 3299 2469 3353 lacerare
2496 3298 2760 3368 potuisset
2785 3297 2988 3364 opinio,
3020 3295 3255 3351 libellum
3287 3295 3408 3351 fidei

1820 3392 2034 3458 obtulit,
2062 3391 2114 3444 in
2147 3405 2254 3459 quo
2280 3403 2340 3443 se
2368 3396 2614 3458 patenter
2640 3386 2926 3441 ostendere
2954 3385 3073 3439 fidei
3102 3393 3263 3440 rectm
3286 3400 3409 3452 pro-

1817 3479 2076 3534 fessorem
2103 3477 2307 3533 studuit
2333 3485 2388 3532 et
2415 3491 2722 3546 sequacem.
2762 3473 2866 3529 Sed
2897 3475 3039 3528 hunc
3070 3490 3099 3527 a
3130 3474 3408 3528 sanctissi-

1819 3585 1909 3625 mo
1937 3569 2163 3636 Joanne,
2208 3569 2372 3622 fratre
2398 3577 2452 3622 et
2479 3565 2802 3636 coepiscopo
2832 3573 3036 3628 nostro,
3075 3562 3284 3631 judices
3313 3561 3410 3616 de-

1820 3653 2010 3733 putati,
2040 3661 2234 3729 injuste
2264 3674 2328 3713 ac
2356 3655 2793 3712 irrationabiliter
2815 3654 3169 3723 negligentes,
3199 3653 3325 3705 dum
3351 3652 3409 3704 in

1821 3753 1938 3823 ejus
1966 3768 2026 3808 se
2053 3753 2154 3807 nisi
2183 3758 2309 3807 sunt
2352 3763 2620 3817 occupare
2657 3746 2991 3814 gravamine,
3019 3759 3078 3798 se
3121 3743 3299 3813 potius
3324 3756 3410 3795 re-

1823 3843 2211 3914 prehensibiles
2237 3839 2609 3895 ostenderunt.
2656 3835 2790 3889 Nam
2817 3835 2994 3888 nullus
3025 3833 3244 3899 ambigit
3288 3831 3410 3885 iuli-

1823 3934 2098 3989 delitatem
2126 3946 2264 3998 esse,
2298 3929 2454 3984 fidem
2484 3925 2726 3981 fidelibus
2741 3938 2847 3978 non
2874 3923 3096 3978 habere.
3126 3941 3144 3974 ι
3165 3926 3182 3991 (
3203 3920 3314 3977 Lib.
3337 3936 3410 3988 vt,

1823 4044 1905 4097 ep.
1941 4023 2062 4094 16.)

1896 4110 2025 4164 Item
2049 4106 2200 4162 Narsl
2222 4103 2405 4159 comiti
2421 4102 2487 4156 de
2515 4100 2704 4156 eodem
2735 4106 2858 4169 post
2887 4097 2990 4151 alia
3015 4114 3028 4150 :
3062 4115 3080 4148 ι
3102 4097 3175 4151 De
3203 4095 3412 4151 Joanne

1824 4217 1955 4257 vero
1978 4199 2293 4270 presbytero
2318 4194 2626 4263 cognoscite
2654 4191 2776 4261 quia
2806 4189 2946 4244 illius
2973 4203 3134 4243 causa
3165 4203 3259 4257 per
3285 4204 3412 4258 syth

1826 4294 1988 4348 odum
2027 4289 2207 4344 decisa
2237 4294 2338 4350 est,
2386 4285 2569 4354 inqua
2619 4290 2806 4351 aperte
2855 4279 3080 4348 cognovi
3124 4279 3248 4347 quia
3296 4278 3412 4346 ejus

1828 4381 2117 4439 adversarii
2159 4395 2284 4435 cum
2315 4376 2490 4432 facere
2520 4375 2828 4430 haereticum
2869 4372 3174 4437 voluerunt,
3221 4379 3275 4425 et
3320 4371 3411 4424 diu

111 4489 188 4534 est
237 4481 536 4548 integritas
565 4479 991 4548 complectenda.
1026 4479 1159 4532 Nam
1204 4479 1248 4532 si
1293 4478 1438 4534 credi
1486 4477 1714 4532 fideliter
1744 4485 1792 4543 ι)
1827 4473 2005 4528 conati
2050 4477 2196 4536 sunt,
2225 4465 2323 4522 sed
2369 4464 2589 4520 minime
2618 4469 2928 4533 potuerunt.
2956 4479 2976 4513 ι
3015 4460 3154 4532 (Lib.
3204 4478 3275 4526 vr,
3325 4477 3408 4531 ep.

109 4570 402 4625 confitenti
447 4570 758 4638 deSpicitur,
791 4580 1106 4624 cunctorum
1139 4570 1191 4623 in
1221 4570 1438 4624 dubium
1470 4569 1599 4624 lides
1624 4570 1717 4624 ad-

108 4661 345 4725 ducitur,
380 4671 553 4732 atque
581 4677 791 4716 errores
821 4676 888 4714 ex
917 4660 1129 4714 incauta
1169 4659 1504 4715 districtione
1531 4660 1718 4717 morti-

107 4752 200 4805 fcri
231 4762 612 4820 generantur,
645 4760 701 4805 et
728 4752 852 4806 hinc
880 4766 983 4805 non
1014 4751 1190 4805 solum
1227 4758 1472 4805 errantes
1500 4765 1629 4804 oves
1657 4750 1725 4803 ad

105 4843 292 4894 caulas
337 4842 574 4894 minime
615 4838 921 4893 Dominicas
951 4846 1292 4903 revocantur,
1324 4837 1418 4892 sed
1449 4838 1614 4891 etiam
1642 4837 1726 4891 in-

112 4939 194 4984 tns
224 4932 440 5000 positae
471 4929 655 4985 ferinis
677 4929 924 4983 dentibus
951 4927 1212 4981 laniandze
1241 4927 1531 4982 crudeliter
1558 4943 1727 4997 expo-

105 5031 332 5075 nuntur.
383 5019 508 5074 lloc
554 5034 682 5087 ergo
722 5020 1011 5085 subtiltter,
1047 5017 1208 5072 frater
1233 5018 1564 5083 charissime,
1599 5034 1725 5088 per-

105 5111 452 5178 pendamus,
476 5120 529 5163 et
558 5109 657 5164 sub
686 5117 950 5178 prtetextu
979 5108 1199 5162 haeresis
1227 5105 1391 5175 affligi
1417 5109 1725 5179 quempiam

101 5201 384 5255 veraciter
421 5198 766 5266 profitentem
794 5197 949 5252 fidem
980 5197 1297 5252 catholicam
1330 5212 1436 5252 non
1467 5199 1722 5263 sinamus,

103 5304 186 5351 ne,
219 5291 384 5360 quod
444 5273 605 5354 absit,
637 5289 884 5343 haeresim
915 5289 1029 5343 fieri
1055 5289 1155 5343 sub
1182 5288 1571 5343 emendationis
1609 5304 1726 5344 ma-

96 5385 172 5450 gis
191 5384 399 5454 specie
420 5383 822 5454 permittamus.
850 5381 1020 5436 Valde
1045 5389 1226 5436 autem
1255 5381 1377 5434 irati
1405 5395 1611 5449 sumus,
1635 5397 1730 5436 cur

98 5473 132 5526 ii
160 5474 254 5542 qui
284 5474 346 5528 in
379 5488 557 5528 causa
586 5471 707 5526 ﬁdei
731 5471 938 5540 judices
967 5479 1156 5527 contra
1183 5470 1467 5537 Joannem,
1500 5470 1726 5526 Chalce-

1832 4564 1916 4618 16.

1900 4563 2032 4707 lt)em
2063 4647 2376 4711 Athanasio,
2409 4644 2724 4715 presbytero
2753 4641 2820 4695 de
2847 4640 3046 4695 Isauria
3073 4657 3085 4692 :
3119 4658 3137 4689 ι
3164 4638 3314 4692 Sicut
3343 4638 3413 4692 de

1832 4748 1910 4803 eis
1935 4760 2070 4814 quos
2098 4744 2164 4798 ab
2192 4742 2397 4796 unitate
2442 4737 2693 4792 Ecclesiae
2723 4733 2982 4788 luereticze
3024 4730 3297 4800 pravitatis
3325 4745 3412 4783 er.

1830 4854 1922 4892 ror
1951 4833 2174 4890 abscidit
2198 4829 2482 4898 affligimur
2505 4835 2561 4882 et
2587 4825 2850 4889 dolemus,
2897 4823 2968 4876 ita
2998 4822 3079 4876 his
3107 4835 3240 4887 quos
3270 4819 3413 4878 intra

1838 4928 2012 4980 sinum
2059 4937 2212 4977 suum
2251 4918 2528 4974 catholicae
2567 4915 2685 4969 fidei
2725 4911 2986 4982 professio
3017 4909 3256 4965 continet
3281 4923 3414 4963 con-

1831 5015 2154 5086 gaudemus;
2193 5018 2248 5063 et
2277 5016 2334 5062 ιιι
2363 5005 2611 5076 pastorali
2653 5001 3012 5058 sollicitudine
3057 4999 3268 5052 illorum
3312 5013 3412 5052 nos

1831 5111 2044 5175 oportet
2072 5099 2436 5171 impietatibus
2479 5096 2720 5159 obviare,
2749 5093 2828 5146 sic
2854 5091 2955 5161 piis
2986 5105 3170 5145 eorum
3202 5089 3412 5158 profes-

1831 5196 2070 5250 sionibus
2097 5190 2346 5260 congruit
2366 5186 2598 5240 favorem
2622 5185 2956 5252 impendere,
2981 5190 3036 5234 et
3063 5179 3269 5233 sincera
3294 5195 3414 5233 esse

1831 5301 1949 5358 quae
1994 5285 2204 5352 sapiunt
2244 5280 2539 5333 declarare.
2571 5275 2747 5343 Atque
2794 5273 2934 5335 ideo,
2967 5271 3094 5324 dum
3125 5271 3216 5324 tibi
3248 5271 3414 5325 Atha.

1834 5379 1985 5434 nasio
2016 5375 2330 5445 presbytero
2367 5367 2674 5424 monasterii
2703 5367 2872 5420 sancti
2901 5364 3059 5430 ιιιιω,
3089 5365 3173 5418 cui
3203 5373 3284 5418 est
3312 5381 3412 5417 vo-
3486 5371 3500 5385 ‘

1836 5469 2086 5526 cabulum
2136 5465 2411 5527 Tannaco,
2439 5459 2583 5530 quod
2636 5460 2688 5513 in
2735 5458 2999 5529 Lycaonia
3030 5465 3113 5514 cst
3140 5455 3410 5526 provincia

165 5638 189 5664 ε
219 5627 284 5681 ιιι
318 5625 470 5682 cod.
504 5625 846 5696 epistolarum
875 5626 1089 5696 legitur,
1118 5625 1597 5681 Marcianistarum.
1629 5624 1827 5683 Verum
1861 5623 2063 5682 outitna
2095 5626 2173 5675 est
2221 5617 2383 5676 lectio
2411 5615 2888 5690 ⁵ιιιπςὶοηιςιαηιηι
2915 5653 2931 5682 ,
2956 5623 3014 5668 ut
3056 5612 3216 5667 etiam
3241 5612 3409 5670 innui.

97 5713 218 5755 ntus
247 5699 309 5754 in
345 5697 513 5753 notis
542 5695 608 5751 ad
637 5695 775 5751 hanc
803 5695 958 5766 epist.
