3992 6304
1094 244 1150 300 S.
1193 233 1526 294 GRECORlI
1565 226 1776 284 MAGNI
1817 222 2002 287 VITA,
2046 215 2253 274 AUCT.
2293 208 2551 269 JOANNE
2593 201 2904 260 Dl.\CON0.
2943 199 3074 255 LIB.
3114 195 3202 252 Ν.
3703 189 3807 250 90!)

1522 345 1604 401 dei
1630 350 1745 398 orta
1775 335 2004 406 suspicio
2027 340 2134 396 est,
2161 333 2207 390 Α
2238 326 2396 379 tionis
2441 318 2682 384 stimulo,
2712 312 2962 370 satisﬁeri
2999 310 3154 365 vobis
3203 305 3469 361 veraciter
3504 303 3574 357 de
3618 300 3701 355 his
3746 303 3811 358 de

2231 415 2423 482 quibus
2444 421 2525 466 est
2546 409 2816 471 dubietas,
2840 400 3145 458 intendatis.
3171 395 3478 451 Remeantis
3491 407 3674 446 auem
3690 390 3812 448 Cas-

2234 504 2354 557 torii
2389 501 2580 555 notarii
2630 497 2734 551 mei
2774 494 2998 549 edoctus
3045 489 3307 544 relatione
3336 501 3475 549 sum,
3512 483 3808 537 fraternita-

2234 601 2341 648 tem
2371 599 2602 644 vestram
2651 587 2717 640 ad
2748 599 2834 638 me
2885 583 3085 636 habere
3126 577 3446 632 desiderium
3479 573 3744 636 veniendi,
3773 573 3814 628 si

2234 681 2556 753 promissum
2584 677 2742 732 fuerit
2775 675 2900 743 quia
2931 672 3129 726 nullam
3171 668 3473 723 molestam
3510 666 3812 721 sustinebit.

2237 773 2351 826 Hoc
2377 784 2476 838 ego
2507 781 2853 834 cognoscens,
2904 771 2958 817 et
2986 771 3146 830 opto,
3187 768 3263 826 et,
3312 772 3601 812 succensus
3631 754 3817 808 ardore

2237 861 2533 919 charitatis.
2559 859 2728 912 invito
2750 864 2808 909 ut
2837 854 2902 908 ad
2931 868 3018 907 me
3049 850 3298 905 veniendi
3319 846 3560 901 debeatis
3584 845 3816 897 laborem

551 378 921 440 constitutum,
946 359 1211 422 contraria
1241 358 1458 420 integra}
1486 349 1516 400 ti

549 419 611 522 ut
640 419 989 542 professionis
1015 464 1118 509 tua:
1164 447 1424 519 potuisset
1452 436 2030 542 integritas‘apparere,
2061 419 2128 474 ad

549 519 902 629 aporstolicam
946 546 1147 603 sedem,
1176 537 1261 591 cui
1290 527 1650 603 ptmsidemus,
1697 519 1903 595 elegisti
1945 526 2131 629 recu'r-

555 600 695 716 rere,
725 655 972 700 asserens
997 635 1156 690 etiam
1189 637 1240 681 te
1267 612 1999 716 corporaliternverberatum
2035 600 2134 654 ali-

555 702 906 814 qua'injuste
949 744 1011 781 ac
1053 721 1317 775 violenter
1372 710 1580 765 fecisse.
1629 702 1692 756 Et
1719 710 2038 804 quanquam
2068 707 2132 745 ea

556 792 676 903 qua:
818 813 1148 891 impulsionis
1188 807 1319 861 ﬁunt
1363 811 1631 857 canonum
1662 792 1881 847 minime
1909 796 2133 903 censaura

559 874 796 988 recipiat,
827 874 1021 977 etxjure
1051 903 1350 958 habeantur
1378 885 1760 988 iniit'nia,nqtiia
1789 881 1904 988 ipse
1932 892 1994 978 ea

558 965 716 1070 solvit
755 965 845 1076 qui
895 965 1151 1068 injustum
1199 987 1351 1043 fateri
1397 972 1824 1076 compellit,‘sed.
1854 969 2022 1035 magis
2050 965 2138 1019 illa

685 1065 1023 1162 suscipienda
1069 1093 1124 1139 et
1170 1073 1537 1148 amplectenda
1597 1065 1866 1123 conlessio
1907 1073 2026 1128 quas
2074 1072 2140 1110 ex

562 1148 859 1262 spontanee
875 1183 1204 1236 monstratur
1221 1171 1494 1225 voluntate
1509 1158 1822 1232 procedere,
1844 1155 1981 1209 sicut
2003 1148 2143 1214 apud

565 1238 666 1338 nos
693 1278 886 1333 iecisse
914 1264 1263 1340 dignosceris.
1310 1260 1388 1314 Ne
1415 1254 1541 1326 quid
1571 1261 1747 1306 tamen
1796 1246 1948 1300 nobis
1976 1238 2144 1296 ambi-

562 1387 728 1444 guum
772 1337 1034 1438 potuisset
1071 1358 1320 1416 existere,
1348 1345 1683 1404 sanctissimo
1726 1337 1940 1401 Joanni,
1970 1347 2144 1432 quou-

569 1427 691 1519 dam
720 1427 1082 1514 fratri‘nostro
1107 1437 1708 1507 ConstantinOpolitaaze
1747 1427 1978 1484 civitatis
2007 1427 2147 1476 anti-

569 1555 704 1616 stiti,
737 1551 806 1606 de
835 1560 887 1602 te
914 1541 1249 1616 prtevidimus
1277 1530 1640 1589 scribendum,
1670 1532 1728 1576 ut
1756 1521 1864 1576 suis
1893 1534 1994 1572 nos
2021 1515 2149 1616 quid

572 1605 755 1699 actum
791 1605 932 1693 esset
975 1628 1214 1701 epistolis
1259 1620 1587 1678 informaret.
1620 1613 1720 1678 Qui
1765 1623 1906 1678 saepe
1935 1623 1963 1659 a
1990 1605 2150 1701 nobis

571 1727 894 1788 admonitus,
944 1717 1268 1776 rescribens,

573 1816 714 1887 apud
763 1823 817 1867 te
861 1784 1022 1863 fuisse
1071 1806 1345 1858 inventum
1392 1808 1498 1866 quo
1541 1791 1693 1860 plura
1739 1784 2152 1841 continebantur

575 1872 846 1964 haeretica,
874 1906 929 1952 et
949 1897 1018 1950 ob
1037 1895 1143 1948 hoc
1171 1889 1424 1943 adversus
1452 1879 1790 1936 dilectionem
1819 1883 1964 1929 tuam
1991 1872 2154 1924 fuisse

979 1983 1148 2049 Quem
1179 1977 1303 2045 quia
1333 1972 1399 2027 ad
1429 1986 1526 2025 nos
1568 1966 1770 2021 studuit
1812 1977 1908 2033 pro
1947 1956 2156 2014 satisfa-

576 2049 758 2140 ctione
795 2075 1182 2136 transmittere,
1210 2065 1419 2137 priores
1447 2060 1562 2129 ejus
1591 2065 1768 2128 partes
1809 2051 2036 2108 sollicita
2082 2049 2160 2103 le-

576 2172 760 2227 ctione
786 2161 1179 2236 percurrimus;
1211 2163 1266 2208 et
1292 2151 1544 2221 quoniam
1573 2143 1856 2201 manifesta
1882 2141 1934 2194 in
1959 2155 2025 2194 eo
2049 2138 2159 2192 lia:-

582 2259 764 2316 retictc
790 2227 1071 2324 pravitatis
1089 2258 1297 2300 venena
1318 2239 1632 2308 reperimus,
1662 2250 1727 2288 ne
1750 2233 1922 2286 denuo
1950 2227 2162 2282 debuis-

585 2355 668 2402 set
713 2319 813 2410 legi
859 2338 1145 2394 vetnimus.
1195 2332 1301 2386 Sed
1330 2330 1452 2398 quia
1483 2329 1623 2381 hunc
1655 2334 1706 2378 te
1734 2321 2043 2390 simpliciter
2083 2319 2158 2372 lcv

586 2435 727 2502 gisse
760 2409 984 2483 tie-tatus
1026 2439 1107 2490 es,
1130 2430 1184 2475 et
1209 2419 1274 2474 ad
1298 2418 1671 2486 amputandam
1702 2413 1960 2480 ambiguae
1989 2409 2164 2478 suspi-

587 2495 761 2575 cionis
794 2513 1069 2569 materiam
1104 2509 1340 2563 libellum
1371 2504 1526 2559 nobis
1555 2517 1712 2554 manu
1761 2508 1851 2551 tua
1878 2495 2166 2566 porrexisti

591 2605 967 2681 perscriptum,
1019 2601 1074 2655 in
1116 2612 1246 2668 quo,
1278 2594 1434 2646 ﬁdem
1465 2600 1605 2644 tuam
1637 2601 1931 2655 exponens,
1978 2597 2169 2636 omnes

593 2673 914 2767 generaliter
938 2693 1185 2748 bmreses,
1219 2684 1301 2740 vel
1328 2681 1579 2753 quidquid
1609 2685 1862 2732 adversus
1893 2673 2171 2727 catholica:

595 2763 944 2855 professionis
969 2777 1328 2844 integritatem
1359 2780 1458 2835 est,
1488 2766 1823 2838 apertissime
1850 2763 2173 2818 condemna-

591 2849 688 2940 Eo,
718 2883 770 2926 et
792 2875 982 2925 cuncta
1006 2879 1123 2935 qua:
1149 2869 1346 2917 sancwe
1373 2866 1604 2928 quatuor
1631 2852 1957 2910 universales
1986 2849 2172 2922 synodi

596 2959 864 3028 recipiunt
911 2965 963 3010 te
1007 2966 1219 3022 semper
1247 2947 1517 3018 recepisse
1553 2960 1616 2999 ac
1653 2945 1912 3013 recipere,
1959 2949 2014 2996 et
2058 2953 2177 3008 quas

2240 967 2513 1008 assumere
2544 970 2553 1000 :
2587 955 2851 1018 quatenus
2870 945 3073 1014 parit-er
3098 941 3454 1000 conferentes,
3486 951 3604 1005 qua:
3629 949 3747 986 vera
3770 942 3821 988 et

2241 1041 2587 1110 Redemptori
2635 1045 2822 1092 nostro
2863 1042 2990 1089 sunt
3015 1032 3244 1102 placita,
3274 1037 3329 1082 et
3357 1026 3717 1082 communiter
3745 1023 3823 1076 Io-

2241 1150 2488 1197 auamur,
2517 1140 2572 1186 et
2600 1129 2775 1184 modis
2803 1126 3051 1182 omnibus
3078 1132 3376 1176 teneamus.
3403 1117 3518 1186 Ego
3546 1131 3699 1178 vero,
3749 1115 3824 1167 di-

2238 1225 2380 1280 vina:
2409 1219 2757 1292 protectionis
2779 1217 2949 1284 gratia
2971 1212 3316 1279 suffragante,
3340 1205 3654 1262 satisfacere
3678 1202 3827 1256 vobis

2245 1317 2312 1371 de
2331 1314 2524 1383 quibus
2552 1310 2807 1366 dubitatis
2837 1313 3057 1378 paratus
3077 1320 3216 1368 sum,
3241 1310 3296 1356 et
3324 1299 3535 1355 confido
3565 1297 3634 1350 de
3655 1295 3827 1375 om_ni-

2244 1405 2478 1476 potentis
2514 1402 2608 1456 Dei
2637 1400 2806 1455 nostri
2836 1395 3141 1458 clementia,
3170 1394 3298 1463 quia
3328 1393 3400 1445 ita
3432 1391 3589 1444 vobis
3619 1387 3827 1441 satisfa-

2247 1498 2356 1551 ctio
2385 1511 2502 1550 mea
2533 1493 2756 1548 interius
2787 1488 3088 1550 inhmrebit,
3121 1495 3178 1540 ut
3207 1485 3334 1539 nihil
3367 1481 3614 1538 charitati
3647 1488 3830 1532 vestra:

2249 1587 2316 1642 de
2343 1595 2537 1642 cmtero
2568 1584 2732 1653 possit
2762 1581 3067 1648 ambiguum
3099 1591 3397 1632 remanere.
3445 1573 3577 1626 Nam
3608 1572 3696 1624 illa
3722 1585 3831 1637 qum

1593 1660 1878 1772 q‘tiemdai'n
1907 1693 2147 1749 codicem
2184 1685 2228 1744 Β
2254 1675 2600 1730 sanctissimae
2627 1681 2859 1742 quatuor
2887 1668 3075 1739 synodi
3099 1673 3393 1735 sapuerunt
3420 1673 3584 1732 atque
3613 1660 3831 1715 definie-

2255 1773 2403 1826 runt,
2452 1763 2607 1817 sicuti
2657 1761 3023 1831 praedecessor
3075 1767 3260 1811 noster
3313 1755 3419 1808 Leo
3472 1751 3836 1806 sanctissimus

2256 1871 2413 1925 papa,
2457 1855 2528 1907 ita
2569 1869 2631 1906 ea
2657 1859 2711 1905 et
2740 1866 2837 1903 nos
2866 1851 3120 1919 sapimus,
3149 1846 3438 1914 sequimur,
3480 1859 3542 1896 ac
3573 1853 3837 1908 tenemus,

2257 1963 2358 2001 nec
2384 1946 2450 1999 ab
2473 1959 2656 1998 earum
2682 1940 2784 1995 ﬁde
2812 1941 2992 2011 aliquo
3015 1939 3175 1992 modo
3198 1936 3555 1991 dissentimus.
3588 1933 3694 1987 Sed
3722 1933 3837 1999 quia

2256 2039 2378 2108 plus
2407 2051 2633 2106 persona
2671 2047 2906 2100 przcsens
2933 2047 3093 2098 quam
3122 2029 3348 2098 epistola
3377 2026 3662 2088 satisfacit,
3722 2025 3840 2077 hor-

2260 2135 2365 2191 tor,
2399 2125 2725 2179 dilectissimi
2757 2126 2968 2188 fratres,
3005 2129 3062 2174 ut
3086 2119 3154 2173 ad
3187 2133 3272 2171 me
3301 2117 3508 2175 venire.
3544 2117 3681 2168 sicut
3716 2129 3841 2182 prm-

2260 2217 2402 2271 fatus
2431 2231 2571 2282 sum,
2603 2213 2865 2276 debeatis,
2909 2209 3218 2273 dummodo,
3265 2208 3470 2261 ratione
3497 2214 3778 2275 percepta,
3812 2221 3842 2258 a

2263 2307 2550 2362 concordia
2599 2315 2796 2360 sonctre
2826 2302 3141 2357 universalis
3187 2299 3435 2352 Evc'esiae
3465 2297 3734 2352 dissensio
3760 2311 3844 2350 vos

2266 2398 2411 2452 nulla
2443 2397 2716 2452 dissociet.
2749 2394 2862 2448 lloc
2903 2403 3079 2446 tamen
3119 2400 3262 2444 certa
3303 2389 3368 2442 sit
3396 2398 3573 2441 vestra
3615 2387 3848 2440 charitas

2267 2491 2391 2558 quia
2413 2504 2510 2544 vos
2538 2496 2594 2543 et
2622 2502 2742 2542 cum
2775 2485 2966 2540 affectu
3001 2498 3108 2553 quo
3147 2481 3302 2536 decet
3328 2479 3613 2547 suscipiam
3646 2487 3700 2530 et
3739 2491 3849 2531 cum

2270 2581 2439 2648 gratia
2483 2578 2758 2641 relaxabo,
2810 2593 2906 2631 nec
2954 2576 3185 2644 aliquam
3232 2588 3329 2627 vos
3356 2572 3441 2625 vel
3483 2584 3852 2639 quom-umque

2272 2673 2406 2726 alios
2428 2671 2518 2741 qui
2541 2686 2635 2739 pro
2661 2671 2758 2724 hac
2783 2669 2850 2722 ad
2875 2683 2962 2722 me
2987 2681 3148 2721 causa
3180 2665 3360 2719 venire
3387 2663 3656 2716 voluerint
3675 2700 3688 2722 ,
3730 2661 3853 2714 ailli-

2273 2764 2508 2819 ctionem
2538 2763 2622 2816 vel
2649 2760 2948 2815 molestiam
2971 2758 3233 2811 sustinere
3255 2753 3522 2826 permitto,
3555 2751 3649 2814 sed
3672 2766 3774 2804 seu
3795 2750 3852 2804 ad

2274 2851 2712 2909 consentiendum
2758 2849 2889 2903 mihi
2938 2863 3033 2903 cor
3073 2855 3309 2902 vestrum
3351 2842 3727 2898 misericordia
3774 2842 3852 2895 di-

2277 2943 2399 2996 vina
2422 2941 2818 3009 compunxerit,
2850 2939 2982 3001 sive,
3015 2936 3158 3006 quod
3191 2935 3347 2998 absit,
3373 2934 3424 2987 in
3455 2949 3516 2987 ea
3539 2948 3637 2986 vos
3665 2931 3852 2986 durare

599 3045 1092 3104 condcmnaverunt
1118 3039 1502 3095 condemnasse
1544 3032 2008 3099 condemnarequ
2054 3038 2252 3102 pro-c
2287 3033 2620 3088 dissensione
2679 3030 3000 3098 contigerit,
3064 3027 3130 3081 ad
3196 3027 3411 3095 propria
3464 3040 3560 3078 vos
3621 3039 3862 3079 renmare

603 3137 776 3192 fessus
795 3144 883 3197 es;
908 3146 1026 3186 eam
1050 3142 1266 3199 quoque
1293 3123 1557 3196 synodum
1580 3137 1699 3190 quae
1724 3120 2062 3187 imperatoris
2081 3116 2177 3170 Ju—

604 3222 822 3281 stinlani
850 3219 1178 3290 temporibus
1202 3216 1270 3270 de
1296 3214 1467 3268 tribus
1493 3210 1740 3280 capitulis
1771 3207 1906 3262 facta
1935 3218 2018 3262 est
2045 3214 2098 3260 te
2126 3213 2182 3260 et

604 3311 878 3379 suscipere
921 3315 976 3361 et
1010 3303 1280 3360 custodire
1328 3299 1652 3371 promisisti,
1703 3305 1774 3359 et,
1809 3296 2104 3366 prohibitus
2149 3295 2181 3350 ὰ

608 3399 765 3454 nobis
794 3395 1033 3452 codicem
1077 3393 1250 3462 ipsum
1282 3390 1460 3458 legere
1505 3388 1559 3443 iu
1599 3403 1707 3456 quo
1746 3386 2011 3456 pestifera:
2039 3386 2183 3441 virus

609 3485 814 3540 fraudis
842 3483 1094 3537 innexum
1125 3486 1228 3546 est,
1259 3477 1605 3532 libentissime
1630 3475 1966 3538 consensisti,
1993 3489 2181 3544 repro-

610 3573 746 3628 bans
772 3571 930 3626 etiam
961 3577 1121 3636 atque
1148 3566 1511 3622 condemnans
1540 3565 1717 3618 omnia
1740 3579 1858 3632 qua:
1882 3571 2065 3626 contra
2090 3578 2180 3617 ca-

611 3660 824 3716 tholicas
870 3657 990 3711 ﬁdei
1038 3656 1396 3723 integritatem
1443 3654 1494 3707 in
1536 3668 1603 3708 eo
1642 3653 1783 3708 dicta
1829 3652 1914 3707 vel
1960 3653 2186 3706 latenter

610 3751 808 3806 inserta
855 3754 997 3811 sunt,
1038 3759 1138 3799 nec
1165 3759 1286 3798 eum
1333 3751 1384 3797 te
1430 3743 1607 3810 legere
1650 3742 1827 3797 denuo
1858 3741 2185 3811 promisisti:

609 3839 714 3895 hac
734 3837 940 3892 ratione
965 3833 1210 3905 permoti,
1241 3841 1520 3902 postquam
1554 3839 1579 3868 α
1610 3829 1770 3885 etiam
1801 3845 1866 3884 ex
1905 3831 2188 3901 exprobati

612 3942 644 3980 a
689 3933 742 3980 te
782 3922 943 3978 libelli
978 3921 1136 3994 1&9
1163 3921 1354 3991 pagina
1379 3959 1394 3984 ,
1427 3919 1557 3974 ﬁdes
1586 3927 1675 3972 tua
1705 3919 1862 3974 nobis
1903 3919 2186 3986 catholica,

612 4011 726 4067 Deo
771 4008 1127 4072 custodiente,
1177 4008 1498 4078 perclaruit,
1547 4007 1614 4061 ab
1643 4007 1788 4062 omni
1828 4016 1880 4063 te
1923 3999 2189 4064 haeretica:

613 4099 981 4172 perversitatis
1028 4097 1234 4152 macula
1272 4096 1425 4166 juxta
1469 4095 1854 4166 professionem
1885 4105 2029 4151 tuam
2059 4098 2192 4152 libe-

611 4204 731 4244 rum
771 4202 891 4242 esse
918 4187 1272 4251 decernimus,
1301 4194 1353 4240 et
1381 4186 1725 4250 catholicum,
1771 4195 1931 4254 atque
1971 4185 2192 4240 sincerae

613 4277 668 4330 in
714 4274 961 4329 omnibus
1007 4272 1126 4327 ﬁdei
1171 4273 1570 4344 professorem,
1621 4288 1686 4328 ac
1735 4288 2018 4342 sequacem
2066 4272 2193 4328 Jrsu

2283 3126 2498 3196 quando
2529 3124 2826 3188 volueritis,
2865 3123 3016 3190 juxta
3064 3122 3472 3190 promissionem
3517 3135 3720 3178 meam,
3753 3119 3860 3175 sine,

2281 3217 2501 3272 laesione
2529 3216 2614 3270 vel
2654 3214 2910 3279 molestia
2941 3213 3183 3268 relaxare
3211 3212 3534 3268 curabimus.
3571 3232 3590 3264 ›
3645 3211 3783 3265 (Lib.
3809 3227 3859 3278 v,

2282 3324 2364 3376 ep.
2397 3305 2513 3370 51.)
2913 3350 2922 3358 .

2355 3394 2442 3449 58.
2476 3394 2752 3455 Severum,
2789 3391 3182 3461 Aquileiensem
3213 3391 3546 3461 episcopum,
3592 3399 3760 3461 caput
3788 3400 3857 3444 to-

2286 3483 2392 3538 tius
2417 3482 2719 3537 schismatis
2749 3481 3087 3540 existentem,
3116 3479 3340 3534 Romam
3369 3481 3551 3533 venire
3573 3480 3860 3549 compellit,

2284 3575 2468 3630 dicens
2492 3592 2504 3627 :
2537 3592 2555 3625 (
2591 3573 2736 3628 Sicut
2762 3573 3089 3641 gradientem
3114 3587 3211 3641 per
3237 3572 3409 3637 devia,
3438 3581 3754 3643 carpentem
3781 3571 3860 3626 de-

2286 3677 2395 3718 nuo
2423 3670 2625 3716 rectum
2656 3662 2944 3727 tramitem,
2995 3669 3108 3714 tota
3138 3660 3397 3715 Dominus
3438 3661 3700 3715 aviditate
3729 3677 3862 3715 com-

2288 3754 2558 3823 plectitur,
2591 3754 2662 3807 ita
2691 3752 2905 3807 demum
2935 3752 3003 3808 de
3023 3752 3306 3806 deserente
3334 3754 3602 3821 cognitam
3635 3754 3865 3810 veritatis

2288 3844 2429 3900 viam
2471 3843 2660 3912 majori
2691 3857 2922 3898 mmrore
2969 3857 3128 3912 quam
3161 3842 3354 3911 gaudio
3383 3857 3490 3912 quo
3537 3843 3604 3897 de
3651 3860 3866 3899 conver.

2288 3940 2436 3987 teme
2458 3932 2669 3986 laetatus
2699 3931 2871 3986 fuerat
2898 3932 3266 3998 contristatur,
3293 3932 3416 4001 quia
3444 3933 3674 3988 minoris
3697 3949 3868 3990 exces-

2289 4036 2382 4078 sus
2428 4031 2514 4077 est
2539 4023 2822 4078 veritatem
2863 4038 2968 4077 non
3015 4037 3342 4092 cognoscere
3385 4037 3544 4092 quam
3585 4026 3641 4079 in
3688 4027 3873 4082 eadem

2292 4113 2472 4183 agnita
2505 4128 2609 4167 non
2657 4128 2894 4180 manere,
2937 4113 3188 4182 aliudque
3234 4122 3319 4168 est
3351 4113 3494 4184 quod
3543 4117 3611 4170 ab
3656 4125 3875 4173 errante

2291 4204 2664 4270 committitur,
2709 4204 2852 4258 a‘iud
2894 4203 3036 4271 quod
3066 4219 3163 4273 per
3191 4203 3467 4258 scientiam
3508 4216 3875 4276 perpetratur.

2241 4347 2248 4355 ,
2291 4288 2356 4345 Ει
2382 4307 2478 4346 nos
2502 4290 2784 4358 siquidem,
2816 4292 2972 4362 150
2990 4300 3248 4360 quantum
3271 4292 3672 4362 incorporatum
3701 4304 3756 4351 te
3771 4297 3879 4366 jam

613 4361 1340 4472 _§‘jl_‘ii"“"':i.5LS'3iia
1366 4363 1621 4472 fiam-$58
1664 4365 2092 4472 Ρςίξηυηίίωηυεο
2125 4363 2190 4418 Ῑίο
2219 4412 2270 4472 D
2292 4379 2496 4450 pridem
2540 4379 2703 4433 fuisse
2749 4379 2803 4433 in
2823 4361 3056 4434 inﬁnitate
3085 4379 3336 4436 Ecclesiae
3371 4361 3538 4449 gavisi
3579 4361 3879 4454 fueramus,

612 4453 794 4506 beram
823 4465 1035 4520 quoque
1064 4452 1346 4506 tribuendo
1369 4451 1635 4507 licentiam
1658 4457 1722 4504 ad
1751 4461 1898 4506 tuum
1921 4463 2190 4507 monaste-

612 4543 748 4598 rium
779 4543 833 4596 in
876 4549 969 4596 tuo
999 4549 1052 4596 te
1096 4541 1216 4597 loco
1271 4543 1351 4596 vel
1379 4541 1565 4598 ordine
1593 4542 1936 4597 nihilominus
1980 4559 2190 4600 remea-

571 4629 592 4700 ξ
610 4648 689 4687 re.
717 4651 735 4682 ι
771 4629 916 4701 (Lib.
949 4647 1020 4696 vr,
1044 4649 1126 4701 ep.
1157 4629 1282 4701 66.)

566 4703 586 4778 i
681 4719 772 4773 57.
794 4719 1174 4774 Schismaticos
1196 4719 1262 4773 ad
1286 4717 1645 4789 recipiendam
1661 4718 2080 4775 satisfactionem
2098 4736 2192 4778 ve-

613 4809 728 4865 nire
755 4809 1044 4878 Gregorius
1088 4808 1363 4872 invitabat,
1401 4808 1595 4875 quibus
1623 4809 1806 4876 etiam,
1849 4811 1894 4865 si
1926 4827 2190 4880 nusquam

611 4901 678 4956 ad
692 4901 952 4956 unitatem
977 4899 1229 4954 Ecclesiae
1248 4899 1426 4954 redire
1443 4900 1755 4967 voluissent,
1781 4905 1978 4958 nullam
1997 4919 2055 4959 se
2079 4906 2190 4961 tac-

621 5000 801 5046 tnrum
830 4989 1137 5045 violentiam
1154 4988 1530 5059 promittebat.
1553 4988 1703 5047 Unde
1732 4992 1890 5050 Petro
1918 5003 1972 5050 et
2000 4995 2190 5050 Provi-

612 5082 814 5148 dentio,
853 5080 1119 5150 episcopis
1143 5080 1210 5134 de
1235 5078 1408 5145 lstria,
1433 5081 1692 5150 scribens,
1725 5085 1801 5139 ait
1832 5103 1843 5139 :
1882 5104 1900 5138 ε
1929 5085 2073 5143 Deus
2099 5084 2192 5157 qui

610 5172 820 5230 laetatur
840 5174 892 5227 in
923 5173 1127 5227 unitate
1150 5172 1382 5227 fidelium
1404 5180 1458 5229 et
1486 5174 1689 5230 revelat
1711 5181 2076 5245 quaerentibus
2097 5198 2192 5239 ve-

611 5263 847 5326 ritatem,
903 5262 1048 5318 cordi
1100 5259 1298 5331 vestro,
1343 5263 1671 5321 dilectissimi
1719 5267 1930 5336 fratres,
1983 5273 2190 5342 aperiat

613 5364 816 5425 quanto
856 5370 949 5409 vos
973 5353 1242 5410 desiderio
1271 5354 1323 5409 in
1349 5355 1552 5424 gremio
1589 5358 1799 5428 cupiam
1829 5370 2027 5417 sanctae
2068 5366 2189 5419 uni-

613 5448 836 5505 versalis
860 5447 1114 5502 Ecclesia:
1136 5448 1415 5514 contineri,
1447 5457 1504 5505 et
1527 5451 1579 5504 in
1600 5449 1716 5520 ejus
1743 5467 1959 5510 manere
1987 5457 2196 5515 unitate

616 5537 928 5593 concordes.
957 5535 1110 5603 Quod
1151 5537 1266 5593 fore
1286 5554 1392 5594 non
1423 5539 1606 5596 dubito
1634 5543 1698 5608 si,
1723 5543 1932 5614 abjecto
1969 5557 2196 5603 conten-

2293 4471 2648 4526 abundantius
2697 4487 2837 4527 nunc
2865 4473 3211 4528 dissociatum
3254 4491 3283 4528 a
3312 4475 3579 4530 catholica
3615 4477 3882 4532 societate

2294 4559 2694 4617 confundimur.
2738 4561 2842 4616 Pro
2867 4577 2973 4631 qua
3003 4577 3063 4617 re
3092 4565 3405 4620 imminente
3432 4565 3602 4621 latore
3640 4581 3883 4636 prasen-

2292 4651 2457 4716 tium,
2482 4649 2635 4720 juxta
2656 4651 3082 4707 christianissimi
3113 4663 3167 4709 et
3207 4654 3532 4711 serenissimi
3572 4671 3762 4711 rerum
3793 4657 3884 4712 do-

2292 4741 2424 4794 mini
2445 4740 2771 4810 jussionem,
2804 4741 2872 4795 ad
2918 4743 3059 4798 beati
3096 4742 3242 4799 Petri
3276 4745 3506 4816 apostoli
3548 4746 3739 4802 limina
3768 4763 3888 4807 cum

2297 4831 2404 4886 tuis
2439 4832 2759 4901 sequacibus
2791 4834 2976 4890 venire
3002 4843 3056 4891 te
3082 4836 3357 4906 volumus,
3386 4846 3465 4906 ut,
3491 4848 3723 4896 auctore
3755 4841 3888 4911 Deo,

2300 4930 2585 4993 aggregata
2615 4925 2841 4995 synodo,
2869 4925 2937 4981 de
2981 4942 3044 4982 ea
3073 4943 3191 4997 qua:
3219 4929 3362 4984 inter
3389 4945 3486 4986 vos
3525 4933 3764 4988 vertitur
3791 4933 3892 4988 du-

2297 5014 2500 5069 bietate
2518 5014 2660 5083 quod
2677 5015 2881 5083 justum
2902 5016 3061 5072 fuerit
3079 5017 3368 5086 judicetur.
3389 5039 3408 5074 ι
3438 5021 3576 5094 (Lib.
3600 5039 3639 5092 ι,
3660 5041 3749 5093 ep.
3779 5025 3892 5095 16.)

2298 5102 2369 5156 At
2409 5103 2673 5168 Severus,
2719 5106 3013 5174 apostolica
3045 5108 3202 5162 simul
3234 5109 3607 5182 imperialique
3643 5114 3898 5182 jussione

2297 5205 2535 5261 coactus,
2560 5195 2875 5252 imminente
2893 5197 3189 5270 Smaragdo
3213 5205 3465 5272 exarcho,
3489 5207 3766 5278 simulque
3788 5210 3899 5264 An-

2298 5282 2503 5348 tonino,
2535 5281 2787 5338 Ecclesim
2817 5284 3071 5342 Romanae
3101 5289 3402 5356 defensore,
3423 5292 3744 5350 Ravennam
3775 5313 3904 5368 per-

2299 5369 2525 5425 ducitur.
2576 5370 2674 5426 Ubi
2705 5376 2904 5430 veritus
2931 5392 3051 5432 cum
3083 5378 3339 5450 Gregorio
3364 5383 3674 5456 synodalem
3707 5390 3902 5444 subire

2301 5463 2627 5528 conﬂictum,
2657 5466 2724 5522 ad
2755 5469 3013 5526 unitatem
3041 5483 3238 5530 sanctre
3264 5476 3581 5532 universalis
3607 5477 3900 5550 Ecclesia,

2303 5556 2572 5611 mediante
2597 5555 2804 5614 Joanne
2833 5559 3130 5617 Ravennati
3160 5564 3431 5637 pontiﬁce,
3463 5572 3762 5632 remeavit.
3791 5571 3904 5631 Sed

686 5656 713 5686 ι
771 5645 1097 5704 Excu-‘ieum
1127 5651 1295 5707 tribus
1327 5651 1489 5709 Paris.
1522 5653 1671 5723 .‘llss.,
1696 5659 1848 5712 etiam
1876 5661 2186 5730 exprobrata
2213 5676 2284 5721 est
2315 5685 2344 5720 a
2377 5677 2423 5722 te
2451 5668 2610 5724 libelli
2639 5671 2850 5742 pagina,
2877 5683 2926 5727 el
2953 5674 3098 5746 ﬁdes.

2999 5751 3029 5780 ἱ
