3992 6348
186 175 267 225 ῑίΗ
741 171 798 226 S.
841 168 1170 223 ηιιιέξοιιιι
1214 165 1426 222 ιι-ιδΝι
1470 163 1649 223 VIA.
1697 162 1766 217 Al

1871 167 1896 217 “.
1936 161 2200 217 JOANNE
2243 161 2556 218 DIACONO.
2600 164 2724 218 LIB.
2772 163 2854 214 l\'.

3330 159 3438 213 9.02

180 301 291 341 tum
345 294 466 355 post
492 286 614 339 anni
659 285 885 353 spatium
916 283 981 337 ad
1022 280 1237 351 prepria
1261 278 1522 340 rediisset,
1548 278 1614 330 ab
1635 275 1754 331 aliis
1785 277 1824 335 Α
1857 272 2080 326 rendum
2125 281 2207 326 est
2249 282 2340 340 ut,
2379 273 2422 326 si
2473 273 2517 326 is
2559 273 2648 344 qui
2681 281 2762 324 est
2809 272 2858 324 in
2900 271 3157 340 regimine
3198 278 3444 344 tegi-out,

179 375 525 431 srhismaticis
552 388 858 444 persuasus,
902 389 1008 426 non
1049 371 1224 424 solum
1255 369 1322 423 ad
1352 368 1629 438 pristinum
1664 381 1760 421 vo--

179 467 359 520 mitum
393 465 570 532 rediit,
603 479 784 518 verum
810 464 970 517 etiam
998 460 1266 527 Mauricii,
1286 458 1398 514 Deo
1428 473 1640 525 snnpcr
1659 456 1756 510 ad-

183 557 334 617 versi,
363 555 602 623 jussione
629 561 869 622 surrepta
900 567 1004 622 qua
1030 551 1322 619 jubebatur
1349 557 1405 602 ut
1433 546 1545 601 sebi
1579 546 1759 601 matici

181 647 346 700 redire
378 645 445 698 ad
474 645 729 699 unitatem
757 643 1009 697 Ecclesia:
1038 642 1259 696 minitne
1290 652 1639 710 cogerentur,
1671 655 1760 694 res

181 738 332 806 liquis
361 738 621 806 episcopis
650 735 900 789 Ecclesia:
920 751 977 790 se
1001 733 1371 803 jungentibus,
1397 734 1658 786 maximas
1679 747 1761 787 se-

179 831 404 884 ditiones
444 827 730 883 conflabat.
780 827 1125 896 Quapropter
1158 822 1452 893 Gregorius
1495 825 1761 878 neminem

174 919 282 988 jam
323 917 705 972 revertentium
759 914 876 967 sine
929 914 1182 968 cautione
1231 912 1494 980 juratoria
1551 912 1764 981 penitus

177 1008 448 1077 suscipere
475 1007 772 1074 satagebat.
804 1003 917 1069 Qua
966 1003 1202 1072 przrstita
1236 1002 1536 1068 hujnsmodi
1568 1003 1762 1056 litteris

173 1099 349 1152 eidem
390 1096 622 1152 Patricio
667 1095 902 1149 exarcho
934 1094 1386 1148 commendabat:
1423 1113 1440 1144 ι
1472 1092 1757 1156 Firminus,

171 1188 340 1243 frater
367 1196 420 1241 et
458 1187 815 1255 coepiscopus
842 1192 1046 1245 uoster,
1081 1182 1393 1250 Trigesﬁnze
1421 1182 1647 1236 antistes
1674 1196 1764 1236 ec-

166 1279 372 1342 clesim,
393 1288 519 1331 ante
543 1276 832 1330 adventum
856 1286 1046 1328 vestra:
1069 1273 1398 1327 excellentia:
1417 1271 1613 1326 salubri
1632 1287 1763 1328 con-

166 1367 291 1421 διΙίο
322 1367 390 1422 ab
421 1366 736 1426 schismate,
771 1365 856 1418 cui
887 1364 1196 1430 inhaeserat,
1227 1362 1577 1431 resipiscens,
1603 1373 1763 1433 atque

164 1459 232 1510 at
269 1459 533 1512 unitatem
565 1457 754 1512 matris
778 1455 1026 1511 Ecclesia:
1052 1453 1285 1518 rediens,
1317 1455 1508 1508 nostris
1536 1463 1619 1508 est
1646 1455 1760 1523 epi-

161 1548 330 1604 stolis
351 1545 726 1613 conlirmatus,
756 1552 1019 1614 quatenus
1043 1542 1094 1596 in
1124 1557 1264 1596 vetat:
1285 1556 1445 1610 quam
1469 1551 1765 1610 agnoverat

1857 360 2199 430 dispensator
2230 361 2302 414 illi
2328 361 2445 414 talis
2471 361 2793 428 requiratur,
2819 359 2908 428 qui
2934 359 3105 428 possit
3122 359 3237 426 ejus
3259 375 3446 414 curam

1859 462 2074 502 otnncm
2106 462 2285 516 agere,
2329 458 2382 503 et
2414 450 2588 504 locum
2638 449 2774 503 illius
2806 449 2857 502 in
2890 449 3148 520 regimine
3178 449 3446 517 ccclesise,

1861 540 1979 609 ipso
2008 555 2116 594 non
2162 539 2428 610 deposito,
2462 557 2524 595 ac
2571 543 2621 594 iu
2649 542 2888 596 custodia
2933 542 3161 596 «ivitati:
3199 541 3444 611 implere.

1862 641 1923 686 ut
1969 648 2144 702 neque
2172 631 2314 687 Deus
2359 634 2698 702 onn-ipnt~-ns
2737 632 3058 699 offendatur,
3111 649 3283 703 neque
3313 633 3448 688 civi-

1865 731 1946 775 tas
1995 722 2298 777 inveniatur
2324 737 2443 776 esse
2491 722 2757 790 neglecta.
2788 722 2844 774 Si
2872 737 3000 776 vero
3025 722 3162 776 idem
3194 736 3450 777 reveren-

1864 813 2116 868 dissimns
2145 814 2385 869 Joannes
2414 813 2642 870 fortasse
2690 830 2788 883 pro
2817 814 3064 868 molestia
3101 810 3196 869 sua
3232 813 3451 884 petierit

1863 912 1923 957 ut
1950 904 2017 957 ab
2049 905 2395 976 episcOpatus
2425 904 2632 959 honore
2664 904 2860 958 debeat
2889 919 3104 969 vacare,
3133 919 3198 958 eo
3227 905 3449 974 petitio-

1862 1009 1983 1047 nem
2028 994 2189 1048 dante
2235 996 2457 1064 scripto,
2498 995 2903 1049 concedendum
2939 1003 3040 1050 est.
3071 995 3241 1049 Aliter
3269 1003 3449 1050 autem

1863 1101 1894 1138 ιι
1921 1102 1960 1136 οε
1983 1084 2033 1138 id
2056 1086 2235 1138 facere
2252 1102 2350 1154 pro
2372 1086 2766 1155 omnipotentis
2789 1087 2881 1141 Dei
2906 1088 3098 1142 timore
3118 1087 3262 1142 omni
3291 1087 3454 1142 modo

1863 1190 1968 1227 non
2000 1173 2262 1229 valemus.
2306 1174 2460 1240 Quod
2490 1176 2533 1227 si
2564 1176 2668 1228 hoc
2709 1184 2895 1243 petere
2933 1177 3022 1230 ille
3050 1177 3282 1231 nolui-rit
3309 1178 3454 1246 quod

1862 1263 2100 1332 pii-sitne
2123 1264 2433 1333 imperatori
2462 1265 2785 1334 entnplacet,
2819 1265 3072 1334 quidquil
3101 1266 3256 1333 jubet
3279 1266 3374 1322 fac:
3395 1283 3455 1322 ro

1864 1355 1915 1408 in
1965 1353 2082 1422 ejus
2124 1366 2208 1408 est
2253 1363 2521 1424 potestate
2564 1372 2578 1407 :
2621 1358 2759 1409 sicut
2790 1355 2956 1419 novit,
2990 1356 3102 1424 ipse
3140 1357 3451 1424 provideat;

1866 1463 1961 1501 nos
1991 1449 2361 1502 tantummodo
2387 1447 2439 1502 in
2469 1450 2868 1518 depositionem
2898 1448 3124 1502 insontis
3154 1463 3260 1502 non
3293 1447 3454 1502 faciat

1865 1539 2098 1608 pe'misc
2132 1540 2197 1594 ri.
2229 1538 2384 1606 Quod
2405 1557 2536 1594 νιϊο
2554 1540 2667 1609 ipse
2698 1539 2902 1606 fecerit,
2927 1540 2972 1594 si
2998 1539 3317 1594 cauozdcum
3346 1548 3452 1604 cst,

159 1642 294 1691 sinu
327 1639 516 1693 matris
538 1636 786 1692 Ecclesia:
813 1632 1125 1688 fortitudine
1145 1632 1310 1685 animi
1341 1629 1475 1686 fixus
1503 1649 1567 1688 ac
1595 1634 1762 1688 stabi-
1793 1639 1838 1696 Β
1866 1633 2140 1701 sequimur
2167 1650 2180 1698 ;
2225 1635 2268 1688 si
2311 1649 2439 1688 vero
2467 1634 2786 1688 canonicum
2836 1650 2942 1686 non
2974 1641 3078 1698 est,
3109 1633 3160 1686 in
3190 1645 3450 1702 quantum

153 1727 227 1781 lis
263 1736 627 1797 permaneret.
679 1725 794 1791 Quo
821 1723 1002 1777 audito
1030 1721 1282 1788 Severus,
1321 1721 1610 1778 Gradensis
1639 1724 1756 1794 epi-

157 1831 388 1885 scopus,
420 1816 657 1884 ejusdem
692 1820 850 1881 caput
876 1811 1201 1879 schismatis,
1249 1826 1372 1866 cum
1401 1811 1626 1869 diversis
1655 1814 1762 1886 pri-

157 1922 317 1960 mum
366 1907 529 1974 cepit,
561 1905 604 1958 si
646 1910 848 1970 posset,
878 1901 1220 1955 suasionibus
1256 1915 1287 1955 a
1327 1902 1472 1956 bono
1501 1918 1762 1958 revocare

158 1999 472 2069 proposito.
502 1995 652 2062 Quod
683 1993 808 2047 dum
831 1993 1118 2063 perficere,
1141 2002 1364 2051 auctore
1386 1995 1519 2062 Deo,
1546 1997 1764 2053 minime

157 2092 444 2154 valuisset,
474 2088 789 2143 seditionem
815 2088 886 2140 illi
913 2103 1136 2142 suorum
1163 2088 1358 2142 civium
1385 2089 1624 2144 excitare
1652 2104 1763 2145 non

157 2185 368 2238 tamuit.
402 2183 612 2249 Quanta
656 2196 785 2234 vero
814 2179 1100 2250 praadictns
1129 2178 1294 2234 frater
1330 2188 1387 2234 et
1409 2180 1764 2251 coepiscopus

159 2285 357 2331 noster
399 2273 662 2328 Firminus
712 2287 779 2326 ex
825 2273 1016 2326 eadem
1069 2270 1402 2328 immissione
1453 2273 1757 2342 pertulerit,

159 2367 381 2436 plenius
411 2365 518 2420 illic
548 2379 610 2419 ac
643 2362 821 2417 verius
865 2377 896 2417 e
926 2362 1105 2416 vicino
1153 2363 1401 2431 poteritis
1444 2376 1763 2432 agnoscere.

157 2459 401 2512 Directis
422 2458 602 2524 itaque
631 2453 963 2510 excellentia:
985 2463 1176 2508 vestra:
1198 2453 1549 2523 jussionibus,
1583 2455 1647 2511 iis
1671 2455 1764 2524 qui

158 2554 210 2605 in
239 2550 420 2605 Ltria:
449 2547 690 2618 partibus
718 2547 893 2600 locum
919 2555 1155 2600 vestrum
1180 2560 1362 2614 agere,
1383 2529 1498 2600 ibeo
1519 2554 1762 2612 auctore,

157 2645 489 2702 noscuntur,
521 2637 812 2692 districtius
837 2636 1103 2704 jubetote,
1135 2645 1402 2705 quatenus
1429 2646 1486 2690 et
1510 2651 1655 2707 saepe
1680 2637 1764 2691 di-

155 2742 316 2786 ctum
344 2731 562 2784 fratrem
587 2737 824 2782 nostrum
839 2728 906 2781 ab
920 2727 1081 2781 illatis
1101 2727 1332 2781 debeant
1351 2725 1631 2782 defensare
1651 2741 1768 2782 mo-

155 2822 361 2883 lestiis,
400 2828 456 2875 et
486 2819 719 2888 quietem
771 2818 912 2872 illius
951 2816 1133 2870 multis
1181 2816 1250 2869 ad
1296 2817 1608 2870 imitandum
1639 2831 1767 2886 pro-

157 2919 408 2968 futuram
455 2911 626 2966 modis
673 2909 923 2964 clunibus
966 2923 1279 2978 procurare,
1342 2919 1396 2962 ut
1420 2909 1536 2964 haec
1589 2916 1768 2964 vestra

1859 1723 1977 1777 sine
2005 1732 2234 1790 peccato
2274 1735 2461 1780 nostro
2498 1729 2756 1788 valemus,
2791 1735 3086 1796 po-tamus.
3120 1745 3137 1778 ι
3193 1726 3335 1796 (Lib.
3371 1742 3445 1790 xl,

1861 1832 1942 1883 ep.
1976 1813 2090 1880 47.)

1939 1904 2290 1960 Pontilicihus
2316 1906 2621 1964 voluntarie
2650 1911 2760 1964 suis
2785 1911 3212 1966 renuntiantibus
3240 1911 3456 1966 sedibus

1863 2011 2206 2052 successores
2236 1997 2324 2052 Gr.
2346 1999 2528 2067 gorius
2557 2001 2704 2055 ιιιιΙΙο
2726 2000 2886 2056 modo
2912 2000 3231 2070 denegabat,
3253 2017 3454 2072 eosque

1865 2088 2209 2158 postmodum
2233 2089 2299 2143 de
2327 2089 2585 2144 reditibus
2618 2091 2820 2146 relicta:
2849 2093 3092 2147 ecclesia:
3121 2092 3452 2150 sufficienter

1863 2179 2179 2235 nutriendos
2207 2195 2328 2235 esse
2370 2183 2648 2237 censebat.
2705 2182 2857 2239 Unde
2887 2185 3203 2253 Mariuiano,
3240 2187 3454 2244 Raven-

1865 2269 1976 2324 nati
2004 2271 2283 2341 episcopo,
2314 2271 2644 2341 significans,
2679 2274 2755 2328 ait
2784 2291 2798 2327 :
2841 2293 2858 2326 ι
2896 2276 3140 2342 Qualiter
3163 2279 3394 2334 ordinati
3427 2297 3455 2333 a

1837 2361 2021 2416 .nobis
2043 2362 2366 2428 sacerdotis,
2398 2365 2642 2434 corporis
2668 2380 2772 2434 qua
2803 2375 2989 2421 uotum
3021 2377 3104 2423 est
3130 2369 3456 2440 impediente

1866 2455 2133 2518 molestia,
2165 2455 2518 2512 Ariminensis
2558 2457 2784 2513 ecclesia
2813 2459 3069 2527 pastorali
3100 2460 3360 2517 hactenus
3388 2463 3458 2518 sit

1867 2543 2126 2611 regimine
2142 2532 2417 2610 destituta,
2441 2544 2643 2598 dudum
2666 2544 3160 2602 fraternitasvestra
3184 2552 3460 2620 cognovit.

1868 2633 2038 2701 Quem
2065 2635 2192 2690 dum
2220 2636 2583 2691 babita'orum
2622 2637 2726 2692 loci
2756 2637 2898 2692 illius
2946 2639 3196 2708 precibus
3228 2642 3458 2710 pernmti

1871 2723 2067 2792 smpius
2087 2723 2435 2778 hortarentur
2454 2733 2533 2789 ut,
2564 2726 2607 2779 si
2641 2727 2707 2780 de
2737 2729 2925 2782 eadem
2953 2729 3148 2799 capitis
3174 2745 3280 2798 qua
3323 2730 3432 2784 deti

1873 2815 2101 2872 ncbatur
2147 2817 2392 2870 molestia
2437 2817 2778 2872 melioratum
2818 2834 2877 2873 se
2925 2834 3047 2875 esse
3102 2821 3346 2886 sentiret,
3393 2823 3459 2877 ad

1871 2921 2046 2971 suam,
2099 2906 2392 2961 auxilian'e
2442 2908 2689 2973 Domino,
2737 2918 3100 2964 reverteretur
3141 2909 3457 2978 Ecclesiam,

160 3006 438 3077 ITOV'isiO,
467 3012 522 3058 et
548 3016 934 3057 conversornm
961 3000 1028 3053 sit
1057 3005 1242 3069 optata
1279 3000 1561 3065 securitas,
1590 3010 1645 3055 et
1671 3016 1767 3056 oc-
1799 2999 1842 3060 C
1874 2999 2013 3053 datis
2043 2999 2270 3052 induciis
2289 3040 2304 3063 ,
2347 3000 2398 3052 in
2428 2999 2534 3053 hoc
2573 2999 2928 3068 quadriennio
2969 3010 3312 3069 qu'ectatus
3356 3013 3458 3060 est.

159 3097 319 3149 t-asio
353 3094 549 3148 oborta
577 3091 939 3160 sequentium.
972 3107 990 3140 ι
1030 3087 1169 3157 (Lib.
1206 3104 1331 3153 xm,
1356 3106 1438 3160 ep.
1471 3087 1588 3158 35.)

237 3184 488 3252 Denique
516 3183 770 3249 Severus,
792 3170 916 3249 ﬁia
941 3179 1007 3232 ad
1031 3178 1294 3233 unitatem
1323 3187 1523 3233 sancta:
1551 3179 1768 3234 univer-

160 3277 292 3330 salis
337 3275 600 3330 Ecclesia:
640 3275 818 3328 redire
861 3287 968 3326 nou
1030 3271 1245 3336 meruit,
1301 3271 1368 3324 a.l
1422 3272 1767 3328 scindendam

160 3383 394 3436 quoque
449 3381 561 3422 sua:
612 3365 780 3435 ipsius
808 3363 1105 3419 diteceseos
1156 3362 1416 3416 unitatem
1466 3361 1768 3419 Romanum

160 3457 488 3526 pontificem
532 3470 626 3510 sua
668 3454 920 3509 vecordia
958 3452 1254 3518 sus<-itavit,
1298 3467 1327 3504 a
1352 3455 1436 3507 ’eo
1465 3453 1612 3507 utab
1651 3453 1770 3523 ipso

161 3550 313 3603 illius
357 3549 539 3602 obitus
569 3556 834 3619 thipo-e,
882 3543 1236 3614 Aquileiensis
1278 3543 1526 3599 dimcesis
1554 3543 1606 3597 in
1635 3543 1772 3599 duos

159 3638 652 3707 tnetropolizanos,
675 3636 1065 3691 catholicorum
1091 3635 1366 3701 videlicet,
1397 3635 1770 3692 schismatico—

162 3744 405 3799 quue
447 3727 617 3781 divisa
645 3728 741 3791 sit,
772 3739 946 3794 neque
972 3725 1149 3795 potuit
1192 3725 1560 3793 postmodum,
1594 3735 1617 3760 ε·
1647 3723 1776 3782 licet

162 3834 365 3872 omnes
385 3817 712 3886 generaliter
737 3816 804 3871 ad
845 3816 1104 3869 unitatem
1135 3815 1203 3869 de
1227 3815 1518 3870 schismate
1546 3817 1773 3886 repeda-

160 3913 370 3974 vcrint,
398 3911 466 3963 ad
485 3909 724 3979 pristiam
744 3905 1143 3975 conjunctionis
1173 3905 1426 3960 unionem
1452 3921 1625 3976 usque
1646 3907 1774 3962 hac-

159 4015 328 4060 tenus
360 4003 672 4058 reformari.

233 4097 332 4149 59.
371 4093 525 4147 Sicut
555 4091 684 4147 nulli
712 4091 1031 4145 clericorum
1062 4104 1162 4158 pro
1190 4087 1504 4143 infirmitate
1531 4086 1774 4157 corporis

1871 3088 2041 3154 Quem
2065 3088 2190 3142 dum
2225 3102 2323 3142 nos
2351 3089 2689 3153 clericorum,
2722 3090 2806 3142 vel
2838 3090 3032 3143 civium
3064 3091 3208 3147 illinc
3236 3094 3457 3148 venit-u-

1872 3178 2002 3231 tium
2043 3177 2068 3216 ι)
2101 3193 2305 3246 nosque
2331 3178 2580 3247 precibus
2610 3180 2935 3247 urgentium,
2969 3180 3250 3236 instantius
3275 3184 3459 3237 horta-

1871 3285 2054 3323 rcmur
2091 3277 2149 3323 ut
2176 3269 2218 3323 si
2251 3269 2474 3333 valeret,
2507 3269 2801 3324 auxiliante
2825 3270 3075 3336 Domino,
3108 3287 3232 3326 cum
3263 3273 3342 3328 eis
3370 3289 3460 3329 rc-

1869 3367 2096 3423 mearet,
2126 3359 2248 3413 data
2271 3359 2484 3428 scriptis
2503 3360 2916 3429 supp'icatione,
2948 3377 3046 3416 nos
3070 3381 3082 3431 ι
3105 3363 3222 3418 θιέίι
3252 3370 3309 3416 ιιι
3336 3366 3459 3434 quia

1871 3446 1938 3500 ad
1967 3446 2206 3515 eju~dem
2236 3448 2476 3510 ecclesia:
2505 3449 2744 3516 regimen
2768 3450 2850 3504 vel
2880 3461 3190 3520 susceptum
3222 3451 3459 3509 officium

1870 3552 1971 3607 pro
2015 3537 2202 3592 eadem
2231 3551 2334 3607 qua
2366 3538 2710 3593 detinebatur
2748 3540 2992 3595 molestia
3031 3557 3313 3610 assurgere
3345 3546 3460 3597 titil-

1872 3629 2086 3683 latenus
2108 3637 2312 3699 posset,
2343 3630 2583 3685 ccclesizc
2614 3631 2710 3701 ipsi
2738 3632 2990 3687 ordinare
3018 3634 3336 3704 episcopum
3365 3637 3460 3691 de-

1872 3725 2140 3780 beremus.
2175 3724 2325 3780 Unde
2351 3726 2471 3796 quia
2502 3735 2815 3781 cunctarum
2845 3725 3194 3780 ecclesiarum
3224 3729 3459 3796 injuncta

1874 3831 1973 3871 nos
1999 3816 2378 3871 sollicitudinis
2422 3833 2550 3870 cura
2582 3817 2923 3881 constringit,
2980 3832 3046 3870 ne
3094 3817 3293 3873 diutius
3319 3823 3461 3890 gtt'gi

1875 3908 2117 3962 fidelium
2138 3907 2278 3961 desit
2305 3907 2550 3962 custodia
2579 3906 2888 3975 pastoralis,
2941 3907 3150 3960 illorum
3190 3912 3462 3980 precibus,

1873 3997 2141 4066 hujusque
2169 4013 2235 4052 ex
2279 3997 2361 4052 sui
2403 3998 2837 4066 impossibilitate
2885 4001 3282 4057 renuntiatione
3310 4021 3462 4058 com.

1875 4088 2036 4158 pulsi,
2060 4089 2230 4143 visum
2261 4088 2417 4143 nobis
2445 4098 2527 4143 est
2548 4088 2720 4141 rident
2753 4088 3076 4143 Arimiueusi
3109 4093 3348 4148 ecclesia:
3373 4096 3466 4148 dc-

149 4202 190 4256 q
237 4195 494 4240 artarum
537 4181 774 4236 subsidia
817 4180 1108 4248 Gregorius
1165 4179 1463 4243 minuebat,
1513 4178 1586 4231 ita
1641 4175 1773 4231 nulli
1875 4177 2003 4233 bere
2025 4180 2335 4249 episeoptun
2359 4178 2631 4239 ordinari;
2658 4187 2710 4231 et
2733 4179 2871 4232 datis
2893 4196 2958 4234 ex
2984 4197 3134 4235 more
3157 4185 3410 4254 pra'ccpli
3444 4225 3460 4251 ,

152 4275 494 4350 pontificum
519 4291 616 4345 pro
633 4273 949 4342 :egritudine
970 4271 1208 4342 qualibet
1235 4270 1630 4324 succedendum
1658 4270 1775 4325 fore
1875 4269 2079 4322 clerum
2103 4270 2419 4338 plebemque
2455 4268 2694 4336 ejusdem
2730 4267 2980 4324 Ecclesiae
3009 4287 3114 4324 non
3157 4275 3462 4329 destitimns

149 4372 430 4428 docebat.
461 4366 612 4422 Uude
632 4365 905 4430 Anatolio,
927 4362 1530 4431 Constantinopolitano
1551 4362 1766 4417 subdia-
1796 4352 1843 4412 D
1869 4358 2183 4423 admonere,
2225 4368 2490 4428 quatenus
2538 4357 2605 4412 ad
2667 4358 2970 4426 eligendum
3019 4361 3116 4419 sibi
3149 4363 3273 4418 Anti
3311 4366 3462 4420 titcm

147 4478 328 4522 cono,
391 4458 710 4514 rescribens.
763 4457 834 4509 ait
870 4474 880 4507 :
921 4474 939 4506 ι
967 4455 1191 4525 Scripsit
1236 4453 1366 4507 mihi
1414 4453 1629 4508 dileCIio
1656 4460 1768 4517 tua,
1869 4447 2123 4504 conctir-di
2154 4449 2458 4517 provisione
2486 4457 2831 4503 concurrant.
2872 4469 2891 4500 ι
2927 4448 3066 4519 (Lib.
3104 4469 3195 4520 ιιι,
3222 4472 3304 4524 ειν.
3345 4458 3458 4525 19.)

148 4552 478 4619 piissimum
515 4546 794 4599 dominum
834 4553 1074 4599 nostrum
1120 4541 1572 4598 reverendissitno
1621 4541 1769 4596 fratri

150 4660 285 4696 meo
321 4642 521 4712 prima:
543 4639 856 4692 Justinianm
877 4639 1133 4708 episcopo
1158 4654 1252 4706 pro
1279 4638 1432 4710 151
1455 4638 1773 4706 {egritudine

150 4749 232 4797 ca,
264 4733 366 4787 i'is
398 4746 560 4798 quam
584 4729 783 4799 patitur
813 4728 1103 4797 pra:cipere
1132 4730 1372 4791 succedi,
1400 4745 1467 4783 ne
1488 4729 1625 4782 forte
1643 4728 1770 4782 dum

146 4824 422 4896 episcopi
449 4824 570 4890 jura
591 4820 778 4875 eadem
800 4819 989 4874 civitas
1013 4835 1118 4874 nou
1141 4819 1324 4883 habet,
1352 4819 1494 4888 quod
1516 4819 1675 4882 absit,
1707 4818 1776 4872 ab

149 4919 432 4973 Lostihus
471 4922 679 4982 pereat.
732 4910 793 4964 Et
824 4912 935 4964 lucc
980 4911 1196 4980 quidem
1244 4927 1508 4980 nusquam
1539 4923 1775 4966 canones

148 5007 522 5077 prmcipiunl,
555 5011 613 5057 ut
633 5017 729 5072 pro
754 5001 1069 5070 :egrituline
1095 5001 1633 5079 episcopi,'episcopo
1653 5016 1778 5054 suc-

147 5100 440 5164 cedatur;
472 5106 529 5152 et
556 5096 778 5150 omnino
810 5094 1064 5162 injustam
1095 5102 1176 5148 cst
1221 5104 1277 5148 ut
1305 5094 1348 5147 si
1383 5093 1626 5148 molestia
1652 5107 1776 5146 cor-

146 5191 308 5259 poris
353 5187 558 5248 irruit.
598 5187 805 5259 honore
849 5200 950 5240 suo
1004 5185 1244 5255 privetur
1289 5193 1540 5253 mgrotus.
1596 5183 1774 5253 Atque

147 5277 282 5333 ideo
301 5279 435 5331 hoc
462 5292 559 5346 per
587 5275 824 5330 nosfieri
849 5276 1152 5330 uu'latenus
1169 5284 1362 5346 potest,
1395 5291 1461 5329 ne
1491 5285 1772 5344 peccatum

146 5369 202 5424 iu
227 5385 370 5425 mea
410 5367 597 5422 anima
619 5381 686 5421 ex
713 5366 832 5436 ejus
860 5367 1194 5437 depositione
1226 5366 1426 5440 veniat.
1455 5365 1560 5421 Sed
1581 5378 1776 5436 sugge-

1941 4554 2080 4609 ltem
2111 4554 2330 4608 Etherio
2360 4557 2617 4625 episcopo
2654 4574 2666 4608 :
2702 4575 2718 4606 ι
2755 4554 2955 4620 Quaun
2971 4557 3012 4610 is
3040 4557 3105 4610 tui
3140 4570 3190 4611 te
3221 4562 3374 4616 mbis
3402 4535 3466 4620 δεῖ

1877 4645 2034 4700 valde
2063 4646 2205 4714 quod
2238 4646 2523 4716 loquimur,
2553 4658 2716 4715 atque
2741 4645 2972 4701 fraterna
2996 4663 3093 4700 nos
3115 4650 3291 4716 potius
3320 4668 3468 4707 com.

1876 4751 1942 4807 pa
1960 4738 2127 4792 sione.
2156 4746 2342 4805 urgeat
2363 4753 2522 4806 quam
2549 4737 2750 4806 aliquid
2774 4738 2840 4791 de
2866 4738 3061 4792 auditis
3091 4737 3314 4795 definire
3348 4759 3468 4811 per-

1876 4830 2074 4895 mittat,
2106 4829 2339 4896 suscepti
2388 4837 2563 4882 tamen
2595 4829 2901 4884 sollicitudo
2931 4829 3205 4897 rvgiminis
3236 4846 3330 4884 cor
3361 4849 3463 4885 no-

1875 4927 2045 4973 strmn
2096 4919 2315 4971 iu~tanti
2373 4918 2546 4987 pulsat
2576 4918 2788 4984 aculeo,
2837 4934 3028 4988 magna
3085 4935 3182 4972 nos
3227 4922 3469 4975 crcleiis

1875 5023 2003 5063 cura
2036 5007 2362 5075 prospicere,
2405 5018 2457 5059 ct
2498 5015 2786 5077 antequam
2817 5008 3002 5060 harum
3049 5008 3217 5076 possit
3269 5009 3470 5064 utilitas

1879 5095 2147 5165 deperire,
2179 5094 2304 5163 quid
2339 5093 2383 5146 fi.
2406 5094 2449 5148 ri
2491 5094 2704 5157 debeat,
2737 5094 2846 5145 Deo
2889 5103 3129 5160 auctore,
3161 5093 3467 5164 disponere.

1879 5183 2131 5239 Pervenit
2173 5184 2337 5252 igitur
2373 5183 2438 5235 ad
2482 5199 2598 5247 nos,
2645 5183 2930 5251 querulum
2971 5186 3126 5254 152
3155 5183 3470 5254 episcopum

1881 5273 1954 5327 ita
1984 5273 2288 5340 passionem
2317 5273 2508 5341 capitis
2537 5272 2844 5334 incurrisse,
2888 5280 2946 5324 ut
2975 5273 3096 5340 quid
3129 5282 3306 5327 mente
3336 5275 3470 5329 alie-

1881 5370 2004 5415 nata
2048 5374 2209 5427 agere
2259 5360 2450 5423 soleat,
2492 5359 2719 5426 gemitus
2761 5368 2816 5413 ct
2845 5359 3000 5414 ﬂetus
3047 5361 3230 5416 audire
3257 5362 3345 5416 sit.
3393 5362 3470 5420 Ne

222 5493 250 5519 α
288 5482 547 5550 Vivente
575 5477 836 5547 Gregorio
863 5479 1096 5534 schisma
1114 5478 1250 5550 illud
1278 5477 1500 5534 minimc
1519 5475 1770 5544 cessavit,
1884 5544 1896 5550 _
1973 5469 2001 5508 ιι
2023 5470 2080 5523 ιιι
2113 5469 2282 5550 tribus
2313 5469 2437 5524 Mss.
2471 5469 2638 5526 Paris.
2662 5478 2715 5527 et
2738 5469 2790 5525 in
2821 5471 3064 5539 Excusis,
3093 5487 3283 5540 nosque
3303 5487 3468 5546 precl-

150 5554 289 5611 utin
326 5553 400 5608 S.
445 5544 705 5604 Doctoris'
720 5549 826 5602 vita
856 5550 989 5603 infra
1013 5549 1378 5618 probabimus.
1792 5617 1799 5618 ί
1879 5544 1971 5596 bus
2002 5544 2347 5611 arguentium.

560 5644 827 5702 l’nnon.
880 5645 916 5699 Ι.
1063 5643 1130 5701 \'.

2989 5636 3028 5694 7
