3992 6306
479 152 583 204 Ξυζῖ
1084 138 1142 193 S.
1186 138 1506 193 GRILGOltll
1548 137 1760 192 MAGNI
1802 135 1979 198 Vl'I'A,
2023 132 2221 185 AUCT.
2266 132 2527 187 JOtNNE
2573 129 2886 186 DlACONO.
2933 131 3058 184 l.lll.
3104 130 3191 185 IV.
3632 132 3740 184 ΞΗ

471 276 600 330 ergo
623 262 907 329 languente
936 265 1172 328 pastore,
1195 269 1345 322 grex,
1378 253 1519 322 qttod
1542 253 1699 315 absit,
1726 250 2051 305 insidiatoris
2084 252 2126 307 Α
2157 262 2366 302 suratus
2382 239 3093 315 estredderedebeasmmni
3112 248 3456 302 excusatione
3470 256 3745 304 cessante:

471 348 720 403 dcntibus
750 349 1028 403 lauiandus
1050 351 1371 414 exponatur,
1398 342 1480 395 vel
1509 342 1746 395 ccclesitc
1772 340 1931 409 ipsius
1958 339 2053 391 uti.

476 437 653 492 litates
682 440 995 506 depereant,
1042 442 1195 490 cauta
1229 448 1326 487 nos
1364 445 1583 485 necesse
1628 437 1711 482 est
1750 427 2052 496 provisione

472 542 566 583 tm.
591 541 721 585 tare.
754 529 818 582 Et
848 528 967 583 ideo
989 527 1132 596 quia,
1165 526 1377 578 vivente
1406 522 1660 589 episcopo
1683 535 1839 588 quem
1871 519 1936 570 ab
1967 517 2051 569 of-

472 620 591 673 tieio
620 634 718 673 soo
748 618 1038 671 necessitas
1081 610 1404 667 inﬁrmitatis
1434 626 1539 662 non
1570 609 1771 662 crimen
1816 606 2051 669 abducit,

469 710 632 761 alium
674 708 794 761 loco
823 706 960 773 ejus,
984 708 1267 756 recusante
1296 713 1384 761 eo,
1419 696 1560 749 nulla
1590 697 1716 750 sinit
1745 696 1881 748 ratio
1905 694 2051 746 ordi-

471 796 608 862 nari,
631 796 672 849 si
708 792 981 847 intervalla
1004 786 1332 857 aegritudinis
1355 786 1552 839 habere
1573 793 1656 840 e~t
1684 784 1889 846 solitus,
1917 785 2048 851 ipse,

467 882 587 937 data
610 883 890 951 petitione,
922 895 1021 933 nec
1043 892 1102 932 se
1123 876 1345 930 ulterius
1374 873 1443 927 ad
1463 874 1566 928 hoc
1586 873 1938 926 mini~terium
1972 872 2053 924 in-

467 970 785 1024 tellectualia
828 968 1034 1023 scilicet
1081 963 1278 1025 oflicia.
1329 963 1672 1017 subvertente
1722 961 2051 1025 inﬁrmitate,

466 1075 569 1113 non
600 1074 761 1128 posse
790 1058 1019 1111 fateatur
1047 1068 1354 1122 assurgere,
1403 1060 1458 1105 et
1486 1051 1645 1104 alium
1677 1050 1798 1103 loco
1827 1065 1925 1103 suo
1957 1065 2055 1103 cx-

463 1156 609 1217 petat
640 1146 1016 1201 ordinandum.
1048 1143 1169 1210 Quo
1195 1141 1361 1205 facto,
1393 1139 1632 1192 omnium
1660 1138 1926 1192 electione
1957 1152 2050 1191 so-

464 1237 646 1301 lemni,
687 1237 823 1289 alter
845 1234 934 1304 qui
966 1233 1158 1302 dignus
1180 1230 1341 1285 fuerit
1361 1229 1649 1298 episcopus
1677 1238 2046 1291 consecretur,

464 1328 544 1381 sic
589 1336 791 1392 tamen,
824 1332 882 1379 ut
909 1336 1192 1393 quousque
1235 1319 1484 1374 eumdem
1528 1317 1839 1386 epi.~.copum
1873 1317 1923 1369 iu
1950 1316 2053 1370 hoe

468 1413 669 1469 smculo
700 1414 806 1466 vita
837 1411 1091 1476 tenuerit,
1121 1416 1363 1476 sumptus
1388 1407 1435 1460 ei
1454 1405 1619 1459 debiti
1648 1404 1715 1458 de
1745 1404 1931 1457 eadem
1962 1419 2051 1458 ec-

459 1505 626 1559 clesia
656 1505 1047 1559 ministrentur.
1101 1501 1409 1564 Enimvero,
1445 1500 1486 1551 si
1537 1497 1686 1550 nullo
1715 1504 1957 1563 tempme
1980 1495 2051 1549 ad

2156 340 2276 407 quia
2311 340 2409 392 etsi
2451 341 2604 409 153
2641 338 2909 391 mundana
2946 341 3028 391 lex
3068 338 3339 406 prtccipi',
3367 339 3746 393 conversionis

2156 429 2346 497 gratia,
2372 431 2510 481 utrrl
2536 431 2623 483 bet
2647 429 2833 491 invito,
2864 428 2996 481 solvi
3030 442 3186 496 posse
3206 428 3535 495 conjugium,
3563 427 3747 482 divina

2156 518 2242 571 lex
2275 519 2384 570 fieri
2428 534 2531 570 non
2582 519 2862 587 permittit.
2918 516 3047 569 Nam
3097 527 3321 585 excepta
3371 517 3749 571 fornicationis

2155 622 2338 669 causa,
2368 609 2537 659 virum
2566 624 2786 660 uxorem
2814 607 3118 675 relinquere
3149 606 3291 660 nulla
3312 608 3521 661 ratione
3540 623 3743 660 concc-

2154 699 2252 763 dit,
2275 699 2395 767 quia
2426 706 2703 767 postquam
2721 698 3060 766 copulatione
3083 714 3162 752 co:
3181 699 3312 767 jugii
3337 698 3435 752 viri
3458 708 3584 766 atqu
3634 715 3752 752 tnu-

2155 789 2296 843 liet-is
2321 805 2484 843 unum
2517 804 2712 858 corpus
2729 789 2976 852 efficitur,
3007 806 3112 843 non
3144 800 3321 858 potest
3342 808 3405 844 ex
3431 800 3582 860 parte
3607 807 3751 845 con—

2155 877 2307 936 verti.
2341 886 2394 930 et
2424 892 2489 931 ex
2537 886 2689 945 parte
2720 877 2770 929 in
2815 878 3014 931 sazeulo
3065 892 3363 934 remanere.
3413 898 3430 929 ι
3478 879 3617 949 (Lib.
3665 897 3749 941 xl,

2157 985 2238 1037 ep.
2282 967 2400 1033 50.)

2223 1058 2314 1114 42.
2358 1058 2662 1113 Judtcorum
2705 1059 2981 1128 perlid'atn
3017 1059 3316 1114 rationibus
3362 1061 3530 1130 magis
3577 1076 3748 1130 quam

2152 1150 2424 1204 violentiis
2445 1158 2701 1204 excutere
2724 1149 3015 1218 Grcgmius
3037 1152 3370 1207 decertabat.
3396 1151 3750 1223 Quapmpter

2153 1240 2375 1310 Virgilio
2405 1250 2460 1295 et
2490 1241 2776 1295 Theodoro
2797 1283 2810 1304 ,
2846 1241 3112 1310 episcopis
3154 1241 3468 1308 Galliarum,
3498 1252 3623 1313 post
3646 1244 3748 1299 ali-

2153 1346 2257 1400 qua
2300 1331 2557 1395 scribens,
2591 1332 2705 1385 ait:
2745 1350 2764 1383 ο
2815 1331 3029 1385 Ρειισὶηιὶ
3061 1331 3296 1387 Judaiea:
3337 1333 3613 1402 religionis
3641 1334 3752 1389 viri

2152 1424 2204 1479 it
2246 1426 2344 1478 hac
2374 1424 2644 1492 provine'a
2674 1431 3097 1486 commancntes,
3132 1440 3192 1478 ac
3217 1425 3444 1479 subinde
3475 1426 3527 1480 in
3558 1425 3748 1479 Massi-

2156 1516 2239 1569 lia}
2269 1516 2510 1585 partibus
2542 1532 2639 1584 pro
2662 1517 2885 1571 diversis
2909 1517 3136 1584 negotiis
3160 1518 3521 1586 ambulantes,
3554 1520 3619 1574 ad
3641 1535 3752 1574 no-

461 1609 608 1647 saltm
636 1594 830 1647 tuentis
859 1592 996 1646 redit
1029 1589 1284 1655 οίῖίοίυιυν
1316 1602 1543 1657 Pel's‘ma
1571 1595 1653 1641 εει
1682 1585 1851 1641 “deus
1874 1602 1939 1639 ³ο
1969 1586 2047 1639 Vi‘
2082 1608 2125 1666 Β
2155 1615 2321 1660 stram
2368 1607 2669 1676 perduxere
2717 1607 2982 1672 notitiam,
3014 1608 3211 1661 mullos
3250 1610 3660 1665 consistentium
3692 1612 3751 1665 in

464 1692 529 1734 tte
558 1681 849 1750 probabilis
870 1679 1133 1747 eligenda,
1157 1692 1275 1746 qua:
1300 1678 1367 1730 a.l
1397 1677 1636 1744 regimen
1659 1675 1903 1731 ecclesia:
1928 1676 2049 1729 ido-

462 1789 559 1826 nea
588 1771 760 1840 possit
789 1768 1043 1834 existere,
1076 1774 1239 1837 atque
1267 1766 1334 1819 de
1364 1766 1662 1820 animarum
1688 1765 1920 1821 utilitate
1950 1780 2046 1821 ρο·-

462 1861 657 1928 gitare,
691 1857 962 1926 inquietos
989 1856 1089 1912 sub
1116 1854 1412 1924 di<eiplina3
1440 1854 1672 1909 vindicta
1701 1855 2046 1923 restringere,

461 1947 949 2004 ecclesiasticarum
998 1959 1177 1999 rerum
1214 1959 1399 1998 curam
1427 1957 1635 2007 gerere,
1676 1952 1733 1998 et
1777 1950 2048 1997 maturum

459 2050 618 2107 atque
645 2035 920 2091 eﬂicacem
960 2049 1018 2089 se
1050 2034 1100 2088 in
1132 2033 1384 2088 omnibus
1414 2032 1710 2097 exhibere;
1740 2033 1829 2101 qui
1861 2033 2045 2099 etiam,

460 2128 503 2182 si
546 2127 809 2194 cpi-copo
866 2124 959 2194 qui
1006 2137 1149 2177 nunc
1189 2130 1416 2190 aegrotat
1466 2130 1738 2189 superstes
1786 2120 2048 2190 extiterit,

462 2220 581 2273 loco
611 2217 726 2284 ejus
755 2216 947 2270 debeat
977 2213 1305 2269 Consecra'i.
1343 2231 1362 2263 ι
1401 2210 1540 2281 (Lib.
1576 2228 1684 2275 xm,
1711 2229 1793 2281 ep.
1826 2210 1904 2276 5.)

532 2305 620 2360 40.
640 2305 913 2372 Virginem
942 2312 1237 2365 Stupratam
1267 2300 1560 2369 Gregorius
1580 2300 1796 2367 jubebat
1825 2313 2045 2354 uxore-tt

463 2395 759 2465 percipere,
783 2400 1245 2462 autstnpratorem
1270 2382 1713 2457 ejuscastigatum
1737 2390 2049 2443 verberibus

460 2486 513 2538 in
551 2483 879 2537 monasterio
918 2482 1194 2545 deuitare.
1231 2479 1311 2534 lln
1335 2481 1381 2532 le
1414 2478 1599 2543 Felici,
1627 2479 1909 2547 Sipontino
1936 2480 2048 2547 epi-

459 2591 651 2644 scopo,
694 2574 914 2639 scribit,
943 2574 1126 2627 dicens
1153 2591 1164 2625 :
1205 2591 1223 2622 t
1258 2572 1712 2642 Exspectahatuus
1744 2571 2044 2625 lrateruita~

461 2678 566 2722 tem
599 2676 742 2720 tuam
764 2682 859 2721 sua
893 2665 1102 2734 aliquos
1131 2664 1196 2717 ad
1221 2662 1389 2716 Deum
1421 2663 1797 2733 praedicatione
1820 2678 2045 2716 conver-

460 2768 591 2821 tere,
624 2766 678 2811 et
709 2756 850 2810 male
879 2764 1099 2824 agentes
1128 2754 1195 2809 ad
1224 2754 1598 2809 rectitudinem
1621 2768 1781 2807 revoe
1803 2769 1894 2806 ire.
1929 2752 2041 2819 Qua

458 2852 523 2903 de
561 2865 617 2902 re
649 2849 805 2902 nimis
836 2855 1240 2911 contristamur,
1275 2847 1397 2911 quia
1426 2861 1456 2900 e
1486 2845 1700 2911 diverso
1742 2845 1795 2898 in
1834 2845 2041 2914 nepoti:

2150 1699 2255 1754 illis
2275 1701 2510 1767 partibus
2533 1698 2678 1753 Iuda:
2704 1716 2834 1753 trum
2871 1701 2919 1752 vi
2949 1701 3120 1767 magis
3140 1699 3204 1753 ad
3228 1700 3427 1755 fontem
3451 1701 3752 1773 baptisma-

2157 1791 2225 1845 tis
2248 1804 2408 1859 quam
2434 1790 2811 1860 p'azdicatione
2841 1793 3150 1859 perductos.
3179 1791 3308 1846 Nam
3340 1792 3601 1847 intentum
3625 1794 3752 1862 qui-

2150 1879 2273 1933 dem
2305 1880 2709 1947 hujuscemodi,
2767 1889 2822 1933 et
2871 1879 3026 1935 laude
3073 1882 3290 1948 dignum
3336 1897 3556 1951 censeo,
3588 1882 3749 1938 etde

2149 1970 2361 2025 Domini
2411 1970 2584 2024 nostri
2634 1969 2960 2025 descendere
3012 1971 3301 2026 dilectione
3328 1973 3615 2042 profiteor;
3647 1974 3753 2027 sed

2148 2061 2287 2118 hanc
2317 2060 2562 2115 eamdem
2592 2060 2962 2125 intentionem,
2990 2061 3092 2116 nisi
3118 2072 3430 2132 competens
3450 2063 3752 2133 Scriptura:

2146 2166 2315 2208 sicne
2360 2151 2651 2207 comitetur
2702 2149 2959 2218 effectus,
3007 2153 3172 2207 timeo
3224 2168 3294 2208 ne
3340 2162 3434 2207 aut
3477 2153 3751 2209 mercedis

2150 2256 2283 2310 opus
2307 2240 2503 2295 exinde
2524 2256 2632 2295 non
2657 2242 2959 2309 proveniat,
2993 2254 3080 2295 aut
3110 2244 3262 2310 juxta
3295 2243 3494 2311 aliquid
3526 2244 3747 2297 anima-

2148 2347 2267 2385 rum
2295 2345 2432 2399 quas
2452 2331 2586 2399 eripi
2610 2331 3034 2399 Volumus,quod
3060 2333 3217 2398 absit,
3243 2332 3519 2402 dispendia
3546 2333 3747 2388 subse-

2146 2429 2397 2490 quantur.
2433 2420 2565 2473 Dum
2594 2420 2736 2475 enim
2767 2421 3032 2489 quiSpiam
3065 2423 3128 2473 ad
3159 2422 3495 2491 baptismatis
3535 2423 3649 2477 funt
3670 2438 3749 2474 tm

2146 2526 2253 2564 non
2282 2510 2681 2579 prmdicat‘onis
2707 2510 2993 2579 suavitate,
3015 2512 3105 2566 sed
3137 2514 3453 2569 necessitate
3477 2529 3747 2584 pervene-

2149 2599 2238 2662 tit,
2269 2599 2335 2652 ad
2362 2598 2638 2668 pristinam
2671 2601 3109 2667 superstitionem
3142 2617 3407 2667 remeans,
3438 2604 3561 2657 inde
3587 2604 3746 2658 deleIb

2145 2692 2256 2745 rius
2283 2693 2533 2755 moritur,
2562 2691 2708 2745 unde
2735 2701 2953 2746 renatus
2981 2708 3101 2747 esse
3124 2694 3428 2750 videbatur.
3460 2696 3743 2751 Fraterni-

2108 2812 2113 2815 ι
2146 2792 2228 2835 tas
2259 2795 2388 2849 ergo
2418 2790 2596 2836 vestra
2621 2782 2923 2851 hujusmotli
2952 2784 3196 2838 homines
3229 2785 3495 2855 frequenti
3540 2788 3741 2857 prmdi-

2143 2872 2356 2927 cat’one
2388 2883 2675 2940 provocet,
2725 2885 2989 2942 quatenus
3037 2888 3245 2933 mutare
3294 2889 3532 2935 veterem
3561 2882 3741 2951 magis

458 2943 531 2996 tui
558 2942 609 2995 Fo
631 2941 752 2996 licis
776 2940 1042 3010 pravitate
1068 2947 1154 2993 tua
1182 2938 1479 3003 evidenter,
1503 2940 1594 3005 qui
1623 2938 1780 2989 talem
1807 2937 2040 3002 nutristi,

2152 2964 2309 3014 vitam
2339 2962 2411 3017 de
2435 2963 2672 3017 doctoris
2715 2966 2978 3020 suavitate
3008 2967 3336 3024 desiderent.
3385 2970 3474 3025 Sic
3512 2974 3653 3026 enim
3685 2983 3744 3026 et

458 3032 609 3100 culpa
638 3039 934 3084 inlustrata
965 3039 1064 3083 est.
1095 3030 1342 3083 Pervenit
1365 3029 1544 3097 itaque
1565 3029 1631 3079 ad
1656 3044 1752 3080 nos
1780 3028 1920 3095 quod
1950 3044 2039 3080 su-

458 3121 788 3189 prascriptue
818 3118 966 3173 Felix
993 3118 1273 3185 Evangeli,
1301 3117 1512 3171 diaconi
1544 3117 1637 3172 tui.
1665 3117 1695 3166 li
1722 3117 1824 3168 iam
1855 3124 2043 3186 stupro

459 3211 755 3279 deceperit.
781 3208 931 3275 Quol
958 3209 1002 3261 si
1035 3223 1218 3260 verum
1238 3215 1339 3271 est,
1369 3207 1611 3274 quamvis
1636 3207 1779 3271 gravi
1810 3214 1953 3260 esset
1981 3208 2045 3259 de

458 3301 575 3361 leae
591 3314 748 3369 pmna
766 3299 1102 3368 plectendus;
1132 3313 1230 3351 nos
1249 3306 1425 3350 tamen
1441 3297 1780 3366 aliquatenus
1803 3297 1933 3365 legis
1955 3298 2046 3350 du-

460 3393 645 3446 ritiam
670 3390 993 3452 mollientes,
1028 3387 1391 3457 hujuscemodi
1417 3389 1770 3455 disponendo,
1805 3388 2044 3457 prmeipi-

458 3499 577 3538 mus
603 3492 659 3536 ut
685 3491 955 3550 autquam
979 3480 1244 3549 stupravit
1268 3496 1489 3534 uxorem
1517 3480 1732 3543 habeat,
1759 3491 1851 3534 aut
1876 3488 2040 3541 certe,

452 3578 499 3631 si
527 3572 859 3629 renueudum
880 3571 1171 3642 putaverit,
1195 3572 1466 3627 districtus
1489 3588 1553 3627 ac
1579 3572 1929 3643 corporaliter
1955 3588 2046 3625 ca-

455 3666 700 3734 stigatus,
722 3663 1350 3731 excommunicatusque,
1367 3663 1419 3717 in
1448 3665 1838 3719 monasterium
1862 3665 1914 3718 in
1937 3679 2044 3733 quo

456 3755 833 3826 paenitentiam
858 3763 1080 3823 peragat
1110 3754 1439 3821 retrudatur,
1488 3754 1556 3809 de
1583 3770 1692 3823 quo
1721 3756 1769 3809 ei
1800 3755 1945 3809 nulla
1976 3757 2044 3810 sit

454 3847 890 3915 ngretliemlisinc
912 3854 1091 3901 nostra
1116 3846 1474 3916 praeceptione
1498 3846 1738 3903 licentia.
1766 3866 1784 3898 ι
1807 3846 1946 3920 (Lib.
1964 3864 2042 3915 ttt,

456 3955 539 4003 rp.
574 3936 689 4003 43.)

526 4028 612 4081 41.
646 4028 830 4082 Virum
867 4027 983 4080 sine
1030 4030 1209 4082 uxoris
1248 4029 1478 4098 propria:
1510 4031 1785 4085 voluntate
1817 4048 2044 4086 conver-

456 4136 592 4184 sum,
617 4118 825 4171 etiamsi
860 4117 1044 4171 fuisset
1068 4116 1179 4185 jam
1209 4127 1542 4186 twnsurttus,
1566 4119 1857 4187 Gregorius
1888 4123 2041 4177 uxori

456 4209 605 4265 reildi
648 4208 890 4278 jubebat.
931 4209 1270 4277 Quapropter
1317 4209 1607 4273 Hadriano,
1658 4211 2042 4269 Pauormitano

459 4299 694 4363 notario,
723 4298 983 4358 scribens,
1008 4297 1077 4350 ait
1111 4315 1123 4350 :
1158 4316 1175 4349 t
1205 4298 1497 4366 Agatltosa,

457 4406 561 4458 que
593 4398 645 4442 ta
674 4401 748 4443 εει
786 4389 1032 4442 maritum
1063 4404 1216 4442 suutn
1245 4399 1429 4444 contra
1457 4393 1784 4448 voluntatem
1806 4412 1957 4451 suam
1987 4398 2041 4451 in

456 4477 782 4534 monasterio
806 4475 983 4532 Urbici
1008 4479 1215 4535 abbatis
1233 4493 1351 4535 esse
1373 4496 1713 4537 conversum.
1739 4484 1891 4551 Quod
1917 4487 2041 4557 quia

457 4572 521 4623 a‘l
549 4569 789 4638 ejusdem
821 4568 1028 4623 abbatis
1057 4569 1270 4637 culpam
1321 4582 1373 4625 et
1404 4572 1658 4628 invidiam
1690 4592 1796 4631 non
1826 4587 1911 4633 est
1938 4579 2040 4633 du-

456 4660 599 4713 bium
627 4658 917 4727 pertinere,
944 4659 1290 4726 experientiae
1331 4668 1433 4716 tua:
1463 4664 1798 4735 praecipimus
1828 4676 1885 4721 ut
1921 4668 2044 4723 dili-

456 4749 600 4813 genti
633 4749 979 4816 inquisitione
1000 4749 1276 4820 discutiat,
1297 4768 1365 4806 ne
1396 4753 1533 4809 forte
1562 4771 1682 4810 cum
1706 4757 1820 4827 ejus
1850 4760 2040 4815 volun-

459 4850 566 4893 tate
595 4854 886 4894 convcrsus
908 4841 998 4904 sit,
1033 4840 1113 4893 vel
1146 4841 1258 4910 ipsa
1288 4859 1347 4898 se
1373 4853 1581 4901 mutare
1613 4851 1916 4917 promiserit
1944 4868 1958 4916 ;
1988 4859 2042 4905 et

455 4930 498 4982 si
523 4930 626 4985 hoc
640 4930 923 4998 repererit,
942 4940 996 4982 et
1014 4930 1159 4985 illnzn
1179 4932 1230 4985 in
1246 4937 1572 4990 monasterio
1590 4954 1905 5005 permanere
1923 4957 2039 5009 pro-

458 5019 657 5086 videat,
686 5026 742 5073 et
779 5018 934 5083 hanc,
962 5020 1099 5073 sicut
1127 5022 1392 5091 promisit,
1416 5038 1624 5082 mutare
1644 5031 1951 5099 compellat.
1983 5031 2039 5087 Si

454 5124 586 5165 vero
612 5110 742 5166 nihil
775 5110 965 5165 horum
995 5120 1099 5178 est,
1132 5129 1231 5168 nec
1252 5116 1521 5183 quondam
1548 5118 1915 5179 fornicationis
1934 5126 2041 5180 cri-

456 5214 601 5264 men,
630 5206 849 5270 propter
869 5200 1011 5266 quod
1028 5199 1144 5255 viro
1167 5201 1291 5257 licet
1312 5220 1533 5260 uxorem
1554 5208 1877 5279 relinquere,
1905 5229 2043 5283 pra:-

453 5288 653 5343 dictam
673 5288 947 5342 mulierem
965 5288 1298 5346 commisisse
1317 5298 1654 5365 cognoveris,
1677 5317 1743 5356 ne
1761 5303 1899 5360 illius
1910 5321 2041 5362 con-

455 5378 630 5433 versio
649 5377 799 5433 uxori
815 5379 1015 5435 relicta:
1032 5380 1084 5434 in
1097 5383 1293 5439 saeculo
1311 5383 1421 5441 fieri
1440 5388 1609 5456 possit
1622 5393 1940 5460 perditionis
1952 5414 2038 5456 oc-

455 5469 619 5534 casio,
636 5469 881 5525 volumus
908 5480 963 5525 ut
990 5474 1238 5529 maritum
1254 5490 1408 5533 suum
1433 5480 1529 5547 illi,
1557 5484 1763 5541 etiamsi
1780 5487 1891 5558 jam
1917 5498 2036 5547 ton-

2148 3053 2375 3106 intentio
2422 3061 2598 3109 vestra
2636 3063 2783 3109 recte
2823 3057 3133 3145 perficitur,
3159 3069 3213 3113 et
3249 3064 3491 3116 conversi
3522 3064 3740 3117 animus

2147 3144 2212 3197 ad
2240 3143 2472 3213 priorem
2505 3145 2681 3199 denuo
2709 3150 2967 3202 vom'tum
3009 3143 3122 3203 non
3158 3162 3413 3207 mutatur.
3460 3155 3740 3209 Adhiben-

2146 3236 2248 3290 dus
2275 3249 2405 3303 ergo
2437 3235 2545 3291 illis
2572 3245 2653 3292 est
2682 3253 2884 3303 sem»,
2916 3241 3004 3307 qui
3034 3251 3085 3294 et
3115 3257 3357 3297 errorum
3391 3247 3441 3298 in
3467 3245 3595 3315 ipsis
3621 3248 3743 3315 spi-

2151 3343 2247 3381 tas
2278 3343 2435 3382 urere
2466 3329 2681 3391 debeat,
2713 3339 2767 3384 et
2815 3331 3164 3401 prtcdicando
3202 3336 3343 3405 quod
3386 3337 3437 3390 in
3477 3338 3558 3390 his
3587 3346 3743 3390 tene-

2146 3416 2342 3472 brescit
2376 3417 2664 3483 illumiuet,
2719 3428 2777 3472 ut
2825 3436 2923 3490 pro
2964 3423 3044 3477 his
3072 3424 3437 3481 admonitione
3468 3427 3743 3496 frequenti

2148 3508 2447 3562 mercedem
2481 3508 2788 3564 f.ateruitas
2818 3523 3001 3564 vestra
3039 3514 3237 3581 capiat,
3266 3525 3321 3568 et
3347 3530 3534 3570 eorum
3563 3534 3740 3586 quan-

2148 3606 2233 3653 tas
2262 3599 2402 3653 Deus
2431 3599 2741 3669 donaverit,
2790 3601 2857 3656 ad
2906 3607 3369 3671 regvnerationem
3417 3624 3568 3663 nova:
3615 3610 3742 3665 vita:

2147 3690 2425 3759 perducat.
2463 3710 2481 3741 ι
2520 3690 2660 3761 (Lib.
2697 3709 2735 3757 ι,
2765 3710 2847 3763 ep.
2881 3693 2996 3763 47.)

2220 3780 2350 3835 Item
2387 3780 2604 3847 Victori,
2637 3786 2894 3854 episc0po
2924 3786 3305 3842 Pauormitano
3335 3807 3348 3840 :
3389 3808 3409 3841 t
3444 3789 3596 3845 Sicut
3632 3790 3734 3846 Ju-

2147 3869 2275 3925 dteis
2309 3886 2417 3925 non
2443 3872 2600 3927 debet
2626 3889 2743 3928 esse.
2789 3875 3004 3929 licentia
3050 3878 3341 3949 quidquam
3370 3880 3421 3934 in
3449 3888 3738 3953 synagogis

2147 3962 2258 4013 suis
2288 3962 2424 4014 ultra
2460 3978 2619 4032 quam
2654 3966 2971 4033 permissum
3002 3978 3084 4021 est
3121 3968 3237 4038 lege
3272 3985 3616 4040 prazsumere,
3659 3975 3733 4030 ita

2148 4052 2199 4104 iu
2232 4052 2316 4107 his
2345 4068 2464 4122 qua:
2494 4056 2571 4109 eis
2595 4073 2850 4110 roocessa
2883 4068 3027 4127 sunt,
3072 4062 3274 4116 nullum
3305 4063 3504 4119 debent
3541 4068 3736 4137 pra:th-

2146 4143 2342 4196 dieium
2370 4146 2656 4200 su~tinere.
2697 4167 2715 4199 ι
2755 4148 2893 4219 (Lib.
2926 4166 3033 4217 vut,
3066 4169 3148 4223 ep.
3171 4151 3286 4223 25.)

2216 4234 2307 4290 45.
2346 4235 2807 4302 Quemadmodum
2874 4240 3087 4299 Judazos
3146 4245 3413 4302 violenter
3472 4248 3734 4319 baptizari

1526 4302 1677 4357 latrix
1702 4306 2041 4374 praesentium

2152 4323 2436 4393 Gregorius
2454 4329 2773 4398 denegabat,
2806 4331 2877 4385 ita
2903 4332 3238 4390 Christianos
3263 4337 3341 4391 eis
3369 4302 3588 4409 quoqn'o
3618 4359 3734 4395 mo-

2147 4415 2216 4470 do
2261 4417 2450 4485 subjici
2498 4420 2798 4476 nullatenus
2849 4426 3207 4491 permittebat.
3259 4426 3411 4484 Unde
3456 4429 3734 4486 Libertiuo

2145 4511 2362 4578 prmtori
2388 4510 2608 4578 Siciliae,
2657 4514 2924 4583 scribens,
2953 4518 3024 4570 ait
3051 4536 3065 4571 :
3102 4537 3120 4570 ι
3152 4517 3345 4574 Fertur
3366 4521 3511 4589 quod
3540 4522 3733 4589 Nasas,

2145 4600 2360 4668 quidam
2384 4602 2833 4661 sceleratissimus
2860 4605 3190 4677 Judatorutn,
3217 4611 3317 4665 sub
3346 4614 3561 4668 nomine
3582 4615 3734 4671 beati

2145 4688 2275 4743 Elia:
2298 4691 2465 4747 altare
2496 4695 2760 4762 punienda
2794 4698 3098 4752 temeritate
3140 4690 3536 4766 construxerit,
3585 4706 3728 4759 mul-

2145 4787 2334 4847 tosque
2376 4780 2482 4836 illic
2527 4780 2954 4839 Christianorum
3004 4787 3069 4839 ad
3105 4786 3437 4843 adorandum
3467 4791 3733 4862 sacrilega

2144 4872 2460 4926 sedttctione
2489 4873 2790 4942 deceperit;
2834 4876 2929 4930 sed
2972 4884 3027 4931 et
3071 4877 3392 4945 Christiana,
3424 4890 3484 4935 ut
3508 4882 3729 4947 dicitur,

2146 4973 2285 5011 mam
2305 4959 2411 5027 ipia
2439 4964 2791 5030 comparavit,
2824 4973 2876 5018 et
2904 4966 3013 5020 suis
3041 4971 3105 5021 ea
3139 4968 3409 5037 obsequiis
3434 4986 3498 5026 ac
3523 4972 3730 5027 utilita-

2144 5051 2285 5106 tibus
2313 5052 2608 5122 deputavit.
2656 5056 2787 5110 llum
2836 5058 2996 5127 igitur
3020 5062 3358 5117 severissime
3389 5064 3440 5118 in
3481 5080 3604 5119 eum
3630 5081 3731 5135 pro

2145 5143 2307 5197 tantis
2332 5143 2658 5200 facinoribus
2682 5147 2952 5203 debuisset
2975 5151 3178 5219 ulcisci,
3202 5152 3467 5222 gloriosus
3490 5153 3731 5211 Justinus

2148 5234 2541 5290 medicamento
2570 5238 2829 5306 avarititn,
2857 5250 2915 5294 ut
2942 5241 3096 5296 nobis
3118 5244 3375 5312 scriptum
3403 5252 3506 5308 est,
3530 5244 3732 5300 delini-

2147 5332 2261 5390 tus,
2311 5324 2405 5380 Dei
2453 5325 2660 5381 distulit
2689 5327 2934 5397 injuriam
2969 5331 3266 5388 vindicare.
3316 5331 3499 5389 Gloria
3545 5344 3732 5391 autem

2142 5424 2319 5468 vestra
2341 5414 2452 5470 lucc
2473 5416 2652 5472 omnia
2671 5417 2911 5475 districta
2930 5423 3330 5479 examinatione
3351 5425 3648 5495 perquirat,
3675 5434 3735 5482 ct

2141 5504 2185 5560 si
2217 5504 2583 5576 hujuscemodi
2606 5509 2947 5569 manifestum
2984 5526 3103 5569 esse
3129 5516 3413 5585 repererit,
3439 5516 3512 5572 ita
3541 5516 3732 5573 distri-
