3992 6388
279 255 356 308 ἐκῙέ

835 255 899 311 S.
939 251 1263 311 GREGORH
1303 250 1515 306 MAGNI
1555 248 1735 311 V'ITA,
1775 248 1979 304 AUCT.
2021 246 2283 301 JOANNE
2327 246 2643 301 DlACONO.
2689 248 2814 300 ΜΒ.
2861 247 2946 300 ιν.

3416 247 3523 301 ΞΕ)

274 365 476 420 etissime
502 379 567 419 ac
590 363 941 432 corporaliter
970 362 1022 416 in
1044 376 1167 416 emn
1185 360 1292 415 lem
1319 361 1642 416 sceleratum
1671 357 1818 413 fe:ti-
1849 365 1893 418 Α
1925 356 2065 412 inter
2090 365 2285 410 cetera
2315 357 2590 422 scribens,
2620 357 2694 411 ait
2727 375 2739 411 :
2778 376 2795 408 ι
2831 357 3248 411 Fralcrttitatem
3278 366 3523 412 vestram

274 462 345 508 net
372 454 637 507 vindicare
673 448 943 515 Jndtcum,
993 460 1260 520 quatenus
1298 456 1400 504 hac
1445 466 1511 506 ex
1565 463 1729 503 causa
1772 456 1829 501 et

272 544 462 608 gratiam
485 544 585 597 sibi
614 542 708 595 Dei
738 542 905 596 nostri
926 541 1198 601 conciliet.
1222 548 1277 594 et
1297 541 1455 595 bisse
1480 538 1709 607 pmteris
1731 552 1831 609 pro

269 648 349 686 sua
366 633 603 688 mercede
632 632 949 686 imitandum
978 639 1243 685 monstret
1261 630 1543 699 exemplis.
1568 627 1832 696 Mancipia

268 732 418 775 autem
449 721 750 776 Christiana
778 735 1134 791 quaecumque
1178 735 1301 775 eum
1342 732 1692 788 comparasse
1739 732 1832 786 pa-

270 817 423 883 tuerit,
451 816 516 870 ad
539 815 842 869 libertatem
869 814 1022 882 juxta
1055 814 1230 882 legum
1255 821 1524 880 prtecepta
1547 810 1664 864 sine
1685 808 1829 863 omni

267 907 592 974 ambiguitate
615 906 916 975 perducite,
947 919 1037 971 ne,
1060 905 1203 972 quod
1234 904 1394 970 absit,
1424 902 1725 956 Christiana
1747 914 1831 954 re-

264 996 373 1060 ligio
406 994 600 1049 Jutlmis
633 994 791 1065 15a
816 1008 1033 1064 quoquo
1056 992 1216 1045 modo
1246 992 1456 1046 subdita
1485 990 1772 1059 polluatur.
1806 1005 1824 1038 ι

263 1085 382 1155 (Lib.
415 1102 489 1151 ιιι,
518 1104 600 1155 ep.
630 1085 747 1155 58.)

324 1176 441 1231 Item
472 1176 761 1243 Venantio,
790 1176 1048 1246 episcopo
1094 1173 1323 1228 Lunensi
1351 1189 1364 1225 :
1402 1191 1419 1222 ι
1454 1170 1743 1224 Multorum
1765 1167 1830 1221 ad

260 1286 346 1322 eos
377 1272 642 1326 relat'one
683 1270 950 1339 pervenit,
983 1283 1011 1321 a
1033 1266 1234 1322 Judzeis
1268 1266 1319 1319 in
1349 1264 1565 1317 civitate
1596 1258 1831 1314 Lunensi

256 1359 561 1425 degentibus
590 1359 643 1413 in
667 1358 944 1414 servitium
967 1356 1266 1411 Christiana
1288 1351 1514 1406 detineri
1545 1347 1829 1415 mancipia.

255 1449 375 1515 Qua:
402 1465 490 1504 res
520 1450 676 1504 nobis
704 1456 855 1503 tanto
882 1448 995 1501 visa
1023 1455 1106 1501 est
1139 1443 1383 1513 asperior
1420 1447 1622 1510 quanto
1666 1453 1698 1491 a
1737 1435 1837 1489 fra-

172 1600 178 1605 ,
253 1541 503 1596 ternitate
553 1548 641 1594 tua
680 1538 932 1610 patientia
962 1536 1260 1605 operosior.
1302 1531 1599 1599 Oportebat
1635 1527 1835 1597 quippe

168 1624 185 1642 ⁸
254 1640 332 1696 te,
360 1640 609 1703 respectu
636 1630 742 1685 loci
773 1629 868 1695 tui,
899 1635 1058 1695 atque
1097 1624 1410 1680 Christiana:
1448 1620 1722 1687 religionis
1753 1620 1836 1669 in-

1930 462 2037 514 opo
2069 456 2143 500 tet
2174 463 2292 501 e.~se
2319 448 2599 502 sollicitam
2642 456 2700 501 ut
2744 449 2787 501 si
2836 449 2902 501 de
2943 446 3250 502 Juolmorum
3303 450 3525 504 servitio

1932 554 2038 591 non
2074 539 2249 591 solum
2297 536 2531 598 Judazus,
2559 538 2653 592 sed
2685 540 2847 592 etiam
2876 540 3162 608 quisquam
3195 552 3526 607 paganorum

1933 629 2048 682 fleti
2092 629 2321 682 voluerit
2360 629 2725 693 Christianus,
2778 641 3059 697 postquam
3104 628 3357 681 voluntas
3408 629 3527 696 eius

1934 720 2097 772 fuerit
2144 721 2449 788 patefacta,
2494 736 2562 772 ne
2604 719 2750 773 hunc
2789 719 2888 772 sub
2928 718 3169 786 quolibet
3198 718 3414 787 ingenio
3441 724 3527 774 vel

1932 818 2252 875 argumento
2304 809 2540 876 cuipiam
2576 806 2881 861 Juclteorum
2911 808 3268 861 venumdandt
3301 807 3527 863 facultas

1930 899 2019 961 sit,
2046 903 2137 953 sel
2171 901 2214 954 is
2242 901 2331 969 qui
2364 902 2429 954 ad
2461 900 2617 954 filim
2650 901 3006 955 Christianam
3049 902 3290 954 converti
3318 901 3522 956 de-ide-

1932 999 2035 1054 rat,
2062 990 2376 1045 defensione
2416 1001 2601 1046 vestra
2646 991 2698 1044 iu
2745 991 3048 1045 lzbertatem
3079 1006 3168 1045 mo
3190 991 3252 1044 lis
3280 991 3527 1045 omnibus

1933 1077 2249 1130 vintlicctir.
2300 1078 2361 1131 lli
2408 1094 2536 1133 vero
2584 1094 2720 1147 quos
2766 1078 3069 1147 hnjusmodi
3097 1087 3316 1148 oportet
3343 1095 3530 1136 servos

1932 1168 2201 1231 amittere,
2246 1182 2312 1221 ne
2356 1168 2579 1222 forsitan
2622 1169 2882 1221 utilitates
2923 1184 3049 1223 suas
3093 1170 3531 1225 irrationabiliter

1930 1258 2199 1312 testintent
2236 1259 2500 1327 impediri,
2528 1258 2761 1313 sollicita
2803 1274 2899 1312 vos
2929 1260 3033 1313 hoc
3068 1262 3323 1314 convenit
3353 1265 3529 1316 censio

1933 1350 2212 1403 di-ratione
2249 1365 2467 1403 scrvare
2514 1366 2527 1401 :
2579 1359 2638 1403 ut
2664 1349 2711 1403 si
2751 1361 2992 1419 paganos
3020 1363 3158 1414 quos
3189 1350 3528 1405 mercimonii

1934 1453 2094 1493 causa
2124 1438 2191 1492 de
2219 1438 2457 1493 externis
2478 1437 2673 1495 ﬁnibus
2700 1438 2951 1501 emeriut,
2984 1437 3124 1491 intra
3158 1448 3266 1493 tres
3290 1454 3527 1509 menses,

1937 1533 2064 1584 dum
2093 1542 2309 1599 emptor
2332 1532 2421 1586 cui
2456 1532 2612 1586 vemll
2642 1532 2874 1586 debeant
2898 1531 3223 1595 inveniatur,
3263 1534 3418 1604 155
3445 1533 3528 1587 fu-

1936 1640 2064 1693 gere
2094 1626 2159 1676 ad
2209 1625 2501 1679 Ecc'esiam
2534 1625 2671 1678 forte
2718 1624 3025 1692 comiger't,
3063 1631 3118 1677 ct
3158 1623 3297 1678 velle
3325 1640 3385 1679 se
3411 1624 3527 1681 ﬂeri

256 1722 419 1785 tuitu,
454 1722 650 1776 nullam
674 1721 975 1787 relinquere
994 1716 1332 1771 occasionem
1353 1712 1722 1783 superstitioni
1743 1710 1836 1765 Ju-
1870 1739 1913 1797 Β
1940 1717 2173 1771 dixerint
2200 1717 2553 1782 Christianos,
2584 1716 2672 1770 vel
2693 1717 2853 1770 etiam
2889 1725 3039 1769 extra
3071 1714 3365 1769 Ecclesiam
3388 1715 3529 1772 hanc

246 1810 435 1875 daicce,
456 1827 521 1865 ne
546 1810 816 1878 simplices
838 1807 1027 1861 animm
1050 1821 1157 1860 non
1182 1812 1289 1859 tam
1312 1803 1651 1859 suasionibus
1672 1818 1832 1869 quam

250 1899 532 1969 potestatis
572 1900 694 1967 jure
742 1895 973 1967 quodam
1020 1897 1182 1949 modo
1222 1894 1581 1950 deservirent.
1631 1892 1834 1959 Quam-

249 1991 431 2044 obrem
470 1988 749 2041 hortamur
802 1984 1193 2040 fraternitatem
1241 1993 1412 2049 tuam,
1454 1991 1515 2037 ut
1541 1982 1836 2038 secundum

250 2079 606 2150 piissimarum
636 2076 810 2145 legum
834 2078 1102 2130 tramitem
1131 2072 1461 2129 nulliludzeo
1483 2074 1644 2128 liceat
1680 2072 1839 2126 Chri-

248 2172 481 2225 stianmn
513 2169 839 2236 mancipium
873 2169 924 2221 in
966 2182 1065 2221 suo
1094 2166 1332 2221 retinere
1362 2164 1604 2218 dominio
1629 2179 1644 2227 ;
1668 2161 1763 2217 sed
1791 2162 1838 2216 si

251 2261 346 2327 qui
378 2274 542 2330 penes
561 2273 656 2312 eos
680 2257 1042 2317 inveniuntur,
1070 2255 1289 2309 libertas
1304 2254 1402 2318 eis,
1422 2251 1665 2308 tuitionis
1687 2251 1839 2306 auxi-

258 2354 354 2416 lio,
382 2366 448 2405 ex
474 2350 649 2418 legum
680 2347 961 2401 sanctione
988 2351 1253 2400 servetur.
1285 2363 1304 2397 ι
1334 2342 1473 2413 (Lib.
1506 2357 1580 2408 Iv,
1606 2360 1689 2410 ep.
1720 2341 1837 2403 (ει.)

328 2441 415 2494 44.
457 2440 675 2509 Siquos
698 2438 1126 2492 Chri~tianorum
1172 2452 1271 2506 pro
1320 2434 1652 2505 longitudine
1682 2434 1842 2488 itine-

251 2535 330 2587 ris
358 2548 455 2601 per
483 2530 785 2600 provincias
830 2529 899 2582 ab
929 2526 1276 2582 Hebraeorum
1305 2525 1530 2581 servitio
1567 2538 1667 2594 per
1705 2523 1845 2590 lega-

254 2624 279 2676 lt
311 2639 361 2675 ιιι
392 2621 704 2675 violentiam
728 2618 1022 2687 Gregorius
1046 2618 1276 2673 liberare
1316 2633 1423 2671 non
1469 2623 1703 2686 poterat,
1733 2613 1845 2670 suis

252 2717 445 2786 pretiis
475 2711 816 2768 redimendos
841 2726 962 2767 esse
985 2710 1262 2766 censebat.
1291 2707 1444 2764 Unde
1470 2707 1710 2763 Candido
1726 2722 1847 2776 plc-

252 2806 481 2875 sbytero
526 2817 623 2871 per
669 2800 869 2856 Gallias
920 2799 1162 2856 scribens
1193 2816 1208 2853 :
1246 2818 1264 2850 ι
1291 2798 1622 2861 Dominicus,
1653 2797 1846 2866 inquit,

253 2893 606 2964 prmsentium
654 2891 883 2962 portitor
925 2889 1343 2961 lacrymabilitcr
1395 2889 1552 2944 nobis
1595 2888 1848 2953 innotuit,

252 2995 497 3056 quatuor
527 2986 719 3039 fratres
743 2999 870 3038 suos
896 2983 963 3038 de
991 2983 1307 3051 captivitate
1342 2995 1371 3035 a
1405 2978 1603 3036 Judmis
1640 2979 1851 3035 redem-

255 3088 386 3150 ptos
415 3093 556 3141 esse,
588 3086 751 3147 atque
781 3091 873 3132 eos
902 3084 1031 3130 tunc
1058 3074 1322 3129 Narbona:
1344 3074 1396 3128 in
1419 3073 1731 3129 eorumdem
1754 3072 1852 3127 Ju-

257 3258 631 3325 crandumque
673 3266 756 3312 est
791 3256 1125 3315 Chriutiauos
1154 3255 1206 3309 in
1236 3255 1456 3310 servitio
1483 3270 1601 3309 esse
1638 3253 1853 3309 Jusltco-

260 3365 417 3410 rum,
451 3348 794 3404 dilectionem
825 3355 970 3401 tuam
1002 3347 1216 3415 scriptis
1261 3346 1615 3416 prtesentibus
1654 3346 1853 3400 adhor-

262 3450 467 3504 tamur,
500 3448 557 3492 ut
577 3454 699 3494 cum
723 3439 867 3493 omni
910 3437 1207 3492 subtilitate
1251 3444 1306 3491 et
1347 3435 1709 3491 sollicitudine
1735 3445 1853 3490 stu-

261 3529 394 3581 deat
424 3529 781 3597 perscrutari;
811 3527 930 3581 etsi
953 3542 1140 3582 revera
1161 3527 1230 3580 ita
1262 3534 1364 3587 est.
1391 3535 1552 3597 atque
1574 3526 1852 3581 manifesta

263 3621 501 3675 veritate
524 3620 617 3673 tibi
646 3620 946 3673 constiterit
973 3620 1096 3689 quia
1128 3634 1301 3688 neque
1332 3621 1431 3688 ipsi
1477 3620 1619 3675 unde
1664 3635 1725 3675 se
1772 3638 1858 3675 re-

262 3710 499 3771 dimant,
532 3723 705 3778 neque
731 3710 1123 3779 suprascriptus
1153 3711 1382 3778 portitor
1409 3711 1589 3776 habet,
1620 3726 1716 3766 eos
1743 3719 1857 3767 stu-

262 3799 342 3853 dii
376 3800 453 3853 tui
482 3800 553 3853 sit
580 3798 866 3863 redimere,
911 3800 1087 3854 sciens
1116 3800 1242 3868 quia
1277 3800 1537 3870 quidquid
1577 3802 1628 3855 in
1657 3801 1735 3855 eis
1764 3802 1860 3855 de-

265 3889 444 3953 deris,
476 3890 584 3943 tuis
610 3889 728 3944 sine
754 3888 917 3943 dubio
949 3890 1246 3945 rationibus
1270 3890 1639 3960 imputabitur.
1670 3910 1689 3943 ι
1719 3889 1860 3962 (Lib.

264 3994 362 4041 vu,
394 3997 477 4049 ep.
512 3978 628 4048 2i.)

345 4069 432 4124 45.
467 4069 772 4127 Judmorum
804 4075 1072 4145 mancipia
1101 4075 1267 4131 semel
1298 4075 1659 4142 confugientia
1683 4074 1746 4127 ad
1772 4073 1867 4128 Ec-

267 4162 519 4231 clesiam,
548 4180 819 4232 nunquam
866 4166 1195 4235 quibuslibet
1238 4167 1578 4221 suasionibus
1602 4166 1751 4219 reddi
1777 4165 1866 4232 ju-

268 4252 460 4309 bebat.
500 4254 647 4311 Unde
671 4256 938 4324 jannario,
969 4256 1273 4310 Caralitano
1295 4257 1572 4325 episcopo,
1598 4256 1737 4309 inter
1765 4270 1868 4309 cae-

271 4352 391 4399 tera
425 4347 684 4408 scribens,
721 4349 831 4401 ait:
873 4367 889 4398 ι
928 4346 1177 4401 Pervo-nit
1216 4348 1281 4401 ad
1319 4363 1437 4409 nos,
1479 4362 1667 4403 servos
1698 4348 1869 4401 ancil-

272 4430 467 4503 lasque
495 4434 833 4499 Judtnnrttm,
885 4436 1005 4492 fidei
1054 4453 1214 4490 causa
1259 4438 1324 4489 ad
1356 4436 1648 4491 Eeclesiam
1678 4437 1867 4491 confu-

272 4525 516 4592 gieiites,
564 4534 657 4579 aut
688 4524 987 4579 infidelibus
1010 4526 1244 4579 dominis
1275 4524 1501 4589 restitui,
1532 4534 1625 4578 aut
1651 4539 1860 4589 eorum,

274 4630 346 4669 ne
364 4616 736 4681 restituantur,
760 4617 987 4684 pretium
1009 4615 1142 4669 dari.
1169 4613 1269 4668 [lor
1284 4623 1456 4669 tamur
1478 4616 1636 4684 igitur
1654 4625 1714 4670 ut
1741 4619 1864 4669 nul-

275 4705 292 4759 l
328 4716 493 4759 tenus
522 4713 633 4758 tam
664 4721 878 4773 pravam
908 4707 1353 4760 consuetudinem
1396 4721 1612 4760 manere
1642 4707 1863 4775 permit-

272 4808 382 4861 tas,
416 4798 510 4852 sed
532 4813 656 4852 cum
686 4799 910 4867 quilibet
935 4796 1236 4852 Jmlteorum
1265 4814 1454 4852 servus
1494 4800 1559 4852 ad
1588 4799 1866 4853 venerabi-

272 4892 341 4943 lia
372 4892 491 4943 loca
529 4886 648 4942 litlt-i
694 4903 852 4941 causa
892 4886 1213 4956 confugerit,
1253 4888 1559 4942 nullatenus
1595 4903 1715 4941 eum
1770 4904 1866 4956 pa-

268 4980 485 5033 tiamini
529 4979 892 5049 praeiudicium
936 4980 1226 5043 sustinere,
1272 4979 1364 5033 sed
1401 4979 1512 5032 sive
1559 4980 1686 5033 oiim
1716 4978 1870 5033 Chri-

262 5073 512 5132 stianus,
539 5066 655 5122 sive
683 5083 826 5122 nunc
856 5065 1015 5122 fuerit
1043 5066 1420 5135 baptiaandus,
1452 5067 1567 5120 sine
1596 5067 1706 5120 ullo
1734 5082 1868 5136 pau-

264 5177 469 5230 petum
502 5161 928 5214 Christianorum
970 5158 1183 5218 damno,
1216 5158 1464 5225 religioso
1490 5157 1870 5212 ecclesiasticae

262 5251 500 5318 pietatis
522 5249 821 5319 patrocinio
864 5251 914 5302 in
946 5250 1245 5303 libertatem
1296 5249 1468 5305 modis
1498 5251 1745 5305 omnibus
1773 5252 1869 5303 de-

258 5341 551 5393 fendatur.
589 5358 606 5388 ι
636 5337 775 5403 (Lib.
807 5353 875 5400 tv,
907 5355 988 5404 ep.
1022 5336 1101 5403 9.)

341 5428 441 5480 46.
477 5426 596 5481 Non
627 5428 799 5481 solum
829 5424 1127 5480 Chvi~tuana
1173 5425 1437 5493 mancipia
1477 5423 1770 5496 Gregorius
1817 5427 1867 5481 in

206 5518 215 5525 ’
256 5521 584 5575 libertatem
607 5522 687 5589 pri
720 5521 884 5572 tinam
907 5519 1150 5585 legaliter
1173 5520 1481 5581 revocabat,
1501 5534 1683 5572 verum
1706 5520 1867 5572 etiam

259 5628 489 5682 pagana
513 5614 578 5666 ad
609 5611 766 5665 [idem
795 5611 978 5664 venire
1004 5608 1263 5681 volentia,
1306 5609 1464 5663 vemli
1514 5610 1660 5664 nullo
1706 5609 1869 5663 modo

256 5704 647 5773 permittebat.
686 5699 836 5758 Unde
859 5699 1176 5766 Fortunato,
1208 5701 1559 5772 Neapolitano
1587 5704 1865 5773 episcopo,

1943 1808 2104 1861 talem
2158 1814 2492 1861 Vo‘uestatem
2548 1807 2914 1877 prodiderint,
2970 1808 3200 1875 pretium
3256 1822 3446 1864 eorum
3495 1824 3527 1864 a

1939 1897 2250 1952 Christiano
2299 1899 2509 1952 sciliCet
2555 1908 2799 1967 emptore
2852 1897 3173 1967 percipiant.
3226 1899 3284 1952 Si
3346 1908 3527 1954 autem

1940 1999 2065 2057 post
2120 1988 2414 2056 prmfinitns
2474 1997 2583 2044 tres
2633 2004 2847 2043 menSt-s
2891 1990 3170 2057 quisquam
3221 1988 3530 2058 hnjusmodi

1941 2092 2220 2133 servorum
2258 2076 2609 2131 Julaicornm
2653 2078 2793 2132 velle
2835 2095 2989 2132 suum
3033 2079 3280 2143 etixezit,
3331 2089 3387 2134 et
3414 2078 3529 2136 fieri

1941 2170 2175 2225 voluerit
2212 2167 2586 2235 Christianus,
2636 2184 2738 2224 nec
2788 2168 2981 2236 aliquis
3029 2184 3149 2222 cum
3186 2170 3528 2238 postmodum

1943 2276 2146 2328 emere,
2161 2277 2261 2317 nec
2281 2261 2532 2316 dominus
2550 2259 2788 2329 qualibet
2809 2261 3112 2315 occasionis
3130 2262 3313 2330 specie
3334 2263 3531 2317 audeat

1941 2354 2291 2415 venumtlare,
2314 2352 2407 2406 sed
2430 2352 2493 2405 al
2519 2352 2780 2406 libertatis
2803 2351 3156 2421 proculdubio
3173 2368 3219 2422 p=
3236 2353 3390 2407 tctuia
3405 2370 3530 2425 per-

1943 2445 2185 2507 ducatur,
2203 2444 2326 2512 qttia
2347 2444 2488 2497 hunc
2506 2458 2611 2496 non
2634 2442 2701 2495 ad
2718 2441 3078 2505 vendendum,
3096 2444 3188 2495 sed
3208 2443 3274 2496 ad
3291 2444 3533 2497 servien-

1944 2537 2068 2588 dmn
2098 2534 2197 2588 sibi
2246 2534 2559 2601 intelligitur
2603 2547 2935 2587 reservasse.
2972 2550 2991 2583 ι
3028 2531 3169 2603 (Lib.
3202 2548 3276 2598 vr,
3299 2549 3380 2601 ep.
3413 2531 3530 2601 32.)

2018 2622 2107 2678 47.
2150 2622 2360 2691 Pagaua
2411 2623 2677 2691 mancipia
2729 2620 2944 2676 Iudaeos
2989 2621 3238 2676 videlicet
3288 2621 3536 2675 dominos

1949 2732 2077 2772 suos
2123 2717 2187 2770 ad
2244 2716 2401 2769 tilem
2452 2714 2841 2784 pra-cedentia,
2892 2714 2944 2767 in
2992 2729 3177 2768 eorunt
3226 2712 3534 2779 servitium,

1950 2809 2160 2861 rtimusi
2191 2807 2291 2875 ipsi
2318 2821 2411 2859 eos
2438 2806 2500 2858 ad
2533 2802 2989 2859 Cliristiauitatctn
3035 2802 3538 2871 subsequebantur,

1953 2899 2103 2953 nullo
2125 2898 2285 2951 modo
2313 2895 2620 2949 retocabat.
2649 2891 2800 2948 Unde
2819 2890 3033 2960 Joanui,
3063 2892 3402 2962 Syracusano
3422 2893 3540 2962 epi-

1954 3005 2119 3059 scopo
2152 3007 2165 3044 :
2213 3007 2232 3041 ι
2268 2986 2441 3055 Felix,
2473 2986 2663 3054 inquit,
2689 2999 2795 3053 pra:
2828 2983 3028 3037 entiutn
3073 2985 3302 3053 portitor
3321 2991 3543 3051 questus

1898 3111 1920 3127 π
1954 3082 2110 3136 nobis
2139 3089 2241 3141 est,
2272 3094 2393 3134 cum
2419 3077 2489 3131 sit
2517 3077 2587 3130 de
2621 3074 2943 3129 Christianis
2969 3072 3279 3143 parentibus
3307 3082 3479 3139 natus,
3510 3089 3543 3127 a

256 3172 506 3224 timorum
528 3168 746 3223 servitio
777 3166 1023 3221 detineri.
1056 3163 1124 3219 Et
1150 3164 1275 3232 quia
1304 3165 1524 3219 omnino
1550 3177 1710 3232 grave
1729 3178 1852 3218 exe-
1881 3149 1922 3167 ’⁸

1954 3173 2186 3242 quodam
2204 3170 2515 3226 Christiano
2544 3171 2837 3232 Samaraco,
2862 3168 3002 3239 quod
3026 3168 3130 3222 dici
3156 3183 3231 3223 scr
3250 3168 3331 3222 lus
3353 3178 3457 3235 eat,
3484 3183 3545 3223 se

1953 3277 2073 3320 esse
2115 3262 2401 3328 donatum;
2441 3270 2497 3316 et
2548 3261 2674 3316 dum
2720 3259 3089 3329 hujustemotli
3139 3259 3542 3327 superstitionis

1955 3354 2201 3409 homines
2229 3352 2530 3407 Christiana
2558 3351 2801 3421 quolibet
2852 3351 3012 3404 modo
3057 3349 3326 3417 mancipia
3358 3351 3535 3419 possi-

1957 3443 2109 3509 dere,
2139 3459 2238 3498 nec
2260 3443 2398 3498 ratio
2420 3442 2573 3509 legis,
2604 3456 2705 3497 nec
2733 3441 3032 3497 reverentia
3060 3440 3333 3509 religionis
3352 3440 3545 3495 admit-

1959 3543 2057 3600 tat,
2084 3548 2144 3589 se
2172 3542 2348 3587 tamen
2378 3548 2478 3603 per
2505 3532 2691 3589 decem
2722 3539 2776 3584 et
2801 3540 2925 3587 octo
2951 3546 3125 3587 annos
3152 3532 3206 3586 in
3253 3531 3371 3600 ejus
3396 3548 3545 3587 asse-

1960 3626 2030 3679 rit
2058 3625 2280 3679 servitio
2304 3624 2685 3693 permansisse.
2718 3622 2823 3678 Sed
2848 3631 3209 3692 cognoscente
3229 3622 3332 3677 hoc
3356 3622 3545 3677 deces-

1961 3731 2085 3770 sore
2132 3723 2310 3769 vestro
2354 3724 2555 3769 sancta:
2600 3713 2890 3777 memoriae,
2924 3711 3271 3775 Maximiano,
3302 3711 3369 3764 ab
3397 3724 3463 3765 eo
3487 3726 3547 3764 se

1965 3807 2107 3876 zelo,
2135 3807 2276 3861 sicut
2298 3805 2499 3869 decuit,
2524 3804 2843 3858 satertlotali
2869 3809 3161 3866 commoto,
3190 3800 3258 3855 de
3291 3799 3546 3855 Samartei

1966 3898 2175 3953 nefario
2202 3897 2424 3952 servitio
2449 3894 2713 3950 liberavit.
2737 3892 2845 3947 Sed
2873 3893 2995 3960 quia
3024 3891 3260 3961 ejusdem
3291 3890 3547 3946 Samaraei

1970 3987 2107 4041 hlius
2138 3995 2261 4056 post
2283 3986 2519 4054 quinque
2558 3998 2730 4037 annos
2764 3980 2935 4036 factus
2967 3982 3164 4036 dicitur
3189 3980 3547 4047 Christianus,

1969 4091 2025 4134 et
2052 4079 2284 4148 supradit
2306 4086 2415 4131 tum
2444 4075 2674 4131 Felicem
2709 4076 2760 4128 iu
2806 4072 2919 4143 ejus
2963 4088 3067 4128 ser‘
3090 4073 3261 4138 ilium,
3291 4086 3547 4144 quantum

1970 4171 2086 4240 ipse
2111 4170 2256 4234 dicit,
2282 4168 2496 4237 quidam
2521 4166 2766 4220 nituntur
2794 4165 3054 4233 redigere,
3088 4164 3344 4218 sanctitas
3374 4173 3548 4219 vestra

1972 4263 2085 4317 lucc
2106 4276 2225 4329 qua:
2251 4261 2426 4315 ealocti
2460 4274 2663 4323 smnus,
2693 4257 2973 4325 diligenter
3014 4255 3276 4324 inquirat;
3321 4264 3376 4309 et
3403 4256 3445 4310 si
3477 4256 3549 4309 ita

1972 4350 2022 4403 ei
2061 4364 2181 4404 esse
2209 4348 2536 4415 constiterit,
2563 4363 2685 4401 eum
2709 4349 2843 4401 tueri
2873 4346 3105 4411 stu‘leat,
3137 4353 3191 4400 et
3218 4362 3246 4400 a
3275 4347 3422 4401 nullo
3449 4350 3551 4401 sub

1973 4441 2213 4510 qualibet
2233 4440 2522 4495 occasione
2550 4440 2761 4508 gravari
2790 4440 3065 4508 permittat
3094 4456 3107 4493 :
3136 4440 3259 4508 quia
3304 4441 3430 4494 dum
3457 4458 3551 4496 sn-

1974 4533 2292 4604 perstitiosa:
2328 4540 2491 4586 secta:
2522 4531 2783 4599 mancipia
2820 4530 3068 4592 dominos
3110 4546 3237 4584 suos
3280 4531 3350 4583 ad
3392 4530 3550 4585 fidem

1973 4624 2355 4693 praecedentia,
2387 4624 2609 4678 servitio
2640 4638 2826 4676 eorum
2859 4630 3043 4691 aperte
3084 4621 3247 4690 redigi
3280 4622 3400 4689 jura
3430 4639 3553 4690 pro-

1973 4718 2213 4784 lubeant,
2239 4727 2442 4785 quanto
2481 4716 2651 4784 magis
2681 4716 2766 4769 hic
2805 4716 2874 4769 de
2903 4713 3217 4769 Christianis
3246 4716 3553 4783 parentibus

1973 4818 2153 4875 natus,
2185 4819 2237 4861 et
2267 4810 2434 4864 factus
2464 4824 2491 4861 a
2522 4808 2743 4876 parvulo
2770 4807 3123 4873 Christianus,
3155 4806 3292 4860 hanc
3323 4823 3427 4860 non
3458 4809 3553 4859 de-

1972 4901 2065 4955 bet
2091 4901 2441 4969 quaeslioncm
2465 4899 2645 4969 aliquo
2670 4900 2830 4953 modo
2851 4898 3153 4953 sustinere?
3175 4897 3406 4952 Maxime
3428 4902 3551 4967 quia

1980 5008 2080 5047 nec
2102 4993 2264 5061 pati-is
2291 5008 2411 5046 esse
2448 5008 2635 5047 servus
2666 4993 2859 5061 pulttil,
2891 5008 3053 5060 quem
3100 4992 3267 5060 liquet
3297 5007 3364 5046 ex
3394 5009 3554 5063 prava

1978 5086 2157 5154 potius
2187 5087 2602 5154 praesumptione
2630 5099 2844 5151 prunam
2875 5098 3031 5150 posse
3053 5084 3357 5137 venientem
3389 5085 3455 5138 de
3479 5088 3554 5139 lc-

1976 5176 2129 5243 gihus
2152 5176 2436 5229 sustinere.
2478 5194 2495 5225 ι
2532 5173 2669 5245 (Lib.
2701 5188 2813 5238 vm,
2843 5189 2925 5242 ep.
2949 5171 3065 5234 2|.)

2048 5264 2139 5318 48.
2177 5263 2497 5320 Circumr-idi
2528 5268 2716 5319 saltem
2758 5275 3083 5328 paganorum
3133 5264 3395 5318 neminem
3422 5262 3552 5319 Gre~

1979 5355 2159 5421 gorins
2206 5354 2569 5422 permittebat.
2617 5351 2978 5416 Quamobrem
3030 5351 3227 5418 Leoni,
3269 5351 3557 5409 Catanensi

1979 5446 2233 5515 episcopo
2260 5461 2273 5496 :
2316 5461 2333 5493 ι
2371 5442 2493 5504 lles,
2526 5442 2651 5510 inqu
2677 5437 2714 5504 ἰ,
2749 5442 2815 5493 ad
2858 5458 2956 5497 nos
2985 5443 3206 5498 omnino
3233 5445 3555 5501 detestabilis

1977 5547 2032 5591 et
2054 5536 2258 5605 legibus
2305 5534 2516 5588 inimica
2546 5535 2819 5602 pervenit,
2852 5550 2990 5604 qua},
3020 5536 3062 5589 si
3091 5552 3215 5590 vera
3246 5546 3346 5599 est.
3372 5539 3550 5596 frater.

1982 5629 2202 5684 nitatem
2233 5635 2378 5681 tuam
2411 5626 2758 5681 vehementer
2796 5638 3033 5693 accusat,
3061 5631 3183 5699 quia
3214 5647 3332 5685 eam
3371 5634 3436 5685 de
3464 5636 3546 5687 mi-

1978 5720 2095 5777 nori
2142 5717 2502 5775 sollicitudine
2540 5718 2731 5784 probat
2760 5734 2880 5775 esse
2908 5722 3228 5786 Cltip'lbllt‘m
3283 5724 3546 5796 Comperi-
