  <div class='ocr_page' id='page_1' title='image "/cluster/home/n/w/nwhite01/storage/ocr_20150623/75/uva.x000827087/111.png"; bbox 0 0 3992 6310; ppageno 0'>
   <div class='ocr_carea' id='block_1_1' title="bbox 482 189 583 238">
    <p class='ocr_par' dir='ltr' id='par_1_1' title="bbox 482 189 583 238">
     <span class='ocr_line' id='line_1_1' title="bbox 482 189 583 238; baseline 0 0"><span class='ocrx_word' id='word_1_1' title='bbox 482 189 583 238; x_wconf 60' lang='lat' dir='ltr'><strong>id?</strong></span> 
     </span>
    </p>
   </div>
   <div class='ocr_carea' id='block_1_2' title="bbox 1074 179 3159 248">
    <p class='ocr_par' dir='ltr' id='par_1_2' title="bbox 1074 179 3159 248">
     <span class='ocr_line' id='line_1_2' title="bbox 1074 179 3159 248; baseline -0.004 -7"><span class='ocrx_word' id='word_1_2' title='bbox 1074 187 1130 241; x_wconf 86' lang='lat' dir='ltr'><strong>S.</strong></span> <span class='ocrx_word' id='word_1_3' title='bbox 1174 186 1496 243; x_wconf 71' lang='lat' dir='ltr'><strong>GliiiGUllil</strong></span> <span class='ocrx_word' id='word_1_4' title='bbox 1537 189 1747 242; x_wconf 66' lang='lat' dir='ltr'><strong>MAGNI</strong></span> <span class='ocrx_word' id='word_1_5' title='bbox 1795 186 1967 248; x_wconf 72' lang='lat' dir='ltr'><strong>\‘l&#39;H,</strong></span> <span class='ocrx_word' id='word_1_6' title='bbox 2014 183 2212 238; x_wconf 68' lang='lat' dir='ltr'><strong>AUCT.</strong></span> <span class='ocrx_word' id='word_1_7' title='bbox 2257 181 2516 235; x_wconf 65' lang='lat' dir='ltr'><strong>JU.\N.\‘I&#39;I</strong></span> <span class='ocrx_word' id='word_1_8' title='bbox 2559 180 2867 234; x_wconf 70' lang='grc' dir='ltr'><strong>ΝΜἸΟΝΟ.</strong></span> <span class='ocrx_word' id='word_1_9' title='bbox 2914 179 3033 234; x_wconf 79' lang='lat' dir='ltr'><strong>LIB.</strong></span> <span class='ocrx_word' id='word_1_10' title='bbox 3077 179 3159 235; x_wconf 81' lang='lat' dir='ltr'><strong>IV.</strong></span> 
     </span>
    </p>
   </div>
   <div class='ocr_carea' id='block_1_3' title="bbox 3646 185 3750 240">
    <p class='ocr_par' dir='ltr' id='par_1_3' title="bbox 3646 185 3750 240">
     <span class='ocr_line' id='line_1_3' title="bbox 3646 185 3750 240; baseline 0.029 -3"><span class='ocrx_word' id='word_1_11' title='bbox 3646 185 3750 240; x_wconf 72' lang='lat'><strong>968</strong></span> 
     </span>
    </p>
   </div>
   <div class='ocr_carea' id='block_1_4' title="bbox 485 291 3753 366">
    <p class='ocr_par' dir='ltr' id='par_1_4' title="bbox 485 291 3753 366">
     <span class='ocr_line' id='line_1_4' title="bbox 485 291 3753 366; baseline -0.001 -16"><span class='ocrx_word' id='word_1_12' title='bbox 485 313 604 355; x_wconf 81' lang='lat' dir='ltr'><strong>mus</strong></span> <span class='ocrx_word' id='word_1_13' title='bbox 630 305 811 352; x_wconf 84' lang='lat' dir='ltr'><strong>autern</strong></span> <span class='ocrx_word' id='word_1_14' title='bbox 840 297 984 366; x_wconf 72' lang='lat' dir='ltr'><strong>quod</strong></span> <span class='ocrx_word' id='word_1_15' title='bbox 1025 296 1280 351; x_wconf 73' lang='lat' dir='ltr'><strong>Samarzei</strong></span> <span class='ocrx_word' id='word_1_16' title='bbox 1318 298 1574 365; x_wconf 79' lang='lat' dir='ltr'><strong>degentes</strong></span> <span class='ocrx_word' id='word_1_17' title='bbox 1597 297 1836 360; x_wconf 72' lang='lat' dir='ltr'><strong>Catarrtc,</strong></span> <span class='ocrx_word' id='word_1_18' title='bbox 1867 309 2072 364; x_wconf 88' lang='lat' dir='ltr'><strong>pagana</strong></span> <span class='ocrx_word' id='word_1_19' title='bbox 2102 301 2147 354; x_wconf 80' lang='grc' dir='ltr'><strong>Α</strong></span> <span class='ocrx_word' id='word_1_20' title='bbox 2178 309 2256 360; x_wconf 88' lang='lat' dir='ltr'><strong>se,</strong></span> <span class='ocrx_word' id='word_1_21' title='bbox 2275 295 2344 349; x_wconf 86' lang='lat' dir='ltr'><strong>ita</strong></span> <span class='ocrx_word' id='word_1_22' title='bbox 2363 303 2420 348; x_wconf 93' lang='lat' dir='ltr'><strong>ut</strong></span> <span class='ocrx_word' id='word_1_23' title='bbox 2439 294 2524 348; x_wconf 89' lang='lat' dir='ltr'><strong>die</strong></span> <span class='ocrx_word' id='word_1_24' title='bbox 2537 293 2744 348; x_wconf 78' lang='lat' dir='ltr'><strong>sabbati</strong></span> <span class='ocrx_word' id='word_1_25' title='bbox 2762 291 2958 360; x_wconf 86' lang='lat' dir='ltr'><strong>aliquid</strong></span> <span class='ocrx_word' id='word_1_26' title='bbox 2983 292 3193 360; x_wconf 84' lang='lat' dir='ltr'><strong>operari</strong></span> <span class='ocrx_word' id='word_1_27' title='bbox 3215 292 3584 358; x_wconf 71' lang='lat' dir='ltr'><strong>proniberent.</strong></span> <span class='ocrx_word' id='word_1_28' title='bbox 3607 293 3753 360; x_wconf 85' lang='lat' dir='ltr'><strong>Quos</strong></span> 
     </span>
    </p>
   </div>
   <div class='ocr_carea' id='block_1_5' title="bbox 486 389 2063 462">
    <p class='ocr_par' dir='ltr' id='par_1_5' title="bbox 486 389 2063 462">
     <span class='ocr_line' id='line_1_5' title="bbox 486 389 2063 462; baseline -0.003 -16"><span class='ocrx_word' id='word_1_29' title='bbox 486 392 750 462; x_wconf 79' lang='lat' dir='ltr'><strong>mancipia</strong></span> <span class='ocrx_word' id='word_1_30' title='bbox 779 392 1028 452; x_wconf 84' lang='lat' dir='ltr'><strong>eurcrirrt,</strong></span> <span class='ocrx_word' id='word_1_31' title='bbox 1083 399 1245 460; x_wconf 85' lang='lat' dir='ltr'><strong>atque</strong></span> <span class='ocrx_word' id='word_1_32' title='bbox 1297 406 1359 444; x_wconf 89' lang='lat' dir='ltr'><strong>ea</strong></span> <span class='ocrx_word' id='word_1_33' title='bbox 1406 389 1791 444; x_wconf 79' lang='lat' dir='ltr'><strong>circumcidere</strong></span> <span class='ocrx_word' id='word_1_34' title='bbox 1820 402 1951 441; x_wconf 88' lang='lat' dir='ltr'><strong>ausu</strong></span> <span class='ocrx_word' id='word_1_35' title='bbox 1986 394 2063 442; x_wconf 86' lang='lat' dir='ltr'><strong>te-</strong></span> 
     </span>
    </p>
   </div>
   <div class='ocr_carea' id='block_1_6' title="bbox 485 481 2066 553">
    <p class='ocr_par' dir='ltr' id='par_1_6' title="bbox 485 481 2066 553">
     <span class='ocr_line' id='line_1_6' title="bbox 485 481 2066 553; baseline -0.006 -14"><span class='ocrx_word' id='word_1_36' title='bbox 485 484 715 539; x_wconf 86' lang='lat' dir='ltr'><strong>merario</strong></span> <span class='ocrx_word' id='word_1_37' title='bbox 742 483 1196 553; x_wconf 70' lang='lat' dir='ltr'><strong>praesurnpserint.</strong></span> <span class='ocrx_word' id='word_1_38' title='bbox 1231 482 1402 549; x_wconf 88' lang='lat' dir='ltr'><strong>Atque</strong></span> <span class='ocrx_word' id='word_1_39' title='bbox 1438 481 1635 535; x_wconf 89' lang='lat' dir='ltr'><strong>idcirco</strong></span> <span class='ocrx_word' id='word_1_40' title='bbox 1657 493 1880 534; x_wconf 88' lang='lat' dir='ltr'><strong>necesse</strong></span> <span class='ocrx_word' id='word_1_41' title='bbox 1901 485 1983 532; x_wconf 90' lang='lat' dir='ltr'><strong>est</strong></span> <span class='ocrx_word' id='word_1_42' title='bbox 2007 485 2066 531; x_wconf 88' lang='lat' dir='ltr'><strong>ut</strong></span> 
     </span>
    </p>
   </div>
   <div class='ocr_carea' id='block_1_7' title="bbox 485 570 2066 630">
    <p class='ocr_par' dir='ltr' id='par_1_7' title="bbox 485 570 2066 630">
     <span class='ocr_line' id='line_1_7' title="bbox 485 570 2066 630; baseline -0.004 -2"><span class='ocrx_word' id='word_1_43' title='bbox 485 577 632 630; x_wconf 88' lang='lat' dir='ltr'><strong>omni</strong></span> <span class='ocrx_word' id='word_1_44' title='bbox 663 575 824 629; x_wconf 91' lang='lat' dir='ltr'><strong>modo</strong></span> <span class='ocrx_word' id='word_1_45' title='bbox 853 575 1025 628; x_wconf 83' lang='lat' dir='ltr'><strong>zelum</strong></span> <span class='ocrx_word' id='word_1_46' title='bbox 1057 573 1108 627; x_wconf 88' lang='lat' dir='ltr'><strong>in</strong></span> <span class='ocrx_word' id='word_1_47' title='bbox 1137 573 1239 626; x_wconf 85' lang='lat' dir='ltr'><strong>hac</strong></span> <span class='ocrx_word' id='word_1_48' title='bbox 1285 588 1440 625; x_wconf 80' lang='lat' dir='ltr'><strong>eausa</strong></span> <span class='ocrx_word' id='word_1_49' title='bbox 1473 570 1860 626; x_wconf 75' lang='lat' dir='ltr'><strong>sacerdotalem</strong></span> <span class='ocrx_word' id='word_1_50' title='bbox 1906 583 2066 622; x_wconf 81' lang='lat' dir='ltr'><strong>exer-</strong></span> 
     </span>
    </p>
   </div>
   <div class='ocr_carea' id='block_1_8' title="bbox 485 657 2068 728">
    <p class='ocr_par' dir='ltr' id='par_1_8' title="bbox 485 657 2068 728">
     <span class='ocr_line' id='line_1_8' title="bbox 485 657 2068 728; baseline -0.004 -11"><span class='ocrx_word' id='word_1_51' title='bbox 485 680 630 728; x_wconf 85' lang='lat' dir='ltr'><strong>ceas,</strong></span> <span class='ocrx_word' id='word_1_52' title='bbox 661 673 716 717; x_wconf 90' lang='lat' dir='ltr'><strong>et</strong></span> <span class='ocrx_word' id='word_1_53' title='bbox 763 679 886 717; x_wconf 90' lang='lat' dir='ltr'><strong>cum</strong></span> <span class='ocrx_word' id='word_1_54' title='bbox 940 661 1083 714; x_wconf 89' lang='lat' dir='ltr'><strong>orrrni</strong></span> <span class='ocrx_word' id='word_1_55' title='bbox 1133 660 1241 714; x_wconf 88' lang='lat' dir='ltr'><strong>hoc</strong></span> <span class='ocrx_word' id='word_1_56' title='bbox 1284 660 1572 712; x_wconf 67' lang='lat' dir='ltr'><strong>vivacitate</strong></span> <span class='ocrx_word' id='word_1_57' title='bbox 1601 673 1665 714; x_wconf 89' lang='lat' dir='ltr'><strong>ac</strong></span> <span class='ocrx_word' id='word_1_58' title='bbox 1707 657 2068 714; x_wconf 76' lang='lat' dir='ltr'><strong>sollicitudine</strong></span> 
     </span>
    </p>
   </div>
   <div class='ocr_carea' id='block_1_9' title="bbox 485 744 2066 819">
    <p class='ocr_par' dir='ltr' id='par_1_9' title="bbox 485 744 2066 819">
     <span class='ocr_line' id='line_1_9' title="bbox 485 744 2066 819; baseline -0.004 -15"><span class='ocrx_word' id='word_1_59' title='bbox 485 752 704 806; x_wconf 68' lang='lat' dir='ltr'><strong>studeas</strong></span> <span class='ocrx_word' id='word_1_60' title='bbox 755 749 1110 819; x_wconf 78' lang='lat' dir='ltr'><strong>perscrutari;</strong></span> <span class='ocrx_word' id='word_1_61' title='bbox 1158 755 1213 799; x_wconf 78' lang='lat' dir='ltr'><strong>rt</strong></span> <span class='ocrx_word' id='word_1_62' title='bbox 1259 746 1303 800; x_wconf 91' lang='lat' dir='ltr'><strong>si</strong></span> <span class='ocrx_word' id='word_1_63' title='bbox 1351 747 1420 799; x_wconf 92' lang='lat' dir='ltr'><strong>ita</strong></span> <span class='ocrx_word' id='word_1_64' title='bbox 1454 747 1752 816; x_wconf 84' lang='lat' dir='ltr'><strong>repereris,</strong></span> <span class='ocrx_word' id='word_1_65' title='bbox 1801 744 2066 814; x_wconf 87' lang='lat' dir='ltr'><strong>mancipia</strong></span> 
     </span>
    </p>
   </div>
   <div class='ocr_carea' id='block_1_10' title="bbox 391 834 2066 911">
    <p class='ocr_par' dir='ltr' id='par_1_10' title="bbox 391 834 2066 911">
     <span class='ocr_line' id='line_1_10' title="bbox 391 834 2066 911; baseline -0.005 -16"><span class='ocrx_word' id='word_1_66' title='bbox 391 907 394 911; x_wconf 91' lang='lat'><strong><em>_</em></strong></span> <span class='ocrx_word' id='word_1_67' title='bbox 487 841 600 908; x_wconf 80' lang='lat' dir='ltr'><strong>ipsa</strong></span> <span class='ocrx_word' id='word_1_68' title='bbox 628 840 743 892; x_wconf 85' lang='lat' dir='ltr'><strong>sine</strong></span> <span class='ocrx_word' id='word_1_69' title='bbox 774 852 922 890; x_wconf 82' lang='lat' dir='ltr'><strong>mora</strong></span> <span class='ocrx_word' id='word_1_70' title='bbox 949 837 999 889; x_wconf 93' lang='lat' dir='ltr'><strong>in</strong></span> <span class='ocrx_word' id='word_1_71' title='bbox 1033 836 1333 889; x_wconf 88' lang='lat' dir='ltr'><strong>libertatem</strong></span> <span class='ocrx_word' id='word_1_72' title='bbox 1365 835 1540 890; x_wconf 88' lang='lat' dir='ltr'><strong>modis</strong></span> <span class='ocrx_word' id='word_1_73' title='bbox 1561 836 1809 892; x_wconf 87' lang='lat' dir='ltr'><strong>omnibus</strong></span> <span class='ocrx_word' id='word_1_74' title='bbox 1834 834 2066 898; x_wconf 87' lang='lat' dir='ltr'><strong>vindica,</strong></span> 
     </span>
    </p>
   </div>
   <div class='ocr_carea' id='block_1_11' title="bbox 488 925 2068 996">
    <p class='ocr_par' dir='ltr' id='par_1_11' title="bbox 488 925 2068 996">
     <span class='ocr_line' id='line_1_11' title="bbox 488 925 2068 996; baseline -0.004 -13"><span class='ocrx_word' id='word_1_75' title='bbox 488 939 542 983; x_wconf 86' lang='lat' dir='ltr'><strong>et</strong></span> <span class='ocrx_word' id='word_1_76' title='bbox 570 929 986 982; x_wconf 81' lang='lat' dir='ltr'><strong>ecclesrasticam</strong></span> <span class='ocrx_word' id='word_1_77' title='bbox 1018 927 1095 982; x_wconf 86' lang='lat' dir='ltr'><strong>eis</strong></span> <span class='ocrx_word' id='word_1_78' title='bbox 1120 927 1399 980; x_wconf 79' lang='lat' dir='ltr'><strong>tuitionem</strong></span> <span class='ocrx_word' id='word_1_79' title='bbox 1440 926 1720 996; x_wconf 78' lang='lat' dir='ltr'><strong>impende,</strong></span> <span class='ocrx_word' id='word_1_80' title='bbox 1773 941 1874 980; x_wconf 85' lang='lat' dir='ltr'><strong>nec</strong></span> <span class='ocrx_word' id='word_1_81' title='bbox 1911 925 2068 995; x_wconf 89' lang='lat' dir='ltr'><strong>quid-</strong></span> 
     </span>
    </p>
   </div>
   <div class='ocr_carea' id='block_1_12' title="bbox 486 1013 2071 1082">
    <p class='ocr_par' dir='ltr' id='par_1_12' title="bbox 486 1013 2071 1082">
     <span class='ocr_line' id='line_1_12' title="bbox 486 1013 2071 1082; baseline -0.004 -10"><span class='ocrx_word' id='word_1_82' title='bbox 486 1034 648 1082; x_wconf 90' lang='lat' dir='ltr'><strong>quarrr</strong></span> <span class='ocrx_word' id='word_1_83' title='bbox 678 1016 925 1070; x_wconf 86' lang='lat' dir='ltr'><strong>dominos</strong></span> <span class='ocrx_word' id='word_1_84' title='bbox 947 1031 1135 1069; x_wconf 89' lang='lat' dir='ltr'><strong>eorum</strong></span> <span class='ocrx_word' id='word_1_85' title='bbox 1164 1015 1233 1068; x_wconf 90' lang='lat' dir='ltr'><strong>de</strong></span> <span class='ocrx_word' id='word_1_86' title='bbox 1265 1015 1436 1082; x_wconf 87' lang='lat' dir='ltr'><strong>pretio</strong></span> <span class='ocrx_word' id='word_1_87' title='bbox 1462 1016 1704 1082; x_wconf 86' lang='lat' dir='ltr'><strong>quolibet</strong></span> <span class='ocrx_word' id='word_1_88' title='bbox 1745 1014 1904 1069; x_wconf 87' lang='lat' dir='ltr'><strong>modo</strong></span> <span class='ocrx_word' id='word_1_89' title='bbox 1934 1013 2071 1068; x_wconf 88' lang='lat' dir='ltr'><strong>reci-</strong></span> 
     </span>
    </p>
   </div>
   <div class='ocr_carea' id='block_1_13' title="bbox 483 1103 2066 1176">
    <p class='ocr_par' dir='ltr' id='par_1_13' title="bbox 483 1103 2066 1176">
     <span class='ocr_line' id='line_1_13' title="bbox 483 1103 2066 1176; baseline -0.003 -16"><span class='ocrx_word' id='word_1_90' title='bbox 483 1123 609 1168; x_wconf 85' lang='lat' dir='ltr'><strong>rere</strong></span> <span class='ocrx_word' id='word_1_91' title='bbox 641 1107 877 1176; x_wconf 86' lang='lat' dir='ltr'><strong>patiaris,</strong></span> <span class='ocrx_word' id='word_1_92' title='bbox 908 1107 995 1176; x_wconf 89' lang='lat' dir='ltr'><strong>qui</strong></span> <span class='ocrx_word' id='word_1_93' title='bbox 1027 1121 1132 1160; x_wconf 88' lang='lat' dir='ltr'><strong>non</strong></span> <span class='ocrx_word' id='word_1_94' title='bbox 1176 1105 1347 1158; x_wconf 80' lang='lat' dir='ltr'><strong>solum</strong></span> <span class='ocrx_word' id='word_1_95' title='bbox 1389 1108 1490 1160; x_wconf 90' lang='lat' dir='ltr'><strong>hoc</strong></span> <span class='ocrx_word' id='word_1_96' title='bbox 1521 1105 1720 1160; x_wconf 89' lang='lat' dir='ltr'><strong>damno</strong></span> <span class='ocrx_word' id='word_1_97' title='bbox 1748 1103 2066 1166; x_wconf 85' lang='lat' dir='ltr'><strong>rnulctandi,</strong></span> 
     </span>
    </p>
   </div>
   <div class='ocr_carea' id='block_1_14' title="bbox 485 1193 2064 1264">
    <p class='ocr_par' dir='ltr' id='par_1_14' title="bbox 485 1193 2064 1264">
     <span class='ocr_line' id='line_1_14' title="bbox 485 1193 2064 1264; baseline -0.004 -14"><span class='ocrx_word' id='word_1_98' title='bbox 485 1198 574 1250; x_wconf 82' lang='lat' dir='ltr'><strong>sed</strong></span> <span class='ocrx_word' id='word_1_99' title='bbox 623 1197 784 1250; x_wconf 83' lang='lat' dir='ltr'><strong>etiam</strong></span> <span class='ocrx_word' id='word_1_100' title='bbox 833 1195 936 1248; x_wconf 87' lang='lat' dir='ltr'><strong>alia</strong></span> <span class='ocrx_word' id='word_1_101' title='bbox 985 1202 1144 1249; x_wconf 89' lang='lat' dir='ltr'><strong>erunt</strong></span> <span class='ocrx_word' id='word_1_102' title='bbox 1192 1209 1350 1264; x_wconf 66' lang='lat' dir='ltr'><strong>parua</strong></span> <span class='ocrx_word' id='word_1_103' title='bbox 1396 1195 1469 1250; x_wconf 84' lang='lat' dir='ltr'><strong>de</strong></span> <span class='ocrx_word' id='word_1_104' title='bbox 1512 1195 1718 1262; x_wconf 82' lang='lat' dir='ltr'><strong>legibus</strong></span> <span class='ocrx_word' id='word_1_105' title='bbox 1763 1193 2006 1248; x_wconf 82' lang='lat' dir='ltr'><strong>leriendi.</strong></span> <span class='ocrx_word' id='word_1_106' title='bbox 2044 1210 2064 1244; x_wconf 74' lang='grc' dir='ltr'><strong><em>ι</em></strong></span> 
     </span>
    </p>
   </div>
   <div class='ocr_carea' id='block_1_15' title="bbox 487 1286 971 1358">
    <p class='ocr_par' dir='ltr' id='par_1_15' title="bbox 487 1286 971 1358">
     <span class='ocr_line' id='line_1_15' title="bbox 487 1286 971 1358; baseline -0.002 -18"><span class='ocrx_word' id='word_1_107' title='bbox 487 1289 624 1358; x_wconf 81' lang='lat' dir='ltr'><strong>(Lib.</strong></span> <span class='ocrx_word' id='word_1_108' title='bbox 656 1305 728 1352; x_wconf 88' lang='lat' dir='ltr'><strong>vt,</strong></span> <span class='ocrx_word' id='word_1_109' title='bbox 751 1305 832 1358; x_wconf 85' lang='lat' dir='ltr'><strong>ep.</strong></span> <span class='ocrx_word' id='word_1_110' title='bbox 855 1286 971 1356; x_wconf 71' lang='grc'>55.)</span> 
     </span>
    </p>
   </div>
   <div class='ocr_carea' id='block_1_16' title="bbox 557 1375 2072 1448">
    <p class='ocr_par' dir='ltr' id='par_1_16' title="bbox 557 1375 2072 1448">
     <span class='ocr_line' id='line_1_16' title="bbox 557 1375 2072 1448; baseline -0.004 -14"><span class='ocrx_word' id='word_1_111' title='bbox 557 1380 644 1434; x_wconf 67' lang='grc'>49.</span> <span class='ocrx_word' id='word_1_112' title='bbox 686 1381 828 1435; x_wconf 87' lang='lat' dir='ltr'><strong>Sane</strong></span> <span class='ocrx_word' id='word_1_113' title='bbox 856 1379 979 1448; x_wconf 87' lang='lat' dir='ltr'><strong>quia</strong></span> <span class='ocrx_word' id='word_1_114' title='bbox 1001 1377 1304 1432; x_wconf 71' lang='lat' dir='ltr'><strong>Judteorum</strong></span> <span class='ocrx_word' id='word_1_115' title='bbox 1338 1376 1565 1447; x_wconf 87' lang='lat' dir='ltr'><strong>perﬁdia</strong></span> <span class='ocrx_word' id='word_1_116' title='bbox 1594 1376 1768 1431; x_wconf 86' lang='lat' dir='ltr'><strong>zelum</strong></span> <span class='ocrx_word' id='word_1_117' title='bbox 1809 1375 2072 1431; x_wconf 86' lang='lat' dir='ltr'><strong>Christia-</strong></span> 
     </span>
    </p>
   </div>
   <div class='ocr_carea' id='block_1_17' title="bbox 497 1466 2068 1531">
    <p class='ocr_par' dir='ltr' id='par_1_17' title="bbox 497 1466 2068 1531">
     <span class='ocr_line' id='line_1_17' title="bbox 497 1466 2068 1531; baseline -0.004 -7"><span class='ocrx_word' id='word_1_118' title='bbox 497 1489 686 1524; x_wconf 77' lang='lat' dir='ltr'><strong>norum</strong></span> <span class='ocrx_word' id='word_1_119' title='bbox 735 1471 876 1525; x_wconf 89' lang='lat' dir='ltr'><strong>datis</strong></span> <span class='ocrx_word' id='word_1_120' title='bbox 903 1477 1088 1523; x_wconf 88' lang='lat' dir='ltr'><strong>contra</strong></span> <span class='ocrx_word' id='word_1_121' title='bbox 1118 1483 1176 1522; x_wconf 86' lang='lat' dir='ltr'><strong>se</strong></span> <span class='ocrx_word' id='word_1_122' title='bbox 1206 1469 1515 1522; x_wconf 77' lang='lat' dir='ltr'><strong>muneribus</strong></span> <span class='ocrx_word' id='word_1_123' title='bbox 1541 1466 1812 1521; x_wconf 90' lang='lat' dir='ltr'><strong>ludiﬁcare</strong></span> <span class='ocrx_word' id='word_1_124' title='bbox 1833 1466 2068 1531; x_wconf 87' lang='lat' dir='ltr'><strong>solebat,</strong></span> 
     </span>
    </p>
   </div>
   <div class='ocr_carea' id='block_1_18' title="bbox 495 1553 2074 1626">
    <p class='ocr_par' dir='ltr' id='par_1_18' title="bbox 495 1553 2074 1626">
     <span class='ocr_line' id='line_1_18' title="bbox 495 1553 2074 1626; baseline -0.004 -12"><span class='ocrx_word' id='word_1_125' title='bbox 495 1577 600 1614; x_wconf 89' lang='lat' dir='ltr'><strong>non</strong></span> <span class='ocrx_word' id='word_1_126' title='bbox 626 1559 799 1615; x_wconf 83' lang='lat' dir='ltr'><strong>solum</strong></span> <span class='ocrx_word' id='word_1_127' title='bbox 826 1559 897 1611; x_wconf 92' lang='lat' dir='ltr'><strong>uil</strong></span> <span class='ocrx_word' id='word_1_128' title='bbox 920 1557 1135 1626; x_wconf 88' lang='lat' dir='ltr'><strong>penitus</strong></span> <span class='ocrx_word' id='word_1_129' title='bbox 1164 1559 1230 1609; x_wconf 89' lang='lat' dir='ltr'><strong>ab</strong></span> <span class='ocrx_word' id='word_1_130' title='bbox 1259 1555 1337 1610; x_wconf 91' lang='lat' dir='ltr'><strong>eis</strong></span> <span class='ocrx_word' id='word_1_131' title='bbox 1357 1556 1620 1622; x_wconf 76' lang='lat' dir='ltr'><strong>capiebat,</strong></span> <span class='ocrx_word' id='word_1_132' title='bbox 1653 1553 1951 1623; x_wconf 90' lang='lat' dir='ltr'><strong>quinirmno</strong></span> <span class='ocrx_word' id='word_1_133' title='bbox 1980 1569 2074 1607; x_wconf 83' lang='lat' dir='ltr'><strong>eo-</strong></span> 
     </span>
    </p>
   </div>
   <div class='ocr_carea' id='block_1_19' title="bbox 2165 380 3752 452">
    <p class='ocr_par' dir='ltr' id='par_1_19' title="bbox 2165 380 3752 452">
     <span class='ocr_line' id='line_1_19' title="bbox 2165 380 3752 452; baseline 0.003 -15"><span class='ocrx_word' id='word_1_134' title='bbox 2165 383 2292 452; x_wconf 88' lang='lat' dir='ltr'><strong>quid</strong></span> <span class='ocrx_word' id='word_1_135' title='bbox 2323 383 2466 437; x_wconf 89' lang='lat' dir='ltr'><strong>aliud</strong></span> <span class='ocrx_word' id='word_1_136' title='bbox 2492 383 2589 436; x_wconf 90' lang='lat' dir='ltr'><strong>nisi</strong></span> <span class='ocrx_word' id='word_1_137' title='bbox 2626 382 2934 436; x_wconf 78' lang='lat' dir='ltr'><strong>Antichristi</strong></span> <span class='ocrx_word' id='word_1_138' title='bbox 2967 380 3343 449; x_wconf 63' lang='lat' dir='ltr'><strong>prardicatores</strong></span> <span class='ocrx_word' id='word_1_139' title='bbox 3365 382 3630 439; x_wconf 75' lang='lat' dir='ltr'><strong>dixerim?</strong></span> <span class='ocrx_word' id='word_1_140' title='bbox 3652 384 3752 451; x_wconf 90' lang='lat' dir='ltr'><strong>Qui</strong></span> 
     </span>
    </p>
   </div>
   <div class='ocr_carea' id='block_1_20' title="bbox 2165 473 3754 543">
    <p class='ocr_par' dir='ltr' id='par_1_20' title="bbox 2165 473 3754 543">
     <span class='ocr_line' id='line_1_20' title="bbox 2165 473 3754 543; baseline 0.001 -13"><span class='ocrx_word' id='word_1_141' title='bbox 2165 477 2407 538; x_wconf 84' lang='lat' dir='ltr'><strong>veniens,</strong></span> <span class='ocrx_word' id='word_1_142' title='bbox 2440 476 2581 530; x_wconf 91' lang='lat' dir='ltr'><strong>diem</strong></span> <span class='ocrx_word' id='word_1_143' title='bbox 2613 477 2889 528; x_wconf 79' lang='lat' dir='ltr'><strong>sabbatum</strong></span> <span class='ocrx_word' id='word_1_144' title='bbox 2919 483 3080 543; x_wconf 87' lang='lat' dir='ltr'><strong>atqrre</strong></span> <span class='ocrx_word' id='word_1_145' title='bbox 3111 473 3465 538; x_wconf 91' lang='lat' dir='ltr'><strong>Dominicum,</strong></span> <span class='ocrx_word' id='word_1_146' title='bbox 3495 476 3564 530; x_wconf 88' lang='lat' dir='ltr'><strong>ab</strong></span> <span class='ocrx_word' id='word_1_147' title='bbox 3609 478 3754 532; x_wconf 89' lang='lat' dir='ltr'><strong>omni</strong></span> 
     </span>
    </p>
   </div>
   <div class='ocr_carea' id='block_1_21' title="bbox 2167 563 3757 632">
    <p class='ocr_par' dir='ltr' id='par_1_21' title="bbox 2167 563 3757 632">
     <span class='ocr_line' id='line_1_21' title="bbox 2167 563 3757 632; baseline 0.003 -14"><span class='ocrx_word' id='word_1_148' title='bbox 2167 565 2326 620; x_wconf 90' lang='lat' dir='ltr'><strong>faciet</strong></span> <span class='ocrx_word' id='word_1_149' title='bbox 2354 580 2520 632; x_wconf 83' lang='lat' dir='ltr'><strong>Opere</strong></span> <span class='ocrx_word' id='word_1_150' title='bbox 2550 564 2831 619; x_wconf 76' lang='lat' dir='ltr'><strong>custodiri.</strong></span> <span class='ocrx_word' id='word_1_151' title='bbox 2871 564 3006 630; x_wconf 84' lang='lat' dir='ltr'><strong>Quia</strong></span> <span class='ocrx_word' id='word_1_152' title='bbox 3037 563 3181 616; x_wconf 87' lang='lat' dir='ltr'><strong>enim</strong></span> <span class='ocrx_word' id='word_1_153' title='bbox 3226 565 3364 618; x_wconf 91' lang='lat' dir='ltr'><strong>mori</strong></span> <span class='ocrx_word' id='word_1_154' title='bbox 3404 579 3466 619; x_wconf 87' lang='lat' dir='ltr'><strong>se</strong></span> <span class='ocrx_word' id='word_1_155' title='bbox 3503 565 3664 621; x_wconf 85' lang='lat' dir='ltr'><strong>simul</strong></span> <span class='ocrx_word' id='word_1_156' title='bbox 3703 576 3757 622; x_wconf 90' lang='lat' dir='ltr'><strong>et</strong></span> 
     </span>
    </p>
   </div>
   <div class='ocr_carea' id='block_1_22' title="bbox 2167 655 3758 725">
    <p class='ocr_par' dir='ltr' id='par_1_22' title="bbox 2167 655 3758 725">
     <span class='ocr_line' id='line_1_22' title="bbox 2167 655 3758 725; baseline 0.001 -15"><span class='ocrx_word' id='word_1_157' title='bbox 2167 670 2446 725; x_wconf 66' lang='lat' dir='ltr'><strong>resurgere</strong></span> <span class='ocrx_word' id='word_1_158' title='bbox 2471 655 2703 716; x_wconf 79' lang='lat' dir='ltr'><strong>simulat,</strong></span> <span class='ocrx_word' id='word_1_159' title='bbox 2739 655 2920 707; x_wconf 77' lang='lat' dir='ltr'><strong>haberi</strong></span> <span class='ocrx_word' id='word_1_160' title='bbox 2973 655 3025 706; x_wconf 91' lang='lat' dir='ltr'><strong>in</strong></span> <span class='ocrx_word' id='word_1_161' title='bbox 3057 655 3412 710; x_wconf 77' lang='lat' dir='ltr'><strong>veneratione</strong></span> <span class='ocrx_word' id='word_1_162' title='bbox 3453 655 3567 709; x_wconf 85' lang='lat' dir='ltr'><strong>vult</strong></span> <span class='ocrx_word' id='word_1_163' title='bbox 3613 658 3758 712; x_wconf 87' lang='lat' dir='ltr'><strong>diem</strong></span> 
     </span>
    </p>
   </div>
   <div class='ocr_carea' id='block_1_23' title="bbox 2169 746 3758 817">
    <p class='ocr_par' dir='ltr' id='par_1_23' title="bbox 2169 746 3758 817">
     <span class='ocr_line' id='line_1_23' title="bbox 2169 746 3758 817; baseline 0 -14"><span class='ocrx_word' id='word_1_164' title='bbox 2169 749 2522 804; x_wconf 91' lang='lat' dir='ltr'><strong>Dominicum.</strong></span> <span class='ocrx_word' id='word_1_165' title='bbox 2556 746 2618 800; x_wconf 87' lang='lat' dir='ltr'><strong>Et</strong></span> <span class='ocrx_word' id='word_1_166' title='bbox 2639 749 2761 815; x_wconf 89' lang='lat' dir='ltr'><strong>quia</strong></span> <span class='ocrx_word' id='word_1_167' title='bbox 2793 747 3077 801; x_wconf 81' lang='lat' dir='ltr'><strong>Judaizare</strong></span> <span class='ocrx_word' id='word_1_168' title='bbox 3105 748 3360 816; x_wconf 86' lang='lat' dir='ltr'><strong>populum</strong></span> <span class='ocrx_word' id='word_1_169' title='bbox 3379 747 3674 817; x_wconf 89' lang='lat' dir='ltr'><strong>compellit,</strong></span> <span class='ocrx_word' id='word_1_170' title='bbox 3699 758 3758 803; x_wconf 89' lang='lat' dir='ltr'><strong>ut</strong></span> 
     </span>
    </p>
   </div>
   <div class='ocr_carea' id='block_1_24' title="bbox 2167 838 3756 907">
    <p class='ocr_par' dir='ltr' id='par_1_24' title="bbox 2167 838 3756 907">
     <span class='ocr_line' id='line_1_24' title="bbox 2167 838 3756 907; baseline -0.003 -9"><span class='ocrx_word' id='word_1_171' title='bbox 2167 844 2490 898; x_wconf 71' lang='lat' dir='ltr'><strong>exteriorem</strong></span> <span class='ocrx_word' id='word_1_172' title='bbox 2522 842 2680 895; x_wconf 84' lang='lat' dir='ltr'><strong>ritum</strong></span> <span class='ocrx_word' id='word_1_173' title='bbox 2731 839 2884 907; x_wconf 82' lang='lat' dir='ltr'><strong>Legis</strong></span> <span class='ocrx_word' id='word_1_174' title='bbox 2934 849 3185 901; x_wconf 78' lang='lat' dir='ltr'><strong>revocet,</strong></span> <span class='ocrx_word' id='word_1_175' title='bbox 3221 848 3278 892; x_wconf 91' lang='lat' dir='ltr'><strong>et</strong></span> <span class='ocrx_word' id='word_1_176' title='bbox 3320 839 3420 893; x_wconf 86' lang='lat' dir='ltr'><strong>sibi</strong></span> <span class='ocrx_word' id='word_1_177' title='bbox 3446 838 3756 894; x_wconf 73' lang='lat' dir='ltr'><strong>Judteorum</strong></span> 
     </span>
    </p>
   </div>
   <div class='ocr_carea' id='block_1_25' title="bbox 2168 928 3758 1003">
    <p class='ocr_par' dir='ltr' id='par_1_25' title="bbox 2168 928 3758 1003">
     <span class='ocr_line' id='line_1_25' title="bbox 2168 928 3758 1003; baseline 0 -17"><span class='ocrx_word' id='word_1_178' title='bbox 2168 929 2446 1003; x_wconf 82' lang='lat' dir='ltr'><strong>perﬁdiam</strong></span> <span class='ocrx_word' id='word_1_179' title='bbox 2470 931 2681 993; x_wconf 86' lang='lat' dir='ltr'><strong>subdat,</strong></span> <span class='ocrx_word' id='word_1_180' title='bbox 2701 931 2803 984; x_wconf 88' lang='lat' dir='ltr'><strong>coli</strong></span> <span class='ocrx_word' id='word_1_181' title='bbox 2829 930 2942 982; x_wconf 90' lang='lat' dir='ltr'><strong>vult</strong></span> <span class='ocrx_word' id='word_1_182' title='bbox 2962 929 3277 983; x_wconf 86' lang='lat' dir='ltr'><strong>Sahbalnm.</strong></span> <span class='ocrx_word' id='word_1_183' title='bbox 3309 928 3424 984; x_wconf 83' lang='lat' dir='ltr'><strong>Hoc</strong></span> <span class='ocrx_word' id='word_1_184' title='bbox 3446 929 3588 984; x_wconf 80' lang='lat' dir='ltr'><strong>enim</strong></span> <span class='ocrx_word' id='word_1_185' title='bbox 3614 931 3758 998; x_wconf 87' lang='lat' dir='ltr'><strong>quod</strong></span> 
     </span>
    </p>
   </div>
   <div class='ocr_carea' id='block_1_26' title="bbox 2171 1017 3756 1092">
    <p class='ocr_par' dir='ltr' id='par_1_26' title="bbox 2171 1017 3756 1092">
     <span class='ocr_line' id='line_1_26' title="bbox 2171 1017 3756 1092; baseline 0.001 -21"><span class='ocrx_word' id='word_1_186' title='bbox 2171 1039 2268 1092; x_wconf 82' lang='lat' dir='ltr'><strong>per</strong></span> <span class='ocrx_word' id='word_1_187' title='bbox 2298 1022 2613 1090; x_wconf 84' lang='lat' dir='ltr'><strong>prOphetanr</strong></span> <span class='ocrx_word' id='word_1_188' title='bbox 2656 1021 2855 1074; x_wconf 86' lang='lat' dir='ltr'><strong>dicitur</strong></span> <span class='ocrx_word' id='word_1_189' title='bbox 2886 1037 2898 1072; x_wconf 93' lang='lat'>:</span> <span class='ocrx_word' id='word_1_190' title='bbox 2938 1017 3021 1072; x_wconf 83' lang='lat' dir='ltr'><strong>Ne</strong></span> <span class='ocrx_word' id='word_1_191' title='bbox 3049 1021 3294 1090; x_wconf 67' lang='lat' dir='ltr'><strong>inferatur</strong></span> <span class='ocrx_word' id='word_1_192' title='bbox 3326 1036 3487 1073; x_wconf 82' lang='lat' dir='ltr'><strong>onera</strong></span> <span class='ocrx_word' id='word_1_193' title='bbox 3515 1037 3608 1090; x_wconf 85' lang='lat' dir='ltr'><strong>per</strong></span> <span class='ocrx_word' id='word_1_194' title='bbox 3631 1036 3756 1090; x_wconf 84' lang='lat' dir='ltr'><strong>por-</strong></span> 
     </span>
    </p>
   </div>
   <div class='ocr_carea' id='block_1_27' title="bbox 2172 1108 3760 1180">
    <p class='ocr_par' dir='ltr' id='par_1_27' title="bbox 2172 1108 3760 1180">
     <span class='ocr_line' id='line_1_27' title="bbox 2172 1108 3760 1180; baseline 0 -15"><span class='ocrx_word' id='word_1_195' title='bbox 2172 1122 2251 1165; x_wconf 83' lang='lat' dir='ltr'><strong>tas</strong></span> <span class='ocrx_word' id='word_1_196' title='bbox 2279 1120 2473 1164; x_wconf 78' lang='lat' dir='ltr'><strong>vestras</strong></span> <span class='ocrx_word' id='word_1_197' title='bbox 2503 1111 2587 1162; x_wconf 84' lang='lat' dir='ltr'><strong>die</strong></span> <span class='ocrx_word' id='word_1_198' title='bbox 2619 1108 2837 1162; x_wconf 82' lang='lat' dir='ltr'><strong>Sabbati</strong></span> <span class='ocrx_word' id='word_1_199' title='bbox 2866 1108 2999 1180; x_wconf 82' lang='lat' dir='ltr'><strong>(Jer.</strong></span> <span class='ocrx_word' id='word_1_200' title='bbox 3032 1125 3158 1171; x_wconf 78' lang='lat' dir='ltr'><strong>xrtt,</strong></span> <span class='ocrx_word' id='word_1_201' title='bbox 3187 1109 3276 1177; x_wconf 75' lang='lat'><strong>22)</strong></span> <span class='ocrx_word' id='word_1_202' title='bbox 3314 1127 3326 1161; x_wconf 92' lang='lat'>:</span> <span class='ocrx_word' id='word_1_203' title='bbox 3361 1109 3550 1164; x_wconf 88' lang='lat' dir='ltr'><strong>tandiu</strong></span> <span class='ocrx_word' id='word_1_204' title='bbox 3587 1111 3760 1165; x_wconf 77' lang='lat' dir='ltr'><strong>teneri</strong></span> 
     </span>
    </p>
   </div>
   <div class='ocr_carea' id='block_1_28' title="bbox 2170 1198 3759 1272">
    <p class='ocr_par' dir='ltr' id='par_1_28' title="bbox 2170 1198 3759 1272">
     <span class='ocr_line' id='line_1_28' title="bbox 2170 1198 3759 1272; baseline 0.001 -17"><span class='ocrx_word' id='word_1_205' title='bbox 2170 1202 2366 1272; x_wconf 86' lang='lat' dir='ltr'><strong>potuit.</strong></span> <span class='ocrx_word' id='word_1_206' title='bbox 2397 1201 2651 1270; x_wconf 85' lang='lat' dir='ltr'><strong>quamdiu</strong></span> <span class='ocrx_word' id='word_1_207' title='bbox 2692 1198 2888 1267; x_wconf 83' lang='lat' dir='ltr'><strong>Legem</strong></span> <span class='ocrx_word' id='word_1_208' title='bbox 2922 1199 3068 1253; x_wconf 91' lang='lat' dir='ltr'><strong>licuit</strong></span> <span class='ocrx_word' id='word_1_209' title='bbox 3115 1199 3266 1268; x_wconf 80' lang='lat' dir='ltr'><strong>juxta</strong></span> <span class='ocrx_word' id='word_1_210' title='bbox 3315 1200 3550 1254; x_wconf 81' lang='lat' dir='ltr'><strong>litteram</strong></span> <span class='ocrx_word' id='word_1_211' title='bbox 3580 1212 3759 1256; x_wconf 87' lang='lat' dir='ltr'><strong>custo-</strong></span> 
     </span>
    </p>
   </div>
   <div class='ocr_carea' id='block_1_29' title="bbox 2171 1289 3762 1360">
    <p class='ocr_par' dir='ltr' id='par_1_29' title="bbox 2171 1289 3762 1360">
     <span class='ocr_line' id='line_1_29' title="bbox 2171 1289 3762 1360; baseline 0.003 -16"><span class='ocrx_word' id='word_1_212' title='bbox 2171 1292 2292 1344; x_wconf 89' lang='lat' dir='ltr'><strong>diri.</strong></span> <span class='ocrx_word' id='word_1_213' title='bbox 2328 1292 2395 1344; x_wconf 83' lang='lat' dir='ltr'><strong>At</strong></span> <span class='ocrx_word' id='word_1_214' title='bbox 2419 1299 2706 1360; x_wconf 84' lang='lat' dir='ltr'><strong>postquam</strong></span> <span class='ocrx_word' id='word_1_215' title='bbox 2735 1289 2905 1357; x_wconf 88' lang='lat' dir='ltr'><strong>gratia</strong></span> <span class='ocrx_word' id='word_1_216' title='bbox 2927 1290 3310 1358; x_wconf 86' lang='lat' dir='ltr'><strong>omnipotentis</strong></span> <span class='ocrx_word' id='word_1_217' title='bbox 3339 1289 3549 1345; x_wconf 89' lang='lat' dir='ltr'><strong>Domini</strong></span> <span class='ocrx_word' id='word_1_218' title='bbox 3593 1294 3762 1349; x_wconf 80' lang='lat' dir='ltr'><strong>nostri</strong></span> 
     </span>
    </p>
   </div>
   <div class='ocr_carea' id='block_1_30' title="bbox 2171 1378 3759 1452">
    <p class='ocr_par' dir='ltr' id='par_1_30' title="bbox 2171 1378 3759 1452">
     <span class='ocr_line' id='line_1_30' title="bbox 2171 1378 3759 1452; baseline 0.003 -18"><span class='ocrx_word' id='word_1_219' title='bbox 2171 1379 2297 1435; x_wconf 83' lang='lat' dir='ltr'><strong>Jcsu</strong></span> <span class='ocrx_word' id='word_1_220' title='bbox 2327 1378 2522 1434; x_wconf 89' lang='lat' dir='ltr'><strong>Christi</strong></span> <span class='ocrx_word' id='word_1_221' title='bbox 2554 1379 2824 1449; x_wconf 85' lang='lat' dir='ltr'><strong>apparuit,</strong></span> <span class='ocrx_word' id='word_1_222' title='bbox 2853 1389 3119 1449; x_wconf 67' lang='lat' dir='ltr'><strong>praecepta</strong></span> <span class='ocrx_word' id='word_1_223' title='bbox 3153 1380 3326 1448; x_wconf 82' lang='lat' dir='ltr'><strong>Legis,</strong></span> <span class='ocrx_word' id='word_1_224' title='bbox 3355 1395 3476 1450; x_wconf 74' lang='lat' dir='ltr'><strong>qua:</strong></span> <span class='ocrx_word' id='word_1_225' title='bbox 3507 1398 3604 1452; x_wconf 90' lang='lat' dir='ltr'><strong>per</strong></span> <span class='ocrx_word' id='word_1_226' title='bbox 3632 1383 3759 1450; x_wconf 68' lang='lat' dir='ltr'><strong>ligu~</strong></span> 
     </span>
    </p>
   </div>
   <div class='ocr_carea' id='block_1_31' title="bbox 2174 1469 3760 1542">
    <p class='ocr_par' dir='ltr' id='par_1_31' title="bbox 2174 1469 3760 1542">
     <span class='ocr_line' id='line_1_31' title="bbox 2174 1469 3760 1542; baseline 0.003 -19"><span class='ocrx_word' id='word_1_227' title='bbox 2174 1485 2288 1523; x_wconf 90' lang='lat' dir='ltr'><strong>ram</strong></span> <span class='ocrx_word' id='word_1_228' title='bbox 2318 1470 2460 1524; x_wconf 90' lang='lat' dir='ltr'><strong>dicta</strong></span> <span class='ocrx_word' id='word_1_229' title='bbox 2489 1478 2635 1535; x_wconf 88' lang='lat' dir='ltr'><strong>srrrrt,</strong></span> <span class='ocrx_word' id='word_1_230' title='bbox 2663 1469 2817 1538; x_wconf 86' lang='lat' dir='ltr'><strong>juxta</strong></span> <span class='ocrx_word' id='word_1_231' title='bbox 2850 1470 3083 1523; x_wconf 86' lang='lat' dir='ltr'><strong>litteram</strong></span> <span class='ocrx_word' id='word_1_232' title='bbox 3115 1471 3321 1525; x_wconf 88' lang='lat' dir='ltr'><strong>servari</strong></span> <span class='ocrx_word' id='word_1_233' title='bbox 3365 1487 3472 1525; x_wconf 90' lang='lat' dir='ltr'><strong>non</strong></span> <span class='ocrx_word' id='word_1_234' title='bbox 3517 1482 3760 1542; x_wconf 87' lang='lat' dir='ltr'><strong>possunt,</strong></span> 
     </span>
    </p>
   </div>
   <div class='ocr_carea' id='block_1_32' title="bbox 2174 1560 3758 1632">
    <p class='ocr_par' dir='ltr' id='par_1_32' title="bbox 2174 1560 3758 1632">
     <span class='ocr_line' id='line_1_32' title="bbox 2174 1560 3758 1632; baseline 0.004 -18"><span class='ocrx_word' id='word_1_235' title='bbox 2174 1560 2306 1614; x_wconf 90' lang='lat' dir='ltr'><strong>Nam</strong></span> <span class='ocrx_word' id='word_1_236' title='bbox 2333 1561 2377 1614; x_wconf 87' lang='lat' dir='ltr'><strong>si</strong></span> <span class='ocrx_word' id='word_1_237' title='bbox 2401 1561 2521 1628; x_wconf 89' lang='lat' dir='ltr'><strong>quis</strong></span> <span class='ocrx_word' id='word_1_238' title='bbox 2549 1561 2678 1614; x_wconf 87' lang='lat' dir='ltr'><strong>dicit</strong></span> <span class='ocrx_word' id='word_1_239' title='bbox 2705 1561 2808 1616; x_wconf 90' lang='lat' dir='ltr'><strong>hoc</strong></span> <span class='ocrx_word' id='word_1_240' title='bbox 2831 1560 2898 1615; x_wconf 91' lang='lat' dir='ltr'><strong>de</strong></span> <span class='ocrx_word' id='word_1_241' title='bbox 2917 1560 3155 1615; x_wconf 84' lang='lat' dir='ltr'><strong>Sabbato</strong></span> <span class='ocrx_word' id='word_1_242' title='bbox 3177 1576 3294 1616; x_wconf 88' lang='lat' dir='ltr'><strong>esse</strong></span> <span class='ocrx_word' id='word_1_243' title='bbox 3315 1563 3664 1632; x_wconf 87' lang='lat' dir='ltr'><strong>servandum,</strong></span> <span class='ocrx_word' id='word_1_244' title='bbox 3681 1567 3758 1620; x_wconf 79' lang='lat' dir='ltr'><strong>di-</strong></span> 
     </span>
    </p>
   </div>
   <div class='ocr_carea' id='block_1_33' title="bbox 489 1644 3756 1723">
    <p class='ocr_par' dir='ltr' id='par_1_33' title="bbox 489 1644 3756 1723">
     <span class='ocr_line' id='line_1_33' title="bbox 489 1644 3756 1723; baseline 0.003 -21"><span class='ocrx_word' id='word_1_245' title='bbox 489 1669 603 1702; x_wconf 89' lang='lat' dir='ltr'><strong>rum</strong></span> <span class='ocrx_word' id='word_1_246' title='bbox 651 1665 870 1704; x_wconf 88' lang='lat' dir='ltr'><strong>munera</strong></span> <span class='ocrx_word' id='word_1_247' title='bbox 915 1648 1204 1712; x_wconf 70' lang='lat' dir='ltr'><strong>Gregorius</strong></span> <span class='ocrx_word' id='word_1_248' title='bbox 1248 1647 1568 1701; x_wconf 79' lang='lat' dir='ltr'><strong>execrabilia</strong></span> <span class='ocrx_word' id='word_1_249' title='bbox 1592 1647 1884 1715; x_wconf 85' lang='lat' dir='ltr'><strong>judicabat.</strong></span> <span class='ocrx_word' id='word_1_250' title='bbox 1917 1644 2068 1699; x_wconf 85' lang='lat' dir='ltr'><strong>Unde</strong></span> <span class='ocrx_word' id='word_1_251' title='bbox 2099 1656 2142 1714; x_wconf 79' lang='grc' dir='ltr'><strong>Β</strong></span> <span class='ocrx_word' id='word_1_252' title='bbox 2170 1657 2256 1705; x_wconf 82' lang='lat' dir='ltr'><strong>cat</strong></span> <span class='ocrx_word' id='word_1_253' title='bbox 2283 1666 2509 1705; x_wconf 84' lang='lat' dir='ltr'><strong>necesse</strong></span> <span class='ocrx_word' id='word_1_254' title='bbox 2527 1660 2608 1705; x_wconf 89' lang='lat' dir='ltr'><strong>est</strong></span> <span class='ocrx_word' id='word_1_255' title='bbox 2630 1651 2790 1704; x_wconf 89' lang='lat' dir='ltr'><strong>etiam</strong></span> <span class='ocrx_word' id='word_1_256' title='bbox 2813 1651 3046 1706; x_wconf 88' lang='lat' dir='ltr'><strong>carnalia</strong></span> <span class='ocrx_word' id='word_1_257' title='bbox 3076 1651 3339 1706; x_wconf 83' lang='lat' dir='ltr'><strong>sacriﬁcia</strong></span> <span class='ocrx_word' id='word_1_258' title='bbox 3370 1655 3756 1723; x_wconf 78' lang='lat' dir='ltr'><strong>persoivenda;</strong></span> 
     </span>
    </p>
   </div>
   <div class='ocr_carea' id='block_1_34' title="bbox 490 1734 2068 1806">
    <p class='ocr_par' dir='ltr' id='par_1_34' title="bbox 490 1734 2068 1806">
     <span class='ocr_line' id='line_1_34' title="bbox 490 1734 2068 1806; baseline -0.004 -14"><span class='ocrx_word' id='word_1_259' title='bbox 490 1739 790 1799; x_wconf 69' lang='lat' dir='ltr'><strong>iriecarcdo,</strong></span> <span class='ocrx_word' id='word_1_260' title='bbox 829 1738 942 1806; x_wconf 84' lang='lat' dir='ltr'><strong>regi</strong></span> <span class='ocrx_word' id='word_1_261' title='bbox 989 1736 1431 1804; x_wconf 77' lang='lat' dir='ltr'><strong>Wisigotharum,</strong></span> <span class='ocrx_word' id='word_1_262' title='bbox 1481 1744 1600 1805; x_wconf 83' lang='lat' dir='ltr'><strong>post</strong></span> <span class='ocrx_word' id='word_1_263' title='bbox 1645 1743 1840 1789; x_wconf 63' lang='lat' dir='ltr'><strong>cratera</strong></span> <span class='ocrx_word' id='word_1_264' title='bbox 1867 1734 2068 1797; x_wconf 84' lang='lat' dir='ltr'><strong>scribit,</strong></span> 
     </span>
    </p>
   </div>
   <div class='ocr_carea' id='block_1_35' title="bbox 487 1825 2073 1893">
    <p class='ocr_par' dir='ltr' id='par_1_35' title="bbox 487 1825 2073 1893">
     <span class='ocr_line' id='line_1_35' title="bbox 487 1825 2073 1893; baseline 0.001 -15"><span class='ocrx_word' id='word_1_265' title='bbox 487 1831 667 1882; x_wconf 84' lang='lat' dir='ltr'><strong>dicens</strong></span> <span class='ocrx_word' id='word_1_266' title='bbox 690 1845 702 1880; x_wconf 88' lang='lat'><strong>:</strong></span> <span class='ocrx_word' id='word_1_267' title='bbox 735 1847 750 1877; x_wconf 83' lang='lat' dir='ltr'><strong>r</strong></span> <span class='ocrx_word' id='word_1_268' title='bbox 777 1827 1041 1881; x_wconf 69' lang='lat' dir='ltr'><strong>Praeterea</strong></span> <span class='ocrx_word' id='word_1_269' title='bbox 1067 1826 1264 1888; x_wconf 86' lang='lat' dir='ltr'><strong>indico,</strong></span> <span class='ocrx_word' id='word_1_270' title='bbox 1283 1825 1407 1893; x_wconf 82' lang='lat' dir='ltr'><strong>quia</strong></span> <span class='ocrx_word' id='word_1_271' title='bbox 1431 1826 1601 1879; x_wconf 81' lang='lat' dir='ltr'><strong>crevit</strong></span> <span class='ocrx_word' id='word_1_272' title='bbox 1621 1825 1689 1879; x_wconf 88' lang='lat' dir='ltr'><strong>de</strong></span> <span class='ocrx_word' id='word_1_273' title='bbox 1708 1832 1888 1880; x_wconf 84' lang='lat' dir='ltr'><strong>vestro</strong></span> <span class='ocrx_word' id='word_1_274' title='bbox 1907 1839 2073 1893; x_wconf 84' lang='lat' dir='ltr'><strong>opere</strong></span> 
     </span>
    </p>
   </div>
   <div class='ocr_carea' id='block_1_36' title="bbox 487 1915 2072 1986">
    <p class='ocr_par' dir='ltr' id='par_1_36' title="bbox 487 1915 2072 1986">
     <span class='ocr_line' id='line_1_36' title="bbox 487 1915 2072 1986; baseline 0.001 -17"><span class='ocrx_word' id='word_1_275' title='bbox 487 1921 536 1970; x_wconf 91' lang='lat' dir='ltr'><strong>irr</strong></span> <span class='ocrx_word' id='word_1_276' title='bbox 565 1919 807 1972; x_wconf 84' lang='lat' dir='ltr'><strong>laudibus</strong></span> <span class='ocrx_word' id='word_1_277' title='bbox 839 1918 929 1971; x_wconf 84' lang='lat' dir='ltr'><strong>Dei</strong></span> <span class='ocrx_word' id='word_1_278' title='bbox 959 1918 1063 1972; x_wconf 90' lang='lat' dir='ltr'><strong>hoc</strong></span> <span class='ocrx_word' id='word_1_279' title='bbox 1091 1919 1232 1986; x_wconf 86' lang='lat' dir='ltr'><strong>quoi</strong></span> <span class='ocrx_word' id='word_1_280' title='bbox 1262 1917 1612 1971; x_wconf 76' lang='lat' dir='ltr'><strong>tiiiCt&#39;ii-Sillm</strong></span> <span class='ocrx_word' id='word_1_281' title='bbox 1643 1917 1756 1971; x_wconf 86' lang='lat' dir='ltr'><strong>ﬁlio</strong></span> <span class='ocrx_word' id='word_1_282' title='bbox 1782 1933 1904 1970; x_wconf 89' lang='lat' dir='ltr'><strong>meo</strong></span> <span class='ocrx_word' id='word_1_283' title='bbox 1937 1915 2072 1970; x_wconf 82' lang='lat' dir='ltr'><strong>Pro-</strong></span> 
     </span>
    </p>
   </div>
   <div class='ocr_carea' id='block_1_37' title="bbox 489 2008 2072 2079">
    <p class='ocr_par' dir='ltr' id='par_1_37' title="bbox 489 2008 2072 2079">
     <span class='ocr_line' id='line_1_37' title="bbox 489 2008 2072 2079; baseline -0.001 -18"><span class='ocrx_word' id='word_1_284' title='bbox 489 2011 630 2065; x_wconf 88' lang='lat' dir='ltr'><strong>birro.</strong></span> <span class='ocrx_word' id='word_1_285' title='bbox 666 2013 1002 2079; x_wconf 87' lang='lat' dir='ltr'><strong>presbytero,</strong></span> <span class='ocrx_word' id='word_1_286' title='bbox 1034 2018 1308 2071; x_wconf 87' lang='lat' dir='ltr'><strong>narrante,</strong></span> <span class='ocrx_word' id='word_1_287' title='bbox 1339 2009 1491 2078; x_wconf 69' lang='lat'><strong>155</strong></span> <span class='ocrx_word' id='word_1_288' title='bbox 1515 2009 1764 2075; x_wconf 82' lang='lat' dir='ltr'><strong>cognovi,</strong></span> <span class='ocrx_word' id='word_1_289' title='bbox 1797 2008 1920 2076; x_wconf 87' lang='lat' dir='ltr'><strong>quia</strong></span> <span class='ocrx_word' id='word_1_290' title='bbox 1951 2023 2072 2060; x_wconf 88' lang='lat' dir='ltr'><strong>cum</strong></span> 
     </span>
    </p>
   </div>
   <div class='ocr_carea' id='block_1_38' title="bbox 489 2098 2072 2168">
    <p class='ocr_par' dir='ltr' id='par_1_38' title="bbox 489 2098 2072 2168">
     <span class='ocr_line' id='line_1_38' title="bbox 489 2098 2072 2168; baseline -0.001 -17"><span class='ocrx_word' id='word_1_291' title='bbox 489 2112 662 2154; x_wconf 75' lang='lat' dir='ltr'><strong>\‘r-slt&#39;a</strong></span> <span class='ocrx_word' id='word_1_292' title='bbox 716 2101 1032 2155; x_wconf 78' lang='lat' dir='ltr'><strong>excellentia</strong></span> <span class='ocrx_word' id='word_1_293' title='bbox 1073 2100 1510 2154; x_wconf 86' lang='lat' dir='ltr'><strong>constitutionem</strong></span> <span class='ocrx_word' id='word_1_294' title='bbox 1542 2098 1836 2168; x_wconf 77' lang='lat' dir='ltr'><strong>quamdam</strong></span> <span class='ocrx_word' id='word_1_295' title='bbox 1883 2105 2072 2151; x_wconf 88' lang='lat' dir='ltr'><strong>contra</strong></span> 
     </span>
    </p>
   </div>
   <div class='ocr_carea' id='block_1_39' title="bbox 486 2191 2071 2260">
    <p class='ocr_par' dir='ltr' id='par_1_39' title="bbox 486 2191 2071 2260">
     <span class='ocr_line' id='line_1_39' title="bbox 486 2191 2071 2260; baseline 0 -16"><span class='ocrx_word' id='word_1_296' title='bbox 486 2191 788 2246; x_wconf 67' lang='lat' dir='ltr'><strong>Judarorum</strong></span> <span class='ocrx_word' id='word_1_297' title='bbox 826 2191 1099 2259; x_wconf 88' lang='lat' dir='ltr'><strong>perﬁdiam</strong></span> <span class='ocrx_word' id='word_1_298' title='bbox 1139 2191 1406 2253; x_wconf 85' lang='lat' dir='ltr'><strong>dedisset,</strong></span> <span class='ocrx_word' id='word_1_299' title='bbox 1456 2191 1490 2244; x_wconf 89' lang='lat' dir='ltr'><strong>ii</strong></span> <span class='ocrx_word' id='word_1_300' title='bbox 1530 2191 1598 2243; x_wconf 90' lang='lat' dir='ltr'><strong>de</strong></span> <span class='ocrx_word' id='word_1_301' title='bbox 1644 2191 1835 2258; x_wconf 80' lang='lat' dir='ltr'><strong>quibus</strong></span> <span class='ocrx_word' id='word_1_302' title='bbox 1865 2191 2071 2260; x_wconf 84' lang='lat' dir='ltr'><strong>prolata</strong></span> 
     </span>
    </p>
   </div>
   <div class='ocr_carea' id='block_1_40' title="bbox 489 2280 2071 2350">
    <p class='ocr_par' dir='ltr' id='par_1_40' title="bbox 489 2280 2071 2350">
     <span class='ocr_line' id='line_1_40' title="bbox 489 2280 2071 2350; baseline -0.001 -16"><span class='ocrx_word' id='word_1_303' title='bbox 489 2285 658 2336; x_wconf 81' lang='lat' dir='ltr'><strong>fuerat</strong></span> <span class='ocrx_word' id='word_1_304' title='bbox 684 2282 1052 2336; x_wconf 74' lang='lat' dir='ltr'><strong>rectitudincm</strong></span> <span class='ocrx_word' id='word_1_305' title='bbox 1079 2290 1266 2335; x_wconf 71' lang='lat' dir='ltr'><strong>vestra:</strong></span> <span class='ocrx_word' id='word_1_306' title='bbox 1287 2282 1481 2336; x_wconf 72' lang='lat' dir='ltr'><strong>lliellliS</strong></span> <span class='ocrx_word' id='word_1_307' title='bbox 1503 2280 1794 2343; x_wconf 84' lang='lat' dir='ltr'><strong>inﬂectere,</strong></span> <span class='ocrx_word' id='word_1_308' title='bbox 1819 2281 2071 2350; x_wconf 84' lang='lat' dir='ltr'><strong>pecunia-</strong></span> 
     </span>
    </p>
   </div>
   <div class='ocr_carea' id='block_1_41' title="bbox 490 2372 2072 2441">
    <p class='ocr_par' dir='ltr' id='par_1_41' title="bbox 490 2372 2072 2441">
     <span class='ocr_line' id='line_1_41' title="bbox 490 2372 2072 2441; baseline 0.001 -16"><span class='ocrx_word' id='word_1_309' title='bbox 490 2391 606 2425; x_wconf 83' lang='lat' dir='ltr'><strong>rum</strong></span> <span class='ocrx_word' id='word_1_310' title='bbox 633 2388 898 2426; x_wconf 83' lang='lat' dir='ltr'><strong>summam</strong></span> <span class='ocrx_word' id='word_1_311' title='bbox 922 2372 1216 2439; x_wconf 69' lang='lat' dir='ltr'><strong>offerendo,</strong></span> <span class='ocrx_word' id='word_1_312' title='bbox 1245 2373 1419 2425; x_wconf 83' lang='lat' dir='ltr'><strong>moliti</strong></span> <span class='ocrx_word' id='word_1_313' title='bbox 1444 2381 1588 2436; x_wconf 84' lang='lat' dir='ltr'><strong>sunt,</strong></span> <span class='ocrx_word' id='word_1_314' title='bbox 1617 2388 1777 2441; x_wconf 88' lang='lat' dir='ltr'><strong>quam</strong></span> <span class='ocrx_word' id='word_1_315' title='bbox 1806 2374 2072 2427; x_wconf 81' lang='lat' dir='ltr'><strong>excellen-</strong></span> 
     </span>
    </p>
   </div>
   <div class='ocr_carea' id='block_1_42' title="bbox 491 2465 2074 2535">
    <p class='ocr_par' dir='ltr' id='par_1_42' title="bbox 491 2465 2074 2535">
     <span class='ocr_line' id='line_1_42' title="bbox 491 2465 2074 2535; baseline 0.003 -18"><span class='ocrx_word' id='word_1_316' title='bbox 491 2467 558 2517; x_wconf 86' lang='lat' dir='ltr'><strong>tia</strong></span> <span class='ocrx_word' id='word_1_317' title='bbox 590 2474 763 2517; x_wconf 73' lang='lat' dir='ltr'><strong>testra</strong></span> <span class='ocrx_word' id='word_1_318' title='bbox 807 2465 1146 2534; x_wconf 84' lang='lat' dir='ltr'><strong>contempsit,</strong></span> <span class='ocrx_word' id='word_1_319' title='bbox 1199 2474 1254 2519; x_wconf 92' lang='lat' dir='ltr'><strong>et</strong></span> <span class='ocrx_word' id='word_1_320' title='bbox 1290 2466 1670 2531; x_wconf 57' lang='lat' dir='ltr'><strong>orrrripotentis</strong></span> <span class='ocrx_word' id='word_1_321' title='bbox 1719 2466 1808 2520; x_wconf 83' lang='lat' dir='ltr'><strong>Dei</strong></span> <span class='ocrx_word' id='word_1_322' title='bbox 1861 2467 2074 2535; x_wconf 79' lang='lat' dir='ltr'><strong>placere</strong></span> 
     </span>
    </p>
   </div>
   <div class='ocr_carea' id='block_1_43' title="bbox 488 2557 2069 2626">
    <p class='ocr_par' dir='ltr' id='par_1_43' title="bbox 488 2557 2069 2626">
     <span class='ocr_line' id='line_1_43' title="bbox 488 2557 2069 2626; baseline 0.001 -17"><span class='ocrx_word' id='word_1_323' title='bbox 488 2557 685 2626; x_wconf 79' lang='lat' dir='ltr'><strong>judicio</strong></span> <span class='ocrx_word' id='word_1_324' title='bbox 718 2558 1021 2625; x_wconf 67' lang='lat' dir='ltr'><strong>requirens,</strong></span> <span class='ocrx_word' id='word_1_325' title='bbox 1045 2572 1179 2611; x_wconf 87' lang='lat' dir='ltr'><strong>auro</strong></span> <span class='ocrx_word' id='word_1_326' title='bbox 1209 2557 1568 2612; x_wconf 84' lang='lat' dir='ltr'><strong>innocentiam</strong></span> <span class='ocrx_word' id='word_1_327' title='bbox 1600 2559 1847 2626; x_wconf 73' lang='lat' dir='ltr'><strong>prmtulit.</strong></span> <span class='ocrx_word' id='word_1_328' title='bbox 1877 2557 1989 2622; x_wconf 88' lang='lat' dir='ltr'><strong>Qua</strong></span> <span class='ocrx_word' id='word_1_329' title='bbox 2019 2559 2069 2611; x_wconf 90' lang='lat' dir='ltr'><strong>in</strong></span> 
     </span>
    </p>
   </div>
   <div class='ocr_carea' id='block_1_44' title="bbox 492 2649 2070 2718">
    <p class='ocr_par' dir='ltr' id='par_1_44' title="bbox 492 2649 2070 2718">
     <span class='ocr_line' id='line_1_44' title="bbox 492 2649 2070 2718; baseline 0.002 -18"><span class='ocrx_word' id='word_1_330' title='bbox 492 2669 548 2702; x_wconf 86' lang='lat' dir='ltr'><strong>re</strong></span> <span class='ocrx_word' id='word_1_331' title='bbox 590 2651 717 2704; x_wconf 88' lang='lat' dir='ltr'><strong>rrrilri</strong></span> <span class='ocrx_word' id='word_1_332' title='bbox 751 2650 912 2703; x_wconf 82' lang='lat' dir='ltr'><strong>David</strong></span> <span class='ocrx_word' id='word_1_333' title='bbox 958 2650 1098 2718; x_wconf 81' lang='lat' dir='ltr'><strong>regis</strong></span> <span class='ocrx_word' id='word_1_334' title='bbox 1130 2649 1324 2703; x_wconf 84' lang='lat' dir='ltr'><strong>factum</strong></span> <span class='ocrx_word' id='word_1_335' title='bbox 1356 2649 1423 2702; x_wconf 89' lang='lat' dir='ltr'><strong>ad</strong></span> <span class='ocrx_word' id='word_1_336' title='bbox 1455 2651 1766 2704; x_wconf 83' lang='lat' dir='ltr'><strong>memoriam</strong></span> <span class='ocrx_word' id='word_1_337' title='bbox 1789 2650 1952 2713; x_wconf 80' lang='lat' dir='ltr'><strong>venit,</strong></span> <span class='ocrx_word' id='word_1_338' title='bbox 1984 2649 2070 2704; x_wconf 91' lang='lat' dir='ltr'><strong>cui</strong></span> 
     </span>
    </p>
   </div>
   <div class='ocr_carea' id='block_1_45' title="bbox 486 2738 2072 2806">
    <p class='ocr_par' dir='ltr' id='par_1_45' title="bbox 486 2738 2072 2806">
     <span class='ocr_line' id='line_1_45' title="bbox 486 2738 2072 2806; baseline 0.001 -16"><span class='ocrx_word' id='word_1_339' title='bbox 486 2742 610 2791; x_wconf 76' lang='lat' dir='ltr'><strong>dum</strong></span> <span class='ocrx_word' id='word_1_340' title='bbox 643 2739 924 2806; x_wconf 76' lang='lat' dir='ltr'><strong>concupita</strong></span> <span class='ocrx_word' id='word_1_341' title='bbox 949 2755 1091 2805; x_wconf 70' lang='lat' dir='ltr'><strong>aqua</strong></span> <span class='ocrx_word' id='word_1_342' title='bbox 1122 2738 1191 2791; x_wconf 87' lang='lat' dir='ltr'><strong>de</strong></span> <span class='ocrx_word' id='word_1_343' title='bbox 1217 2739 1448 2792; x_wconf 76' lang='lat' dir='ltr'><strong>cisterna</strong></span> <span class='ocrx_word' id='word_1_344' title='bbox 1470 2738 1928 2801; x_wconf 76' lang='lat' dir='ltr'><strong>Bctlrir-hetnilica,</strong></span> <span class='ocrx_word' id='word_1_345' title='bbox 1953 2753 2072 2806; x_wconf 70' lang='lat' dir='ltr'><strong>qua:</strong></span> 
     </span>
    </p>
   </div>
   <div class='ocr_carea' id='block_1_46' title="bbox 489 2829 2072 2896">
    <p class='ocr_par' dir='ltr' id='par_1_46' title="bbox 489 2829 2072 2896">
     <span class='ocr_line' id='line_1_46' title="bbox 489 2829 2072 2896; baseline 0.001 -14"><span class='ocrx_word' id='word_1_346' title='bbox 489 2832 625 2884; x_wconf 83' lang='lat' dir='ltr'><strong>inter</strong></span> <span class='ocrx_word' id='word_1_347' title='bbox 661 2829 881 2883; x_wconf 72' lang='lat' dir='ltr'><strong>hostiles</strong></span> <span class='ocrx_word' id='word_1_348' title='bbox 923 2844 1125 2883; x_wconf 83' lang='lat' dir='ltr'><strong>cuneos</strong></span> <span class='ocrx_word' id='word_1_349' title='bbox 1168 2829 1490 2895; x_wconf 87' lang='lat' dir='ltr'><strong>habebatur,</strong></span> <span class='ocrx_word' id='word_1_350' title='bbox 1539 2830 1606 2882; x_wconf 86' lang='lat' dir='ltr'><strong>ab</strong></span> <span class='ocrx_word' id='word_1_351' title='bbox 1654 2829 2072 2896; x_wconf 89' lang='lat' dir='ltr'><strong>ohsequcntibus</strong></span> 
     </span>
    </p>
   </div>
   <div class='ocr_carea' id='block_1_47' title="bbox 487 2918 2072 2987">
    <p class='ocr_par' dir='ltr' id='par_1_47' title="bbox 487 2918 2072 2987">
     <span class='ocr_line' id='line_1_47' title="bbox 487 2918 2072 2987; baseline 0.001 -16"><span class='ocrx_word' id='word_1_352' title='bbox 487 2920 739 2972; x_wconf 83' lang='lat' dir='ltr'><strong>militibus</strong></span> <span class='ocrx_word' id='word_1_353' title='bbox 764 2919 947 2972; x_wconf 61' lang='lat' dir='ltr'><strong>fttis‘srl</strong></span> <span class='ocrx_word' id='word_1_354' title='bbox 975 2919 1176 2982; x_wconf 84' lang='lat' dir='ltr'><strong>oblata,</strong></span> <span class='ocrx_word' id='word_1_355' title='bbox 1208 2919 1449 2987; x_wconf 87' lang='lat' dir='ltr'><strong>protinus</strong></span> <span class='ocrx_word' id='word_1_356' title='bbox 1477 2918 1613 2972; x_wconf 78' lang='lat' dir='ltr'><strong>dixit</strong></span> <span class='ocrx_word' id='word_1_357' title='bbox 1639 2936 1651 2971; x_wconf 90' lang='lat'>:</span> <span class='ocrx_word' id='word_1_358' title='bbox 1676 2919 1822 2972; x_wconf 79' lang='lat' dir='ltr'><strong>Absit</strong></span> <span class='ocrx_word' id='word_1_359' title='bbox 1843 2936 1874 2971; x_wconf 92' lang='lat' dir='ltr'><strong>a</strong></span> <span class='ocrx_word' id='word_1_360' title='bbox 1894 2936 1994 2983; x_wconf 88' lang='lat' dir='ltr'><strong>me,</strong></span> <span class='ocrx_word' id='word_1_361' title='bbox 2016 2928 2072 2972; x_wconf 81' lang='lat' dir='ltr'><strong>ut</strong></span> 
     </span>
    </p>
   </div>
   <div class='ocr_carea' id='block_1_48' title="bbox 2175 1738 3763 1815">
    <p class='ocr_par' dir='ltr' id='par_1_48' title="bbox 2175 1738 3763 1815">
     <span class='ocr_line' id='line_1_48' title="bbox 2175 1738 3763 1815; baseline 0.006 -23"><span class='ocrx_word' id='word_1_362' title='bbox 2175 1738 2316 1792; x_wconf 87' lang='lat' dir='ltr'><strong>dicat</strong></span> <span class='ocrx_word' id='word_1_363' title='bbox 2341 1747 2665 1808; x_wconf 73' lang='lat' dir='ltr'><strong>prmccpturu</strong></span> <span class='ocrx_word' id='word_1_364' title='bbox 2695 1755 2912 1807; x_wconf 90' lang='lat' dir='ltr'><strong>quoque</strong></span> <span class='ocrx_word' id='word_1_365' title='bbox 2946 1739 3014 1794; x_wconf 93' lang='lat' dir='ltr'><strong>de</strong></span> <span class='ocrx_word' id='word_1_366' title='bbox 3061 1740 3472 1796; x_wconf 81' lang='lat' dir='ltr'><strong>circumcisione</strong></span> <span class='ocrx_word' id='word_1_367' title='bbox 3516 1747 3763 1815; x_wconf 87' lang='lat' dir='ltr'><strong>corporis</strong></span> 
     </span>
    </p>
   </div>
   <div class='ocr_carea' id='block_1_49' title="bbox 2177 1828 3761 1897">
    <p class='ocr_par' dir='ltr' id='par_1_49' title="bbox 2177 1828 3761 1897">
     <span class='ocr_line' id='line_1_49' title="bbox 2177 1828 3761 1897; baseline 0.006 -17"><span class='ocrx_word' id='word_1_368' title='bbox 2177 1828 2353 1882; x_wconf 88' lang='lat' dir='ltr'><strong>adhuc</strong></span> <span class='ocrx_word' id='word_1_369' title='bbox 2399 1843 2570 1897; x_wconf 87' lang='lat' dir='ltr'><strong>usque</strong></span> <span class='ocrx_word' id='word_1_370' title='bbox 2630 1829 2991 1884; x_wconf 79' lang='lat' dir='ltr'><strong>retinendum.</strong></span> <span class='ocrx_word' id='word_1_371' title='bbox 3038 1829 3142 1885; x_wconf 85' lang='lat' dir='ltr'><strong>Sed</strong></span> <span class='ocrx_word' id='word_1_372' title='bbox 3195 1840 3381 1886; x_wconf 83' lang='lat' dir='ltr'><strong>contra</strong></span> <span class='ocrx_word' id='word_1_373' title='bbox 3431 1849 3491 1889; x_wconf 92' lang='lat' dir='ltr'><strong>se</strong></span> <span class='ocrx_word' id='word_1_374' title='bbox 3537 1833 3761 1890; x_wconf 89' lang='lat' dir='ltr'><strong>Paulum</strong></span> 
     </span>
    </p>
   </div>
   <div class='ocr_carea' id='block_1_50' title="bbox 2175 1920 3760 1988">
    <p class='ocr_par' dir='ltr' id='par_1_50' title="bbox 2175 1920 3760 1988">
     <span class='ocr_line' id='line_1_50' title="bbox 2175 1920 3760 1988; baseline 0.005 -16"><span class='ocrx_word' id='word_1_375' title='bbox 2175 1920 2474 1988; x_wconf 74' lang='lat' dir='ltr'><strong>apostolum</strong></span> <span class='ocrx_word' id='word_1_376' title='bbox 2494 1920 2672 1973; x_wconf 89' lang='lat' dir='ltr'><strong>audiat</strong></span> <span class='ocrx_word' id='word_1_377' title='bbox 2702 1921 2966 1975; x_wconf 82' lang='lat' dir='ltr'><strong>dicentem</strong></span> <span class='ocrx_word' id='word_1_378' title='bbox 2994 1940 3006 1975; x_wconf 91' lang='lat'>:</span> <span class='ocrx_word' id='word_1_379' title='bbox 3034 1922 3094 1977; x_wconf 87' lang='lat' dir='ltr'><strong>Si</strong></span> <span class='ocrx_word' id='word_1_380' title='bbox 3121 1923 3585 1988; x_wconf 74' lang='lat' dir='ltr'><strong>cirrunrcidamini,</strong></span> <span class='ocrx_word' id='word_1_381' title='bbox 3614 1925 3760 1980; x_wconf 70' lang='lat' dir='ltr'><strong>Chri-</strong></span> 
     </span>
    </p>
   </div>
   <div class='ocr_carea' id='block_1_51' title="bbox 2173 2011 3761 2084">
    <p class='ocr_par' dir='ltr' id='par_1_51' title="bbox 2173 2011 3761 2084">
     <span class='ocr_line' id='line_1_51' title="bbox 2173 2011 3761 2084; baseline 0.006 -20"><span class='ocrx_word' id='word_1_382' title='bbox 2173 2020 2283 2064; x_wconf 81' lang='lat' dir='ltr'><strong>stus</strong></span> <span class='ocrx_word' id='word_1_383' title='bbox 2311 2011 2450 2064; x_wconf 68' lang='lat' dir='ltr'><strong>vobis</strong></span> <span class='ocrx_word' id='word_1_384' title='bbox 2479 2011 2608 2064; x_wconf 78' lang='lat' dir='ltr'><strong>nihil</strong></span> <span class='ocrx_word' id='word_1_385' title='bbox 2635 2013 2841 2078; x_wconf 80' lang='lat' dir='ltr'><strong>prodest</strong></span> <span class='ocrx_word' id='word_1_386' title='bbox 2871 2011 3012 2082; x_wconf 74' lang='lat' dir='ltr'><strong>(Gai.</strong></span> <span class='ocrx_word' id='word_1_387' title='bbox 3038 2029 3089 2079; x_wconf 89' lang='lat' dir='ltr'><strong>v,</strong></span> <span class='ocrx_word' id='word_1_388' title='bbox 3147 2013 3226 2080; x_wconf 68' lang='grc'><strong>2).</strong></span> <span class='ocrx_word' id='word_1_389' title='bbox 3273 2013 3384 2070; x_wconf 82' lang='lat' dir='ltr'><strong>Nos</strong></span> <span class='ocrx_word' id='word_1_390' title='bbox 3434 2015 3614 2084; x_wconf 78' lang='lat' dir='ltr'><strong>itaque</strong></span> <span class='ocrx_word' id='word_1_391' title='bbox 3658 2017 3761 2073; x_wconf 81' lang='lat' dir='ltr'><strong>hoc</strong></span> 
     </span>
    </p>
   </div>
   <div class='ocr_carea' id='block_1_52' title="bbox 2173 2099 3759 2177">
    <p class='ocr_par' dir='ltr' id='par_1_52' title="bbox 2173 2099 3759 2177">
     <span class='ocr_line' id='line_1_52' title="bbox 2173 2099 3759 2177; baseline 0.007 -25"><span class='ocrx_word' id='word_1_392' title='bbox 2173 2101 2318 2170; x_wconf 89' lang='lat' dir='ltr'><strong>quod</strong></span> <span class='ocrx_word' id='word_1_393' title='bbox 2347 2101 2414 2153; x_wconf 89' lang='lat' dir='ltr'><strong>de</strong></span> <span class='ocrx_word' id='word_1_394' title='bbox 2442 2099 2682 2154; x_wconf 89' lang='lat' dir='ltr'><strong>Sabhato</strong></span> <span class='ocrx_word' id='word_1_395' title='bbox 2711 2102 2970 2170; x_wconf 82' lang='lat' dir='ltr'><strong>scriptum</strong></span> <span class='ocrx_word' id='word_1_396' title='bbox 3001 2115 3078 2158; x_wconf 86' lang='lat' dir='ltr'><strong>est</strong></span> <span class='ocrx_word' id='word_1_397' title='bbox 3109 2104 3425 2172; x_wconf 82' lang='lat' dir='ltr'><strong>spiritaliter</strong></span> <span class='ocrx_word' id='word_1_398' title='bbox 3446 2108 3759 2177; x_wconf 83' lang='lat' dir='ltr'><strong>accipimus,</strong></span> 
     </span>
    </p>
   </div>
   <div class='ocr_carea' id='block_1_53' title="bbox 2175 2188 3759 2264">
    <p class='ocr_par' dir='ltr' id='par_1_53' title="bbox 2175 2188 3759 2264">
     <span class='ocr_line' id='line_1_53' title="bbox 2175 2188 3759 2264; baseline 0.005 -21"><span class='ocrx_word' id='word_1_399' title='bbox 2175 2188 2490 2258; x_wconf 74' lang='lat' dir='ltr'><strong>spiritaliter</strong></span> <span class='ocrx_word' id='word_1_400' title='bbox 2507 2190 2821 2243; x_wconf 87' lang='lat' dir='ltr'><strong>retinemus.</strong></span> <span class='ocrx_word' id='word_1_401' title='bbox 2853 2189 3144 2245; x_wconf 74' lang='lat' dir='ltr'><strong>Sabbatum</strong></span> <span class='ocrx_word' id='word_1_402' title='bbox 3173 2202 3351 2246; x_wconf 82' lang='lat' dir='ltr'><strong>autem</strong></span> <span class='ocrx_word' id='word_1_403' title='bbox 3384 2196 3600 2264; x_wconf 82' lang='lat' dir='ltr'><strong>requies</strong></span> <span class='ocrx_word' id='word_1_404' title='bbox 3627 2196 3759 2251; x_wconf 84' lang='lat' dir='ltr'><strong>dici-</strong></span> 
     </span>
    </p>
   </div>
   <div class='ocr_carea' id='block_1_54' title="bbox 2177 2279 3762 2356">
    <p class='ocr_par' dir='ltr' id='par_1_54' title="bbox 2177 2279 3762 2356">
     <span class='ocr_line' id='line_1_54' title="bbox 2177 2279 3762 2356; baseline 0.005 -23"><span class='ocrx_word' id='word_1_405' title='bbox 2177 2290 2283 2334; x_wconf 90' lang='lat' dir='ltr'><strong>tur.</strong></span> <span class='ocrx_word' id='word_1_406' title='bbox 2333 2280 2524 2333; x_wconf 65' lang='lat' dir='ltr'><strong>Vtrum</strong></span> <span class='ocrx_word' id='word_1_407' title='bbox 2567 2290 2744 2333; x_wconf 85' lang='lat' dir='ltr'><strong>autem</strong></span> <span class='ocrx_word' id='word_1_408' title='bbox 2773 2279 3074 2336; x_wconf 82' lang='lat' dir='ltr'><strong>Sabbatum</strong></span> <span class='ocrx_word' id='word_1_409' title='bbox 3129 2283 3298 2351; x_wconf 89' lang='lat' dir='ltr'><strong>ipsum</strong></span> <span class='ocrx_word' id='word_1_410' title='bbox 3347 2283 3613 2356; x_wconf 80' lang='lat' dir='ltr'><strong>Redempt</strong></span> <span class='ocrx_word' id='word_1_411' title='bbox 3640 2303 3762 2341; x_wconf 73' lang='lat' dir='ltr'><strong>rem</strong></span> 
     </span>
    </p>
   </div>
   <div class='ocr_carea' id='block_1_55' title="bbox 2176 2369 3762 2443">
    <p class='ocr_par' dir='ltr' id='par_1_55' title="bbox 2176 2369 3762 2443">
     <span class='ocr_line' id='line_1_55' title="bbox 2176 2369 3762 2443; baseline 0.004 -18"><span class='ocrx_word' id='word_1_412' title='bbox 2176 2379 2416 2425; x_wconf 88' lang='lat' dir='ltr'><strong>nostrrrm</strong></span> <span class='ocrx_word' id='word_1_413' title='bbox 2444 2369 2624 2424; x_wconf 42' lang='lat' dir='ltr'><strong>J-rsum</strong></span> <span class='ocrx_word' id='word_1_414' title='bbox 2649 2371 2806 2441; x_wconf 78' lang='lat'><strong>[57</strong></span> <span class='ocrx_word' id='word_1_415' title='bbox 2837 2371 3111 2426; x_wconf 78' lang='lat' dir='ltr'><strong>Christum</strong></span> <span class='ocrx_word' id='word_1_416' title='bbox 3143 2372 3423 2428; x_wconf 90' lang='lat' dir='ltr'><strong>Dominum</strong></span> <span class='ocrx_word' id='word_1_417' title='bbox 3473 2376 3762 2443; x_wconf 84' lang='lat' dir='ltr'><strong>habemus;</strong></span> 
     </span>
    </p>
   </div>
   <div class='ocr_carea' id='block_1_56' title="bbox 2175 2461 3761 2536">
    <p class='ocr_par' dir='ltr' id='par_1_56' title="bbox 2175 2461 3761 2536">
     <span class='ocr_line' id='line_1_56' title="bbox 2175 2461 3761 2536; baseline 0.003 -21"><span class='ocrx_word' id='word_1_418' title='bbox 2175 2468 2231 2515; x_wconf 91' lang='lat' dir='ltr'><strong>et</strong></span> <span class='ocrx_word' id='word_1_419' title='bbox 2260 2461 2351 2530; x_wconf 89' lang='lat' dir='ltr'><strong>qui</strong></span> <span class='ocrx_word' id='word_1_420' title='bbox 2381 2461 2550 2514; x_wconf 81' lang='lat' dir='ltr'><strong>lucem</strong></span> <span class='ocrx_word' id='word_1_421' title='bbox 2585 2461 2703 2514; x_wconf 80' lang='lat' dir='ltr'><strong>ﬁdei</strong></span> <span class='ocrx_word' id='word_1_422' title='bbox 2732 2462 3030 2528; x_wconf 88' lang='lat' dir='ltr'><strong>cognoscit,</strong></span> <span class='ocrx_word' id='word_1_423' title='bbox 3059 2463 3102 2516; x_wconf 87' lang='lat' dir='ltr'><strong>si</strong></span> <span class='ocrx_word' id='word_1_424' title='bbox 3127 2471 3344 2532; x_wconf 86' lang='lat' dir='ltr'><strong>peccata</strong></span> <span class='ocrx_word' id='word_1_425' title='bbox 3375 2467 3761 2536; x_wconf 73' lang='lat' dir='ltr'><strong>concupiscen-</strong></span> 
     </span>
    </p>
   </div>
   <div class='ocr_carea' id='block_1_57' title="bbox 2177 2551 3761 2620">
    <p class='ocr_par' dir='ltr' id='par_1_57' title="bbox 2177 2551 3761 2620">
     <span class='ocr_line' id='line_1_57' title="bbox 2177 2551 3761 2620; baseline 0.004 -15"><span class='ocrx_word' id='word_1_426' title='bbox 2177 2551 2214 2605; x_wconf 91' lang='lat' dir='ltr'><strong>ti</strong></span> <span class='ocrx_word' id='word_1_427' title='bbox 2235 2572 2262 2599; x_wconf 83' lang='grc' dir='ltr'><strong>ι·</strong></span> <span class='ocrx_word' id='word_1_428' title='bbox 2284 2553 2347 2604; x_wconf 91' lang='lat' dir='ltr'><strong>ad</strong></span> <span class='ocrx_word' id='word_1_429' title='bbox 2373 2561 2605 2605; x_wconf 83' lang='lat' dir='ltr'><strong>mentem</strong></span> <span class='ocrx_word' id='word_1_430' title='bbox 2638 2567 2734 2620; x_wconf 81' lang='lat' dir='ltr'><strong>per</strong></span> <span class='ocrx_word' id='word_1_431' title='bbox 2758 2551 2945 2607; x_wconf 84' lang='lat' dir='ltr'><strong>oculos</strong></span> <span class='ocrx_word' id='word_1_432' title='bbox 2971 2554 3152 2620; x_wconf 89' lang='lat' dir='ltr'><strong>trahit,</strong></span> <span class='ocrx_word' id='word_1_433' title='bbox 3180 2553 3233 2608; x_wconf 88' lang='lat' dir='ltr'><strong>in</strong></span> <span class='ocrx_word' id='word_1_434' title='bbox 3270 2555 3357 2609; x_wconf 89' lang='lat' dir='ltr'><strong>die</strong></span> <span class='ocrx_word' id='word_1_435' title='bbox 3380 2555 3603 2610; x_wconf 87' lang='lat' dir='ltr'><strong>Sabbati</strong></span> <span class='ocrx_word' id='word_1_436' title='bbox 3634 2575 3761 2612; x_wconf 80' lang='lat' dir='ltr'><strong>onc-</strong></span> 
     </span>
    </p>
   </div>
   <div class='ocr_carea' id='block_1_58' title="bbox 2177 2644 3766 2716">
    <p class='ocr_par' dir='ltr' id='par_1_58' title="bbox 2177 2644 3766 2716">
     <span class='ocr_line' id='line_1_58' title="bbox 2177 2644 3766 2716; baseline 0.005 -18"><span class='ocrx_word' id='word_1_437' title='bbox 2177 2658 2234 2698; x_wconf 87' lang='lat' dir='ltr'><strong>ra</strong></span> <span class='ocrx_word' id='word_1_438' title='bbox 2266 2659 2363 2713; x_wconf 88' lang='lat' dir='ltr'><strong>per</strong></span> <span class='ocrx_word' id='word_1_439' title='bbox 2409 2653 2594 2713; x_wconf 86' lang='lat' dir='ltr'><strong>portas</strong></span> <span class='ocrx_word' id='word_1_440' title='bbox 2636 2644 2944 2699; x_wconf 72' lang='lat' dir='ltr'><strong>introducit.</strong></span> <span class='ocrx_word' id='word_1_441' title='bbox 2990 2646 3104 2700; x_wconf 81' lang='lat' dir='ltr'><strong>Non</strong></span> <span class='ocrx_word' id='word_1_442' title='bbox 3144 2662 3274 2716; x_wconf 89' lang='lat' dir='ltr'><strong>ergo</strong></span> <span class='ocrx_word' id='word_1_443' title='bbox 3315 2647 3366 2702; x_wconf 92' lang='lat' dir='ltr'><strong>in</strong></span> <span class='ocrx_word' id='word_1_444' title='bbox 3418 2650 3506 2704; x_wconf 91' lang='lat' dir='ltr'><strong>die</strong></span> <span class='ocrx_word' id='word_1_445' title='bbox 3544 2649 3766 2716; x_wconf 83' lang='lat' dir='ltr'><strong>Sabbati</strong></span> 
     </span>
    </p>
   </div>
   <div class='ocr_carea' id='block_1_59' title="bbox 2176 2736 3765 2809">
    <p class='ocr_par' dir='ltr' id='par_1_59' title="bbox 2176 2736 3765 2809">
     <span class='ocr_line' id='line_1_59' title="bbox 2176 2736 3765 2809; baseline 0.005 -19"><span class='ocrx_word' id='word_1_446' title='bbox 2176 2749 2341 2790; x_wconf 86' lang='lat' dir='ltr'><strong>onera</strong></span> <span class='ocrx_word' id='word_1_447' title='bbox 2381 2751 2477 2804; x_wconf 87' lang='lat' dir='ltr'><strong>per</strong></span> <span class='ocrx_word' id='word_1_448' title='bbox 2517 2745 2701 2804; x_wconf 87' lang='lat' dir='ltr'><strong>portas</strong></span> <span class='ocrx_word' id='word_1_449' title='bbox 2749 2736 3156 2803; x_wconf 70' lang='lat' dir='ltr'><strong>introducimus,</strong></span> <span class='ocrx_word' id='word_1_450' title='bbox 3202 2739 3246 2793; x_wconf 90' lang='lat' dir='ltr'><strong>si</strong></span> <span class='ocrx_word' id='word_1_451' title='bbox 3291 2738 3343 2793; x_wconf 93' lang='lat' dir='ltr'><strong>in</strong></span> <span class='ocrx_word' id='word_1_452' title='bbox 3387 2739 3765 2809; x_wconf 77' lang='lat' dir='ltr'><strong>Redemptoris</strong></span> 
     </span>
    </p>
   </div>
   <div class='ocr_carea' id='block_1_60' title="bbox 2177 2825 3764 2897">
    <p class='ocr_par' dir='ltr' id='par_1_60' title="bbox 2177 2825 3764 2897">
     <span class='ocr_line' id='line_1_60' title="bbox 2177 2825 3764 2897; baseline 0.004 -18"><span class='ocrx_word' id='word_1_453' title='bbox 2177 2825 2345 2879; x_wconf 81' lang='lat' dir='ltr'><strong>nostri</strong></span> <span class='ocrx_word' id='word_1_454' title='bbox 2374 2826 2543 2892; x_wconf 78' lang='lat' dir='ltr'><strong>gratia</strong></span> <span class='ocrx_word' id='word_1_455' title='bbox 2572 2827 2884 2892; x_wconf 90' lang='lat' dir='ltr'><strong>constituti,</strong></span> <span class='ocrx_word' id='word_1_456' title='bbox 2932 2827 3167 2896; x_wconf 89' lang='lat' dir='ltr'><strong>pondera</strong></span> <span class='ocrx_word' id='word_1_457' title='bbox 3197 2831 3399 2897; x_wconf 82' lang='lat' dir='ltr'><strong>peccati</strong></span> <span class='ocrx_word' id='word_1_458' title='bbox 3437 2831 3502 2884; x_wconf 90' lang='lat' dir='ltr'><strong>ad</strong></span> <span class='ocrx_word' id='word_1_459' title='bbox 3530 2832 3764 2886; x_wconf 90' lang='lat' dir='ltr'><strong>animam</strong></span> 
     </span>
    </p>
   </div>
   <div class='ocr_carea' id='block_1_61' title="bbox 2177 2919 3762 2985">
    <p class='ocr_par' dir='ltr' id='par_1_61' title="bbox 2177 2919 3762 2985">
     <span class='ocr_line' id='line_1_61' title="bbox 2177 2919 3762 2985; baseline 0.005 -16"><span class='ocrx_word' id='word_1_460' title='bbox 2177 2931 2274 2984; x_wconf 81' lang='lat' dir='ltr'><strong>per</strong></span> <span class='ocrx_word' id='word_1_461' title='bbox 2317 2931 2507 2970; x_wconf 89' lang='lat' dir='ltr'><strong>sensus</strong></span> <span class='ocrx_word' id='word_1_462' title='bbox 2537 2931 2830 2985; x_wconf 80' lang='lat' dir='ltr'><strong>corporeus</strong></span> <span class='ocrx_word' id='word_1_463' title='bbox 2860 2933 2965 2971; x_wconf 78' lang='lat' dir='ltr'><strong>non</strong></span> <span class='ocrx_word' id='word_1_464' title='bbox 2999 2919 3291 2974; x_wconf 77' lang='lat' dir='ltr'><strong>trahemus.</strong></span> <span class='ocrx_word' id='word_1_465' title='bbox 3320 2919 3451 2974; x_wconf 87' lang='lat' dir='ltr'><strong>Nam</strong></span> <span class='ocrx_word' id='word_1_466' title='bbox 3482 2922 3624 2976; x_wconf 92' lang='lat' dir='ltr'><strong>idem</strong></span> <span class='ocrx_word' id='word_1_467' title='bbox 3657 2923 3762 2977; x_wconf 87' lang='lat' dir='ltr'><strong>Do-</strong></span> 
     </span>
    </p>
   </div>
   <div class='ocr_carea' id='block_1_62' title="bbox 487 3005 3760 3090">
    <p class='ocr_par' dir='ltr' id='par_1_62' title="bbox 487 3005 3760 3090">
     <span class='ocr_line' id='line_1_62' title="bbox 487 3005 3760 3090; baseline 0.002 -30"><span class='ocrx_word' id='word_1_468' title='bbox 487 3010 793 3079; x_wconf 73' lang='lat' dir='ltr'><strong>smrguirrcm</strong></span> <span class='ocrx_word' id='word_1_469' title='bbox 835 3010 1053 3061; x_wconf 71' lang='lat' dir='ltr'><strong>istrrum</strong></span> <span class='ocrx_word' id='word_1_470' title='bbox 1099 3008 1145 3060; x_wconf 76' lang='grc' dir='ltr'><strong>Ιιι</strong></span> <span class='ocrx_word' id='word_1_471' title='bbox 1167 3009 1364 3061; x_wconf 81' lang='lat' dir='ltr'><strong>minam</strong></span> <span class='ocrx_word' id='word_1_472' title='bbox 1411 3007 1582 3062; x_wconf 80' lang='lat' dir='ltr'><strong>bibam</strong></span> <span class='ocrx_word' id='word_1_473' title='bbox 1611 3008 1817 3076; x_wconf 86' lang='lat' dir='ltr'><strong>(Paral.</strong></span> <span class='ocrx_word' id='word_1_474' title='bbox 1860 3024 1935 3070; x_wconf 77' lang='grc' dir='ltr'><strong>χι,</strong></span> <span class='ocrx_word' id='word_1_475' title='bbox 1957 3007 2070 3074; x_wconf 82' lang='lat' dir='ltr'><strong>l9).</strong></span> <span class='ocrx_word' id='word_1_476' title='bbox 2099 3029 2145 3090; x_wconf 64' lang='grc' dir='ltr'>ε</span> <span class='ocrx_word' id='word_1_477' title='bbox 2181 3007 2356 3063; x_wconf 84' lang='lat' dir='ltr'><strong>minus</strong></span> <span class='ocrx_word' id='word_1_478' title='bbox 2379 3021 2442 3060; x_wconf 81' lang='lat' dir='ltr'><strong>ac</strong></span> <span class='ocrx_word' id='word_1_479' title='bbox 2469 3005 2796 3075; x_wconf 78' lang='lat' dir='ltr'><strong>ltedemptor</strong></span> <span class='ocrx_word' id='word_1_480' title='bbox 2827 3015 3011 3060; x_wconf 80' lang='lat' dir='ltr'><strong>noster</strong></span> <span class='ocrx_word' id='word_1_481' title='bbox 3038 3008 3203 3061; x_wconf 86' lang='lat' dir='ltr'><strong>multa</strong></span> <span class='ocrx_word' id='word_1_482' title='bbox 3230 3009 3283 3062; x_wconf 93' lang='lat' dir='ltr'><strong>in</strong></span> <span class='ocrx_word' id='word_1_483' title='bbox 3312 3009 3398 3064; x_wconf 89' lang='lat' dir='ltr'><strong>die</strong></span> <span class='ocrx_word' id='word_1_484' title='bbox 3435 3009 3658 3065; x_wconf 86' lang='lat' dir='ltr'><strong>Sabbati</strong></span> <span class='ocrx_word' id='word_1_485' title='bbox 3682 3012 3760 3067; x_wconf 86' lang='lat' dir='ltr'><strong>le-</strong></span> 
     </span>
    </p>
   </div>
   <div class='ocr_carea' id='block_1_63' title="bbox 485 3098 2070 3168">
    <p class='ocr_par' dir='ltr' id='par_1_63' title="bbox 485 3098 2070 3168">
     <span class='ocr_line' id='line_1_63' title="bbox 485 3098 2070 3168; baseline 0.001 -19"><span class='ocrx_word' id='word_1_486' title='bbox 485 3102 653 3164; x_wconf 75' lang='lat' dir='ltr'><strong>eram</strong></span> <span class='ocrx_word' id='word_1_487' title='bbox 680 3100 801 3166; x_wconf 88' lang='lat' dir='ltr'><strong>quia</strong></span> <span class='ocrx_word' id='word_1_488' title='bbox 829 3099 959 3152; x_wconf 89' lang='lat' dir='ltr'><strong>fudit</strong></span> <span class='ocrx_word' id='word_1_489' title='bbox 991 3110 1042 3152; x_wconf 82' lang='lat' dir='ltr'><strong>et</strong></span> <span class='ocrx_word' id='word_1_490' title='bbox 1069 3099 1248 3151; x_wconf 70' lang='lat' dir='ltr'><strong>bibere</strong></span> <span class='ocrx_word' id='word_1_491' title='bbox 1274 3099 1465 3163; x_wconf 88' lang='lat' dir='ltr'><strong>noluit,</strong></span> <span class='ocrx_word' id='word_1_492' title='bbox 1485 3099 1740 3168; x_wconf 88' lang='lat' dir='ltr'><strong>scriptum</strong></span> <span class='ocrx_word' id='word_1_493' title='bbox 1763 3107 1845 3150; x_wconf 86' lang='lat' dir='ltr'><strong>e:t</strong></span> <span class='ocrx_word' id='word_1_494' title='bbox 1872 3116 1883 3149; x_wconf 93' lang='lat'>:</span> <span class='ocrx_word' id='word_1_495' title='bbox 1915 3098 2070 3151; x_wconf 75' lang='lat' dir='ltr'><strong>Liba-</strong></span> 
     </span>
    </p>
   </div>
   <div class='ocr_carea' id='block_1_64' title="bbox 486 3188 2074 3256">
    <p class='ocr_par' dir='ltr' id='par_1_64' title="bbox 486 3188 2074 3256">
     <span class='ocr_line' id='line_1_64' title="bbox 486 3188 2074 3256; baseline 0.001 -15"><span class='ocrx_word' id='word_1_496' title='bbox 486 3193 550 3242; x_wconf 78' lang='lat' dir='ltr'><strong>tit</strong></span> <span class='ocrx_word' id='word_1_497' title='bbox 581 3207 694 3242; x_wconf 77' lang='lat' dir='ltr'><strong>cum</strong></span> <span class='ocrx_word' id='word_1_498' title='bbox 727 3189 945 3242; x_wconf 84' lang='lat' dir='ltr'><strong>Domino</strong></span> <span class='ocrx_word' id='word_1_499' title='bbox 979 3189 1141 3252; x_wconf 79' lang='lat' dir='ltr'><strong>(Ibid.</strong></span> <span class='ocrx_word' id='word_1_500' title='bbox 1175 3189 1284 3252; x_wconf 74' lang='grc'>18).</span> <span class='ocrx_word' id='word_1_501' title='bbox 1331 3189 1386 3242; x_wconf 88' lang='lat' dir='ltr'><strong>Si</strong></span> <span class='ocrx_word' id='word_1_502' title='bbox 1429 3189 1588 3256; x_wconf 79' lang='lat' dir='ltr'><strong>igitur</strong></span> <span class='ocrx_word' id='word_1_503' title='bbox 1617 3188 1683 3242; x_wconf 87' lang='lat' dir='ltr'><strong>ab</strong></span> <span class='ocrx_word' id='word_1_504' title='bbox 1711 3196 1920 3241; x_wconf 81' lang='lat' dir='ltr'><strong>artrtalo</strong></span> <span class='ocrx_word' id='word_1_505' title='bbox 1948 3203 2074 3256; x_wconf 82' lang='lat' dir='ltr'><strong>rege</strong></span> 
     </span>
    </p>
   </div>
   <div class='ocr_carea' id='block_1_65' title="bbox 488 3279 2075 3345">
    <p class='ocr_par' dir='ltr' id='par_1_65' title="bbox 488 3279 2075 3345">
     <span class='ocr_line' id='line_1_65' title="bbox 488 3279 2075 3345; baseline -0.003 -12"><span class='ocrx_word' id='word_1_506' title='bbox 488 3282 536 3334; x_wconf 89' lang='lat' dir='ltr'><strong>in</strong></span> <span class='ocrx_word' id='word_1_507' title='bbox 559 3279 874 3333; x_wconf 87' lang='lat' dir='ltr'><strong>sacriliciurrr</strong></span> <span class='ocrx_word' id='word_1_508' title='bbox 909 3279 1000 3330; x_wconf 71' lang='lat' dir='ltr'><strong>Dei</strong></span> <span class='ocrx_word' id='word_1_509' title='bbox 1031 3293 1181 3332; x_wconf 79' lang='lat' dir='ltr'><strong>versa</strong></span> <span class='ocrx_word' id='word_1_510' title='bbox 1225 3287 1308 3331; x_wconf 89' lang='lat' dir='ltr'><strong>est</strong></span> <span class='ocrx_word' id='word_1_511' title='bbox 1349 3293 1487 3345; x_wconf 88' lang='lat' dir='ltr'><strong>aqua</strong></span> <span class='ocrx_word' id='word_1_512' title='bbox 1522 3284 1850 3344; x_wconf 84' lang='lat' dir='ltr'><strong>contempta,</strong></span> <span class='ocrx_word' id='word_1_513' title='bbox 1883 3290 2075 3344; x_wconf 86' lang='lat' dir='ltr'><strong>pense-</strong></span> 
     </span>
    </p>
   </div>
   <div class='ocr_carea' id='block_1_66' title="bbox 487 3366 2068 3437">
    <p class='ocr_par' dir='ltr' id='par_1_66' title="bbox 487 3366 2068 3437">
     <span class='ocr_line' id='line_1_66' title="bbox 487 3366 2068 3437; baseline -0.001 -17"><span class='ocrx_word' id='word_1_514' title='bbox 487 3387 604 3423; x_wconf 85' lang='lat' dir='ltr'><strong>mus</strong></span> <span class='ocrx_word' id='word_1_515' title='bbox 625 3368 781 3437; x_wconf 83' lang='lat' dir='ltr'><strong>quale</strong></span> <span class='ocrx_word' id='word_1_516' title='bbox 823 3367 1144 3421; x_wconf 84' lang='lat' dir='ltr'><strong>sacriﬁcium</strong></span> <span class='ocrx_word' id='word_1_517' title='bbox 1181 3367 1537 3436; x_wconf 88' lang='lat' dir='ltr'><strong>omnipotenti</strong></span> <span class='ocrx_word' id='word_1_518' title='bbox 1579 3367 1689 3421; x_wconf 87' lang='lat' dir='ltr'><strong>Deo</strong></span> <span class='ocrx_word' id='word_1_519' title='bbox 1719 3382 1811 3420; x_wconf 85' lang='lat' dir='ltr'><strong>rex</strong></span> <span class='ocrx_word' id='word_1_520' title='bbox 1855 3366 2068 3430; x_wconf 87' lang='lat' dir='ltr'><strong>obtulit,</strong></span> 
     </span>
    </p>
   </div>
   <div class='ocr_carea' id='block_1_67' title="bbox 485 3457 2073 3528">
    <p class='ocr_par' dir='ltr' id='par_1_67' title="bbox 485 3457 2073 3528">
     <span class='ocr_line' id='line_1_67' title="bbox 485 3457 2073 3528; baseline 0.001 -18"><span class='ocrx_word' id='word_1_521' title='bbox 485 3460 574 3528; x_wconf 89' lang='lat' dir='ltr'><strong>qui</strong></span> <span class='ocrx_word' id='word_1_522' title='bbox 604 3474 700 3528; x_wconf 89' lang='lat' dir='ltr'><strong>pro</strong></span> <span class='ocrx_word' id='word_1_523' title='bbox 720 3473 906 3511; x_wconf 54' lang='lat' dir='ltr'><strong>amore</strong></span> <span class='ocrx_word' id='word_1_524' title='bbox 927 3458 1092 3528; x_wconf 90' lang='lat' dir='ltr'><strong>ipsius</strong></span> <span class='ocrx_word' id='word_1_525' title='bbox 1117 3472 1222 3511; x_wconf 77' lang='lat' dir='ltr'><strong>nurr</strong></span> <span class='ocrx_word' id='word_1_526' title='bbox 1253 3473 1468 3526; x_wconf 84' lang='lat' dir='ltr'><strong>aquam,</strong></span> <span class='ocrx_word' id='word_1_527' title='bbox 1497 3457 1589 3511; x_wconf 90' lang='lat' dir='ltr'><strong>sed</strong></span> <span class='ocrx_word' id='word_1_528' title='bbox 1613 3472 1798 3511; x_wconf 89' lang='lat' dir='ltr'><strong>aurqu</strong></span> <span class='ocrx_word' id='word_1_529' title='bbox 1826 3458 2073 3527; x_wconf 87' lang='lat' dir='ltr'><strong>accipere</strong></span> 
     </span>
    </p>
   </div>
   <div class='ocr_carea' id='block_1_68' title="bbox 485 3548 2068 3620">
    <p class='ocr_par' dir='ltr' id='par_1_68' title="bbox 485 3548 2068 3620">
     <span class='ocr_line' id='line_1_68' title="bbox 485 3548 2068 3620; baseline -0.001 -18"><span class='ocrx_word' id='word_1_530' title='bbox 485 3549 841 3620; x_wconf 64' lang='lat' dir='ltr'><strong>Contempsit?</strong></span> <span class='ocrx_word' id='word_1_531' title='bbox 857 3548 1064 3616; x_wconf 85' lang='lat' dir='ltr'><strong>itaque,</strong></span> <span class='ocrx_word' id='word_1_532' title='bbox 1081 3549 1150 3602; x_wconf 91' lang='lat' dir='ltr'><strong>lili</strong></span> <span class='ocrx_word' id='word_1_533' title='bbox 1168 3549 1640 3617; x_wconf 76' lang='lat' dir='ltr'><strong>excellentissime,</strong></span> <span class='ocrx_word' id='word_1_534' title='bbox 1653 3549 1877 3604; x_wconf 89' lang='lat' dir='ltr'><strong>ﬁdenter</strong></span> <span class='ocrx_word' id='word_1_535' title='bbox 1895 3551 2068 3604; x_wconf 86' lang='lat' dir='ltr'><strong>dicam</strong></span> 
     </span>
    </p>
   </div>
   <div class='ocr_carea' id='block_1_69' title="bbox 484 3640 2070 3709">
    <p class='ocr_par' dir='ltr' id='par_1_69' title="bbox 484 3640 2070 3709">
     <span class='ocr_line' id='line_1_69' title="bbox 484 3640 2070 3709; baseline 0.003 -18"><span class='ocrx_word' id='word_1_536' title='bbox 484 3641 606 3709; x_wconf 83' lang='lat' dir='ltr'><strong>quia</strong></span> <span class='ocrx_word' id='word_1_537' title='bbox 636 3640 810 3695; x_wconf 78' lang='lat' dir='ltr'><strong>libasti</strong></span> <span class='ocrx_word' id='word_1_538' title='bbox 835 3655 1020 3693; x_wconf 90' lang='lat' dir='ltr'><strong>aurum</strong></span> <span class='ocrx_word' id='word_1_539' title='bbox 1054 3640 1302 3702; x_wconf 86' lang='lat' dir='ltr'><strong>Domino,</strong></span> <span class='ocrx_word' id='word_1_540' title='bbox 1332 3640 1476 3708; x_wconf 87' lang='lat' dir='ltr'><strong>qrrod</strong></span> <span class='ocrx_word' id='word_1_541' title='bbox 1500 3648 1690 3695; x_wconf 90' lang='lat' dir='ltr'><strong>contra</strong></span> <span class='ocrx_word' id='word_1_542' title='bbox 1717 3656 1839 3695; x_wconf 88' lang='lat' dir='ltr'><strong>eum</strong></span> <span class='ocrx_word' id='word_1_543' title='bbox 1872 3640 2070 3696; x_wconf 87' lang='lat' dir='ltr'><strong>habere</strong></span> 
     </span>
    </p>
   </div>
   <div class='ocr_carea' id='block_1_70' title="bbox 483 3727 2032 3800">
    <p class='ocr_par' dir='ltr' id='par_1_70' title="bbox 483 3727 2032 3800">
     <span class='ocr_line' id='line_1_70' title="bbox 483 3727 2032 3800; baseline -0.001 -16"><span class='ocrx_word' id='word_1_544' title='bbox 483 3733 630 3785; x_wconf 87' lang='lat' dir='ltr'><strong>ntrllo</strong></span> <span class='ocrx_word' id='word_1_545' title='bbox 657 3730 818 3785; x_wconf 86' lang='lat' dir='ltr'><strong>modo</strong></span> <span class='ocrx_word' id='word_1_546' title='bbox 843 3730 1072 3784; x_wconf 87' lang='lat' dir='ltr'><strong>voluisti.</strong></span> <span class='ocrx_word' id='word_1_547' title='bbox 1102 3749 1120 3781; x_wconf 82' lang='lat' dir='ltr'><strong>r</strong></span> <span class='ocrx_word' id='word_1_548' title='bbox 1155 3729 1223 3782; x_wconf 85' lang='lat' dir='ltr'><strong>Et</strong></span> <span class='ocrx_word' id='word_1_549' title='bbox 1249 3738 1465 3784; x_wconf 70' lang='lat' dir='ltr'><strong>caetera.</strong></span> <span class='ocrx_word' id='word_1_550' title='bbox 1494 3727 1633 3799; x_wconf 88' lang='lat' dir='ltr'><strong>(Lib.</strong></span> <span class='ocrx_word' id='word_1_551' title='bbox 1665 3746 1740 3793; x_wconf 72' lang='grc' dir='ltr'><strong>ιχ,</strong></span> <span class='ocrx_word' id='word_1_552' title='bbox 1765 3747 1846 3798; x_wconf 84' lang='lat' dir='ltr'><strong>cp.</strong></span> <span class='ocrx_word' id='word_1_553' title='bbox 1881 3729 2032 3800; x_wconf 70' lang='grc'><strong>122.)</strong></span> 
     </span>
    </p>
   </div>
   <div class='ocr_carea' id='block_1_71' title="bbox 557 3813 2071 3887">
    <p class='ocr_par' dir='ltr' id='par_1_71' title="bbox 557 3813 2071 3887">
     <span class='ocr_line' id='line_1_71' title="bbox 557 3813 2071 3887; baseline 0.002 -16"><span class='ocrx_word' id='word_1_554' title='bbox 557 3820 643 3874; x_wconf 80' lang='lat'><strong>50.</strong></span> <span class='ocrx_word' id='word_1_555' title='bbox 687 3813 821 3874; x_wconf 88' lang='lat' dir='ltr'><strong>llinc</strong></span> <span class='ocrx_word' id='word_1_556' title='bbox 850 3819 1103 3887; x_wconf 86' lang='lat' dir='ltr'><strong>estquod</strong></span> <span class='ocrx_word' id='word_1_557' title='bbox 1149 3818 1290 3872; x_wconf 89' lang='lat' dir='ltr'><strong>sicut</strong></span> <span class='ocrx_word' id='word_1_558' title='bbox 1332 3833 1360 3872; x_wconf 89' lang='lat' dir='ltr'><strong>a</strong></span> <span class='ocrx_word' id='word_1_559' title='bbox 1415 3817 1706 3887; x_wconf 89' lang='lat' dir='ltr'><strong>majoribus</strong></span> <span class='ocrx_word' id='word_1_560' title='bbox 1737 3818 1983 3883; x_wconf 89' lang='lat' dir='ltr'><strong>traditur,</strong></span> <span class='ocrx_word' id='word_1_561' title='bbox 2014 3827 2071 3874; x_wconf 86' lang='lat' dir='ltr'><strong>ct</strong></span> 
     </span>
    </p>
   </div>
   <div class='ocr_carea' id='block_1_72' title="bbox 483 3909 2070 3980">
    <p class='ocr_par' dir='ltr' id='par_1_72' title="bbox 483 3909 2070 3980">
     <span class='ocr_line' id='line_1_72' title="bbox 483 3909 2070 3980; baseline -0.003 -12"><span class='ocrx_word' id='word_1_562' title='bbox 483 3930 580 3968; x_wconf 83' lang='lat' dir='ltr'><strong>nos</strong></span> <span class='ocrx_word' id='word_1_563' title='bbox 603 3927 768 3980; x_wconf 57' lang='lat' dir='ltr'><strong>usque</strong></span> <span class='ocrx_word' id='word_1_564' title='bbox 799 3911 862 3964; x_wconf 85' lang='lat' dir='ltr'><strong>ad</strong></span> <span class='ocrx_word' id='word_1_565' title='bbox 889 3920 1131 3978; x_wconf 83' lang='lat' dir='ltr'><strong>tempora</strong></span> <span class='ocrx_word' id='word_1_566' title='bbox 1153 3921 1358 3975; x_wconf 87' lang='lat' dir='ltr'><strong>nostra,</strong></span> <span class='ocrx_word' id='word_1_567' title='bbox 1390 3910 1515 3964; x_wconf 90' lang='lat' dir='ltr'><strong>dum</strong></span> <span class='ocrx_word' id='word_1_568' title='bbox 1539 3909 1715 3964; x_wconf 89' lang='lat' dir='ltr'><strong>adhuc</strong></span> <span class='ocrx_word' id='word_1_569' title='bbox 1742 3911 2070 3980; x_wconf 84' lang='lat' dir='ltr'><strong>pubescere-</strong></span> 
     </span>
    </p>
   </div>
   <div class='ocr_carea' id='block_1_73' title="bbox 484 4002 2069 4071">
    <p class='ocr_par' dir='ltr' id='par_1_73' title="bbox 484 4002 2069 4071">
     <span class='ocr_line' id='line_1_73' title="bbox 484 4002 2069 4071; baseline -0.002 -13"><span class='ocrx_word' id='word_1_570' title='bbox 484 4019 623 4068; x_wconf 88' lang='lat' dir='ltr'><strong>nnrs,</strong></span> <span class='ocrx_word' id='word_1_571' title='bbox 655 4003 829 4056; x_wconf 87' lang='lat' dir='ltr'><strong>oculis</strong></span> <span class='ocrx_word' id='word_1_572' title='bbox 853 4002 1050 4055; x_wconf 82' lang='lat' dir='ltr'><strong>nostris</strong></span> <span class='ocrx_word' id='word_1_573' title='bbox 1078 4002 1492 4071; x_wconf 76' lang='lat' dir='ltr'><strong>conspeximus,</strong></span> <span class='ocrx_word' id='word_1_574' title='bbox 1541 4002 1876 4065; x_wconf 81' lang='lat' dir='ltr'><strong>consuetudo</strong></span> <span class='ocrx_word' id='word_1_575' title='bbox 1917 4011 2069 4055; x_wconf 79' lang='lat' dir='ltr'><strong>vetus</strong></span> 
     </span>
    </p>
   </div>
   <div class='ocr_carea' id='block_1_74' title="bbox 481 4091 2066 4160">
    <p class='ocr_par' dir='ltr' id='par_1_74' title="bbox 481 4091 2066 4160">
     <span class='ocr_line' id='line_1_74' title="bbox 481 4091 2066 4160; baseline -0.002 -14"><span class='ocrx_word' id='word_1_576' title='bbox 481 4094 713 4147; x_wconf 78' lang='lat' dir='ltr'><strong>obtinuit</strong></span> <span class='ocrx_word' id='word_1_577' title='bbox 743 4103 800 4146; x_wconf 91' lang='lat' dir='ltr'><strong>ut</strong></span> <span class='ocrx_word' id='word_1_578' title='bbox 819 4108 1006 4147; x_wconf 89' lang='lat' dir='ltr'><strong>orrrnes</strong></span> <span class='ocrx_word' id='word_1_579' title='bbox 1037 4092 1176 4146; x_wconf 90' lang='lat' dir='ltr'><strong>illius</strong></span> <span class='ocrx_word' id='word_1_580' title='bbox 1204 4091 1598 4160; x_wconf 85' lang='lat' dir='ltr'><strong>superstitionis</strong></span> <span class='ocrx_word' id='word_1_581' title='bbox 1623 4091 1867 4146; x_wconf 88' lang='lat' dir='ltr'><strong>homines</strong></span> <span class='ocrx_word' id='word_1_582' title='bbox 1892 4106 2066 4158; x_wconf 85' lang='lat' dir='ltr'><strong>quarr-</strong></span> 
     </span>
    </p>
   </div>
   <div class='ocr_carea' id='block_1_75' title="bbox 481 4181 2063 4252">
    <p class='ocr_par' dir='ltr' id='par_1_75' title="bbox 481 4181 2063 4252">
     <span class='ocr_line' id='line_1_75' title="bbox 481 4181 2063 4252; baseline -0.003 -13"><span class='ocrx_word' id='word_1_583' title='bbox 481 4197 806 4252; x_wconf 82' lang='lat' dir='ltr'><strong>turucunquc</strong></span> <span class='ocrx_word' id='word_1_584' title='bbox 881 4182 1237 4251; x_wconf 65' lang='lat' dir='ltr'><strong>pulcherrima</strong></span> <span class='ocrx_word' id='word_1_585' title='bbox 1298 4181 1646 4236; x_wconf 85' lang='lat' dir='ltr'><strong>urereimonia</strong></span> <span class='ocrx_word' id='word_1_586' title='bbox 1715 4181 2063 4247; x_wconf 85' lang='lat' dir='ltr'><strong>detulissent,</strong></span> 
     </span>
    </p>
   </div>
   <div class='ocr_carea' id='block_1_76' title="bbox 482 4270 2063 4343">
    <p class='ocr_par' dir='ltr' id='par_1_76' title="bbox 482 4270 2063 4343">
     <span class='ocr_line' id='line_1_76' title="bbox 482 4270 2063 4343; baseline -0.001 -15"><span class='ocrx_word' id='word_1_587' title='bbox 482 4291 772 4343; x_wconf 87' lang='lat' dir='ltr'><strong>numquam</strong></span> <span class='ocrx_word' id='word_1_588' title='bbox 787 4272 1180 4342; x_wconf 84' lang='lat' dir='ltr'><strong>pontiﬁcalibus</strong></span> <span class='ocrx_word' id='word_1_589' title='bbox 1192 4273 1438 4339; x_wconf 81' lang='lat' dir='ltr'><strong>alloquiis</strong></span> <span class='ocrx_word' id='word_1_590' title='bbox 1456 4270 1775 4338; x_wconf 81' lang='lat' dir='ltr'><strong>fruerentur,</strong></span> <span class='ocrx_word' id='word_1_591' title='bbox 1793 4288 2063 4342; x_wconf 82' lang='lat' dir='ltr'><strong>nunquam</strong></span> 
     </span>
    </p>
   </div>
   <div class='ocr_carea' id='block_1_77' title="bbox 481 4361 2061 4431">
    <p class='ocr_par' dir='ltr' id='par_1_77' title="bbox 481 4361 2061 4431">
     <span class='ocr_line' id='line_1_77' title="bbox 481 4361 2061 4431; baseline 0.001 -16"><span class='ocrx_word' id='word_1_592' title='bbox 481 4365 754 4418; x_wconf 64' lang='lat' dir='ltr'><strong>obtutibus</strong></span> <span class='ocrx_word' id='word_1_593' title='bbox 798 4362 1049 4431; x_wconf 64' lang='lat' dir='ltr'><strong>apostolir</strong></span> <span class='ocrx_word' id='word_1_594' title='bbox 1073 4363 1115 4416; x_wconf 89' lang='lat' dir='ltr'><strong>is</strong></span> <span class='ocrx_word' id='word_1_595' title='bbox 1167 4363 1489 4431; x_wconf 85' lang='lat' dir='ltr'><strong>potirentur,</strong></span> <span class='ocrx_word' id='word_1_596' title='bbox 1539 4361 1636 4417; x_wconf 87' lang='lat' dir='ltr'><strong>sed</strong></span> <span class='ocrx_word' id='word_1_597' title='bbox 1691 4371 1842 4417; x_wconf 80' lang='lat' dir='ltr'><strong>extra</strong></span> <span class='ocrx_word' id='word_1_598' title='bbox 1883 4363 2061 4418; x_wconf 84' lang='lat' dir='ltr'><strong>velum</strong></span> 
     </span>
    </p>
   </div>
   <div class='ocr_carea' id='block_1_78' title="bbox 481 4452 2061 4524">
    <p class='ocr_par' dir='ltr' id='par_1_78' title="bbox 481 4452 2061 4524">
     <span class='ocr_line' id='line_1_78' title="bbox 481 4452 2061 4524; baseline 0 -15"><span class='ocrx_word' id='word_1_599' title='bbox 481 4455 802 4524; x_wconf 62' lang='lat' dir='ltr'><strong>longissima:</strong></span> <span class='ocrx_word' id='word_1_600' title='bbox 837 4453 1096 4523; x_wconf 74' lang='lat' dir='ltr'><strong>porticus,</strong></span> <span class='ocrx_word' id='word_1_601' title='bbox 1129 4469 1234 4506; x_wconf 88' lang='lat' dir='ltr'><strong>uorr</strong></span> <span class='ocrx_word' id='word_1_602' title='bbox 1277 4452 1492 4521; x_wconf 83' lang='lat' dir='ltr'><strong>quidem</strong></span> <span class='ocrx_word' id='word_1_603' title='bbox 1519 4453 1570 4506; x_wconf 90' lang='lat' dir='ltr'><strong>in</strong></span> <span class='ocrx_word' id='word_1_604' title='bbox 1601 4453 1854 4517; x_wconf 87' lang='lat' dir='ltr'><strong>scamnis,</strong></span> <span class='ocrx_word' id='word_1_605' title='bbox 1885 4453 1980 4508; x_wconf 84' lang='lat' dir='ltr'><strong>sed</strong></span> <span class='ocrx_word' id='word_1_606' title='bbox 2007 4455 2061 4508; x_wconf 79' lang='lat' dir='ltr'><strong>in</strong></span> 
     </span>
    </p>
   </div>
   <div class='ocr_carea' id='block_1_79' title="bbox 481 4545 2065 4616">
    <p class='ocr_par' dir='ltr' id='par_1_79' title="bbox 481 4545 2065 4616">
     <span class='ocr_line' id='line_1_79' title="bbox 481 4545 2065 4616; baseline -0.002 -13"><span class='ocrx_word' id='word_1_607' title='bbox 481 4563 785 4603; x_wconf 89' lang='lat' dir='ltr'><strong>nrarmoreo</strong></span> <span class='ocrx_word' id='word_1_608' title='bbox 812 4545 1141 4616; x_wconf 76' lang='lat' dir='ltr'><strong>pavimento</strong></span> <span class='ocrx_word' id='word_1_609' title='bbox 1165 4545 1435 4608; x_wconf 85' lang='lat' dir='ltr'><strong>sedentes,</strong></span> <span class='ocrx_word' id='word_1_610' title='bbox 1467 4554 1717 4615; x_wconf 85' lang='lat' dir='ltr'><strong>suscepta</strong></span> <span class='ocrx_word' id='word_1_611' title='bbox 1751 4545 1922 4614; x_wconf 89' lang='lat' dir='ltr'><strong>pretia</strong></span> <span class='ocrx_word' id='word_1_612' title='bbox 1965 4562 2065 4600; x_wconf 90' lang='lat' dir='ltr'><strong>nu-</strong></span> 
     </span>
    </p>
   </div>
   <div class='ocr_carea' id='block_1_80' title="bbox 480 4637 2068 4708">
    <p class='ocr_par' dir='ltr' id='par_1_80' title="bbox 480 4637 2068 4708">
     <span class='ocr_line' id='line_1_80' title="bbox 480 4637 2068 4708; baseline 0.001 -16"><span class='ocrx_word' id='word_1_613' title='bbox 480 4642 790 4705; x_wconf 79' lang='lat' dir='ltr'><strong>merabant,</strong></span> <span class='ocrx_word' id='word_1_614' title='bbox 839 4653 906 4693; x_wconf 90' lang='lat' dir='ltr'><strong>ne</strong></span> <span class='ocrx_word' id='word_1_615' title='bbox 932 4637 1182 4692; x_wconf 71' lang='lat' dir='ltr'><strong>videlicet</strong></span> <span class='ocrx_word' id='word_1_616' title='bbox 1217 4638 1526 4691; x_wconf 85' lang='lat' dir='ltr'><strong>viderentur</strong></span> <span class='ocrx_word' id='word_1_617' title='bbox 1566 4637 1766 4708; x_wconf 89' lang='lat' dir='ltr'><strong>aliquid</strong></span> <span class='ocrx_word' id='word_1_618' title='bbox 1805 4637 1872 4692; x_wconf 89' lang='lat' dir='ltr'><strong>de</strong></span> <span class='ocrx_word' id='word_1_619' title='bbox 1902 4653 2068 4694; x_wconf 83' lang='lat' dir='ltr'><strong>manu</strong></span> 
     </span>
    </p>
   </div>
   <div class='ocr_carea' id='block_1_81' title="bbox 478 4726 2065 4799">
    <p class='ocr_par' dir='ltr' id='par_1_81' title="bbox 478 4726 2065 4799">
     <span class='ocr_line' id='line_1_81' title="bbox 478 4726 2065 4799; baseline 0.004 -21"><span class='ocrx_word' id='word_1_620' title='bbox 478 4728 747 4799; x_wconf 71' lang='lat' dir='ltr'><strong>pontiﬁris</strong></span> <span class='ocrx_word' id='word_1_621' title='bbox 774 4727 1064 4797; x_wconf 77' lang='lat' dir='ltr'><strong>accepi~se.</strong></span> <span class='ocrx_word' id='word_1_622' title='bbox 1107 4727 1238 4781; x_wconf 79' lang='lat' dir='ltr'><strong>Nam</strong></span> <span class='ocrx_word' id='word_1_623' title='bbox 1273 4726 1582 4782; x_wconf 69' lang='lat' dir='ltr'><strong>reverendae</strong></span> <span class='ocrx_word' id='word_1_624' title='bbox 1612 4729 1884 4782; x_wconf 83' lang='lat' dir='ltr'><strong>memoriae</strong></span> <span class='ocrx_word' id='word_1_625' title='bbox 1904 4728 2065 4784; x_wconf 83' lang='lat' dir='ltr'><strong>Nico-</strong></span> 
     </span>
    </p>
   </div>
   <div class='ocr_carea' id='block_1_82' title="bbox 479 4818 2063 4891">
    <p class='ocr_par' dir='ltr' id='par_1_82' title="bbox 479 4818 2063 4891">
     <span class='ocr_line' id='line_1_82' title="bbox 479 4818 2063 4891; baseline 0.001 -17"><span class='ocrx_word' id='word_1_626' title='bbox 479 4822 591 4874; x_wconf 82' lang='lat' dir='ltr'><strong>laus</strong></span> <span class='ocrx_word' id='word_1_627' title='bbox 631 4819 891 4891; x_wconf 75' lang='lat' dir='ltr'><strong>pontifex,</strong></span> <span class='ocrx_word' id='word_1_628' title='bbox 949 4819 1268 4882; x_wconf 83' lang='lat' dir='ltr'><strong>Arsenium,</strong></span> <span class='ocrx_word' id='word_1_629' title='bbox 1325 4819 1592 4888; x_wconf 89' lang='lat' dir='ltr'><strong>quondam</strong></span> <span class='ocrx_word' id='word_1_630' title='bbox 1634 4818 1888 4876; x_wconf 75' lang='lat' dir='ltr'><strong>llortarrze</strong></span> <span class='ocrx_word' id='word_1_631' title='bbox 1928 4821 2063 4877; x_wconf 82' lang='lat' dir='ltr'><strong>civi-</strong></span> 
     </span>
    </p>
   </div>
   <div class='ocr_carea' id='block_1_83' title="bbox 477 4910 2060 4982">
    <p class='ocr_par' dir='ltr' id='par_1_83' title="bbox 477 4910 2060 4982">
     <span class='ocr_line' id='line_1_83' title="bbox 477 4910 2060 4982; baseline 0.003 -16"><span class='ocrx_word' id='word_1_632' title='bbox 477 4916 602 4966; x_wconf 83' lang='lat' dir='ltr'><strong>tatis</strong></span> <span class='ocrx_word' id='word_1_633' title='bbox 669 4913 1021 4982; x_wconf 80' lang='lat' dir='ltr'><strong>cpiscopum,</strong></span> <span class='ocrx_word' id='word_1_634' title='bbox 1049 4910 1310 4980; x_wconf 67' lang='lat' dir='ltr'><strong>Judaicas</strong></span> <span class='ocrx_word' id='word_1_635' title='bbox 1374 4920 1501 4965; x_wconf 87' lang='lat' dir='ltr'><strong>tunc</strong></span> <span class='ocrx_word' id='word_1_636' title='bbox 1543 4912 1773 4980; x_wconf 90' lang='lat' dir='ltr'><strong>prinrunr</strong></span> <span class='ocrx_word' id='word_1_637' title='bbox 1820 4913 2060 4981; x_wconf 74' lang='lat' dir='ltr'><strong>pellicias</strong></span> 
     </span>
    </p>
   </div>
   <div class='ocr_carea' id='block_1_84' title="bbox 477 5002 2057 5073">
    <p class='ocr_par' dir='ltr' id='par_1_84' title="bbox 477 5002 2057 5073">
     <span class='ocr_line' id='line_1_84' title="bbox 477 5002 2057 5073; baseline 0.002 -17"><span class='ocrx_word' id='word_1_638' title='bbox 477 5003 817 5058; x_wconf 87' lang='lat' dir='ltr'><strong>introducere</strong></span> <span class='ocrx_word' id='word_1_639' title='bbox 848 5003 1181 5066; x_wconf 65' lang='lat' dir='ltr'><strong>molientem,</strong></span> <span class='ocrx_word' id='word_1_640' title='bbox 1211 5002 1345 5057; x_wconf 80' lang='lat' dir='ltr'><strong>adeo</strong></span> <span class='ocrx_word' id='word_1_641' title='bbox 1371 5011 1649 5058; x_wconf 86' lang='lat' dir='ltr'><strong>aversatus</strong></span> <span class='ocrx_word' id='word_1_642' title='bbox 1678 5011 1776 5067; x_wconf 82' lang='lat' dir='ltr'><strong>est,</strong></span> <span class='ocrx_word' id='word_1_643' title='bbox 1805 5012 1863 5056; x_wconf 91' lang='lat' dir='ltr'><strong>ut</strong></span> <span class='ocrx_word' id='word_1_644' title='bbox 1883 5006 1930 5058; x_wconf 89' lang='lat' dir='ltr'><strong>ei</strong></span> <span class='ocrx_word' id='word_1_645' title='bbox 1961 5020 2057 5073; x_wconf 84' lang='lat' dir='ltr'><strong>pa-</strong></span> 
     </span>
    </p>
   </div>
   <div class='ocr_carea' id='block_1_85' title="bbox 477 5093 2059 5163">
    <p class='ocr_par' dir='ltr' id='par_1_85' title="bbox 477 5093 2059 5163">
     <span class='ocr_line' id='line_1_85' title="bbox 477 5093 2059 5163; baseline 0.001 -16"><span class='ocrx_word' id='word_1_646' title='bbox 477 5095 698 5149; x_wconf 77' lang='lat' dir='ltr'><strong>iatiuam</strong></span> <span class='ocrx_word' id='word_1_647' title='bbox 730 5093 1128 5163; x_wconf 88' lang='lat' dir='ltr'><strong>processionem</strong></span> <span class='ocrx_word' id='word_1_648' title='bbox 1161 5094 1318 5148; x_wconf 86' lang='lat' dir='ltr'><strong>vellet</strong></span> <span class='ocrx_word' id='word_1_649' title='bbox 1347 5094 1609 5160; x_wconf 86' lang='lat' dir='ltr'><strong>adimere,</strong></span> <span class='ocrx_word' id='word_1_650' title='bbox 1655 5095 1754 5149; x_wconf 90' lang='lat' dir='ltr'><strong>nisi</strong></span> <span class='ocrx_word' id='word_1_651' title='bbox 1801 5095 2059 5163; x_wconf 87' lang='lat' dir='ltr'><strong>supersti-</strong></span> 
     </span>
    </p>
   </div>
   <div class='ocr_carea' id='block_1_86' title="bbox 477 5181 2056 5252">
    <p class='ocr_par' dir='ltr' id='par_1_86' title="bbox 477 5181 2056 5252">
     <span class='ocr_line' id='line_1_86' title="bbox 477 5181 2056 5252; baseline 0.004 -17"><span class='ocrx_word' id='word_1_652' title='bbox 477 5184 627 5238; x_wconf 83' lang='lat' dir='ltr'><strong>tiusu</strong></span> <span class='ocrx_word' id='word_1_653' title='bbox 668 5183 841 5252; x_wconf 88' lang='lat' dir='ltr'><strong>gentis</strong></span> <span class='ocrx_word' id='word_1_654' title='bbox 875 5191 1054 5236; x_wconf 63' lang='lat' dir='ltr'><strong>vestes</strong></span> <span class='ocrx_word' id='word_1_655' title='bbox 1099 5181 1424 5250; x_wconf 84' lang='lat' dir='ltr'><strong>ahjurando,</strong></span> <span class='ocrx_word' id='word_1_656' title='bbox 1469 5200 1590 5238; x_wconf 90' lang='lat' dir='ltr'><strong>cum</strong></span> <span class='ocrx_word' id='word_1_657' title='bbox 1635 5183 2056 5241; x_wconf 66' lang='lat' dir='ltr'><strong>sacerdotalibus</strong></span> 
     </span>
    </p>
   </div>
   <div class='ocr_carea' id='block_1_87' title="bbox 477 5272 1866 5342">
    <p class='ocr_par' dir='ltr' id='par_1_87' title="bbox 477 5272 1866 5342">
     <span class='ocr_line' id='line_1_87' title="bbox 477 5272 1866 5342; baseline -0.001 -15"><span class='ocrx_word' id='word_1_658' title='bbox 477 5272 654 5328; x_wconf 84' lang='lat' dir='ltr'><strong>infulis</strong></span> <span class='ocrx_word' id='word_1_659' title='bbox 693 5273 1208 5328; x_wconf 76' lang='lat' dir='ltr'><strong>conSrretudinalitcr</strong></span> <span class='ocrx_word' id='word_1_660' title='bbox 1233 5273 1526 5342; x_wconf 86' lang='lat' dir='ltr'><strong>procedere</strong></span> <span class='ocrx_word' id='word_1_661' title='bbox 1552 5273 1866 5328; x_wconf 82' lang='lat' dir='ltr'><strong>studuisset.</strong></span> 
     </span>
    </p>
   </div>
   <div class='ocr_carea' id='block_1_88' title="bbox 549 5363 2056 5436">
    <p class='ocr_par' dir='ltr' id='par_1_88' title="bbox 549 5363 2056 5436">
     <span class='ocr_line' id='line_1_88' title="bbox 549 5363 2056 5436; baseline 0.003 -19"><span class='ocrx_word' id='word_1_662' title='bbox 549 5363 635 5419; x_wconf 77' lang='grc'><strong>51.</strong></span> <span class='ocrx_word' id='word_1_663' title='bbox 670 5365 984 5423; x_wconf 83' lang='lat' dir='ltr'><strong>Antichristi</strong></span> <span class='ocrx_word' id='word_1_664' title='bbox 1022 5381 1378 5436; x_wconf 68' lang='lat' dir='ltr'><strong>pra-cursores</strong></span> <span class='ocrx_word' id='word_1_665' title='bbox 1401 5365 1678 5419; x_wconf 86' lang='lat' dir='ltr'><strong>observari</strong></span> <span class='ocrx_word' id='word_1_666' title='bbox 1705 5365 1903 5420; x_wconf 84' lang='lat' dir='ltr'><strong>debere</strong></span> <span class='ocrx_word' id='word_1_667' title='bbox 1931 5367 2056 5422; x_wconf 87' lang='lat' dir='ltr'><strong>sab-</strong></span> 
     </span>
    </p>
   </div>
   <div class='ocr_carea' id='block_1_89' title="bbox 475 5457 2058 5527">
    <p class='ocr_par' dir='ltr' id='par_1_89' title="bbox 475 5457 2058 5527">
     <span class='ocr_line' id='line_1_89' title="bbox 475 5457 2058 5527; baseline 0.003 -17"><span class='ocrx_word' id='word_1_668' title='bbox 475 5457 1046 5527; x_wconf 69' lang='lat' dir='ltr'><strong>batumpraedicantes,</strong></span> <span class='ocrx_word' id='word_1_669' title='bbox 1070 5457 1362 5524; x_wconf 77' lang='lat' dir='ltr'><strong>Gregorius</strong></span> <span class='ocrx_word' id='word_1_670' title='bbox 1384 5458 1561 5511; x_wconf 88' lang='lat' dir='ltr'><strong>taliter</strong></span> <span class='ocrx_word' id='word_1_671' title='bbox 1592 5458 1874 5514; x_wconf 79' lang='lat' dir='ltr'><strong>refutarit:</strong></span> <span class='ocrx_word' id='word_1_672' title='bbox 1901 5480 1916 5511; x_wconf 90' lang='lat' dir='ltr'><strong>r</strong></span> <span class='ocrx_word' id='word_1_673' title='bbox 1939 5459 2058 5514; x_wconf 87' lang='lat' dir='ltr'><strong>Per-</strong></span> 
     </span>
    </p>
   </div>
   <div class='ocr_carea' id='block_1_90' title="bbox 472 5552 2056 5622">
    <p class='ocr_par' dir='ltr' id='par_1_90' title="bbox 472 5552 2056 5622">
     <span class='ocr_line' id='line_1_90' title="bbox 472 5552 2056 5622; baseline 0.003 -18"><span class='ocrx_word' id='word_1_674' title='bbox 472 5552 617 5613; x_wconf 59' lang='lat' dir='ltr'><strong>venit</strong></span> <span class='ocrx_word' id='word_1_675' title='bbox 645 5553 709 5603; x_wconf 88' lang='lat' dir='ltr'><strong>ad</strong></span> <span class='ocrx_word' id='word_1_676' title='bbox 742 5567 827 5606; x_wconf 88' lang='lat' dir='ltr'><strong>me</strong></span> <span class='ocrx_word' id='word_1_677' title='bbox 854 5553 1110 5621; x_wconf 83' lang='lat' dir='ltr'><strong>quosdam</strong></span> <span class='ocrx_word' id='word_1_678' title='bbox 1137 5553 1370 5622; x_wconf 76' lang='lat' dir='ltr'><strong>perversi</strong></span> <span class='ocrx_word' id='word_1_679' title='bbox 1402 5553 1618 5621; x_wconf 85' lang='lat' dir='ltr'><strong>spiritus</strong></span> <span class='ocrx_word' id='word_1_680' title='bbox 1649 5553 1912 5618; x_wconf 88' lang='lat' dir='ltr'><strong>homines,</strong></span> <span class='ocrx_word' id='word_1_681' title='bbox 1938 5570 2056 5621; x_wconf 81' lang='lat' dir='ltr'><strong>pra-</strong></span> 
     </span>
    </p>
   </div>
   <div class='ocr_carea' id='block_1_91' title="bbox 477 5644 2058 5709">
    <p class='ocr_par' dir='ltr' id='par_1_91' title="bbox 477 5644 2058 5709">
     <span class='ocr_line' id='line_1_91' title="bbox 477 5644 2058 5709; baseline 0.001 -9"><span class='ocrx_word' id='word_1_682' title='bbox 477 5659 547 5700; x_wconf 66' lang='lat' dir='ltr'><strong>va</strong></span> <span class='ocrx_word' id='word_1_683' title='bbox 571 5645 708 5701; x_wconf 85' lang='lat' dir='ltr'><strong>inter</strong></span> <span class='ocrx_word' id='word_1_684' title='bbox 735 5662 831 5701; x_wconf 83' lang='lat' dir='ltr'><strong>vos</strong></span> <span class='ocrx_word' id='word_1_685' title='bbox 859 5645 1062 5709; x_wconf 66' lang='lat' dir='ltr'><strong>aliqua,</strong></span> <span class='ocrx_word' id='word_1_686' title='bbox 1085 5653 1136 5699; x_wconf 86' lang='lat' dir='ltr'><strong>et</strong></span> <span class='ocrx_word' id='word_1_687' title='bbox 1166 5656 1361 5700; x_wconf 73' lang='lat' dir='ltr'><strong>sarcha:</strong></span> <span class='ocrx_word' id='word_1_688' title='bbox 1391 5644 1508 5699; x_wconf 83' lang='lat' dir='ltr'><strong>ﬁdei</strong></span> <span class='ocrx_word' id='word_1_689' title='bbox 1535 5645 1760 5702; x_wconf 65' lang='lat' dir='ltr'><strong>adversa</strong></span> <span class='ocrx_word' id='word_1_690' title='bbox 1801 5648 2058 5702; x_wconf 76' lang='lat' dir='ltr'><strong>seminas-</strong></span> 
     </span>
    </p>
   </div>
   <div class='ocr_carea' id='block_1_92' title="bbox 2176 3094 3760 3165">
    <p class='ocr_par' dir='ltr' id='par_1_92' title="bbox 2176 3094 3760 3165">
     <span class='ocr_line' id='line_1_92' title="bbox 2176 3094 3760 3165; baseline 0.003 -17"><span class='ocrx_word' id='word_1_691' title='bbox 2176 3097 2319 3164; x_wconf 87' lang='lat' dir='ltr'><strong>gitur</strong></span> <span class='ocrx_word' id='word_1_692' title='bbox 2344 3104 2619 3163; x_wconf 60' lang='lat' dir='ltr'><strong>operatus,</strong></span> <span class='ocrx_word' id='word_1_693' title='bbox 2649 3095 2720 3148; x_wconf 91' lang='lat' dir='ltr'><strong>ita</strong></span> <span class='ocrx_word' id='word_1_694' title='bbox 2749 3104 2807 3150; x_wconf 90' lang='lat' dir='ltr'><strong>ut</strong></span> <span class='ocrx_word' id='word_1_695' title='bbox 2832 3094 3046 3152; x_wconf 73' lang='lat' dir='ltr'><strong>Judzeos</strong></span> <span class='ocrx_word' id='word_1_696' title='bbox 3075 3098 3515 3165; x_wconf 85' lang='lat' dir='ltr'><strong>reprehenderet,</strong></span> <span class='ocrx_word' id='word_1_697' title='bbox 3539 3101 3721 3155; x_wconf 85' lang='lat' dir='ltr'><strong>dicens</strong></span> <span class='ocrx_word' id='word_1_698' title='bbox 3745 3119 3760 3154; x_wconf 89' lang='lat'><strong>:</strong></span> 
     </span>
    </p>
   </div>
   <div class='ocr_carea' id='block_1_93' title="bbox 2177 3184 3762 3249">
    <p class='ocr_par' dir='ltr' id='par_1_93' title="bbox 2177 3184 3762 3249">
     <span class='ocr_line' id='line_1_93' title="bbox 2177 3184 3762 3249; baseline 0.004 -11"><span class='ocrx_word' id='word_1_699' title='bbox 2177 3184 2305 3249; x_wconf 77' lang='lat' dir='ltr'><strong>Quis</strong></span> <span class='ocrx_word' id='word_1_700' title='bbox 2325 3195 2544 3240; x_wconf 72' lang='lat' dir='ltr'><strong>vestrum</strong></span> <span class='ocrx_word' id='word_1_701' title='bbox 2573 3185 2763 3248; x_wconf 79' lang='lat' dir='ltr'><strong>bovem,</strong></span> <span class='ocrx_word' id='word_1_702' title='bbox 2789 3195 2878 3239; x_wconf 88' lang='lat' dir='ltr'><strong>aut</strong></span> <span class='ocrx_word' id='word_1_703' title='bbox 2899 3188 3100 3240; x_wconf 84' lang='lat' dir='ltr'><strong>asinum</strong></span> <span class='ocrx_word' id='word_1_704' title='bbox 3123 3205 3271 3241; x_wconf 78' lang='lat' dir='ltr'><strong>suum</strong></span> <span class='ocrx_word' id='word_1_705' title='bbox 3301 3205 3401 3242; x_wconf 78' lang='lat' dir='ltr'><strong>non</strong></span> <span class='ocrx_word' id='word_1_706' title='bbox 3431 3191 3582 3244; x_wconf 79' lang='lat' dir='ltr'><strong>soluit</strong></span> <span class='ocrx_word' id='word_1_707' title='bbox 3608 3192 3658 3244; x_wconf 86' lang='lat' dir='ltr'><strong>in</strong></span> <span class='ocrx_word' id='word_1_708' title='bbox 3685 3191 3762 3244; x_wconf 67' lang='lat' dir='ltr'><strong>die</strong></span> 
     </span>
    </p>
   </div>
   <div class='ocr_carea' id='block_1_94' title="bbox 2175 3275 3762 3349">
    <p class='ocr_par' dir='ltr' id='par_1_94' title="bbox 2175 3275 3762 3349">
     <span class='ocr_line' id='line_1_94' title="bbox 2175 3275 3762 3349; baseline 0.002 -17"><span class='ocrx_word' id='word_1_709' title='bbox 2175 3276 2412 3340; x_wconf 83' lang='lat' dir='ltr'><strong>Sabbati,</strong></span> <span class='ocrx_word' id='word_1_710' title='bbox 2445 3285 2494 3329; x_wconf 84' lang='lat' dir='ltr'><strong>et</strong></span> <span class='ocrx_word' id='word_1_711' title='bbox 2545 3277 2685 3329; x_wconf 86' lang='lat' dir='ltr'><strong>ducit</strong></span> <span class='ocrx_word' id='word_1_712' title='bbox 2729 3275 2994 3347; x_wconf 83' lang='lat' dir='ltr'><strong>adaquare</strong></span> <span class='ocrx_word' id='word_1_713' title='bbox 3052 3276 3205 3345; x_wconf 87' lang='lat' dir='ltr'><strong>(Luc.</strong></span> <span class='ocrx_word' id='word_1_714' title='bbox 3249 3295 3362 3340; x_wconf 88' lang='lat' dir='ltr'><strong>xm,</strong></span> <span class='ocrx_word' id='word_1_715' title='bbox 3404 3279 3521 3349; x_wconf 82' lang='lat' dir='ltr'><strong>l5)?</strong></span> <span class='ocrx_word' id='word_1_716' title='bbox 3548 3279 3607 3334; x_wconf 92' lang='lat' dir='ltr'><strong>Si</strong></span> <span class='ocrx_word' id='word_1_717' title='bbox 3636 3295 3762 3349; x_wconf 83' lang='lat' dir='ltr'><strong>ergo</strong></span> 
     </span>
    </p>
   </div>
   <div class='ocr_carea' id='block_1_95' title="bbox 2174 3352 3762 3436">
    <p class='ocr_par' dir='ltr' id='par_1_95' title="bbox 2174 3352 3762 3436">
     <span class='ocr_line' id='line_1_95' title="bbox 2174 3352 3762 3436; baseline 0.003 -16"><span class='ocrx_word' id='word_1_718' title='bbox 2174 3366 2286 3435; x_wconf 86' lang='lat' dir='ltr'><strong>ipsa</strong></span> <span class='ocrx_word' id='word_1_719' title='bbox 2317 3382 2416 3436; x_wconf 88' lang='lat' dir='ltr'><strong>per</strong></span> <span class='ocrx_word' id='word_1_720' title='bbox 2443 3381 2502 3420; x_wconf 85' lang='lat' dir='ltr'><strong>se</strong></span> <span class='ocrx_word' id='word_1_721' title='bbox 2531 3352 2745 3420; x_wconf 80' lang='lat' dir='ltr'><strong>Veritas</strong></span> <span class='ocrx_word' id='word_1_722' title='bbox 2774 3381 2880 3419; x_wconf 93' lang='lat' dir='ltr'><strong>non</strong></span> <span class='ocrx_word' id='word_1_723' title='bbox 2913 3367 3172 3420; x_wconf 89' lang='lat' dir='ltr'><strong>custodiri</strong></span> <span class='ocrx_word' id='word_1_724' title='bbox 3196 3367 3350 3436; x_wconf 84' lang='lat' dir='ltr'><strong>juxta</strong></span> <span class='ocrx_word' id='word_1_725' title='bbox 3380 3369 3612 3424; x_wconf 84' lang='lat' dir='ltr'><strong>litteram</strong></span> <span class='ocrx_word' id='word_1_726' title='bbox 3635 3369 3762 3425; x_wconf 81' lang='lat' dir='ltr'><strong>Sab-</strong></span> 
     </span>
    </p>
   </div>
   <div class='ocr_carea' id='block_1_96' title="bbox 2172 3455 3760 3526">
    <p class='ocr_par' dir='ltr' id='par_1_96' title="bbox 2172 3455 3760 3526">
     <span class='ocr_line' id='line_1_96' title="bbox 2172 3455 3760 3526; baseline 0.001 -15"><span class='ocrx_word' id='word_1_727' title='bbox 2172 3458 2358 3512; x_wconf 88' lang='lat' dir='ltr'><strong>batum</strong></span> <span class='ocrx_word' id='word_1_728' title='bbox 2388 3456 2673 3525; x_wconf 59' lang='lat' dir='ltr'><strong>praecepit,</strong></span> <span class='ocrx_word' id='word_1_729' title='bbox 2720 3455 2961 3526; x_wconf 80' lang='lat' dir='ltr'><strong>quisquis</strong></span> <span class='ocrx_word' id='word_1_730' title='bbox 3009 3457 3179 3512; x_wconf 86' lang='lat' dir='ltr'><strong>otium</strong></span> <span class='ocrx_word' id='word_1_731' title='bbox 3209 3457 3426 3512; x_wconf 84' lang='lat' dir='ltr'><strong>Sabbati</strong></span> <span class='ocrx_word' id='word_1_732' title='bbox 3467 3461 3760 3513; x_wconf 82' lang='lat' dir='ltr'><strong>secundant</strong></span> 
     </span>
    </p>
   </div>
   <div class='ocr_carea' id='block_1_97' title="bbox 2175 3545 3766 3616">
    <p class='ocr_par' dir='ltr' id='par_1_97' title="bbox 2175 3545 3766 3616">
     <span class='ocr_line' id='line_1_97' title="bbox 2175 3545 3766 3616; baseline 0.002 -16"><span class='ocrx_word' id='word_1_733' title='bbox 2175 3545 2332 3614; x_wconf 85' lang='lat' dir='ltr'><strong>Legis</strong></span> <span class='ocrx_word' id='word_1_734' title='bbox 2362 3545 2593 3599; x_wconf 83' lang='lat' dir='ltr'><strong>litteram</strong></span> <span class='ocrx_word' id='word_1_735' title='bbox 2639 3547 2901 3612; x_wconf 89' lang='lat' dir='ltr'><strong>custodit,</strong></span> <span class='ocrx_word' id='word_1_736' title='bbox 2945 3545 3032 3599; x_wconf 91' lang='lat' dir='ltr'><strong>cui</strong></span> <span class='ocrx_word' id='word_1_737' title='bbox 3082 3546 3234 3600; x_wconf 88' lang='lat' dir='ltr'><strong>alteri</strong></span> <span class='ocrx_word' id='word_1_738' title='bbox 3277 3547 3375 3600; x_wconf 86' lang='lat' dir='ltr'><strong>nisi</strong></span> <span class='ocrx_word' id='word_1_739' title='bbox 3418 3548 3515 3616; x_wconf 86' lang='lat' dir='ltr'><strong>ipsi</strong></span> <span class='ocrx_word' id='word_1_740' title='bbox 3540 3547 3766 3603; x_wconf 74' lang='lat' dir='ltr'><strong>VerLtati</strong></span> 
     </span>
    </p>
   </div>
   <div class='ocr_carea' id='block_1_98' title="bbox 2171 3635 3764 3706">
    <p class='ocr_par' dir='ltr' id='par_1_98' title="bbox 2171 3635 3764 3706">
     <span class='ocr_line' id='line_1_98' title="bbox 2171 3635 3764 3706; baseline 0.003 -16"><span class='ocrx_word' id='word_1_741' title='bbox 2171 3635 2533 3690; x_wconf 76' lang='lat' dir='ltr'><strong>Contradicit?</strong></span> <span class='ocrx_word' id='word_1_742' title='bbox 2557 3635 2713 3688; x_wconf 88' lang='lat' dir='ltr'><strong>Aliud</strong></span> <span class='ocrx_word' id='word_1_743' title='bbox 2740 3650 2958 3704; x_wconf 78' lang='lat' dir='ltr'><strong>quoque</strong></span> <span class='ocrx_word' id='word_1_744' title='bbox 2987 3635 3054 3691; x_wconf 84' lang='lat' dir='ltr'><strong>ad</strong></span> <span class='ocrx_word' id='word_1_745' title='bbox 3075 3651 3162 3691; x_wconf 81' lang='lat' dir='ltr'><strong>me</strong></span> <span class='ocrx_word' id='word_1_746' title='bbox 3181 3637 3443 3706; x_wconf 90' lang='lat' dir='ltr'><strong>perlatum</strong></span> <span class='ocrx_word' id='word_1_747' title='bbox 3474 3649 3578 3701; x_wconf 87' lang='lat' dir='ltr'><strong>est,</strong></span> <span class='ocrx_word' id='word_1_748' title='bbox 3608 3641 3764 3696; x_wconf 85' lang='lat' dir='ltr'><strong>vobis</strong></span> 
     </span>
    </p>
   </div>
   <div class='ocr_carea' id='block_1_99' title="bbox 2170 3727 3764 3800">
    <p class='ocr_par' dir='ltr' id='par_1_99' title="bbox 2170 3727 3764 3800">
     <span class='ocr_line' id='line_1_99' title="bbox 2170 3727 3764 3800; baseline 0.004 -18"><span class='ocrx_word' id='word_1_749' title='bbox 2170 3741 2200 3782; x_wconf 90' lang='lat' dir='ltr'><strong>a</strong></span> <span class='ocrx_word' id='word_1_750' title='bbox 2232 3728 2498 3797; x_wconf 90' lang='lat' dir='ltr'><strong>perversis</strong></span> <span class='ocrx_word' id='word_1_751' title='bbox 2522 3727 2828 3784; x_wconf 88' lang='lat' dir='ltr'><strong>hominibus</strong></span> <span class='ocrx_word' id='word_1_752' title='bbox 2854 3743 2974 3783; x_wconf 85' lang='lat' dir='ltr'><strong>esse</strong></span> <span class='ocrx_word' id='word_1_753' title='bbox 3002 3731 3374 3800; x_wconf 70' lang='lat' dir='ltr'><strong>pmdicatrrrrr,</strong></span> <span class='ocrx_word' id='word_1_754' title='bbox 3398 3739 3455 3785; x_wconf 92' lang='lat' dir='ltr'><strong>ut</strong></span> <span class='ocrx_word' id='word_1_755' title='bbox 3480 3732 3764 3788; x_wconf 88' lang='lat' dir='ltr'><strong>Dornirrico</strong></span> 
     </span>
    </p>
   </div>
   <div class='ocr_carea' id='block_1_100' title="bbox 2169 3818 3761 3891">
    <p class='ocr_par' dir='ltr' id='par_1_100' title="bbox 2169 3818 3761 3891">
     <span class='ocr_line' id='line_1_100' title="bbox 2169 3818 3761 3891; baseline 0.004 -17"><span class='ocrx_word' id='word_1_756' title='bbox 2169 3818 2258 3874; x_wconf 85' lang='lat' dir='ltr'><strong>die</strong></span> <span class='ocrx_word' id='word_1_757' title='bbox 2283 3818 2460 3873; x_wconf 91' lang='lat' dir='ltr'><strong>nullus</strong></span> <span class='ocrx_word' id='word_1_758' title='bbox 2479 3818 2676 3874; x_wconf 64' lang='lat' dir='ltr'><strong>debeat</strong></span> <span class='ocrx_word' id='word_1_759' title='bbox 2701 3818 2885 3873; x_wconf 87' lang='lat' dir='ltr'><strong>lavari.</strong></span> <span class='ocrx_word' id='word_1_760' title='bbox 2921 3819 2985 3872; x_wconf 85' lang='lat' dir='ltr'><strong>Et</strong></span> <span class='ocrx_word' id='word_1_761' title='bbox 3005 3820 3219 3888; x_wconf 78' lang='lat' dir='ltr'><strong>quidem</strong></span> <span class='ocrx_word' id='word_1_762' title='bbox 3251 3822 3292 3876; x_wconf 91' lang='lat' dir='ltr'><strong>si</strong></span> <span class='ocrx_word' id='word_1_763' title='bbox 3319 3839 3415 3891; x_wconf 89' lang='lat' dir='ltr'><strong>pro</strong></span> <span class='ocrx_word' id='word_1_764' title='bbox 3445 3824 3572 3879; x_wconf 91' lang='lat' dir='ltr'><strong>luxu</strong></span> <span class='ocrx_word' id='word_1_765' title='bbox 3595 3826 3761 3880; x_wconf 83' lang='lat' dir='ltr'><strong>animi</strong></span> 
     </span>
    </p>
   </div>
   <div class='ocr_carea' id='block_1_101' title="bbox 2170 3911 3756 3983">
    <p class='ocr_par' dir='ltr' id='par_1_101' title="bbox 2170 3911 3756 3983">
     <span class='ocr_line' id='line_1_101' title="bbox 2170 3911 3756 3983; baseline 0.006 -19"><span class='ocrx_word' id='word_1_766' title='bbox 2170 3920 2333 3979; x_wconf 90' lang='lat' dir='ltr'><strong>atque</strong></span> <span class='ocrx_word' id='word_1_767' title='bbox 2363 3911 2641 3980; x_wconf 85' lang='lat' dir='ltr'><strong>voluptate</strong></span> <span class='ocrx_word' id='word_1_768' title='bbox 2665 3912 2784 3979; x_wconf 91' lang='lat' dir='ltr'><strong>quis</strong></span> <span class='ocrx_word' id='word_1_769' title='bbox 2814 3911 2976 3964; x_wconf 87' lang='lat' dir='ltr'><strong>lavari</strong></span> <span class='ocrx_word' id='word_1_770' title='bbox 3005 3913 3234 3983; x_wconf 79' lang='lat' dir='ltr'><strong>appetit,</strong></span> <span class='ocrx_word' id='word_1_771' title='bbox 3262 3913 3365 3968; x_wconf 91' lang='lat' dir='ltr'><strong>hoc</strong></span> <span class='ocrx_word' id='word_1_772' title='bbox 3397 3914 3510 3969; x_wconf 90' lang='lat' dir='ltr'><strong>ﬁeri</strong></span> <span class='ocrx_word' id='word_1_773' title='bbox 3540 3931 3643 3971; x_wconf 88' lang='lat' dir='ltr'><strong>nec</strong></span> <span class='ocrx_word' id='word_1_774' title='bbox 3669 3932 3756 3973; x_wconf 87' lang='lat' dir='ltr'><strong>rc-</strong></span> 
     </span>
    </p>
   </div>
   <div class='ocr_carea' id='block_1_102' title="bbox 2168 4003 3764 4078">
    <p class='ocr_par' dir='ltr' id='par_1_102' title="bbox 2168 4003 3764 4078">
     <span class='ocr_line' id='line_1_102' title="bbox 2168 4003 3764 4078; baseline 0.006 -22"><span class='ocrx_word' id='word_1_775' title='bbox 2168 4003 2316 4073; x_wconf 81' lang='lat' dir='ltr'><strong>iiquo</strong></span> <span class='ocrx_word' id='word_1_776' title='bbox 2344 4003 2586 4072; x_wconf 83' lang='lat' dir='ltr'><strong>quolibet</strong></span> <span class='ocrx_word' id='word_1_777' title='bbox 2612 4003 2700 4057; x_wconf 89' lang='lat' dir='ltr'><strong>die</strong></span> <span class='ocrx_word' id='word_1_778' title='bbox 2725 4004 3094 4059; x_wconf 89' lang='lat' dir='ltr'><strong>concedimus.</strong></span> <span class='ocrx_word' id='word_1_779' title='bbox 3125 4006 3181 4060; x_wconf 88' lang='lat' dir='ltr'><strong>Si</strong></span> <span class='ocrx_word' id='word_1_780' title='bbox 3213 4014 3391 4061; x_wconf 89' lang='lat' dir='ltr'><strong>autem</strong></span> <span class='ocrx_word' id='word_1_781' title='bbox 3436 4023 3534 4078; x_wconf 87' lang='lat' dir='ltr'><strong>pro</strong></span> <span class='ocrx_word' id='word_1_782' title='bbox 3571 4025 3764 4066; x_wconf 80' lang='lat' dir='ltr'><strong>neces-</strong></span> 
     </span>
    </p>
   </div>
   <div class='ocr_carea' id='block_1_103' title="bbox 2170 4093 3754 4166">
    <p class='ocr_par' dir='ltr' id='par_1_103' title="bbox 2170 4093 3754 4166">
     <span class='ocr_line' id='line_1_103' title="bbox 2170 4093 3754 4166; baseline 0.003 -19"><span class='ocrx_word' id='word_1_783' title='bbox 2170 4094 2332 4147; x_wconf 89' lang='lat' dir='ltr'><strong>sitate</strong></span> <span class='ocrx_word' id='word_1_784' title='bbox 2363 4094 2626 4163; x_wconf 89' lang='lat' dir='ltr'><strong>corporis.</strong></span> <span class='ocrx_word' id='word_1_785' title='bbox 2663 4095 2768 4148; x_wconf 87' lang='lat' dir='ltr'><strong>hoc</strong></span> <span class='ocrx_word' id='word_1_786' title='bbox 2795 4111 2894 4148; x_wconf 83' lang='lat' dir='ltr'><strong>nec</strong></span> <span class='ocrx_word' id='word_1_787' title='bbox 2937 4093 3215 4149; x_wconf 88' lang='lat' dir='ltr'><strong>Donrinico</strong></span> <span class='ocrx_word' id='word_1_788' title='bbox 3259 4096 3346 4151; x_wconf 88' lang='lat' dir='ltr'><strong>die</strong></span> <span class='ocrx_word' id='word_1_789' title='bbox 3389 4098 3754 4166; x_wconf 87' lang='lat' dir='ltr'><strong>prohibemus.</strong></span> 
     </span>
    </p>
   </div>
   <div class='ocr_carea' id='block_1_104' title="bbox 2168 4182 3755 4258">
    <p class='ocr_par' dir='ltr' id='par_1_104' title="bbox 2168 4182 3755 4258">
     <span class='ocr_line' id='line_1_104' title="bbox 2168 4182 3755 4258; baseline 0.003 -20"><span class='ocrx_word' id='word_1_790' title='bbox 2168 4182 2434 4250; x_wconf 88' lang='lat' dir='ltr'><strong>Scriptum</strong></span> <span class='ocrx_word' id='word_1_791' title='bbox 2463 4183 2665 4253; x_wconf 89' lang='lat' dir='ltr'><strong>quippe</strong></span> <span class='ocrx_word' id='word_1_792' title='bbox 2691 4192 2770 4239; x_wconf 86' lang='lat' dir='ltr'><strong>est</strong></span> <span class='ocrx_word' id='word_1_793' title='bbox 2799 4201 2812 4236; x_wconf 88' lang='lat'><strong>:</strong></span> <span class='ocrx_word' id='word_1_794' title='bbox 2848 4182 3015 4239; x_wconf 81' lang='lat' dir='ltr'><strong>Nemo</strong></span> <span class='ocrx_word' id='word_1_795' title='bbox 3059 4201 3301 4258; x_wconf 75' lang='lat' dir='ltr'><strong>umquam</strong></span> <span class='ocrx_word' id='word_1_796' title='bbox 3350 4204 3558 4242; x_wconf 77' lang='lat' dir='ltr'><strong>carnem</strong></span> <span class='ocrx_word' id='word_1_797' title='bbox 3607 4206 3755 4242; x_wconf 84' lang='lat' dir='ltr'><strong>suam</strong></span> 
     </span>
    </p>
   </div>
   <div class='ocr_carea' id='block_1_105' title="bbox 2168 4273 3755 4348">
    <p class='ocr_par' dir='ltr' id='par_1_105' title="bbox 2168 4273 3755 4348">
     <span class='ocr_line' id='line_1_105' title="bbox 2168 4273 3755 4348; baseline 0.003 -20"><span class='ocrx_word' id='word_1_798' title='bbox 2168 4273 2288 4328; x_wconf 72' lang='lat' dir='ltr'><strong>odio</strong></span> <span class='ocrx_word' id='word_1_799' title='bbox 2318 4274 2499 4340; x_wconf 82' lang='lat' dir='ltr'><strong>habet,</strong></span> <span class='ocrx_word' id='word_1_800' title='bbox 2541 4279 2634 4328; x_wconf 83' lang='lat' dir='ltr'><strong>sed</strong></span> <span class='ocrx_word' id='word_1_801' title='bbox 2661 4276 2854 4342; x_wconf 85' lang='lat' dir='ltr'><strong>nutrit,</strong></span> <span class='ocrx_word' id='word_1_802' title='bbox 2898 4282 2949 4328; x_wconf 81' lang='lat' dir='ltr'><strong>et</strong></span> <span class='ocrx_word' id='word_1_803' title='bbox 2989 4277 3124 4346; x_wconf 80' lang='lat' dir='ltr'><strong>fovet</strong></span> <span class='ocrx_word' id='word_1_804' title='bbox 3163 4293 3280 4331; x_wconf 79' lang='lat' dir='ltr'><strong>eam</strong></span> <span class='ocrx_word' id='word_1_805' title='bbox 3308 4276 3526 4348; x_wconf 84' lang='lat' dir='ltr'><strong>(Ephes.</strong></span> <span class='ocrx_word' id='word_1_806' title='bbox 3558 4295 3614 4346; x_wconf 74' lang='grc' dir='ltr'><strong>ν,</strong></span> <span class='ocrx_word' id='word_1_807' title='bbox 3642 4279 3755 4347; x_wconf 78' lang='grc'>50).</span> 
     </span>
    </p>
   </div>
   <div class='ocr_carea' id='block_1_106' title="bbox 2168 4361 3758 4439">
    <p class='ocr_par' dir='ltr' id='par_1_106' title="bbox 2168 4361 3758 4439">
     <span class='ocr_line' id='line_1_106' title="bbox 2168 4361 3758 4439; baseline 0.006 -25"><span class='ocrx_word' id='word_1_808' title='bbox 2168 4361 2228 4414; x_wconf 83' lang='lat' dir='ltr'><strong>Et</strong></span> <span class='ocrx_word' id='word_1_809' title='bbox 2262 4379 2470 4418; x_wconf 88' lang='lat' dir='ltr'><strong>rursum</strong></span> <span class='ocrx_word' id='word_1_810' title='bbox 2501 4364 2758 4434; x_wconf 88' lang='lat' dir='ltr'><strong>scriptum</strong></span> <span class='ocrx_word' id='word_1_811' title='bbox 2788 4373 2872 4418; x_wconf 81' lang='lat' dir='ltr'><strong>est</strong></span> <span class='ocrx_word' id='word_1_812' title='bbox 2899 4383 2908 4415; x_wconf 95' lang='lat'>:</span> <span class='ocrx_word' id='word_1_813' title='bbox 2934 4365 3122 4419; x_wconf 82' lang='lat' dir='ltr'><strong>Carnis</strong></span> <span class='ocrx_word' id='word_1_814' title='bbox 3157 4383 3336 4420; x_wconf 87' lang='lat' dir='ltr'><strong>curam</strong></span> <span class='ocrx_word' id='word_1_815' title='bbox 3355 4385 3419 4421; x_wconf 82' lang='lat' dir='ltr'><strong>ne</strong></span> <span class='ocrx_word' id='word_1_816' title='bbox 3447 4370 3675 4439; x_wconf 79' lang='lat' dir='ltr'><strong>feceritis</strong></span> <span class='ocrx_word' id='word_1_817' title='bbox 3703 4368 3758 4423; x_wconf 76' lang='lat' dir='ltr'><strong>in</strong></span> 
     </span>
    </p>
   </div>
   <div class='ocr_carea' id='block_1_107' title="bbox 2167 4453 3758 4526">
    <p class='ocr_par' dir='ltr' id='par_1_107' title="bbox 2167 4453 3758 4526">
     <span class='ocr_line' id='line_1_107' title="bbox 2167 4453 3758 4526; baseline 0.006 -20"><span class='ocrx_word' id='word_1_818' title='bbox 2167 4456 2594 4523; x_wconf 80' lang='lat' dir='ltr'><strong>concupiscentiis</strong></span> <span class='ocrx_word' id='word_1_819' title='bbox 2623 4453 2799 4524; x_wconf 85' lang='lat' dir='ltr'><strong>(Rom.</strong></span> <span class='ocrx_word' id='word_1_820' title='bbox 2834 4471 2946 4520; x_wconf 81' lang='lat' dir='ltr'><strong>xm,</strong></span> <span class='ocrx_word' id='word_1_821' title='bbox 2980 4455 3092 4526; x_wconf 75' lang='lat' dir='ltr'><strong>N).</strong></span> <span class='ocrx_word' id='word_1_822' title='bbox 3123 4455 3222 4523; x_wconf 86' lang='lat' dir='ltr'><strong>Qui</strong></span> <span class='ocrx_word' id='word_1_823' title='bbox 3256 4458 3414 4526; x_wconf 87' lang='lat' dir='ltr'><strong>igitur</strong></span> <span class='ocrx_word' id='word_1_824' title='bbox 3458 4460 3637 4514; x_wconf 78' lang='lat' dir='ltr'><strong>Carnis</strong></span> <span class='ocrx_word' id='word_1_825' title='bbox 3663 4477 3758 4515; x_wconf 85' lang='lat' dir='ltr'><strong>cu-</strong></span> 
     </span>
    </p>
   </div>
   <div class='ocr_carea' id='block_1_108' title="bbox 2170 4544 3754 4618">
    <p class='ocr_par' dir='ltr' id='par_1_108' title="bbox 2170 4544 3754 4618">
     <span class='ocr_line' id='line_1_108' title="bbox 2170 4544 3754 4618; baseline 0.006 -22"><span class='ocrx_word' id='word_1_826' title='bbox 2170 4559 2281 4596; x_wconf 89' lang='lat' dir='ltr'><strong>ram</strong></span> <span class='ocrx_word' id='word_1_827' title='bbox 2313 4544 2364 4596; x_wconf 92' lang='lat' dir='ltr'><strong>in</strong></span> <span class='ocrx_word' id='word_1_828' title='bbox 2389 4545 2837 4613; x_wconf 52' lang='lat' dir='ltr'><strong>concujiscentiis</strong></span> <span class='ocrx_word' id='word_1_829' title='bbox 2868 4547 2982 4601; x_wconf 87' lang='lat' dir='ltr'><strong>ﬁeri</strong></span> <span class='ocrx_word' id='word_1_830' title='bbox 3005 4548 3276 4616; x_wconf 88' lang='lat' dir='ltr'><strong>prohibet,</strong></span> <span class='ocrx_word' id='word_1_831' title='bbox 3297 4547 3538 4618; x_wconf 90' lang='lat' dir='ltr'><strong>profecto</strong></span> <span class='ocrx_word' id='word_1_832' title='bbox 3571 4551 3624 4604; x_wconf 87' lang='lat' dir='ltr'><strong>in</strong></span> <span class='ocrx_word' id='word_1_833' title='bbox 3657 4567 3754 4606; x_wconf 88' lang='lat' dir='ltr'><strong>ne-</strong></span> 
     </span>
    </p>
   </div>
   <div class='ocr_carea' id='block_1_109' title="bbox 2166 4635 3760 4712">
    <p class='ocr_par' dir='ltr' id='par_1_109' title="bbox 2166 4635 3760 4712">
     <span class='ocr_line' id='line_1_109' title="bbox 2166 4635 3760 4712; baseline 0.004 -23"><span class='ocrx_word' id='word_1_834' title='bbox 2166 4635 2508 4690; x_wconf 71' lang='lat' dir='ltr'><strong>cessitatibus</strong></span> <span class='ocrx_word' id='word_1_835' title='bbox 2535 4636 2801 4691; x_wconf 86' lang='lat' dir='ltr'><strong>concedit.</strong></span> <span class='ocrx_word' id='word_1_836' title='bbox 2849 4637 2982 4692; x_wconf 86' lang='lat' dir='ltr'><strong>Nam</strong></span> <span class='ocrx_word' id='word_1_837' title='bbox 3033 4639 3077 4692; x_wconf 87' lang='lat' dir='ltr'><strong>si</strong></span> <span class='ocrx_word' id='word_1_838' title='bbox 3116 4639 3395 4694; x_wconf 87' lang='lat' dir='ltr'><strong>Dourinico</strong></span> <span class='ocrx_word' id='word_1_839' title='bbox 3431 4641 3519 4695; x_wconf 90' lang='lat' dir='ltr'><strong>die</strong></span> <span class='ocrx_word' id='word_1_840' title='bbox 3557 4657 3760 4712; x_wconf 85' lang='lat' dir='ltr'><strong>corpus</strong></span> 
     </span>
    </p>
   </div>
   <div class='ocr_carea' id='block_1_110' title="bbox 2166 4725 3756 4798">
    <p class='ocr_par' dir='ltr' id='par_1_110' title="bbox 2166 4725 3756 4798">
     <span class='ocr_line' id='line_1_110' title="bbox 2166 4725 3756 4798; baseline 0.004 -19"><span class='ocrx_word' id='word_1_841' title='bbox 2166 4725 2347 4780; x_wconf 79' lang='lat' dir='ltr'><strong>lavare</strong></span> <span class='ocrx_word' id='word_1_842' title='bbox 2369 4736 2647 4795; x_wconf 88' lang='lat' dir='ltr'><strong>peccatum</strong></span> <span class='ocrx_word' id='word_1_843' title='bbox 2671 4737 2772 4793; x_wconf 89' lang='lat' dir='ltr'><strong>est,</strong></span> <span class='ocrx_word' id='word_1_844' title='bbox 2800 4729 2967 4782; x_wconf 88' lang='lat' dir='ltr'><strong>lavari</strong></span> <span class='ocrx_word' id='word_1_845' title='bbox 2989 4744 3118 4798; x_wconf 88' lang='lat' dir='ltr'><strong>ergo</strong></span> <span class='ocrx_word' id='word_1_846' title='bbox 3145 4730 3228 4784; x_wconf 89' lang='lat' dir='ltr'><strong>die</strong></span> <span class='ocrx_word' id='word_1_847' title='bbox 3250 4732 3440 4784; x_wconf 75' lang='lat' dir='ltr'><strong>eodem</strong></span> <span class='ocrx_word' id='word_1_848' title='bbox 3463 4747 3563 4786; x_wconf 91' lang='lat' dir='ltr'><strong>nec</strong></span> <span class='ocrx_word' id='word_1_849' title='bbox 3591 4730 3756 4787; x_wconf 79' lang='lat' dir='ltr'><strong>facies</strong></span> 
     </span>
    </p>
   </div>
   <div class='ocr_carea' id='block_1_111' title="bbox 2164 4816 3754 4892">
    <p class='ocr_par' dir='ltr' id='par_1_111' title="bbox 2164 4816 3754 4892">
     <span class='ocr_line' id='line_1_111' title="bbox 2164 4816 3754 4892; baseline 0.005 -20"><span class='ocrx_word' id='word_1_850' title='bbox 2164 4816 2342 4873; x_wconf 86' lang='lat' dir='ltr'><strong>debet.</strong></span> <span class='ocrx_word' id='word_1_851' title='bbox 2375 4817 2436 4872; x_wconf 89' lang='lat' dir='ltr'><strong>Si</strong></span> <span class='ocrx_word' id='word_1_852' title='bbox 2458 4827 2634 4874; x_wconf 88' lang='lat' dir='ltr'><strong>autem</strong></span> <span class='ocrx_word' id='word_1_853' title='bbox 2659 4821 2762 4874; x_wconf 81' lang='lat' dir='ltr'><strong>huc</strong></span> <span class='ocrx_word' id='word_1_854' title='bbox 2786 4822 2837 4874; x_wconf 91' lang='lat' dir='ltr'><strong>in</strong></span> <span class='ocrx_word' id='word_1_855' title='bbox 2853 4823 3095 4890; x_wconf 88' lang='lat' dir='ltr'><strong>corporis</strong></span> <span class='ocrx_word' id='word_1_856' title='bbox 3120 4831 3271 4892; x_wconf 88' lang='lat' dir='ltr'><strong>parte</strong></span> <span class='ocrx_word' id='word_1_857' title='bbox 3295 4824 3628 4886; x_wconf 87' lang='lat' dir='ltr'><strong>conceditur.</strong></span> <span class='ocrx_word' id='word_1_858' title='bbox 3659 4842 3754 4880; x_wconf 87' lang='lat' dir='ltr'><strong>cur</strong></span> 
     </span>
    </p>
   </div>
   <div class='ocr_carea' id='block_1_112' title="bbox 2166 4907 3749 4982">
    <p class='ocr_par' dir='ltr' id='par_1_112' title="bbox 2166 4907 3749 4982">
     <span class='ocr_line' id='line_1_112' title="bbox 2166 4907 3749 4982; baseline 0.004 -19"><span class='ocrx_word' id='word_1_859' title='bbox 2166 4907 2290 4975; x_wconf 84' lang='lat' dir='ltr'><strong>lroe,</strong></span> <span class='ocrx_word' id='word_1_860' title='bbox 2311 4911 2557 4978; x_wconf 82' lang='lat' dir='ltr'><strong>exigente</strong></span> <span class='ocrx_word' id='word_1_861' title='bbox 2586 4913 2904 4966; x_wconf 81' lang='lat' dir='ltr'><strong>necessitate</strong></span> <span class='ocrx_word' id='word_1_862' title='bbox 2927 4913 3024 4965; x_wconf 86' lang='lat' dir='ltr'><strong>toti</strong></span> <span class='ocrx_word' id='word_1_863' title='bbox 3054 4913 3268 4982; x_wconf 90' lang='lat' dir='ltr'><strong>corpori</strong></span> <span class='ocrx_word' id='word_1_864' title='bbox 3297 4914 3626 4982; x_wconf 68' lang='lat' dir='ltr'><strong>denegatur?</strong></span> <span class='ocrx_word' id='word_1_865' title='bbox 3648 4915 3749 4971; x_wconf 89' lang='lat' dir='ltr'><strong>Do-</strong></span> 
     </span>
    </p>
   </div>
   <div class='ocr_carea' id='block_1_113' title="bbox 2165 5000 3753 5073">
    <p class='ocr_par' dir='ltr' id='par_1_113' title="bbox 2165 5000 3753 5073">
     <span class='ocr_line' id='line_1_113' title="bbox 2165 5000 3753 5073; baseline 0.003 -19"><span class='ocrx_word' id='word_1_866' title='bbox 2165 5000 2362 5054; x_wconf 89' lang='lat' dir='ltr'><strong>mirrico</strong></span> <span class='ocrx_word' id='word_1_867' title='bbox 2384 5017 2513 5056; x_wconf 84' lang='lat' dir='ltr'><strong>vero</strong></span> <span class='ocrx_word' id='word_1_868' title='bbox 2551 5002 2638 5057; x_wconf 84' lang='lat' dir='ltr'><strong>die</strong></span> <span class='ocrx_word' id='word_1_869' title='bbox 2679 5019 2706 5054; x_wconf 89' lang='lat' dir='ltr'><strong>a</strong></span> <span class='ocrx_word' id='word_1_870' title='bbox 2732 5002 2917 5056; x_wconf 89' lang='lat' dir='ltr'><strong>labore</strong></span> <span class='ocrx_word' id='word_1_871' title='bbox 2947 5011 3161 5057; x_wconf 91' lang='lat' dir='ltr'><strong>terreno</strong></span> <span class='ocrx_word' id='word_1_872' title='bbox 3181 5003 3499 5058; x_wconf 88' lang='lat' dir='ltr'><strong>cessandum</strong></span> <span class='ocrx_word' id='word_1_873' title='bbox 3530 5013 3640 5073; x_wconf 86' lang='lat' dir='ltr'><strong>est,</strong></span> <span class='ocrx_word' id='word_1_874' title='bbox 3669 5015 3753 5059; x_wconf 89' lang='lat' dir='ltr'><strong>at-</strong></span> 
     </span>
    </p>
   </div>
   <div class='ocr_carea' id='block_1_114' title="bbox 2162 5091 3752 5164">
    <p class='ocr_par' dir='ltr' id='par_1_114' title="bbox 2162 5091 3752 5164">
     <span class='ocr_line' id='line_1_114' title="bbox 2162 5091 3752 5164; baseline 0.004 -20"><span class='ocrx_word' id='word_1_875' title='bbox 2162 5105 2268 5160; x_wconf 86' lang='lat' dir='ltr'><strong>que</strong></span> <span class='ocrx_word' id='word_1_876' title='bbox 2296 5091 2440 5145; x_wconf 88' lang='lat' dir='ltr'><strong>omni</strong></span> <span class='ocrx_word' id='word_1_877' title='bbox 2480 5092 2640 5144; x_wconf 91' lang='lat' dir='ltr'><strong>modo</strong></span> <span class='ocrx_word' id='word_1_878' title='bbox 2693 5094 3027 5148; x_wconf 89' lang='lat' dir='ltr'><strong>orationibus</strong></span> <span class='ocrx_word' id='word_1_879' title='bbox 3065 5095 3433 5156; x_wconf 70' lang='lat' dir='ltr'><strong>imisrendurn,</strong></span> <span class='ocrx_word' id='word_1_880' title='bbox 3467 5103 3525 5149; x_wconf 91' lang='lat' dir='ltr'><strong>ut</strong></span> <span class='ocrx_word' id='word_1_881' title='bbox 3553 5097 3599 5149; x_wconf 91' lang='lat' dir='ltr'><strong>si</strong></span> <span class='ocrx_word' id='word_1_882' title='bbox 3626 5095 3752 5164; x_wconf 85' lang='lat' dir='ltr'><strong>quid</strong></span> 
     </span>
    </p>
   </div>
   <div class='ocr_carea' id='block_1_115' title="bbox 2163 5182 3752 5254">
    <p class='ocr_par' dir='ltr' id='par_1_115' title="bbox 2163 5182 3752 5254">
     <span class='ocr_line' id='line_1_115' title="bbox 2163 5182 3752 5254; baseline 0.004 -19"><span class='ocrx_word' id='word_1_883' title='bbox 2163 5182 2502 5250; x_wconf 57' lang='lat' dir='ltr'><strong>negligentia)</strong></span> <span class='ocrx_word' id='word_1_884' title='bbox 2534 5199 2626 5248; x_wconf 71' lang='lat' dir='ltr'><strong>per</strong></span> <span class='ocrx_word' id='word_1_885' title='bbox 2645 5197 2738 5236; x_wconf 82' lang='lat' dir='ltr'><strong>sex</strong></span> <span class='ocrx_word' id='word_1_886' title='bbox 2765 5183 2877 5237; x_wconf 85' lang='lat' dir='ltr'><strong>dies</strong></span> <span class='ocrx_word' id='word_1_887' title='bbox 2898 5185 3091 5251; x_wconf 91' lang='lat' dir='ltr'><strong>agitur,</strong></span> <span class='ocrx_word' id='word_1_888' title='bbox 3113 5200 3210 5254; x_wconf 90' lang='lat' dir='ltr'><strong>per</strong></span> <span class='ocrx_word' id='word_1_889' title='bbox 3229 5186 3369 5239; x_wconf 89' lang='lat' dir='ltr'><strong>diem</strong></span> <span class='ocrx_word' id='word_1_890' title='bbox 3397 5187 3752 5242; x_wconf 79' lang='lat' dir='ltr'><strong>resurrectio-</strong></span> 
     </span>
    </p>
   </div>
   <div class='ocr_carea' id='block_1_116' title="bbox 2160 5271 3754 5346">
    <p class='ocr_par' dir='ltr' id='par_1_116' title="bbox 2160 5271 3754 5346">
     <span class='ocr_line' id='line_1_116' title="bbox 2160 5271 3754 5346; baseline 0.003 -21"><span class='ocrx_word' id='word_1_891' title='bbox 2160 5271 2243 5326; x_wconf 85' lang='lat' dir='ltr'><strong>nis</strong></span> <span class='ocrx_word' id='word_1_892' title='bbox 2283 5272 2572 5326; x_wconf 70' lang='lat' dir='ltr'><strong>Domiuica:</strong></span> <span class='ocrx_word' id='word_1_893' title='bbox 2603 5273 2848 5343; x_wconf 86' lang='lat' dir='ltr'><strong>precibus</strong></span> <span class='ocrx_word' id='word_1_894' title='bbox 2877 5275 3144 5344; x_wconf 85' lang='lat' dir='ltr'><strong>expietur.</strong></span> <span class='ocrx_word' id='word_1_895' title='bbox 3185 5295 3203 5326; x_wconf 76' lang='grc' dir='ltr'><strong><em>ι</em></strong></span> <span class='ocrx_word' id='word_1_896' title='bbox 3241 5275 3379 5343; x_wconf 86' lang='lat' dir='ltr'><strong>(Lib.</strong></span> <span class='ocrx_word' id='word_1_897' title='bbox 3415 5292 3532 5345; x_wconf 80' lang='lat' dir='ltr'><strong>xm,</strong></span> <span class='ocrx_word' id='word_1_898' title='bbox 3553 5294 3636 5346; x_wconf 87' lang='lat' dir='ltr'><strong>ep.</strong></span> <span class='ocrx_word' id='word_1_899' title='bbox 3673 5276 3754 5346; x_wconf 81' lang='grc'><strong>1.)</strong></span> 
     </span>
    </p>
   </div>
   <div class='ocr_carea' id='block_1_117' title="bbox 2229 5365 3754 5437">
    <p class='ocr_par' dir='ltr' id='par_1_117' title="bbox 2229 5365 3754 5437">
     <span class='ocr_line' id='line_1_117' title="bbox 2229 5365 3754 5437; baseline 0.001 -14"><span class='ocrx_word' id='word_1_900' title='bbox 2229 5365 2316 5423; x_wconf 75' lang='lat'><strong>59..</strong></span> <span class='ocrx_word' id='word_1_901' title='bbox 2357 5365 2527 5421; x_wconf 85' lang='lat' dir='ltr'><strong>Tanta</strong></span> <span class='ocrx_word' id='word_1_902' title='bbox 2565 5367 2953 5437; x_wconf 82' lang='lat' dir='ltr'><strong>cmnpassionis</strong></span> <span class='ocrx_word' id='word_1_903' title='bbox 2996 5369 3167 5436; x_wconf 82' lang='lat' dir='ltr'><strong>gratia</strong></span> <span class='ocrx_word' id='word_1_904' title='bbox 3211 5369 3353 5423; x_wconf 86' lang='lat' dir='ltr'><strong>circa</strong></span> <span class='ocrx_word' id='word_1_905' title='bbox 3398 5384 3590 5424; x_wconf 90' lang='lat' dir='ltr'><strong>omnes</strong></span> <span class='ocrx_word' id='word_1_906' title='bbox 3619 5369 3754 5424; x_wconf 76' lang='lat' dir='ltr'><strong>Gre-</strong></span> 
     </span>
    </p>
   </div>
   <div class='ocr_carea' id='block_1_118' title="bbox 2159 5458 3752 5530">
    <p class='ocr_par' dir='ltr' id='par_1_118' title="bbox 2159 5458 3752 5530">
     <span class='ocr_line' id='line_1_118' title="bbox 2159 5458 3752 5530; baseline -0.001 -16"><span class='ocrx_word' id='word_1_907' title='bbox 2159 5461 2341 5530; x_wconf 87' lang='lat' dir='ltr'><strong>gorius</strong></span> <span class='ocrx_word' id='word_1_908' title='bbox 2356 5458 2688 5514; x_wconf 87' lang='lat' dir='ltr'><strong>redundabat</strong></span> <span class='ocrx_word' id='word_1_909' title='bbox 2703 5499 2716 5521; x_wconf 92' lang='lat'><strong>,</strong></span> <span class='ocrx_word' id='word_1_910' title='bbox 2739 5471 2794 5515; x_wconf 91' lang='lat' dir='ltr'><strong>ut</strong></span> <span class='ocrx_word' id='word_1_911' title='bbox 2815 5460 3036 5516; x_wconf 71' lang='lat' dir='ltr'><strong>alterius</strong></span> <span class='ocrx_word' id='word_1_912' title='bbox 3054 5458 3415 5514; x_wconf 87' lang='lat' dir='ltr'><strong>irrﬁrrnitaterrr</strong></span> <span class='ocrx_word' id='word_1_913' title='bbox 3439 5461 3491 5513; x_wconf 91' lang='lat' dir='ltr'><strong>in</strong></span> <span class='ocrx_word' id='word_1_914' title='bbox 3511 5475 3611 5514; x_wconf 89' lang='lat' dir='ltr'><strong>suo</strong></span> <span class='ocrx_word' id='word_1_915' title='bbox 3629 5474 3752 5513; x_wconf 85' lang='lat' dir='ltr'><strong>cor-</strong></span> 
     </span>
    </p>
   </div>
   <div class='ocr_carea' id='block_1_119' title="bbox 2162 5549 3747 5622">
    <p class='ocr_par' dir='ltr' id='par_1_119' title="bbox 2162 5549 3747 5622">
     <span class='ocr_line' id='line_1_119' title="bbox 2162 5549 3747 5622; baseline -0.001 -16"><span class='ocrx_word' id='word_1_916' title='bbox 2162 5569 2290 5622; x_wconf 84' lang='lat' dir='ltr'><strong>pore</strong></span> <span class='ocrx_word' id='word_1_917' title='bbox 2315 5553 2455 5606; x_wconf 89' lang='lat' dir='ltr'><strong>lrunc</strong></span> <span class='ocrx_word' id='word_1_918' title='bbox 2468 5555 2799 5617; x_wconf 55' lang='lat' dir='ltr'><strong>sustinuisae,</strong></span> <span class='ocrx_word' id='word_1_919' title='bbox 2828 5554 2870 5607; x_wconf 85' lang='lat' dir='ltr'><strong>si</strong></span> <span class='ocrx_word' id='word_1_920' title='bbox 2916 5553 3064 5617; x_wconf 75' lang='lat' dir='ltr'><strong>velis,</strong></span> <span class='ocrx_word' id='word_1_921' title='bbox 3089 5552 3337 5616; x_wconf 80' lang='lat' dir='ltr'><strong>aspicias.</strong></span> <span class='ocrx_word' id='word_1_922' title='bbox 3364 5549 3516 5606; x_wconf 87' lang='lat' dir='ltr'><strong>Unde</strong></span> <span class='ocrx_word' id='word_1_923' title='bbox 3529 5550 3747 5612; x_wconf 77' lang='lat' dir='ltr'><strong>Joantri,</strong></span> 
     </span>
    </p>
   </div>
   <div class='ocr_carea' id='block_1_120' title="bbox 2167 5643 3745 5716">
    <p class='ocr_par' dir='ltr' id='par_1_120' title="bbox 2167 5643 3745 5716">
     <span class='ocr_line' id='line_1_120' title="bbox 2167 5643 3745 5716; baseline -0.001 -19"><span class='ocrx_word' id='word_1_924' title='bbox 2167 5645 2462 5700; x_wconf 75' lang='lat' dir='ltr'><strong>Ravennati</strong></span> <span class='ocrx_word' id='word_1_925' title='bbox 2494 5647 3042 5716; x_wconf 75' lang='lat' dir='ltr'><strong>epiSCOpo,scr&#39;ibcn&#39;~‘,</strong></span> <span class='ocrx_word' id='word_1_926' title='bbox 3071 5646 3145 5699; x_wconf 85' lang='lat' dir='ltr'><strong>ait</strong></span> <span class='ocrx_word' id='word_1_927' title='bbox 3175 5661 3188 5698; x_wconf 92' lang='lat'><strong>:</strong></span> <span class='ocrx_word' id='word_1_928' title='bbox 3216 5665 3232 5696; x_wconf 71' lang='grc' dir='ltr'>ι</span> <span class='ocrx_word' id='word_1_929' title='bbox 3266 5643 3560 5699; x_wconf 77' lang='lat' dir='ltr'><strong>Dominicis</strong></span> <span class='ocrx_word' id='word_1_930' title='bbox 3589 5657 3745 5697; x_wconf 69' lang='lat' dir='ltr'><strong>ruan-</strong></span> 
     </span>
    </p>
   </div>
  </div>
