3992 6326
240 358 342 412 ﬂii!)

862 354 921 408 S.
965 353 1295 409 GREGORII
1336 352 1545 408 MAGM
1589 353 1767 416 VITA,
1810 350 2012 407 AUCT.
2055 352 2315 408 JOANNE
2358 354 2668 410 DIACONO.
2712 355 2837 410 Mil.
2882 360 2965 412 ιγ.

3401 365 3502 414 9J0

244 470 376 523 datis
425 467 762 535 prmctpintur
804 467 1080 535 proximos
1125 467 1264 521 sicut
1308 468 1670 535 nosmetipsos
1708 465 1827 518 dili-
1858 470 1901 523 Α
1932 463 2248 517 invenerunt
2272 482 2597 535 perculsum,
2627 471 2749 537 quia
2774 469 3160 527 fraternitatem
3186 486 3332 531 tuam
3362 487 3505 532 retu-

242 571 395 621 gere,
428 569 721 620 eorumque
753 554 1102 623 languoribus
1133 562 1385 621 tanquam
1417 554 1648 622 propriis
1678 552 1825 605 inﬁr—

245 646 515 699 mitatibus
540 643 851 697 condolere.
901 642 1141 710 Quorum
1184 660 1394 697 memor
1426 652 1602 697 vestra
1638 644 1828 696 frater-

245 734 382 786 nitas
428 732 758 798 competenti
807 732 905 785 sibi
958 748 1109 786 more
1159 732 1461 787 Castorium
1512 733 1731 786 fratrem
1777 740 1831 783 et

242 822 618 889 coepiscopum
653 830 930 888 nostrum,
979 830 1035 875 et
1072 822 1221 890 prius
1268 837 1365 889 per
1402 822 1827 889 compassioncm

242 912 442 964 studuit
495 911 757 975 visitare,
812 919 867 965 et
920 926 1041 964 eum
1094 910 1435 979 postmodum
1485 917 1832 964 excrescente

245 1001 487 1054 nulestia
511 1000 777 1068 corporis,
807 1000 857 1053 iu
887 1001 1181 1053 Ravennati
1209 1001 1338 1054 urbe
1363 1000 1653 1068 suscipere.
1683 998 1832 1052 Unde

245 1106 351 1143 non
382 1090 556 1144 solum
585 1104 681 1142 nos
710 1089 970 1158 impensa:
1000 1089 1309 1152 ebaritatis,
1341 1087 1433 1143 sed
1463 1096 1517 1140 et
1545 1088 1707 1141 Deum
1736 1100 1833 1139 vo-

246 1182 329 1237 bis
380 1182 582 1237 fecistis
633 1180 991 1250 proculdubio
1040 1181 1372 1245 debitorem,
1420 1179 1503 1233 cui
1554 1180 1606 1232 in
1657 1176 1835 1231 fratris

245 1270 564 1326 infirmitate
594 1271 938 1325 condoluisse
966 1270 1263 1340 probamini
1284 1313 1300 1337 ,
1330 1271 1609 1339 ipsumque
1635 1282 1835 1336 aegrum

243 1365 299 1418 in
322 1363 404 1418 sui
428 1363 655 1418 membri
679 1363 927 1417 molestia
954 1379 1059 1417 non
1082 1363 1253 1417 solum
1274 1363 1535 1425 visitasse,
1560 1361 1651 1416 sed
1673 1361 1835 1414 etiam

240 1457 569 1524 suscepisse.
609 1455 780 1520 Quem
809 1455 1021 1525 quidem
1068 1455 1180 1522 ipse
1216 1469 1313 1522 pro
1354 1469 1451 1507 sua
1495 1453 1838 1523 simplicitate

243 1545 357 1601 illic
385 1548 641 1601 ordinare
677 1547 896 1601 omnino
930 1546 1253 1609 renuebam;
1284 1543 1376 1598 sed
1414 1544 1709 1612 petentium
1738 1545 1841 1598 im-

242 1639 561 1707 portunitas
591 1638 717 1693 fecit
739 1678 755 1701 ,
790 1644 848 1691 ut
886 1636 1255 1690 contradicere
1282 1636 1588 1689 nullatenus
1631 1636 1842 1706 potuis-

240 1744 382 1781 sem.
418 1730 474 1782 Si
503 1737 680 1782 autem
705 1728 819 1781 ﬁeri
848 1733 1045 1795 potest,
1079 1725 1304 1779 multtnn
1336 1726 1466 1780 mihi
1495 1735 1551 1781 et
1580 1727 1678 1796 ipsi
1705 1743 1839 1782 con—

1932 553 2109 607 lerunt
2134 555 2201 608 de
2224 556 2422 611 vomitu
2452 560 2722 627 sanguinis
2749 572 3030 632 mgrotarc.
3067 565 3140 619 Ex
3173 583 3274 635 qua
3308 585 3366 621 re
3400 572 3499 623 sol.

1932 642 2095 704 licite,
2130 653 2181 697 et
2210 645 2511 713 singulatim
2542 664 2636 703 eos
2663 664 2797 717 quos
2826 651 2911 705 hic
2937 652 3125 709 doctos
3150 655 3379 711 lectione
3411 674 3507 711 no-

1934 733 2110 787 vimus
2136 735 2373 789 medicos
2400 734 2429 787 fr
2448 736 2619 791 cimus
2640 740 2858 807 requ'ri,
2887 750 2941 795 et
2962 744 3085 809 quid
3111 745 3298 813 singuli
3327 763 3354 800 s
3389 762 3507 799 nsc-

1933 825 2067 889 rint,
2120 826 2317 894 quidve
2345 828 2693 898 dictaverint,
2740 833 3007 887 sanctitati
3036 845 3225 889 vestr-1e
3253 839 3508 901 scriptum

1934 916 2196 981 misimus,
2228 918 2317 985 qui
2352 927 2529 972 tamen
2558 921 2792 988 quietem
2822 930 2876 977 et
2902 924 3166 978 silentium
3196 942 3303 995 prae
3332 930 3511 981 omni-

1934 1006 2033 1058 bus
2058 1006 2279 1060 dictant.
2313 1006 2484 1072 Quam
2515 1010 2559 1062 si
2591 1018 2679 1063 tua
2705 1011 3011 1067 fraternitas
3050 1014 3104 1068 in
3145 1032 3239 1070 sua
3285 1019 3512 1072 ecclesia

1935 1094 2104 1162 possit
2140 1093 2341 1148 habere
2363 1126 2397 1159 ,-
2433 1096 2587 1150 valde
2626 1115 2742 1151 sum
2781 1101 2974 1157 dubius
3014 1120 3032 1156 :
3075 1114 3131 1158 et
3160 1107 3278 1161 ideo
3307 1109 3515 1162 videtur

1935 1186 2064 1241 mihi
2091 1196 2147 1240 ut
2172 1186 2417 1241 ordinata
2448 1188 2555 1241 illic
2583 1190 2845 1255 ecclesia,
2886 1194 2971 1247 vel
2997 1196 3085 1264 qui
3118 1198 3397 1253 missarum
3425 1214 3516 1253 so-

1936 1277 2130 1332 lemnia
2173 1278 2467 1342 celebrent,
2517 1279 2602 1333 vel
2646 1280 2740 1349 qui
2785 1283 3040 1353 episeopii
3078 1301 3261 1340 curam
3308 1303 3517 1355 gerere,

1936 1366 2357 1437 hospitalitatem
2375 1370 2841 1437 etsusceptionem
2866 1373 3034 1440 possit
3062 1375 3333 1439 exhibere,
3358 1378 3520 1445 quive

1940 1456 2277 1512 monasteriis
2305 1457 2668 1513 custodiendis
2699 1475 2958 1528 przeesse,
3000 1471 3087 1515 tua
3116 1463 3518 1519 fraternitas-ad

1941 1563 2027 1602 me
2042 1556 2165 1602 ante
2184 1547 2423 1602 aestivum
2442 1557 2653 1618 tempus
2673 1549 2867 1604 debeat
2887 1552 3088 1616 venire,
3112 1562 3170 1607 ut
3191 1554 3521 1622 aegritudinis

1943 1651 2047 1695 tum
2074 1654 2173 1709 ego
2200 1640 2522 1709 specialiter,
2563 1642 2875 1710 inquantnm
2903 1644 3077 1704 valeo.
3095 1660 3290 1699 curam
3314 1660 3516 1713 geram,

1943 1731 2287 1798 quietemque
2334 1738 2479 1783 tuam
2517 1731 2844 1795 custodiam,
2895 1733 3016 1800 quia
3059 1733 3184 1789 huic
3219 1735 3520 1801 mgritudini

238 1819 423 1872 sulitis
447 1820 495 1872 si
545 1832 666 1871 eum
697 1816 765 1870 ad
796 1831 881 1870 me
930 1816 1014 1871 vel
1061 1829 1158 1885 per
1208 1814 1448 1871 Siciliam
1501 1817 1835 1872 t=ansmitta-
1870 1828 1912 1887 Β
1939 1822 2181 1874 aestivum
2209 1827 2421 1889 tempus
2444 1820 2640 1875 modici
2672 1823 3016 1877 vehementer
3034 1824 3218 1879 dicunt
3243 1840 3361 1879 esse
3381 1828 3523 1895 peri-

241 1907 331 1958 tis.
371 1925 390 1957 ι
430 1905 568 1977 (Lib.
595 1921 653 1971 ιι,
684 1921 767 1975 ep.
799 1902 910 1973 55.)

309 1992 448 2047 Item
492 1992 719 2047 Leontio
744 2035 760 2060 ,
800 1994 1059 2064 episcopo
1100 1992 1343 2049 Urbinati
1386 2013 1398 2047 :
1445 2013 1464 2047 ‹
1492 1993 1794 2050 Castorium
1818 2034 1834 2058 ,

242 2082 471 2136 fratrem
513 2080 1003 2151 coepiscOpumque
1049 2091 1325 2148 nostrum,
1378 2084 1565 2138 Romze
1592 2100 1690 2154 pro
1718 2100 1839 2141 cor-

241 2174 394 2242 poris
419 2175 503 2228 sui
534 2175 784 2229 molestia
808 2175 1135 2240 retinemus;
1166 2183 1221 2230 et
1248 2177 1373 2244 quia
1409 2192 1553 2232 nunc
1581 2176 1648 2231 ad
1685 2193 1835 2232 suam

242 2280 356 2318 non
387 2265 531 2318 valet
557 2265 842 2319 ecclesiam
872 2280 1133 2329 remeare,
1159 2274 1466 2335 propterea,
1500 2280 1566 2321 eo
1591 2266 1836 2331 absente,

241 2354 495 2408 ecclesia:
541 2354 708 2423 ipsius
744 2354 1062 2408 fraternitati
1111 2363 1215 2409 tuae
1254 2355 1573 2412 visitationis
1615 2371 1835 2426 operam

242 2442 595 2513 providemus
622 2442 1022 2511 delegandam.»
1059 2443 1198 2511 (Lib.
1233 2460 1311 2510 nr,
1342 2460 1425 2514 ep.
1456 2444 1571 2515 24.)

310 2535 453 2591 item
483 2536 746 2592 universis
776 2537 1165 2591 habitatoribus
1191 2535 1415 2591 Arimini
1442 2554 1455 2590 :
1495 2556 1513 2588 ι
1544 2536 1601 2592 Si
1625 2537 1836 2606 culpam

240 2636 505 2692 vestram,
542 2627 633 2681 lilii
662 2627 1014 2695 dilectissimi,
1045 2628 1302 2682 intentius
1331 2628 1511 2682 velitis
1538 2629 1839 2696 attendere,

239 2718 466 2772 assidua
512 2734 612 2773 vos
660 2718 800 2788 apud
832 2718 999 2773 Deum
1040 2718 1249 2773 debetis
1292 2719 1541 2774 oratione
1578 2733 1837 2790 purgare,

239 2811 393 2878 quod
420 2812 735 2880 epi:copum
766 2818 1004 2865 vestrum
1034 2826 1144 2865 non
1172 2811 1368 2865 devota
1394 2818 1598 2876 mente,
1632 2825 1752 2875 nec,
1783 2820 1843 2865 ut

242 2904 365 2964 lilii,
398 2904 746 2972 suscepistis;
777 2918 941 2972 quem
968 2902 1282 2971 inquietudo
1307 2909 1363 2956 et
1390 2902 1668 2957 tribulatio
1693 2917 1723 2956 a
1743 2917 1844 2956 vo-

242 2996 327 3048 bis
360 2995 511 3048 illata
541 2996 604 3047 :nl
638 2995 739 3049 hoc
770 3009 938 3064 usque
968 2993 1220 3061 perduxit
1240 3035 1255 3059 ,
1299 3001 1357 3046 ut
1386 2993 1689 3047 molestiam
1719 3008 1844 3048 cor-

244 3085 494 3151 poralem
526 3084 841 3147 incurreret,
874 3083 1120 3151 quamvis
1148 3083 1199 3135 in
1229 3097 1295 3136 eo
1324 3083 1481 3153 158
1510 3082 1639 3135 nihil
1666 3082 1733 3135 de
1761 3081 1847 3136 bis

1938 1909 2204 1965 eulosum.
2237 1907 2302 1962 Et
2330 1908 2486 1963 valde
2527 1911 2883 1978 pertimesco,
2929 1926 2997 1965 ne
3040 1915 3085 1967 si
3123 1929 3279 1967 curas
3317 1915 3524 1983 aliquas

1938 2017 2059 2056 cum
2090 2001 2413 2056 adversitate
2435 2003 2695 2072 temporis
2724 2004 2950 2071 ceperis,
2982 2005 3210 2075 amplius
3240 2021 3305 2061 ex
3335 2008 3522 2060 eadem

1940 2090 2185 2145 mole~tia
2217 2091 2556 2160 pericliteris.
2593 2091 2703 2160 Ego
2730 2092 2875 2145 enim
2904 2091 3018 2162 ipse
3044 2094 3198 2148 valde
3226 2110 3343 2148 sum
3370 2094 3523 2148 debi-

1940 2180 2125 2244 lis,.et
2153 2180 2373 2235 omnino
2401 2189 2483 2235 est
2510 2181 2641 2235 utile
2672 2190 2730 2235 ut
2760 2197 2881 2236 cum
2925 2182 3020 2237 Dei
3061 2184 3229 2251 gratia
3268 2199 3431 2239 sanus
3457 2184 3523 2237 ad

1941 2279 2086 2323 tuam
2122 2269 2414 2337 ecclesiam
2456 2270 2678 2338 redeas,
2723 2279 2818 2325 aut
2855 2281 3005 2326 certe
3050 2273 3095 2327 si
3141 2275 3413 2328 vocandus
3444 2289 3522 2338 es,

1939 2357 2080 2412 inter
2117 2374 2307 2414 manus
2337 2368 2550 2414 tuorum
2578 2361 2790 2415 voceris
2813 2401 2828 2425 ,
2868 2369 2922 2414 et
2951 2374 3084 2429 ego,
3117 2362 3206 2430 qui
3236 2377 3323 2417 me
3363 2363 3524 2416 morti

1942 2448 2243 2516 proximum
2268 2448 2445 2514 video,
2480 2450 2526 2503 si
2555 2464 2642 2504 me
2664 2450 3003 2519 omnipotens
3026 2450 3168 2505 Deus
3189 2458 3314 2506 ante
3335 2466 3527 2507 vocare

1939 2542 2190 2607 voluerit,
2215 2542 2355 2595 inter
2377 2549 2494 2595 tuas
2515 2556 2703 2595 manus
2723 2540 2950 2596 debeam
2970 2542 3217 2597 transire.
3251 2561 3270 2594 ι
3298 2542 3525 2611 (llegist.

1941 2632 2034 2686 ub.
2061 2647 2136 2694 ιι,
2166 2648 2248 2701 ep.
2280 2631 2395 2699 53.)

2019 2721 2104 2775 55.
2146 2720 2251 2776 Ριο
2279 2721 2630 2775 barbarorum
2661 2720 3057 2775 incursionibus
3104 2721 3183 2775 bis
3224 2722 3276 2775 in
3323 2721 3527 2776 hebdo-

1946 2812 2101 2866 mada
2133 2812 2247 2866 fieri
2276 2810 2490 2865 litanias
2512 2809 2802 2878 Gregorius
2828 2810 3171 2865 decernebat.
3196 2810 3529 2879 Quapropter

1946 2904 2210 2962 universis
2257 2902 2523 2973 episcopis
2568 2901 2762 2956 Sicilia:
2811 2901 3080 2965 scribens,
3131 2901 3206 2954 ait
3246 2918 3259 2952 :
3307 2919 3325 2952 ‹
3362 2899 3533 2970 Super

1946 2996 2265 3052 afﬂictiones
2293 3002 2349 3048 et
2373 2994 2603 3061 gemitus
2625 3009 2759 3063 quos
2789 3007 2992 3047 annosa
3020 2993 3107 3047 hic
3130 2993 3533 3049 continuatione

1947 3087 2015 3141 de
2042 3085 2285 3139 hostibus
2315 3082 2669 3147 sustinemus,
2703 3081 2879 3150 major
2908 3097 3007 3136 nos
3034 3092 3207 3136 metus
3238 3082 3532 3143 excruciat,

242 3190 370 3242 qua:
403 3175 557 3229 nobis
578 3182 701 3229 Sltttl
727 3174 922 3242 scripta
949 3173 1321 3241 cognovimus,
1352 3171 1445 3225 sed
1469 3171 1637 3225 solam
1669 3170 1844 3225 inesse
1871 3194 1915 3256 Ο
1945 3177 2090 3250 quod
2121 3178 2370 3232 inimicos
2411 3185 2627 3230 nostros
2656 3176 2800 3229 omni
2832 3175 3025 3229 annisu
3053 3173 3119 3228 ad
3155 3174 3352 3229 Sicilim
3382 3174 3528 3228 iuva-

246 3266 584 3319 debilitatum
617 3266 867 3330 vidimus,
898 3280 995 3333 pro
1024 3279 1130 3333 qua
1159 3278 1284 3318 eum
1315 3262 1403 3317 hic
1431 3262 1664 3316 retinere
1689 3276 1846 3317 cura-

245 3361 451 3413 vimus.
482 3378 502 3409 )
540 3356 704 3428 (Ibid.
735 3375 817 3428 cp.
846 3354 959 3426 95.)

316 3452 459 3507 ltetn
483 3449 704 3517 Eulogio
730 3449 1050 3519 patriarcha:
1080 3444 1441 3501 Alexandrino
1466 3462 1479 3498 :
1521 3463 1539 3496 ‹
1576 3445 1713 3499 Ante
1740 3445 1848 3501 hoc

250 3544 520 3613 temporis
547 3541 809 3597 Bonifacii
830 3540 1141 3596 chartularii
1168 3538 1493 3608 responsalis
1521 3537 1648 3605 mei,
1679 3538 1770 3606 qui
1795 3538 1849 3592 in

251 3636 389 3690 urbe
410 3634 556 3702 regia
580 3634 911 3695 demoratur,
945 3631 1293 3685 vehementer
1321 3645 1407 3683 me
1436 3628 1635 3697 scripta
1664 3615 1848 3681 turba-

252 3736 484 3792 verunt,
525 3742 647 3794 qua:
688 3725 937 3779 dicebant
963 3723 1327 3778 dulcissimam
1375 3721 1502 3774 mihi
1535 3728 1697 3789 atque
1726 3734 1850 3773 sua-

252 3818 533 3871 vissimam
591 3815 931 3870 sanctitatem
988 3821 1222 3869 vestram
1281 3810 1551 3867 defectum
1595 3810 1846 3879 corporei

255 3908 479 3961 luminis
507 3905 812 3981 pertulisse.
859 3904 938 3959 Ex
982 3903 1176 3972 quibus
1202 3902 1416 3971 scriptis
1443 3900 1591 3970 gravi
1618 3913 1851 3955 moerere

254 3999 543 4070 perculsus
572 4012 721 4059 sum,
752 3996 846 4051 sed
872 3996 1053 4051 subito
1081 3994 1355 4050 Creatoris
1381 4008 1445 4047 ac
1474 3990 1850 4061 Redemptoris

255 4092 429 4147 nostri
451 4092 625 4160 gratia
647 4098 1025 4159 prosperante,
1056 4087 1401 4152 beatitudinis
1422 4094 1615 4141 vestrae
1637 4085 1849 4154 suscepi

254 4183 546 4252 epistolam
572 4223 590 4251 ,
635 4189 690 4235 et
716 4196 905 4236 sanum
932 4181 997 4235 de
1036 4195 1100 4235 ea
1138 4179 1381 4248 corporis
1412 4176 1658 4233 molestia
1687 4194 1847 4246 quam

257 4279 541 4335 audieram
599 4289 926 4344 agnoscens,
973 4273 1238 4329 exsultavi
1284 4273 1672 4338 vehementer,
1722 4272 1847 4341 quia

260 4378 410 4424 tanta
442 4367 624 4426 cordis
655 4366 837 4421 laetitia
877 4374 1063 4420 secuta
1094 4372 1175 4419 est
1200 4372 1397 4432 quanta
1440 4363 1583 4427 prius
1618 4362 1847 4417 tristitite

259 4460 570 4516 amaritudo
601 4465 970 4529 prtecesserat.
1014 4454 1223 4510 Scimus
1253 4456 1395 4508 enim
1435 4454 1559 4522 quia
1590 4454 1643 4507 in
1674 4454 1849 4508 omni-

1949 3272 2158 3327 sionem
2187 3268 2563 3336 cognoscimus
2592 3266 2869 3321 festinare.
2899 3263 3005 3319 Sed
3034 3279 3121 3327 ne,
3155 3264 3261 3319 hoc
3290 3264 3393 3318 illis
3422 3279 3533 3317 mo~

1949 3361 2220 3425 lientibus,
2244 3359 2540 3429 prosperita
2550 3365 2655 3410 tem
2676 3355 2961 3409 multitudo
2976 3363 3283 3411 nostrorum
3303 3356 3536 3438 praebeat

1947 3464 2324 3526 peccatorum,
2373 3459 2487 3504 toto
2518 3465 2614 3503 nos
2639 3448 2805 3504 corde
2853 3448 2919 3502 ad
2965 3448 3341 3518 Redemptoris
3368 3438 3536 3503 nostri

1948 3544 2184 3601 remedia
2215 3544 2577 3607 conferamus,
2613 3550 2667 3595 et
2695 3540 2892 3609 quibus
2922 3540 3175 3595 resistere
3204 3541 3402 3596 virtute
3429 3556 3537 3596 non

1948 3649 2256 3705 possumus,
2306 3631 2559 3703 lacrymis
2585 3630 2888 3685 obviemus.
2939 3629 3071 3683 Nam
3100 3629 3230 3698 quid
3262 3630 3411 3683 vobis
3440 3645 3533 3685 ca-

1950 3723 2208 3788 vendum,
2254 3722 2450 3791 quidve
2488 3722 2558 3773 sit
2600 3718 2972 3773 vehementius
2999 3717 3434 3783 formidandum,
3468 3734 3536 3773 ex

1950 3815 2102 3869 istius
2143 3813 2431 3883 provincia:
2475 3810 2634 3881 159
2662 3810 2871 3864 debetis
2899 3809 3235 3864 desolatione
3261 3809 3538 3877 colligere.

1948 3904 2134 3972 ltique
2168 3904 2377 3967 hortor,
2416 3900 2615 3955 fratres
2657 3890 2982 3963 charissimi,
3030 3906 3109 3965 ut,
3153 3899 3299 3952 omni
3340 3899 3541 3957 hebdo-

1951 3994 2107 4047 mada
2127 4033 2141 4056 ,
2189 4001 2377 4061 quarta
2400 3998 2456 4045 et
2481 3998 2634 4044 sexta
2663 3989 2795 4043 feria
2837 3988 3075 4042 litaniam
3106 3989 3545 4045 inexcusabiliter

1951 4082 2216 4149 indicatis,
2247 4090 2303 4136 et
2330 4089 2518 4136 contra
2548 4080 2649 4135 bos
2678 4080 2972 4134 barbarica:
3000 4080 3332 4136 crudelitatis
3361 4081 3541 4136 incur-

1949 4190 2040 4229 sus
2092 4188 2339 4242 supernae
2398 4172 2752 4241 protectiouis
2815 4172 3075 4226 auxilium
3138 4172 3457 4243 imploretis.
3518 4192 3536 4224 ι

1953 4263 2091 4337 (Lib.
2126 4280 2202 4330 χι,
2232 4279 2311 4331 ep.
2340 4259 2455 4331 5t.)

2022 4354 2109 4409 δι.
2154 4354 2391 4408 Tandem
2417 4353 2656 4407 Siciliam
2683 4352 2973 4407 simoniaca
3000 4352 3189 4408 haeresi
3220 4354 3545 4424 libidiueqne

1951 4447 2260 4502 sordentem
2283 4444 2598 4513 Gregorius,
2622 4443 2762 4497 sicut
2788 4442 2948 4496 modo
2970 4444 3226 4509 cernitur,
3252 4446 3542 4513 perituram

260 4553 503 4622 potentis
568 4549 663 4605 Dei
729 4547 998 4617 adjutorio
1063 4545 1350 4599 multorum
1406 4543 1552 4599 salus
1608 4553 1691 4598 est
1740 4542 1849 4597 vita
1882 4536 2593 4638 Dprzedixit,Maximiano,
2615 4533 3251 4605 episcopoSyracusano,
3271 4537 3540 4589 scribens:

261 4653 466 4698 vestra.
507 4661 526 4693 ι
572 4640 713 4710 (Lib.
744 4655 859 4702 xm.
887 4653 968 4707 ep.
1000 4635 1116 4704 42.)

332 4732 468 4787 Item
497 4729 821 4784 Rusticiana:
847 4726 1082 4797 patriciae
1108 4742 1120 4777 :
1159 4742 1177 4774 ‹
1210 4722 1435 4789 Quoties
1457 4722 1523 4777 de
1548 4721 1681 4777 urbe
1708 4722 1854 4791 regia

199 4800 203 4801 ί
259 4824 329 4877 ad
357 4838 458 4877 nos
478 4820 673 4890 aliquis
698 4818 866 4883 venit,
898 4831 1037 4871 cura:
1063 4815 1217 4869 nobis
1237 4822 1320 4870 est
1339 4814 1405 4867 de
1425 4814 1668 4883 corporis
1690 4812 1854 4867 vestri

260 4917 530 4984 sOSpitate
552 4910 847 4979 requirere.
877 4908 981 4962 Sed
1010 4906 1246 4976 peccatis
1269 4905 1402 4959 meis
1431 4902 1767 4967 facientibus,
1800 4913 1855 4957 et

259 5022 481 5073 semper
510 5002 672 5057 audio
698 5016 817 5071 qua:
845 5016 931 5054 me
978 4998 1136 5053 nudet
1182 4998 1400 5060 audire,
1452 4998 1575 5066 quia
1613 4997 1667 5051 in
1706 5005 1852 5050 tanta

262 5096 535 5149 tenuitate
582 5101 745 5162 atque
783 5091 1060 5146 debilitate
1101 5088 1279 5142 adhuc
1327 5089 1379 5142 in
1422 5089 1573 5142 vobis
1616 5087 1859 5143 referunt

261 5186 525 5254 podagrae
553 5184 771 5238 dolores
799 5195 1132 5237 excrescere.
1170 5180 1275 5235 Sed
1304 5194 1400 5233 oro
1430 5179 1858 5247 omnipotentem

263 5278 584 5344 Dominum,
615 5285 675 5332 ut
704 5277 884 5330 omnia
911 5289 1029 5343 qure
1058 5273 1111 5327 in
1142 5281 1321 5327 vestro
1348 5288 1579 5340 corpore
1608 5280 1860 5338 aguntur,

261 5374 335 5423 ad
381 5371 612 5425 salutem
664 5369 857 5422 anima:
903 5366 1233 5435 dirigantur,
1287 5363 1493 5432 flagella
1547 5364 1861 5428 tennoralia

260 5472 530 5516 a'ternam
551 5461 706 5515 Vobis
726 5460 962 5527 quietem
985 5465 1308 5526 prmparent,
1340 5464 1395 5509 et
1417 5470 1513 5521 per
1532 5469 1627 5508 eos
1647 5454 1861 5507 doleres

262 5554 363 5622 qui
397 5570 520 5609 cum
551 5553 656 5607 line
683 5560 809 5607 sunt
835 5550 1030 5620 gaudia
1059 5549 1209 5604 vobis
1234 5549 1348 5603 sine
1381 5545 1485 5601 fine
1515 5544 1796 5601 euncedat.
1836 5564 1855 5597 ›

265 5640 444 5712 (Ibid.
473 5660 561 5714 ep.
589 5641 706 5706 se.)

346 5732 482 5788 Item
512 5732 833 5796 Mariniano,
863 5732 1161 5785 Ravennati
1192 5732 1447 5797 episcopo
1476 5745 1488 5780 :
1529 5746 1547 5778 ι
1579 5726 1867 5781 Venientes

274 5824 500 5883 ﬂuidam
532 5824 871 5881 Ravennates
900 5823 1145 5880 homines
1172 5820 1489 5891 gravissimo
1520 5834 1606 5873 me
1637 5832 1867 5873 ιιιωηιτυ

1963 4648 1983 4683 ‹
2015 4628 2185 4682 Tanta
2213 4628 2368 4682 nobis
2396 4625 2623 4680 subinde
2651 4624 2789 4678 mala
2817 4640 2936 4693 quae
2962 4632 3191 4691 aguntur
3217 4624 3268 4677 in
3301 4624 3388 4677 illa
3418 4641 3545 4693 pro-

1954 4719 2131 4772 vincia
2183 4716 2528 4781 nuntiantur,
2578 4722 2664 4776 ut,
2720 4714 2955 4783 peccatis
3001 4713 3347 4776 facientibus,
3402 4714 3545 4781 quod

1954 4819 2166 4867 avertat
2207 4810 2550 4878 omnipotens
2595 4807 2761 4867 Deus.
2816 4806 3065 4862 celeriter
3104 4819 3222 4857 eam
3255 4805 3546 4873 perituram

1954 4904 2256 4961 credamus.
2289 4922 2306 4955 ι
2344 4900 2534 4973 (Ibid)

2027 4993 2114 5051 55.
2163 4996 2267 5049 Sed
2300 5004 2353 5048 et
2386 4994 2567 5062 pejora
2599 4992 2868 5060 prioribus
2898 5004 3020 5045 esse
3051 4989 3257 5047 futura,
3309 4999 3549 5054 prtesago

2027 5037 2114 5051 νυ.
2163 5037 2267 5049 νυ..
2302 5037 2353 5048 -.
2387 5037 2567 5062 ,.ν,,....
2602 5037 2867 5060 rum.-.”
2901 5037 3018 5045 νη-
3247 5037 3257 5047 ,
3312 5037 3323 5054 ,
3483 5037 3541 5054 υκ

1958 5090 2149 5161 spiritu
2171 5130 2185 5153 ,
2220 5087 2482 5148 Maximo,
2517 5083 2835 5138 Salonitauo
2866 5082 3153 5149 epi~copo,
3204 5079 3423 5141 scribit,
3471 5037 3574 5131 dij

1961 5193 2089 5235 cens
2117 5197 2131 5232 :
2163 5196 2180 5229 ι
2211 5177 2289 5230 Ad
2316 5177 2611 5230 Romanam
2636 5174 2823 5227 urbem
2845 5173 3065 5225 veniens
3091 5171 3392 5225 communis
3415 5170 3552 5223 lilins

1965 5289 2041 5340 pri
2063 5272 2246 5341 sbyter
2276 5270 2582 5323 Veterauus
2612 5266 2683 5319 ita
2714 5280 2799 5317 me
2825 5264 3072 5333 podagra:
3100 5262 3374 5315 doloribus
3401 5262 3550 5314 debi—

1964 5360 2071 5416 lem
2103 5358 2320 5427 reperit,
2356 5368 2414 5410 ut
2444 5354 2798 5409 fraternitatis
2826 5364 2927 5407 tua:
2954 5352 3196 5421 epistolis
3228 5366 3323 5419 per
3352 5367 3438 5403 me
3469 5367 3552 5404 rc-

1965 5448 2233 5519 spondere
2262 5446 2563 5498 Imllatenns
2592 5442 2899 5497 voluissem.
2956 5441 3021 5496 Et
3063 5442 3277 5510 quidem
3308 5440 3375 5495 de
3399 5440 3550 5495 διοιδ-

1968 5554 2155 5593 vorutn
2186 5545 2375 5603 gente,
2420 5550 2539 5603 (pne
2565 5534 2717 5588 vobis
2757 5534 2910 5588 valle
2953 5533 3220 5599 imminet,
3262 5544 3311 5586 et
3349 5532 3555 5601 alllignr

1968 5631 2317 5685 vehementer
2343 5636 2395 5679 et
2426 5625 2739 5680 conturbor.
2777 5624 2998 5693 Aﬂligor
3025 5626 3075 5678 iu
3108 5624 3188 5677 his
3216 5640 3333 5692 qua:
3359 5623 3469 5692 jam
3502 5623 3553 5677 iu

1970 5721 2123 5774 vobis
2149 5720 2353 5789 patior;
2382 5717 2674 5771 rmrturbor
2697 5726 2874 5771 autem
2899 5717 3021 5787 quia
3049 5733 3141 5785 per
3165 5714 3329 5769 Istria:
3353 5715 3551 5767 aditqu

1968 5815 2079 5881 .la‘ll
2110 5812 2175 5866 αὐ
2215 5810 2416 5865 Italiam
2456 5811 2654 5864 intrare
2683 5821 2980 5879 ςαῚινῐῚιιιι.
3024 5810 3097 5863 De.
3140 5806 3349 5861 Jztliano
3378 5813 3551 5857 autem
