3992 6318
450 316 553 371 9H

1037 314 1096 367 S.
1135 310 1458 373 GliEGUlill
1500 310 1713 367 MAG.“
1756 312 1935 373 \‘i'fA,
1982 309 2183 364 AUJT.
2224 302 2488 366 JOANNE
2527 306 2841 366 DIACONO.
2882 305 3013 359 LIB.
3055 302 3145 358 IV.

3624 302 3724 357 2ῐὲ.

451 427 711 484 Scribone
728 427 855 500 Quid
885 425 1094 481 dicam?
1125 424 1349 492 Quanlo
1380 426 1575 493 ubique
1604 425 1760 479 video
1781 425 1902 494 quia
1939 442 2035 481 no-
2070 429 2113 485 Α
2145 431 2381 476 mentum
2412 425 2478 477 ab
2508 424 2590 478 his
2618 437 2845 491 quorum
2886 420 3108 476 interest
3135 418 3204 473 de
3233 418 3499 473 servanda
3521 416 3640 485 lege
3667 425 3720 471 et
3788 409 3793 414 ’

454 523 532 578 bis
555 530 776 592 peccata
799 529 983 576 nostra
1004 518 1386 588 respondeant,
1417 525 1475 570 ut
1496 525 1550 568 et
1568 514 1694 569 foris
1715 530 1744 567 a
1769 515 2036 582 gentibus,

452 624 509 669 et
536 614 679 669 intus
704 628 735 667 a
763 612 1031 684 perversis
1047 610 1321 678 .judicibus
1350 607 1767 661 conturbemur?
1805 605 1912 661 Sed
1944 621 2041 660 no—

457 706 549 758 lite
578 705 647 758 de
677 703 873 757 talibus
897 700 1207 756 omnimodo
1246 697 1555 753 contristari
1583 737 1598 758 ,
1645 698 1767 766 quit
1798 697 1887 766 qni
1920 705 2043 766 post

495 812 553 851 os
578 796 813 851 vixerint
839 794 1109 849 deteriora
1140 800 1381 862 tempora
1419 790 1709 853 videbunt,
1763 792 1835 844 ita
1887 801 1943 843 ut
1989 791 2042 845 in

459 885 862 956 comparatione
890 884 971 938 sui
1003 890 1197 953 tempoi
1215 882 1259 936 is
1289 882 1471 937 felices
1499 897 1598 935 nos
1633 896 1679 935 ω
1712 883 1820 934 tim.
1843 890 1899 934 nt
1929 881 2044 935 dies

460 972 729 1029 habuisse.
779 969 837 1027 In
864 979 1124 1040 quantum
1153 985 1282 1024 vero
1314 969 1618 1023 fraternitas
1648 978 1735 1023 tua
1770 970 2041 1037 ptzevalet,

455 1076 728 1132 opponere
758 1076 816 1114 se
845 1076 943 1131 pro
970 1060 1246 1130 Oppressis
1275 1058 1472 1124 debcl;
1504 1073 1645 1126 qua),
1676 1060 1887 1114 etiamsi
1918 1076 2045 1128 pro-

455 1153 609 1207 desse
638 1152 860 1205 tninime
886 1151 1145 1213 valuerit,
1179 1150 1293 1219 ipsa
1323 1150 1680 1219 omnipotenti
1712 1151 1823 1205 Deo
1850 1151 2046 1205 mentis

454 1245 670 1301 dev0tio
711 1244 944 1310 sufficit,
988 1260 1149 1314 quam
1194 1243 1357 1298 dedit.
1403 1243 1673 1313 Scriptum
1721 1253 1803 1298 est
1841 1246 1984 1299 enim
2027 1262 2041 1297 :

460 1336 619 1407 Eripe
639 1353 725 1391 eos
754 1336 841 1407 qui
861 1336 1117 1389 durantur
1145 1334 1215 1388 ad
1244 1343 1389 1388 mort.
1407 1351 1479 1402 m,
1502 1344 1551 1388 et
1572 1335 1656 1403 qui
1682 1335 1955 1388 trahuntur
1976 1337 2045 1387 ad

459 1425 726 1479 interitum
753 1424 973 1478 liberare
1002 1439 1066 1478 ne
1091 1439 1256 1478 cesses
1287 1422 1471 1493 (Prov.
1502 1438 1645 1488 xxiv,
1677 1422 1786 1493 tl).
1821 1421 1974 1488 Quod
2002 1424 2044 1477 si

459 1515 662 1569 dixeris
690 1533 702 1567 :
739 1515 889 1569 Vires
916 1532 1021 1568 non
1052 1523 1364 1583 suppetunt,
1395 1515 1484 1581 qui
1513 1516 1788 1583 inspector
1816 1524 1897 1569 est
1925 1530 2045 1568 cor-

460 1604 539 1659 dis
566 1606 677 1675 ipse
708 1605 975 1673 intelligit.
1007 1603 1061 1657 ιιι
1086 1604 1229 1656 omni
1258 1588 1389 1670 ergo
1421 1605 1564 1672 quod
1596 1605 1709 1671 agis
1729 1646 1745 1668 ,
1776 1605 2037 1673 inspecto~

461 1709 571 1749 rem
615 1694 792 1749 cordis
856 1702 1048 1761 appete
1095 1691 1233 1745 habe
1264 1710 1294 1746 e
1336 1692 1627 1761 placatum.
1657 1691 1922 1763 Quidquid
1965 1702 2047 1749 est

2142 511 2349 579 justitia
2398 516 2768 580 promittatur,
2816 519 2872 564 et
2920 525 3017 579 per
3061 508 3239 561 omnia
3289 514 3723 562 commoueantur

2144 600 2316 665 exire,
2348 608 2513 667 atque
2537 616 2756 655 suorum
2786 609 2997 655 actuum
3026 598 3254 652 reddere
3282 598 3573 651 rationem.
3603 596 3726 661 Qui-

2146 690 2246 744 bus
2286 689 2447 743 etiam
2483 690 2725 744 etclesia:
2755 698 2945 743 vestra:
2984 686 3320 742 defensorem
3351 686 3612 755 deputare
3643 700 3731 739 vos

2144 781 2426 843 convenit,
2459 779 2609 847 cujus
2634 780 2991 833 solicitudine
3017 794 3081 833 ea
3107 793 3226 847 qua:
3253 778 3357 834 illis
3387 776 3585 830 fuerint
3612 792 3731 845 pru-

2147 873 2306 926 missa
2338 882 2639 927 serventur.
2674 892 2691 923 ι
2730 871 2869 943 (Lib.
2902 888 2954 935 x,
2986 888 3069 939 ep.
3100 869 3214 937 38.)

2218 961 2305 1015 58.
2336 961 2560 1029 Quanta:
2600 962 2911 1015 humilitatis
2959 959 3252 1030 Gregorius
3280 959 3469 1023 fuerit,
3518 972 3637 1012 cum
3669 971 3731 1010 ex

2148 1053 2347 1117 multis,
2375 1063 2484 1105 tum
2508 1068 2571 1106 ex
2597 1052 2677 1107 his
2700 1050 3132 1104 manifstissime
3158 1049 3356 1118 poterit
3379 1046 3729 1117 deprehendi,

2147 1144 2290 1211 quod
2321 1158 2508 1196 omnes
2533 1142 2748 1210 quidem
2779 1141 3119 1206 sacerdmes,
3152 1138 3345 1193 fratres
3374 1148 3429 1192 et
3456 1136 3732 1193 commini-

2148 1243 2326 1294 st‘os,
2374 1234 2601 1287 clericos
2644 1242 2824 1287 autem
2866 1232 3064 1285 diversi
3110 1230 3312 1285 ordinis
3361 1226 3735 1283 dilectissimus

2150 1325 2309 1392 filios,
2341 1333 2396 1379 at
2425 1341 2552 1380 vero
2578 1324 2742 1379 laicos
2770 1326 2914 1379 viros
2940 1322 3207 1385 dominos,
3240 1329 3293 1375 et
3317 1319 3547 1373 feminas
3566 1318 3731 1372 domi-

2149 1433 2272 1481 nas,
2326 1418 2378 1470 in
2409 1418 2519 1470 suis
2550 1417 2740 1471 litteris
2769 1414 3123 1476 nominabat,
3161 1427 3333 1479 neque
3361 1409 3428 1463 ab
3469 1408 3651 1476 aliquo
3679 1422 3734 1461 se

2148 1524 2416 1561 summum
2448 1507 2756 1576 pontificem
2805 1514 2897 1557 aut
2939 1501 3291 1556 universaletn
3322 1499 3435 1553 sive
3462 1496 3734 1551 dominum

2149 1598 2328 1653 vocari
2378 1597 2751 1666 aequanimiter
2796 1592 3159 1663 permittebat.
3208 1588 3340 1643 Nam
3392 1596 3450 1641 ut
3502 1601 3567 1641 ea
3618 1601 3733 1653 quae

2148 1708 2310 1760 super
2357 1690 2661 1758 huiusmodi
2702 1687 3092 1757 comprehensa
3140 1693 3265 1738 sunt
3310 1679 3735 1752 ptteterntittam,

464 1782 606 1841 unde
651 1783 723 1836 illi
758 1783 969 1851 placras
1000 1780 1173 1836 facere
1216 1799 1322 1835 non
1366 1782 1603 1835 omittas.
1653 1782 1784 1836 Nam
1829 1786 2045 1840 humani
2083 1798 2125 1854 Β
2155 1781 2479 1835 Rusticiana:
2505 1778 2739 1848 patricia:
2765 1794 2838 1831 set
2854 1778 3032 1839 ibens,
3065 1774 3139 1827 ait
3170 1792 3180 1824 τ
3223 1791 3241 1824 t
3272 1769 3621 1825 Excellentia:
3652 1785 3736 1820 ve-

468 1883 704 1928 tctrorcs
733 1881 790 1926 et
835 1873 1046 1940 gratim,
1084 1871 1231 1925 fumo
1260 1880 1384 1925 sunt
1412 1872 1639 1937 similes,
1662 1874 1750 1942 qui
1780 1874 1885 1927 leni
1917 1889 2047 1928 aura

464 1972 651 2033 raptus
698 1964 987 2018 evanescit.
1020 1962 1131 2016 lloc
1158 1963 1458 2019 certissime
1484 1965 1618 2018 stilo
1637 2006 1652 2032 ,
1675 1965 1795 2034 quia
1838 1964 2050 2034 placere

467 2055 578 2109 Deo
598 2053 715 2107 sine
737 2054 914 2125 pravis
935 2054 1240 2108 hominibus
1261 2054 1431 2107 nullu=
1458 2063 1651 2122 po;est.
1682 2056 1733 2107 In
1751 2063 1901 2109 tanto
1923 2069 2051 2123 ergo

465 2158 524 2197 se
546 2144 777 2197 :cstimet
808 2136 1109 2197 fraternitas
1135 2152 1222 2196 tua
1247 2143 1599 2212 omnipotenti
1633 2143 1741 2197 Deo
1768 2143 2047 2212 placuisse,

465 2245 670 2303 quanto
700 2250 757 2289 se
798 2234 1061 2303 perversi.
1090 2234 1394 2288 hominibus
1421 2235 1471 2287 di
1507 2234 1755 2303 plicuis‘e
1784 2248 2052 2303 cognove-

467 2326 556 2379 rit.
585 2324 697 2394 Ipsi
725 2334 901 2378 tamen
924 2324 1164 2381 defensio
1187 2341 1479 2395 pauperum
1503 2326 1777 2381 moderata
1803 2337 1855 2381 et
1878 2325 2054 2393 gravis

468 2418 575 2483 sit,
605 2431 671 2471 ne
690 2458 709 2485 ,
737 2417 782 2470 si
808 2416 934 2485 quid
967 2417 1121 2470 nimis
1150 2416 1317 2484 rigide
1345 2418 1521 2486 agitis,
1554 2434 1619 2471 ex
1646 2417 1926 2485 jnventute
1954 2433 2051 2472 vos

469 2509 797 2563 arbitrentur
835 2508 1079 2561 homines
1107 2509 1405 2576 superbire.
1448 2508 1553 2562 Sed
1583 2510 1700 2565 talis
1729 2524 1946 2564 necesse
1972 2520 2053 2565 est

472 2607 530 2653 ut
557 2599 859 2653 inveniatur
882 2613 977 2667 pro
1006 2598 1275 2667 oppressis
1304 2607 1476 2651 vestra
1499 2596 1757 2663 defensio,
1790 2608 2054 2667 quatenus

472 2695 527 2742 et
550 2687 778 2741 humiles
802 2687 1189 2756 protectionem
1218 2688 1473 2748 sentiant.
1503 2698 1557 2742 et
1579 2704 1924 2758 oppressores
1946 2708 2051 2745 non

475 2778 633 2835 facile
655 2778 930 2834 inveniant
969 2780 1109 2846 quod
1144 2794 1209 2831 ex
1252 2778 1511 2833 malevola
1550 2787 1726 2834 mente
1756 2781 2052 2849 reprehen-

474 2871 622 2925 dant.
674 2870 905 2924 Attende
952 2884 1080 2939 ergo
1125 2884 1157 2936 q
1200 2869 1267 2923 od
1312 2868 1381 2924 ad
1432 2871 1762 2925 Ezechieletn
1810 2872 2049 2926 dicitur:

478 2961 585 3016 Fili
605 2962 945 3018 hominis..."
974 2962 1222 3016 increduli
1244 2971 1293 3016 et
1313 2961 1633 3017 subversores
1658 2974 1776 3017 sunt
1798 2974 1983 3032 tecum,
2005 2975 2055 3020 et

479 3068 593 3106 tum
623 3050 976 3122 scorpionibus
1005 3052 1204 3104 habitas
1236 3051 1446 3118 (Ezech.
1476 3069 1533 3119 lt,
1556 3052 1629 3121 6).
1661 3052 1724 3107 Et
1748 3054 1932 3109 beatus
1951 3053 2053 3110 Job

2147 1882 2271 1928 stne
2292 1871 2488 1938 seripta
2511 1870 2741 1937 suscepi,
2765 1883 2884 1936 qua:
2905 1882 2992 1920 me
3015 1867 3065 1919 in
3088 1866 3273 1933 gravis
3296 1865 3399 1917 ima
3424 1860 3736 1928 argrit'udino

2149 1961 2416 2031 positum,
2459 1960 2525 2013 de
2563 1959 2768 2024 salute,
2812 1958 2879 2012 de
2909 1957 3231 2021 devotione,
3274 1970 3337 2008 ac
3365 1954 3432 2008 de
3456 1952 3738 2007 dulcedine

2148 2069 2243 2107 sua
2275 2052 2495 2106 omnino
2526 2050 2848 2103 relevarunt.
2878 2046 3052 2102 Unum
3074 2052 3361 2113 veroargre
3382 2043 3591 2113 suscepi
3613 2042 3737 2111 quia

2150 2144 2201 2196 in
2234 2143 2360 2196 eisd.
2384 2158 2435 2196 m
2467 2142 2706 2211 epistulis
2736 2140 2803 2193 ad
2835 2154 2920 2194 me
2949 2139 3115 2208 (quod
3145 2139 3311 2193 semel
3352 2151 3475 2191 esse
3503 2134 3737 2204 poterat)

2150 2238 2343 2305 s:ep'us
2372 2235 2649 2289 dicebatur
2676 2252 2688 2287 :
2720 2233 2926 2288 Ancilla
2955 2240 3150 2296 vestra,
3180 2230 3376 2284 ancilla
3398 2236 3599 2283 vestra.
3631 2225 3739 2294 Ego

2152 2328 2318 2393 enim,
2352 2325 2441 2395 qui
2474 2340 2569 2394 per
2587 2325 2926 2393 episcopatus
2947 2338 3111 2377 onera
3141 2336 3327 2376 servus
3352 2335 3470 2374 sum
3494 2316 3734 2372 omnium

2152 2417 2340 2480 factus,
2369 2430 2471 2484 qua
2504 2414 2709 2468 ratione
2726 2422 2783 2467 te
2814 2413 2941 2467 mihi
2969 2412 3215 2467 ancillam
3244 2410 3395 2472 dicis,
3428 2407 3584 2476 cujus
3616 2416 3740 2460 ante

2153 2518 2457 2578 susceptum
2488 2508 2859 2576 episcopatum
2904 2505 3153 2576 proprius
3181 2504 3293 2557 fui?
3340 2501 3406 2556 Et
3450 2502 3571 2556 ideo
3616 2514 3741 2568 rogo

2156 2616 2251 2669 per
2271 2600 2696 2669 omnipotentem
2722 2597 2887 2651 Deum
2910 2613 2975 2651 ne
2999 2596 3103 2651 hoc
3126 2612 3173 2649 vc
3192 2596 3342 2650 rbum
3367 2593 3658 2663 aliquando
3680 2591 3740 2644 ad

2155 2708 2241 2746 me
2271 2693 2323 2746 in
2349 2692 2561 2760 scriptis
2589 2692 2783 2745 vestris
2814 2690 2913 2744 inv.
2938 2690 3132 2743 niam.»
3164 2686 3307 2760 (Lib.
3342 2702 3414 2751 ιι,
3443 2703 3530 2756 ep.
3562 2683 3675 2754 44.)

2226 2782 2312 2837 59.
2344 2783 2511 2849 llujus
2533 2782 2850 2837 humilitatis
2880 2781 3286 2835 mansuetudine
3318 2776 3613 2846 Gregorius
3641 2790 3742 2829 non

2155 2875 2327 2930 solum
2347 2871 2735 2928 Theudelinda:
2752 2876 2946 2940 reginae
2966 2871 3439 2940 Langobardorum
3455 2884 3556 2939 pro
3580 2867 3742 2921 tribus

2156 2966 2433 3037 capitulis,
2467 2981 2651 3020 verum
2692 2966 2887 3032 etiam,
2919 2965 3059 3018 inter
3088 2963 3251 3027 alios,
3283 2962 3483 3017 Savino
3508 2974 3744 3029 quoque,

2156 3076 2255 3113 suo
2305 3058 2668 3123 subdiacono,
2723 3057 3033 3111 satisfacere
3091 3071 3196 3109 non
3250 3054 3464 3120 renuit,
3517 3054 3742 3107 dicens:

479 3146 593 3199 ait:
627 3141 816 3197 Frater
845 3144 920 3214 fui
950 3143 1266 3211 draconum,
1294 3154 1340 3196 et
1369 3144 1537 3197 socius
1564 3145 1906 3199 urat/donum
1934 3146 2062 3217 (Job
2091 3154 2136 3215 C
2174 3171 2192 3204 ι
2252 3151 2525 3207 Exeuntes
2575 3148 2793 3217 maligni
2840 3148 3087 3203 homines
3139 3147 3491 3201 turbaverunt
3545 3146 3701 3197 aniuu
3722 3159 3743 3197 s

483 3247 611 3297 xxx,
635 3231 749 3302 29).
774 3231 839 3286 Et
861 3231 1055 3286 Paulus
1075 3232 1348 3304 discipulis
1369 3233 1499 3288 dicit
1521 3251 1535 3288 :
1561 3232 1627 3287 In
1649 3237 1814 3290 medio
1835 3240 2058 3295 nationis

482 3340 655 3396 prava
678 3332 727 3377 et
752 3339 1033 3393 pervenre,
1064 3324 1195 3376 inter
1223 3340 1349 3394 quos
1388 3324 1596 3387 lucetis,
1626 3327 1754 3378 sicut
1783 3327 2058 3384 luminaria

483 3419 537 3471 in
563 3416 755 3470 mundo
787 3413 951 3485 (Phil.
984 3429 1038 3475 tt,
1072 3412 1181 3484 15).
1213 3413 1386 3468 Tanto
1415 3428 1543 3483 ergo
1570 3416 1827 3473 debemus
1855 3422 2061 3474 cautius

486 3506 761 3561 ambulare
780 3547 796 3573 ,
826 3513 1030 3573 quanto
1058 3520 1157 3559 nos
1183 3508 1377 3558 scimus
1419 3508 1555 3561 inter
1586 3508 1675 3563 Dei
1711 3509 1953 3565 inimicos
1982 3514 2061 3565 vi-

486 3613 632 3654 vere.
673 3616 692 3649 ι
737 3596 954 3667 (Regist.
988 3597 1078 3650 lib.
1111 3612 1163 3658 χ,
1186 3614 1265 3666 ep.
1298 3596 1415 3666 36.)

560 3689 646 3745 56.
678 3687 844 3759 llujus
871 3692 1092 3744 cautela:
1121 3704 1231 3743 sure
1255 3690 1502 3744 conscius
1532 3689 1775 3747 Romano
1800 3693 2066 3750 defensori

486 3784 776 3853 Gregorius
804 3782 878 3837 ait
904 3799 918 3834 ι
955 3800 973 3833 ι
1014 3780 1262 3836 Pervenit
1286 3782 1351 3835 ad
1382 3798 1477 3837 no:
1501 3786 1624 3851 qu'a
1654 3784 1866 3855 quidam
1890 3787 2065 3841 homi-

488 3887 615 3934 nes,
667 3872 928 3925 minorem
961 3871 1271 3924 omnimodo
1299 3871 1494 3927 discret
1518 3890 1674 3927 onem
1706 3886 1981 3940 tenentes,
2017 3878 2067 3930 in

486 3966 597 4019 suis
624 3980 718 4017 nos
744 3964 995 4032 periculis
1024 3963 1284 4031 implicari
1316 3964 1655 4029 desiderant,
1685 3975 1845 4036 atque
1871 3968 1939 4021 ita
1971 3984 2070 4023 vo-

489 4057 604 4109 lunt
631 4056 697 4108 ab
727 4053 1105 4109 ecclesiasticis
1139 4053 1381 4122 personis
1410 4052 1658 4119 defendi,
1693 4065 1748 4109 ut
1779 4057 1905 4125 ipa:
1933 4073 2071 4126 quo-

486 4162 591 4215 que
613 4146 993 4201 ecclesiastica:
1023 4160 1267 4214 persona!
1288 4160 1354 4199 ex
1383 4161 1567 4199 eorum
1591 4148 1743 4217 culpa
1768 4157 2071 4204 teneantur.

488 4235 691 4291 Idcirco
720 4235 970 4304 praesenti
1001 4243 1055 4289 te
1082 4234 1443 4305 przcceptione
1485 4237 1744 4291 admoneo
1768 4278 1783 4301 ,
1816 4246 1871 4291 et
1901 4254 1995 4308 per
2025 4248 2077 4293 te

487 4328 707 4383 fratrem
731 4336 787 4381 et
811 4327 1191 4394 coepiscopum
1225 4334 1463 4381 nostrum
1492 4328 1745 4382 donmum
1772 4329 2033 4385 Joannem
2059 4369 2076 4395 ,

488 4416 571 4471 vel
594 4424 822 4469 caeteros
847 4416 1002 4484 160
1022 4415 1113 4482 qui
1142 4415 1399 4468 interesse
1424 4425 1663 4483 possunt,
1696 4426 1754 4471 ut
1779 4421 2077 4488 patrocinia

2164 3251 2391 3307 vestros,
2422 3257 2529 3296 non
2558 3240 2916 3309 intelligi-otes
2946 3253 3117 3305 neque
3146 3252 3265 3306 qum
3302 3234 3612 3302 loquuntur,
3654 3247 3744 3285 ne-

2162 3348 2266 3402 que
2291 3332 2357 3386 de
2381 3332 2573 3399 quibus
2597 3328 2883 3393 affirmant,
2917 3328 3256 3382 adstruentes
3281 3323 3426 3394 quod
3451 3322 3657 3392 aliquid
3684 3322 3746 3376 dc

2164 3432 2347 3478 sant-ta
2369 3420 2797 3477 Chalcedonensi
2821 3408 3027 3490 synodo
3043 3424 3143 3488 pia:
3169 3416 3439 3471 memoria:
3458 3411 3743 3468 Justiniani

2167 3514 2498 3583 temporibus
2524 3512 2594 3567 sit
2621 3511 2980 3573 imminutum,
3011 3524 3173 3577 quam
3204 3522 3301 3562 nos
3330 3505 3478 3561 omni
3508 3505 3611 3559 fide
3636 3519 3749 3559 om-

2168 3608 2329 3677 nique
2367 3604 2654 3659 devotione
2696 3616 3046 3665 veneramur;
3078 3607 3131 3654 et
3154 3600 3231 3654 sic
3256 3604 3487 3668 quatuor
3514 3594 3748 3667 synodos

2166 3706 2368 3751 sancta:
2422 3692 2740 3748 universalis
2792 3691 3048 3745 Ecclesia:
3102 3690 3245 3744 sicut
3294 3698 3527 3757 quatuor
3580 3686 3747 3739 libros

2168 3787 2339 3843 sanei
2364 3784 2633 3853 Evangelii
2663 3783 2967 3852 recipimus.
3014 3782 3091 3836 De
3118 3780 3360 3851 personis
3386 3793 3513 3833 vero
3541 3778 3609 3831 de
3635 3777 3749 3844 qui-

2173 3879 2270 3931 lms
2319 3885 2439 3945 post
2468 3874 2756 3928 terminum
2806 3871 2999 3943 synodi
3050 3869 3249 3940 aliquid
3303 3878 3481 3923 aetum
3538 3867 3592 3920 fu
3630 3875 3750 3933 rat,

2172 3967 2408 4036 ('jlbdtilll
2440 3967 2539 4035 piae
2567 3965 2837 4019 memoria:
2857 3960 3138 4017 Justiniani
3167 3960 3497 4030 temporibus
3517 3966 3603 4012 est
3626 3972 3751 4011 ven-

2176 4059 2411 4118 tilatum;
2452 4058 2525 4110 ita
2555 4065 2732 4110 tamen
2765 4062 2823 4108 ut
2856 4069 2957 4109 nec
2983 4053 3112 4108 fides
3137 4052 3190 4107 in
3219 4051 3400 4120 aliquo
3436 4049 3749 4113 violaretur,

2177 4166 2274 4203 nee
2301 4152 2368 4204 de
2397 4148 2597 4202 eisdem
2622 4146 2862 4215 personis
2890 4143 3093 4213 aliquid
3119 4136 3264 4198 aliud
3283 4148 3561 4211 ageretur,
3592 4154 3752 4209 quam

2176 4241 2317 4310 apud
2363 4240 2605 4295 eamdem
2665 4248 2905 4293 sanctam
2951 4236 3441 4292 Chalcedonensem
3488 4233 3752 4304 synodum

2179 4330 2353 4386 fuerat
2379 4330 2747 4385 Constitutum.
2788 4327 3309 4382 Anathematizamus
3338 4336 3535 4391 autem,
3564 4325 3610 4379 si
3640 4324 3754 4393 quis

2178 4436 2243 4476 ex
2274 4419 2584 4474 dellnitione
2614 4419 2730 4472 llJri
2752 4433 2869 4487 quae
2892 4419 2944 4471 in
2970 4417 3159 4471 eadem
3183 4418 3390 4487 synodo
3420 4417 3627 4485 prolata
3654 4426 3754 4477 est,

487 4506 869 4569 ecclesiastica,
903 4506 1016 4559 sive
1044 4519 1163 4559 mea
1191 4504 1494 4574 suscipiatis
1514 4505 1739 4575 scripta,
1769 4507 1882 4562 sive
1910 4509 2069 4564 etiam
2104 4545 2151 4602 ο
2181 4509 2380 4577 aliquid
2409 4509 2722 4564 imminuere
2751 4509 3120 4579 prtesumpsit,
3152 4508 3239 4561 vel
3264 4506 3416 4577 quasi
3441 4505 3756 4575 corrigendo

489 4613 553 4653 ea
603 4596 821 4651 minime
869 4596 1065 4649 fuerint
1103 4595 1334 4660 directa,
1380 4595 1479 4649 sub
1517 4602 1667 4649 tanto
1704 4597 2069 4654 moderamine

487 4687 731 4742 debeatis
751 4686 1079 4755 impendere,
1100 4694 1383 4756 quatenus,
1406 4688 1447 4740 si
1473 4687 1561 4754 qui
1588 4687 1637 4740 in
1669 4688 1819 4742 furtis
1842 4691 1948 4756 pub
1972 4690 2067 4743 icis

488 4777 742 4849 implicati
766 4786 911 4845 sunt,
938 4792 967 4831 a
1000 4778 1153 4831 nobis
1179 4792 1286 4830 non
1314 4776 1593 4831 videantur
1617 4778 1805 4843 injuste
1832 4780 2064 4847 defendi,

486 4887 553 4926 ne
595 4870 904 4940 opinionem
948 4869 1087 4921 male
1130 4869 1399 4937 agentium
1437 4885 1502 4923 ex
1545 4870 1842 4924 indiscretm
1881 4871 2066 4927 defen—

481 4961 650 5015 sionis
678 4975 808 5014 ausu
835 4960 885 5013 in
914 4975 1010 5013 nos
1032 4959 1140 5012 ullo
1168 4958 1327 5011 modo
1351 4959 1751 5023 transferamus,
1778 4960 1870 5013 sed
1892 4975 2063 5027 quan-

484 5062 593 5107 tun
634 5052 818 5114 deret,
869 5050 1151 5105 ecclesiam
1196 5050 1533 5103 admonendo
1564 5060 1618 5103 et
1646 5053 1864 5103 verbum
1898 5053 2063 5104 inter-

481 5144 740 5198 cessionis
768 5142 1087 5201 adltibendo,
1131 5142 1323 5209 quibus
1359 5142 1546 5194 valetis
1573 5142 1891 5208 succurrite,
1926 5152 1982 5194 ut
2010 5149 2065 5195 et

485 5234 588 5288 illzs
613 5249 771 5303 opem
800 5234 1006 5301 feratis,
1034 5242 1089 5286 et
1116 5233 1420 5302 Opinionem
1449 5240 1645 5285 sancta:
1676 5229 1927 5286 Ecclesia:
1958 5248 2064 5285 non

486 5326 792 5393 inquinetis.
829 5343 847 5376 ι
893 5323 1031 5391 (Lib.
1063 5341 1137 5390 lx,
1166 5342 1247 5394 ep.
1279 5321 1394 5392 9.7.)

551 5414 640 5469 57.
672 5414 805 5470 Item
826 5414 1102 5476 Januario,
1132 5416 1407 5482 episcopo,
1440 5424 1558 5483 post
1586 5412 1760 5481 aliqua
1792 5452 1805 5465 .
1844 5431 1860 5462 ι
1895 5413 1950 5467 Si
1972 5414 2065 5483 qui

480 5519 670 5560 eorum
697 5505 765 5559 de
789 5506 984 5573 quibus
1005 5515 1086 5558 est
1115 5506 1294 5573 aliqua
1319 5505 1544 5573 quaestio
1568 5505 1619 5557 in
1647 5505 1931 5558 ecclesiam
1958 5506 2069 5557 for-

481 5606 624 5651 tasse
652 5596 973 5665 refugerit-tt,
1002 5598 1075 5650 ita
1108 5596 1268 5651 debet
1293 5612 1453 5650 causa
1482 5597 1727 5665 disponi,
1760 5606 1818 5651 ut
1844 5612 1942 5653 nec
1965 5597 2065 5667 ipsi

480 5686 791 5743 violentiam
833 5687 1132 5757 patiantur,
1182 5704 1281 5742 nec
1322 5688 1375 5741 hi
1406 5688 1494 5757 qui
1532 5688 1784 5741 dicuntur
1821 5689 2065 5758 oppressi

478 5780 671 5838 damna
697 5778 1014 5838 sustineant.
1045 5778 1199 5833 Cura:
1224 5794 1351 5847 ergo
1380 5789 1569 5833 vestrm
1600 5780 1669 5835 sit
1696 5788 1751 5834 ut
1781 5780 1857 5835 eis
1885 5796 2063 5837 sacra-

2172 4601 2289 4670 ejns
2313 4616 2528 4655 sensum
2570 4611 2808 4665 mutare,
2839 4598 2933 4655 sed
2960 4601 3099 4654 sicut
3142 4598 3255 4653 illic
3280 4597 3489 4668 prolata
3512 4606 3632 4663 est,
3664 4611 3757 4665 per

2171 4692 2349 4744 (Illlllla
2379 4691 2725 4746 custodimus.
2756 4690 2832 4746 Te
2854 4705 3001 4760 ergo,
3034 4690 3107 4744 tili
3131 4689 3470 4756 charissime,
3500 4687 3664 4742 decet
3691 4686 3754 4741 ad

2172 4783 2431 4835 unitatem
2463 4779 2581 4835 fidei
2612 4797 2883 4843 remeare,
2937 4781 3088 4850 161
3123 4789 3180 4834 ut
3207 4778 3366 4833 linem
3397 4788 3544 4832 tuutn
3575 4778 3759 4833 valeas

2170 4872 2222 4926 in
2256 4886 2388 4940 pace
2417 4870 2759 4933 concludere,
2791 4886 2858 4924 ne
2890 4872 3154 4939 trialignus
3182 4870 3421 4938 spiritus,
3453 4868 3545 4936 qui
3573 4879 3759 4923 contra

2170 4969 2220 5014 te
2252 4977 2347 5029 per
2370 4960 2470 5016 alia
2496 4976 2659 5029 opera
2691 4960 2981 5029 prtevalere
3011 4977 3116 5013 non
3148 4968 3344 5031 potest,
3377 4974 3443 5013 ex
3472 4960 3571 5013 hac
3598 4975 3757 5014 causa

2170 5051 2405 5103 inveniat
2433 5050 2571 5105 unde
2596 5051 2687 5103 tibi
2719 5051 2770 5104 in
2792 5050 2879 5104 die
2904 5052 3079 5105 exitus
3110 5054 3186 5104 tui
3224 5052 3277 5105 in
3302 5050 3452 5104 aditu
3467 5051 3624 5125 regni
3655 5066 3759 5106 etn-

2171 5140 2319 5194 lestis
2348 5141 2594 5195 obsistat.
2620 5160 2638 5191 ι
2677 5139 2819 5209 (Lib.
2851 5158 2929 5207 ιιι,
2959 5159 3040 5210 ep.
3068 5141 3181 5210 10.)

2239 5232 2327 5285 tit).
2354 5231 2484 5285 Item
2516 5231 2813 5298 Grc-gerite,
2845 5231 3182 5286 cubicularis:
3208 5231 3456 5296 Augusta:
3473 5270 3488 5295 ,
3513 5237 3637 5298 post
3660 5242 3761 5281 cte-

2173 5332 2285 5376 tera
2313 5340 2326 5376 :
2363 5342 2380 5373 ι
2401 5322 2554 5389 Quod
2586 5323 2814 5378 dulcedo
2845 5332 2936 5377 tua
2968 5322 3020 5377 in
3047 5324 3160 5379 suis
3187 5308 3429 5392 epistolis
3454 5319 3758 5389 subjunxit,

2176 5414 2539 5482 importunam
2566 5428 2625 5467 Se
2654 5414 2783 5468 mihi
2804 5413 3038 5468 existere
3067 5426 3349 5483 quousque
3373 5410 3605 5465 scribam
3630 5407 3757 5462 mihi

2170 5523 2291 5561 esse
2322 5505 2617 5560 revelatum
2646 5507 2770 5575 quia
2796 5514 3015 5577 peccata
3039 5516 3129 5560 tua
3156 5504 3374 5560 dimissa
3403 5502 3530 5567 sint,
3558 5515 3673 5555 rem
3704 5506 3757 5554 et

2167 5596 2437 5651 ditlicilem
2469 5604 2525 5650 et
2575 5597 2818 5652 inutilem
2869 5595 3173 5668 postulasti.
3200 5593 3481 5650 Dillicilem
3509 5591 3752 5661 quidem,

2166 5687 2289 5757 quia
2319 5702 2419 5755 ego
2447 5686 2692 5756 indignus
2718 5706 2854 5756 sunt,
2880 5690 2964 5745 cui
2996 5689 3254 5744 revelatio
3274 5686 3388 5742 ﬁeri
3417 5685 3648 5750 debeat;
3676 5684 3739 5737 in-

2166 5778 2351 5835 utiletn
2375 5794 2521 5844 vero,
2546 5781 2670 5848 quia
2693 5798 2885 5838 secura
2906 5781 2971 5836 de
2996 5782 3231 5846 peccatis
3250 5780 3353 5836 tuis
3378 5779 3489 5834 tieri
3522 5796 3631 5834 neu
3655 5778 3744 5832 de-
