3992 6318
219 383 323 442 ξῐδ

807 385 862 438 S.
905 383 1235 440 GIIEGORII
1277 382 1488 438 MAGNI
1531 381 1713 447 VITA,
1758 377 1961 434 AUCT.
2001 379 2262 434 JUANNE
2306 381 2616 438 I)l.\CO.\'O.
2665 385 2790 442 LIB.
2837 385 2925 441 IV.

3385 392 3482 444 ΞΗ

215 504 321 565 bes,
349 501 449 554 nisi
471 515 591 554 cam
622 500 724 568 jam
753 499 803 553 in
833 498 918 553 die
947 499 1064 552 vita:
1089 508 1192 552 tum
1220 497 1408 552 ultimo
1432 497 1685 566 plangere
1705 509 1796 548 ca-
1827 500 1868 553 Α
1900 494 2126 561 halaret,
2158 496 2452 551 Sabiniano
2479 514 2576 552 suo
2614 501 2844 556 diacono
2873 500 3483 572 Constantinopolitano

217 594 332 646 dem
364 598 584 661 peccata
617 591 834 644 minimc
858 590 1090 652 valebis;
1119 605 1239 657 qua:
1261 589 1375 640 dies
1398 601 1681 656 quousque
1711 600 1802 638 vc-

217 683 340 742 niat,
369 697 583 750 semper
609 689 881 748 suspecta,
912 696 1127 748 semper
1157 679 1385 749 trepida,
1420 688 1664 731 metuere
1685 675 1802 730 cul-

217 787 308 840 pas
346 770 533 837 debes,
573 782 734 839 atque
783 788 876 825 cas
920 770 1251 839 quotidianis
1288 768 1501 821 ﬂetibus
1541 767 1736 835 lavare.
1777 783 1795 816 ι

214 859 351 929 (Lib.
385 875 477 924 \‘ll,
509 858 611 930 Ep.
643 858 760 931 25.)

279 950 338 1003 (il
353 987 368 1002 .
386 950 515 1004 Item
537 949 845 1016 Anastasio,
863 949 1178 1019 presbytero
1200 948 1430 1008 Isaurize,
1453 952 1572 1014 post
1587 945 1762 1010 aliqua
1785 959 1798 994 :

214 1055 237 1091 ς
267 1037 380 1092 Tua
411 1041 592 1107 Itaque
618 1038 932 1094 fraternitas
967 1047 1228 1107 quantum
1264 1039 1316 1091 in
1339 1036 1602 1091 charitate
1629 1032 1805 1103 perfe-

211 1140 294 1187 cta
326 1134 417 1198 sit,
444 1134 587 1187 scio:
615 1141 674 1186 et
711 1133 799 1198 qui
831 1133 1254 1203 ottinipotentem
1286 1129 1450 1183 Deum
1470 1127 1692 1181 multum
1723 1125 1803 1179 di-

211 1223 346 1289 lisit.
370 1233 592 1294 oportet
622 1232 680 1278 ut
701 1223 771 1278 de
801 1224 1049 1294 proximo
1095 1225 1316 1277 multum
1350 1230 1654 1290 pnesumat.
1687 1217 1798 1271 Non

209 1316 354 1368 enim
399 1317 520 1371 loca
550 1317 637 1371 vel
665 1315 887 1371 ordines
914 1315 1158 1371 Creatori
1210 1323 1394 1368 nostro
1423 1313 1695 1382 proximos
1725 1308 1802 1363 fa-

204 1405 386 1475 ciunt,
428 1407 524 1463 sed
552 1407 606 1462 ei
652 1423 752 1464 nos
782 1415 876 1461 aut
901 1408 1091 1462 merita
1134 1407 1272 1460 bona
1302 1403 1666 1473 conjungunt,
1709 1410 1801 1455 aut

205 1497 356 1551 mala
397 1497 731 1568 disiungunt.
754 1498 888 1565 Quia
913 1512 1043 1566 ergo
1070 1498 1242 1551 adhuc
1265 1498 1524 1551 incertum
1549 1505 1658 1560 est,
1681 1497 1802 1564 quis

203 1585 448 1642 interius
462 1589 636 1657 qualis
653 1587 744 1656 sit,
760 1602 978 1642 curnou
999 1585 1198 1639 audeas
1226 1585 1483 1647 scribere,
1510 1602 1631 1639 cum
1663 1585 1803 1640 inter

198 1693 300 1736 me
333 1692 392 1738 et
418 1693 474 1738 te
497 1685 618 1753 quis
646 1684 716 1736 sit
742 1682 989 1752 superior
1010 1681 1246 1748 ignaris?
1266 1679 1329 1734 Et
1348 1681 1564 1750 quidem
1590 1681 1727 1736 bene
1746 1688 1804 1736 te

201 1777 400 1833 vivere
423 1781 558 1843 scio,
586 1791 672 1830 me
698 1785 877 1830 autem
917 1774 1098 1829 multis
1128 1784 1411 1829 oneratum
1446 1775 1681 1844 peccatis
1709 1791 1805 1830 co-

1905 585 2168 650 scribens,
2207 587 2284 640 ait
2326 604 2340 639 :
2389 606 2406 638 ι
2443 587 2619 643 Unum
2661 597 2742 645 est
2778 591 2922 661 quod
2961 593 3197 647 breviter
3234 606 3491 661 suggeras

1904 677 2259 731 scretiissintis
2295 676 2527 732 dominis
2570 680 2765 734 nostris
2783 720 2798 746 ,
2829 681 2955 750 quia
2977 681 3018 736 si
3048 695 3148 751 ego
3177 698 3365 737 servus
3394 697 3490 737 eo-

1904 782 2022 819 rum
2047 768 2098 820 in
2131 777 2304 822 morte
2331 767 2805 836 Langobardorum
2835 786 2922 825 me
2953 770 3178 826 miscere
3200 772 3487 827 voluissem

1907 856 2065 910 hodie
2106 857 2584 925 Langobardorum
2629 873 2760 927 gens
2793 874 2894 914 nec
2919 874 3122 928 regem,
3154 876 3255 916 nec
3303 860 3488 927 duces,

1903 961 2006 1000 nec
2031 948 2259 1001 comites
2288 947 2536 1006 haberet.
2566 957 2732 1016 atque
2758 949 2811 1003 in
2842 964 3049 1003 summa
3079 950 3392 1004 confusione
3419 949 3493 1003 di-

1904 1034 2017 1089 visa
2045 1046 2208 1090 esset.
2243 1036 2349 1089 Sed
2372 1038 2496 1104 quia
2527 1038 2694 1090 Deum
2724 1037 2909 1103 timeo,
2934 1040 2986 1093 in
3016 1047 3191 1094 morte
3209 1039 3494 1108 cujuslibet

1903 1126 2136 1180 hominis
2163 1141 2249 1179 me
2279 1127 2507 1179 miscere
2554 1126 2806 1181 formido.
2841 1127 3082 1183 Malehus
3129 1138 3308 1184 autem
3356 1129 3493 1183 idem

1901 1215 2185 1285 episcopus
2214 1230 2389 1283 neque
2417 1214 2471 1268 in
2493 1214 2740 1270 custodia
2770 1215 2890 1283 fuit,
2917 1233 3094 1285 neque
3121 1219 3175 1272 in
3203 1219 3381 1287 aliqua
3409 1219 3468 1272 af
3474 1252 3490 1260 -

1901 1307 2158 1371 ﬂictione,
2209 1306 2302 1360 sed
2334 1305 2422 1360 die
2468 1322 2572 1375 qua
2605 1322 2822 1360 causam
2853 1307 2988 1360 dixit
3018 1318 3069 1362 tt
3117 1309 3363 1364 addictus
3385 1319 3488 1374 est,

1901 1399 2177 1453 nesciente
2227 1413 2333 1462 me,
2366 1413 2393 1450 a
2427 1395 2703 1452 Bonifacio
2759 1399 2970 1452 notario
3003 1399 3054 1452 in
3103 1399 3323 1452 domu-n
3377 1400 3494 1469 ejus

1903 1488 2094 1544 ductus
2121 1498 2222 1551 ist,
2249 1488 2426 1556 ibique
2446 1488 2755 1556 prandldit,
2785 1498 2837 1543 ct
2867 1489 3168 1544 honoratus
3195 1498 3280 1542 est
3305 1491 3373 1543 ab
3402 1507 3490 1555 eo,

1903 1589 1960 1636 et
2011 1597 2094 1634 non
2117 1589 2169 1634 te
2215 1580 2394 1635 subito
2444 1587 2691 1636 mortuus
2745 1589 2829 1636 est
2875 1581 3143 1638 inventus.
3175 1600 3193 1634 ι
3230 1579 3377 1654 (Lib.
3419 1598 3490 1648 ιν,

1902 1691 1983 1741 ep.
2014 1671 2132 1735 47.)
3205 1683 3226 1691 "

1976 1761 2066 1818 65.
2097 1763 2263 1833 Igitur
2283 1764 2336 1818 in
2365 1764 2614 1820 omnibus
2643 1765 2756 1819 suis
2783 1766 2940 1820 dit-tis
2961 1767 3044 1819 \cl
3067 1768 3340 1837 operibus,
3360 1767 3492 1822 Grc-

202 1882 438 1937 ειιοεοο,
467 1867 574 1922 Sed
613 1867 713 1922 etsi
744 1867 859 1932 ipse
895 1875 1150 1936 peccator
1178 1881 1257 1931 es,
1289 1875 1469 1920 tamen
1499 1881 1586 1920 mc
1633 1865 1802 1918 multo
1841 1862 1878 1917 Β
1906 1856 2089 1925 gorius
2128 1855 2496 1909 imminentem
2543 1854 2734 1910 futura:
2763 1856 3131 1912 retributionis
3176 1857 3318 1911 diem
3368 1857 3492 1911 ulti-

203 1957 406 2012 melior
425 1973 502 2020 es,
529 1957 653 2026 quia
682 1965 771 2010 tua
800 1964 858 2010 tu
887 1957 1276 2020 tantummodo,
1323 1970 1425 2025 ego
1451 1970 1581 2010 vero
1611 1963 1662 2009 et
1707 1971 1803 2009 eo-

207 2061 334 2101 rum
365 2046 456 2115 qui
507 2045 636 2100 mihi
667 2045 940 2100 commissi
967 2055 1090 2099 sunt
1117 2055 1337 2114 peccata
1381 2055 1560 2115 porto.
1594 2045 1648 2098 In
1695 2045 1802 2100 hoc

206 2151 341 2204 ergo
387 2147 439 2190 te
467 2137 655 2200 altum,
684 2136 736 2190 in
777 2136 879 2191 hoc
908 2146 961 2190 te
990 2150 1244 2203 magnum
1272 2136 1497 2204 aspicio,
1528 2135 1647 2202 quia
1675 2143 1801 2190 ante

207 2229 482 2284 humanos
507 2229 695 2284 oculos
718 2229 772 2282 in
798 2242 992 2295 magno
1023 2237 1186 2297 atque
1215 2228 1268 2281 in
1298 2227 1407 2281 alto
1437 2227 1557 2282 loco
1581 2227 1801 2282 minime

206 2319 487 2388 profecisti
521 2338 533 2372 :
563 2319 616 2372 in
646 2335 756 2387 quo
797 2334 939 2388 stupe
969 2319 1095 2372 dum
1125 2317 1363 2372 exaerius
1386 2317 1454 2372 ab
1495 2318 1801 2372 hominibus

208 2409 395 2462 honor
417 2407 688 2474 tribuitur,
709 2407 777 2460 ad
807 2407 913 2460 ima
936 2407 1144 2460 aninms
1172 2422 1239 2458 nn
1259 2406 1450 2474 rgitur,
1492 2407 1616 2474 quia
1659 2407 1802 2462 curis

207 2500 647 2569 discerpentibus
668 2513 938 2566 gravatur.
954 2497 1072 2551 Tibi
1094 2507 1274 2551 antem
1296 2497 1640 2566 omnipotens
1664 2498 1802 2555 Deus

203 2591 362 2660 juxta
390 2593 499 2646 hoc
518 2591 661 2659 quod
684 2590 940 2658 scriptum
970 2597 1071 2653 est,
1095 2589 1349 2642 Ascensus
1371 2590 1422 2640 in
1447 2588 1600 2642 corde
1627 2588 1803 2658 dispo-

205 2683 308 2735 suit
341 2683 401 2736 in
422 2683 552 2736 valle
581 2683 925 2752 tacrynmrum
954 2679 1126 2753 (Psal.
1158 2696 1305 2745 xm,
1331 2680 1409 2748 6).
1435 2679 1600 2733 Multo
1623 2690 1802 2733 autent

204 2772 341 2826 mihi
367 2772 553 2838 altior,
583 2772 752 2827 multo
780 2771 1060 2826 sublimior
1087 2770 1258 2825 videri
1290 2780 1526 2838 poteras,
1556 2771 1601 2824 si
1630 2785 1805 2839 neque

205 2862 470 2915 ducatum
495 2861 806 2916 monasterii
835 2861 980 2931 quod
1010 2861 1146 2916 Neas
1171 2860 1368 2916 dicitur
1398 2861 1746 2932 suscepisses.
1780 2881 1799 2913 ι

207 2949 359 3021 (Lib.
389 2968 482 3016 vn,
515 2969 596 3020 ep.
623 2951 736 3020 32.)

277 3043 376 3097 62.
415 3046 544 3098 Item
575 3043 852 3112 Stephano
878 3045 1159 3112 episcopo,
1183 3042 1322 3097 inter
1350 3042 1453 3096 alia
1483 3060 1496 3094 :
1531 3060 1549 3093 ι
1581 3041 1803 3096 Multum

211 3133 374 3199 mihi,
405 3142 462 3186 et
499 3133 640 3186 ultra
671 3149 832 3202 quam
863 3133 1111 3197 indignus
1139 3133 1323 3187 audire
1353 3132 1533 3198 debui,
1566 3132 1805 3188 favorem

1904 1963 2050 2002 mum
2080 1947 2465 2016 perpendebat,
2499 1955 2759 2016 tantoque
2797 1949 3010 2003 cautius
3038 1957 3230 2004 cuncta
3271 1960 3498 2006 cuncto-

1903 2055 2021 2093 rum
2077 2041 2292 2107 negotia
2335 2038 2668 2108 ponderabat
2711 2049 2915 2108 quanto
2962 2041 3310 2111 propinquius
3335 2033 3495 2097 Iineiu

1902 2131 2083 2184 ntnndi
2103 2131 2372 2193 insistere,
2404 2130 2572 2184 ruinis
2598 2129 2714 2199 ejus
2735 2131 3218 2195 crebrescentibus,
3246 2132 3496 2186 adverte-

1902 2223 2012 2277 bat.
2046 2221 2385 2290 Quapropter
2424 2221 2477 2275 in
2518 2221 2753 2276 honnliis
2783 2221 3117 2290 Evangelicis
3135 2223 3385 2292 perbibet
3409 2224 3492 2278 di-

1902 2329 1948 2368 Ct
1969 2329 2032 2368 ns
2063 2330 2076 2365 :
2113 2332 2129 2363 ι
2161 2311 2428 2380 Exsurget
2449 2327 2581 2382 gens
2609 2322 2796 2367 contra
2819 2322 3032 2380 gentem
3062 2322 3118 2368 et
3145 2329 3365 2384 regnum
3395 2315 3491 2370 ad-

1903 2419 2089 2458 versus
2116 2417 2362 2471 regmun,
2390 2412 2446 2456 et
2465 2411 2623 2457 erant
2653 2413 2807 2457 teme
2830 2413 3007 2458 motus
3030 2405 3206 2474 magni
3229 2422 3325 2477 per
3353 2406 3492 2476 loca,

1903 2494 2221 2564 pestilenta:
2249 2502 2305 2549 et.
2329 2493 2514 2549 fames.
2549 2513 2568 2546 ο
2599 2493 2665 2547 Et
2690 2495 3009 2564 quibusdam
3041 2497 3372 2566 interpositis
3399 2500 3492 2552 ad-

1899 2583 2078 2651 junxit
2107 2601 2119 2636 :
2159 2603 2178 2634 ι
2215 2582 2282 2636 Et
2309 2594 2465 2637 eruat
2503 2585 2655 2653 signa
2685 2585 2736 2638 in
2763 2586 2878 2640 sole
2906 2594 2962 2640 et
2987 2586 3110 2640 luna
3138 2596 3193 2641 et
3216 2589 3405 2653 stellis,
3435 2602 3490 2644 et

1904 2673 1958 2728 in
1990 2674 2149 2727 terris
2185 2688 2434 2742 pressura
2483 2677 2722 2742 gentium
2770 2691 2881 2744 prce
2923 2677 3241 2733 confusione
3282 2680 3490 2734 sonitus

1905 2763 2070 2816 maris
2097 2772 2153 2816 et
2181 2762 2460 2818 ﬂuctuum.
2494 2763 2572 2819 Ex
2601 2766 2792 2834 quibus
2823 2766 3069 2835 profecto
3101 2769 3352 2823 omnibus
3387 2770 3490 2824 alia

1903 2853 2016 2922 jam
2047 2851 2185 2906 facta
2209 2853 2499 2919 cernimus,
2530 2854 2634 2907 alia
2664 2855 2717 2907 in
2762 2857 3008 2924 proximo
3047 2866 3274 2912 ventura
3306 2858 3493 2914 formi-

1906 2943 2117 2998 damus.
2150 2943 2280 2997 Nam
2325 2952 2540 3012 gentem
2587 2957 2774 3000 contra
2817 2956 3030 3014 gentem
3062 2965 3374 3018 exsurgere,
3406 2968 3494 3006 ea-

1909 3052 2138 3104 rumque
2169 3051 2472 3105 pressuram
2525 3038 2683 3092 terris
2714 3039 2988 3106 insistere,
3024 3043 3142 3111 plus
3160 3043 3273 3112 jam
3316 3045 3368 3098 in
3401 3063 3496 3099 no-

1907 3127 2036 3181 stris
2067 3127 2499 3182 tribulationibus
2527 3130 2799 3185 cernimus
2827 3147 2988 3200 quam
3035 3133 3089 3188 in
3119 3135 3395 3191 codicibus
3424 3138 3485 3191 le.

211 3227 262 3279 in
293 3225 551 3292 epistolis
577 3224 976 3280 demonstratis.
1014 3225 1078 3278 Et
1100 3227 1356 3293 scriptum
1389 3233 1498 3278 est:
1518 3223 1600 3278 Ne
1629 3225 1806 3280 Iaudes
1832 3226 1878 3287 C
1911 3216 2105 3284 gimlﬂo
2139 3215 2290 3282 QIIOJ
2340 3225 2495 3270 ῐοτιω
2537 3227 2714 3274 mOlus
2744 3219 2904 3275 urbes
2944 3219 3129 3276 initum
3152 3238 3252 3277 'ras
3280 3225 3476 3279 obruat

210 3315 476 3370 (torninem
505 3315 749 3386 quamdiu
770 3316 889 3369 vivit
921 3314 1106 3384 (Eccti.
1135 3331 1210 3382 si,
1238 3313 1351 3368 50).
1377 3317 1442 3367 At
1465 3315 1677 3369 tametsi
1707 3331 1806 3370 au-

209 3405 326 3459 dire
353 3403 486 3459 talia
509 3405 702 3472 dignus
726 3421 833 3459 non
887 3404 978 3470 fui,
1012 3405 1345 3459 orationibus
1375 3405 1565 3459 vestris
1593 3415 1721 3475 peto
1750 3413 1807 3459 ut

209 3497 408 3564 dignus
451 3496 696 3563 eﬂiciar,
729 3505 790 3550 ut
829 3497 874 3552 si
921 3497 1062 3551 bona
1090 3497 1140 3549 in
1175 3512 1260 3549 me
1291 3513 1398 3550 non
1443 3496 1563 3551 ideo
1598 3497 1809 3551 dixistis

208 3583 336 3651 quia
369 3589 532 3647 sunt,
564 3581 684 3637 ideo
706 3582 815 3637 sint
842 3581 966 3651 quia
998 3581 1226 3636 dixistis.
1264 3601 1282 3632 ι
1315 3579 1454 3650 (Lib.
1483 3597 1583 3644 vn,
1609 3597 1690 3651 cp.
1721 3579 1804 3654 8.)

285 3669 381 3723 63.
413 3669 518 3724 Se-I
551 3686 618 3724 ne
647 3669 776 3725 solis
803 3669 984 3725 verbis
1009 3671 1142 3723 tanti
1170 3670 1408 3737 prmsulis
1429 3670 1701 3725 humilitas
1727 3670 1810 3723 in-

211 3761 420 3816 euleari
453 3760 722 3825 credatur,
746 3769 993 3828 superest
1014 3771 1072 3814 ut
1099 3776 1165 3814 ex
1191 3759 1326 3815 Cum.
1349 3776 1501 3814 orum
1529 3759 1804 3814 relationi-

213 3851 312 3906 bus
341 3849 417 3904 ad
445 3866 530 3904 me
549 3866 722 3918 nuper
741 3850 1110 3920 interpretatis
1130 3850 1317 3904 eadem
1342 3848 1514 3903 Patris
1535 3848 1808 3904 humilitas

216 3941 353 3996 vivis
383 3956 467 4010 op:
490 3943 637 3994 ribus
678 3941 1096 4006 demonstretur,
1126 3939 1179 3994 in
1219 3939 1412 4008 quibus
1445 3939 1696 3994 videlicet
1733 3938 1807 3992 ita

218 4034 474 4090 relertur.
497 4032 785 4087 Enarravit
805 4031 960 4086 nobis
987 4031 1152 4084 abbas
1182 4028 1440 4092 Joannes,
1475 4029 1660 4094 Persa,
1685 4045 1808 4083 san-

215 4145 230 4176 ι
249 4133 336 4180 tus
364 4133 424 4179 et
453 4125 776 4179 reverendus
801 4124 879 4177 vir
920 4122 1184 4187 existens,
1215 4122 1282 4174 de
1315 4134 1508 4187 magno
1545 4119 1634 4173 Gr.
1655 4120 1808 4188 gorio

215 4216 535 4273 beati-simo
566 4230 703 4285 papa
744 4228 993 4280 romano,
1024 4213 1208 4268 dicens
1236 4232 1248 4266 :
1280 4212 1419 4266 Olim
1460 4213 1530 4267 ivi
1579 4212 1804 4266 Romam

215 4307 282 4362 ad
318 4307 656 4363 adorandum
684 4305 888 4360 loculos
913 4312 1224 4362 sanctorum
1264 4303 1630 4375 apostolorum
1661 4302 1807 4358 Petri

216 4407 273 4450 et
303 4397 478 4462 Pauli;
501 4405 558 4451 et
583 4412 683 4450 una
715 4396 940 4456 dierum,
966 4411 1086 4450 cum
1117 4404 1315 4450 starem
1341 4395 1392 4448 in
1415 4395 1590 4449 medio
1621 4395 1809 4450 civita-

218 4490 304 4553 tis,
328 4489 492 4543 video
524 4503 715 4558 papam
755 4486 1074 4555 Gregorium
1099 4503 1196 4556 per
1219 4502 1304 4541 me
1351 4487 1720 4554 transiturum,
1753 4495 1806 4541 ct

1906 3324 1975 3361 es
2007 3307 2125 3361 aliis
2148 3305 2330 3360 mundi
2362 3307 2634 3375 partibus,
2662 3309 2813 3364 scitis
2831 3349 2847 3377 ,
2874 3326 3037 3380 quam
3065 3311 3371 3382 frequenter
3401 3332 3485 3370 au-

1907 3398 2156 3452 divimus.
2193 3395 2533 3453 Pestilentias
2561 3399 2679 3454 sine
2704 3403 3009 3457 cessatione
3049 3404 3301 3473 patimur.
3333 3406 3494 3473 Signa

1906 3505 2037 3544 vero
2067 3489 2119 3543 in
2149 3489 2283 3552 sole,
2318 3498 2374 3544 et
2401 3489 2546 3556 luna,
2578 3499 2636 3546 et
2663 3489 2839 3546 stellis
2859 3493 3035 3548 adhuc
3063 3506 3252 3565 aperte
3277 3498 3495 3553 minimc

1907 3579 2170 3646 vidimus;
2203 3579 2299 3635 sed
2336 3580 2461 3648 quia
2492 3581 2608 3636 haec
2637 3597 2745 3637 non
2775 3582 2934 3652 longe
2961 3585 3072 3640 sint
3092 3627 3108 3650 ,
3139 3602 3205 3641 ex
3247 3587 3359 3657 ipsa
3385 3588 3494 3656 jam

1907 3671 2048 3727 acris
2095 3670 2472 3726 immutatione
2517 3673 2838 3744 colligimus.
2870 3676 3130 3742 Quamvis
3159 3681 3305 3748 prius
3333 3695 3494 3748 quam

1905 3760 2055 3815 italia
2101 3763 2285 3830 gentili
2338 3763 2516 3832 gladio
2563 3762 2801 3819 ferienda
2856 3767 3180 3835 traderetur,
3216 3770 3399 3837 igneas
3442 3773 3495 3827 in

1907 3853 2045 3907 caelo
2073 3853 2217 3906 acies
2240 3851 2490 3918 vidimus,
2520 3853 2802 3922 ipsumque
2821 3857 2912 3923 qni
2943 3867 3128 3925 postea
3160 3860 3377 3914 luunani
3404 3877 3496 3929 ge-

1909 3940 2055 3994 neris
2093 3939 2243 3994 fusus
2287 3947 2390 4004 est,
2441 3942 2754 4010 sanguinem
2810 3955 3206 4002 coruscantem.
3237 3949 3494 4005 Coid'usio

1909 4043 2088 4085 autem
2131 4032 2296 4088 maris
2324 4040 2381 4088 et
2407 4030 2668 4089 ﬂuctuum
2697 4036 2925 4090 necdum
2972 4054 3110 4092 nova
3151 4051 3339 4095 exorta
3387 4054 3492 4108 est,

1906 4121 2001 4176 sed
2028 4138 2148 4177 cum
2179 4123 2346 4177 multa
2369 4121 2479 4192 jam
2519 4126 2874 4193 praenuntiata
2923 4128 3030 4182 sint
3075 4132 3362 4199 culupleta,
3393 4135 3493 4189 du-

1907 4211 2052 4265 b.qu
2084 4229 2188 4265 non
2241 4221 2323 4267 est
2349 4213 2477 4282 quin
2508 4217 2803 4282 sequantur
2829 4217 2990 4270 etiam
3025 4235 3193 4290 pinea
3243 4237 3362 4290 ιιιιω
3409 4238 3494 4276 re-

1907 4312 2072 4365 stant,
2105 4304 2227 4372 quia
2267 4304 2607 4374 sequentium
2632 4319 2811 4360 rerum
2842 4308 3106 4362 certitudo
3138 4320 3221 4364 est
3249 4313 3497 4376 praeteri-

1910 4400 2092 4447 tarum
2124 4393 2544 4460 exliibitio.;rEt
2571 4394 2733 4465 paulo
2754 4405 2874 4466 post
2905 4415 2916 4449 :
2947 4415 2966 4450 ι
2986 4397 3144 4464 Ecce,
3164 4401 3492 4469 l'ratrtsmei,

1904 4485 2016 4553 jam
2067 4485 2335 4539 cernimus
2359 4484 2502 4554 quod
2531 4484 2901 4542 audiebamus.
2946 4487 3112 4545 Novis
3149 4495 3390 4562 quotidie
3439 4506 3494 4552 et

217 4578 452 4645 rogitavi
483 4594 570 4632 me
607 4578 820 4632 mittere
859 4587 985 4632 ante
1021 4594 1164 4631 eum.
1194 4571 1329 4630 Cum
1359 4590 1488 4646 ergo
1517 4581 1806 4648 appropin-
1838 4591 1887 4649 D
1911 4573 2373 4628 crebrescentibus
2399 4574 2554 4628 malis
2581 4575 2812 4630 mundus
2842 4587 3082 4645 urgetur.
3114 4578 3189 4633 Ex
3221 4582 3308 4635 i.la
3340 4584 3497 4652 plebe

216 4676 442 4736 quasset
470 4669 602 4722 mihi
629 4684 796 4738 papa,
827 4667 1020 4723 videns
1055 4668 1177 4736 quia
1200 4681 1487 4736 pergerem
1520 4678 1577 4722 ut
1625 4669 1806 4725 mitte-

217 4774 335 4811 rem
364 4773 452 4813 me
474 4766 602 4813 ante
623 4759 925 4826 eum,sicut
949 4774 1132 4814 coram
1156 4758 1266 4812 Deo
1289 4758 1432 4826 dico,
1461 4759 1676 4828 fratres,
1699 4761 1810 4830 pri-

217 4866 340 4904 mus
367 4851 516 4906 misit
533 4865 594 4906 se
614 4860 740 4905 ante
769 4866 855 4905 me
883 4866 1045 4920 super
1074 4860 1294 4918 terram,
1318 4859 1373 4904 et
1399 4866 1506 4904 non
1538 4861 1660 4905 ante
1691 4868 1809 4906 sur-

214 4941 362 4995 rexit
380 4956 545 5010 quam
593 4955 694 5011 ego
712 4941 873 5012 'priot‘
913 4956 1212 5009 surgerem,
1243 4951 1300 4995 et
1343 4942 1682 5011 amplexatus
1724 4958 1810 4998 me

213 5045 343 5084 cum
372 5031 540 5085 multa
570 5031 902 5098 humilitate,
939 5031 1119 5085 tribuit
1155 5030 1285 5083 mihi
1323 5046 1420 5099 per
1458 5047 1673 5086 manum
1715 5049 1808 5086 nu-

219 5121 467 5176 mismata
493 5121 630 5189 tria,
661 5121 890 5190 etjussit
919 5121 1045 5174 mihi
1083 5120 1196 5174 dari
1223 5121 1458 5175 casulam
1489 5133 1544 5173 et
1571 5124 1808 5177 necessi-

214 5219 361 5265 tates
387 5226 539 5266 meas
561 5225 775 5267 omnes.
801 5208 1104 5265 Gloriiicavi
1136 5225 1266 5280 ergo
1303 5212 1492 5276 Deum,
1525 5213 1614 5282 qui
1637 5213 1808 5268 dona-

215 5301 294 5355 vit
324 5303 375 5357 ei
404 5303 567 5357 talem
607 5301 962 5357 humilitatem
989 5302 1129 5356 circa
1171 5318 1396 5369 omnes,
1427 5313 1482 5358 ct
1507 5306 1806 5378 eleemosy-

214 5406 347 5445 nam
367 5400 420 5446 et
439 5391 780 5446 charitatem.
816 5389 990 5459 (Pral.
1019 5393 1210 5459 spirit.,
1244 5408 1288 5445 ε.
1324 5391 1472 5462 151.)

293 5479 450 5553 [62
477 5479 566 5534 64.
598 5480 732 5536 Hinc
753 5491 836 5537 est
863 5483 1007 5550 quod
1034 5482 1449 5550 patientissimus
1480 5492 1662 5553 pastor
1686 5483 1816 5540 Gre-

215 5568 401 5633 gorius
421 5585 589 5639 penes
610 5569 988 5640 imperatorem
1019 5570 1454 5641 Mauricium,sibi
1485 5590 1704 5642 prorsus
1733 5575 1814 5629 in-

221 5657 452 5724 fensum,
483 5658 686 5714 dudum
716 5669 998 5715 accusatus
1017 5660 1158 5730 quod
1181 5661 1445 5717 Malchum
1476 5664 1807 5735 episcopum,

205 5749 306 5806 .sui
357 5751 660 5819 patrimonii
701 5751 1054 5820 provisorem,
1082 5767 1180 5821 pro
1209 5755 1435 5809 retentis
1462 5756 1811 5826 pensionibus

223 5839 412 5895 tandiu
457 5841 512 5896 iu
541 5841 795 5898 custodiis
825 5841 1104 5898 alﬂixissct
1133 5857 1412 5908 quousque
1437 5846 1683 5910 Spiritum
1709 5862 1807 5904 cx-

1913 4663 2190 4716 innunmra
2218 4665 2404 4733 quanti
2435 4667 2799 4721 remanseritis
2829 4668 3085 4738 aspicitis,
3110 4681 3164 4725 et
3195 4681 3371 4728 tamen
3401 4675 3497 4729 ad-
3554 4700 3560 4706 ·

1911 4754 2017 4809 huc
2057 4753 2299 4823 quotidie
2338 4753 2547 4825 ﬂagella
2591 4768 2800 4828 urgent,
2832 4761 3097 4830 repentini
3126 4777 3284 4817 casus
3323 4768 3496 4834 oppri-

1910 4857 2084 4914 nmnt,
2111 4861 2262 4900 nova:
2290 4863 2389 4902 nos
2426 4857 2484 4904 et
2516 4850 2820 4920 improvisa:
2847 4852 3027 4909 clades
3048 4851 3311 4922 afﬂigunt.
3343 4855 3497 4913 Sicut

1909 4937 2051 4992 cnim
2102 4938 2152 4990 in
2179 4940 2462 5006 juventute
2490 4940 2635 5010 viget
2679 4959 2896 5012 corpus,
2950 4943 3090 5000 forte
3130 4954 3186 5000 et
3225 4945 3496 5004 incolume

1911 5037 2096 5084 manet
2128 5039 2332 5099 pectus,
2368 5039 2547 5088 torosa
2573 5035 2773 5097 cervix,
2807 5036 2960 5103 plena
2989 5045 3118 5090 sunt
3164 5039 3410 5107 brachia;
3443 5044 3495 5098 in

1911 5120 2067 5174 annis
2097 5128 2276 5173 autem
2297 5121 2556 5176 senilibus
2586 5129 2793 5176 statura
2819 5132 3094 5188 curvatur,
3119 5129 3303 5183 cervix
3324 5134 3497 5189 exsic-

1915 5217 2032 5263 cata
2061 5209 2368 5276 deponitur,
2398 5208 2775 5279 frequentibus
2817 5213 3060 5281 suspiiiis
3105 5226 3298 5283 pectus
3339 5236 3495 5290 urge-

1915 5308 2022 5369 tur,
2039 5299 2106 5352 vii
2125 5309 2206 5352 tus
2232 5299 2438 5368 deﬁcit,
2469 5302 2736 5369 loquentis
2759 5302 2918 5359 verba
2941 5306 3212 5362 anhelitus
3240 5309 3497 5368 interelu-

1917 5389 1991 5442 dit
2017 5391 2164 5459 (nam
2185 5389 2231 5446 si
2253 5390 2479 5458 languor
2508 5392 2665 5458 desit,
2697 5392 3006 5464 plerumque
3027 5397 3244 5454 senibus
3266 5401 3379 5469 ipsa
3407 5421 3497 5458 sa—

1916 5481 1996 5534 lus
2025 5481 2286 5548 (egritudo
2314 5485 2415 5550 est)
2449 5501 2462 5536 :
2505 5483 2577 5537 ita
2611 5495 2666 5538 et
2695 5486 2922 5543 mundus
2951 5489 3002 5543 in
3035 5491 3189 5547 annis
3229 5496 3499 5562 prioribus

1917 5572 2061 5624 velut
2087 5570 2140 5624 in
2183 5569 2468 5640 juventute
2509 5573 2694 5644 viguit,
2722 5577 2789 5631 ad
2829 5582 3231 5650 propagandam
3277 5586 3496 5648 humani

1912 5662 2125 5734 generis
2173 5663 2376 5733 prolem
2425 5665 2679 5722 robustus
2728 5669 2848 5737 fuit,
2875 5671 3049 5727 salute
3077 5690 3362 5744 corporum
3417 5697 3494 5735 vt-

1885 5755 2042 5810 -ri.Iis
2067 5757 2340 5826 opulentia
2385 5776 2565 5815 rerum
2593 5762 2831 5833 pinguis;
2855 5773 2910 5819 at
2949 5782 3094 5821 nunc
3123 5769 3237 5838 ipsa
3278 5787 3375 5826 sua
3411 5789 3500 5825 se-

1912 5858 2129 5905 nectute
2182 5849 2517 5916 deprimitur,
2569 5864 2622 5910 et
2674 5855 2828 5917 uttasi
2878 5856 2944 5910 ad
2993 5857 3220 5913 vicinam
3271 5869 3495 5913 IltUl‘lctut
