3992 6326
557 343 662 412 eis

1140 346 1195 399 S.
1239 344 1561 400 GBEGOIll-l
1603 340 1812 397 MAle
1859 343 2034 405 \HTA,
2078 342 2280 396 AUCT.
2323 343 2582 397 JUANNE
2625 344 2936 399 DIACONO.
2980 345 3105 400 LIB.
3148 346 3233 400 IV.

3716 359 3819 415 cIlli

555 459 815 516 molestiis
861 459 1320 513 ρτριποηερηιίιιυε
1363 465 1597 525 urgetur.
1658 475 1676 506 ι
1732 456 1955 526 (Homil.
2011 468 2023 505 l
2073 460 2125 508 in
2161 456 2205 514 Α
2233 451 2731 522 dicTturzE/ferbuit
2759 458 2921 510 coctio
2942 457 3073 527 ejus,
3091 467 3140 512 et
3165 459 3375 514 decocta
3398 472 3518 515 sunt
3541 479 3662 518 ossa
3682 467 3821 522 illius

554 551 783 622 Evang.)
809 548 870 603 Et
897 549 1085 603 iterum
1112 565 1124 599 :
1163 566 1181 596 α
1216 547 1410 600 Euntes
1437 547 1733 615 pmdicate,
1768 546 1989 601 dicentes
2010 548 2129 617 quia

554 642 983 713 appropinquabit
1019 641 1170 710 163
1212 656 1422 707 regnum
1461 642 1701 693 coe’orum
1744 638 1924 709 (Matt.
1960 656 2015 702 χ,
2049 640 2124 705 7).

554 733 667 788 Iloc
692 734 824 801 jam,
854 731 1045 785 fratres
1088 729 1408 793 charissimi,
1441 730 1647 784 etiamsi
1673 728 2016 799 Evangelium
2050 737 2130 782 ta-

552 833 706 891 ceat,
747 826 973 877 mundus
1008 822 1223 875 clamat.
1276 820 1463 875 Ruina:
1510 837 1738 890 namque
1790 822 1929 875 illius
1971 836 2131 877 voces

552 924 695 971 sunt.
725 914 820 979 Qui
864 913 1007 966 enim
1039 920 1116 965 tot
1157 912 1373 966 attritus
1420 912 1856 982 percussionitius
1882 928 1912 966 a
1959 912 2128 981 gloria

551 1022 645 1063 sua
665 1004 885 1071 cecidit,
906 1004 1057 1072 quasi
1075 1004 1183 1071 jam
1214 1004 1369 1059 nobis
1390 1020 1418 1056 e
1444 1004 1689 1073 proximo
1711 1017 1930 1071 regnum
1961 1002 2128 1067 aliud,

550 1096 690 1164 quod
716 1102 996 1162 sequatur,
1025 1092 1275 1147 ostendit.
1304 1093 1436 1162 Ipsis
1460 1094 1571 1162 jam
1610 1101 1665 1145 et
1704 1107 1732 1145 a
1763 1094 1952 1161 quibus
1981 1108 2130 1146 ama-

552 1194 639 1239 tur
660 1200 873 1238 amarus
900 1192 1003 1239 est.
1024 1183 1141 1253 Ipse
1169 1183 1312 1236 enim
1341 1183 1455 1251 ejus
1476 1183 1643 1238 ruina:
1670 1183 1956 1251 prmdicant
1984 1185 2127 1250 quod

550 1275 813 1329 amandus
840 1290 945 1329 non
977 1283 1081 1328 est.
1108 1273 1165 1328 Si
1196 1275 1337 1329 enim
1367 1275 1577 1329 ruinam
1620 1274 1702 1329 sui
1748 1275 1942 1329 donius
1967 1289 2129 1341 qucis-

547 1375 665 1420 sata
697 1367 1021 1431 minaretur,
1052 1366 1291 1435 quisquis
1318 1366 1368 1420 in
1401 1366 1489 1419 illa
1520 1366 1789 1420 habitaret
1812 1367 2044 1434 fugeret,
2074 1375 2129 1419 et

551 1458 642 1525 qui
673 1464 905 1511 stantem
929 1456 1191 1510 difexerat
1216 1455 1471 1509 recedere
1499 1456 1819 1523 quantocius
1847 1470 1874 1507 a
1902 1455 2129 1508 cadente

553 1546 853 1601 festinaret.
878 1546 933 1601 Si
957 1546 1117 1613 igitur
1144 1544 1371 1601 mundus
1399 1544 1563 1611 cadit,
1588 1552 1641 1598 et
1672 1560 1767 1599 nos
1797 1558 1919 1597 eum
1943 1559 2130 1599 ainan—

547 1637 617 1689 do
646 1637 1071 1704 complectimur,
1101 1634 1327 1703 opprimi
1356 1634 1600 1687 volumus
1637 1633 1816 1701 pctius
1840 1648 1999 1702 quam
2032 1633 2127 1687 ha-

545 1724 873 1792 bitare,quia
899 1723 1042 1777 nulla
1064 1738 1161 1777 nos
1191 1724 1330 1777 ratio
1350 1739 1380 1776 a
1409 1723 1560 1777 ruina
1588 1724 1728 1777 illius
1754 1731 1969 1792 separat
1993 1738 2125 1793 quos

2232 541 2284 592 in
2316 543 2481 596 medio
2532 547 2642 613 ejus
2675 564 2690 595 :
2720 548 2845 614 quia
2875 549 3021 615 prius
3048 549 3262 616 quidem
3296 550 3348 604 in
3380 567 3442 606 ea
3468 554 3823 611 vehementer

2232 631 2453 685 incaluit
2480 635 2623 688 actio
2654 636 2835 701 gloria:
2864 638 3134 691 smcularis
3154 683 3167 703 ,
3202 640 3297 693 sed
3327 644 3673 709 postmodum
3707 647 3823 715 ipsa

2230 720 2397 789 gloria
2422 737 2542 775 cum
2573 726 2684 778 suis
2724 727 3047 793 sequacibus
3074 728 3290 784 defecit.
3317 731 3420 785 Per
3449 749 3570 786 ossa
3620 736 3822 791 etenim

2232 820 2479 879 potentes
2508 815 2708 878 surculi,
2735 831 2829 882 per
2855 832 3045 870 carnes
3066 834 3195 873 vero
3226 821 3406 889 populi
3435 822 3820 893 designantur:

2231 901 2354 969 quia
2384 903 2526 957 sicut
2554 920 2680 957 earn
2718 921 2743 958 s
2773 908 2983 961 OSSIDIH
3011 919 3313 977 ponantur,
3344 912 3415 965 iti
3448 929 3544 982 per
3572 925 3824 983 potentes

2230 993 2436 1059 saeculi,
2464 993 2745 1049 inﬁrmitas
2786 996 2988 1063 regitur
3028 1000 3368 1067 populorum.
3401 1001 3504 1056 Sed
3535 1019 3666 1059 ecce
3704 1004 3821 1074 jam

2231 1082 2297 1137 de
2318 1083 2405 1137 illa
2434 1101 2620 1140 oumes
2642 1087 2798 1153 hu,us
2836 1090 3013 1143 saeculi
3047 1101 3294 1159 potentes
3330 1095 3492 1149 ablati
3524 1107 3652 1151 sunt
3682 1116 3696 1150 :
3727 1114 3820 1155 os-

2230 1187 2290 1227 sa
2314 1188 2441 1242 ergo
2477 1185 2699 1231 excocta
2729 1188 2872 1234 sunt.
2918 1179 3056 1235 Ecce
3092 1183 3273 1251 populi
3309 1184 3625 1241 defecerunt
3656 1203 3819 1244 :car-

2230 1278 2326 1317 nes
2351 1264 2468 1332 ejus
2498 1268 2656 1337 165
2684 1268 2982 1338 liquefacta:
3001 1281 3142 1325 sunt.
3176 1273 3394 1328 Dicatur
3415 1289 3545 1344 ergo
3576 1294 3589 1330 :
3617 1276 3821 1349 Conge-

2230 1370 2284 1406 re
2325 1371 2445 1408 ossa
2470 1373 2585 1425 qute
2619 1358 2738 1428 igne
2778 1361 3111 1429 succendam,
3144 1376 3508 1419 consumantur
3536 1384 3739 1434 carnes,
3765 1378 3820 1424 ιι

2230 1452 2473 1513 coquetur
2499 1446 2735 1499 universa
2778 1450 3102 1519 compositio,
3143 1458 3193 1503 et
3240 1468 3358 1532 ossa
3385 1456 3669 1508 tabescent.
3715 1454 3815 1510 Ubi

2230 1535 2372 1588 enim
2395 1539 2647 1591 senatus?
2670 1539 2757 1593 ubi
2782 1540 2892 1607 jam
2935 1540 3202 1610 populus?
3234 1543 3641 1600 Contabuerunt
3668 1563 3815 1617 ossa,

2228 1633 2561 1693 consumpr
2586 1636 2711 1681 sunt
2738 1644 2949 1696 carnes,
2981 1631 3157 1686 omnis
3186 1633 3241 1686 in
3272 1648 3334 1688 ea
3365 1638 3707 1692 szncularium
3733 1639 3815 1695 di-

2230 1712 2492 1779 gnitatum
2532 1715 2666 1770 ordo
2712 1717 2980 1773 extinctus
3014 1729 3117 1775 est.
3159 1720 3395 1779 Excocta
3438 1736 3521 1780 est
3564 1728 3810 1783 universa

544 1817 595 1869 in
627 1816 743 1885 ejus
762 1815 1103 1888 passionibus
1130 1830 1281 1869 amor
1308 1815 1456 1884 ligat.
1488 1815 1667 1873 Facile
1705 1830 1833 1884 ergo
1872 1828 1953 1873 est
1980 1831 2103 1872 nunt

2224 1805 2547 1872 compositio
2584 1806 2725 1874 ejus,
2756 1818 2809 1862 et
2841 1817 3018 1865 tamen
3064 1812 3208 1880 ipsos
3241 1830 3341 1869 nos
3370 1831 3569 1885 paucos
3596 1820 3688 1889 qni
3731 1836 3813 1874 re-

540 1907 671 1976 jam,
701 1922 821 1961 cum
867 1906 1136 1961 destructa
1184 1908 1363 1961 omnia
1405 1907 1695 1970 cernimus,
1740 1908 1976 1962 animum
2021 1923 2119 1962 no-

537 2005 708 2049 strmn
746 1997 816 2048 ab
840 1994 955 2062 ejus
981 1996 1272 2050 dilectione
1306 1995 1629 2065 disjungere.
1667 1995 1771 2052 Sed
1799 1999 1905 2054 hoc
1945 1998 2035 2054 illo
2063 1999 2115 2054 in

538 2093 782 2155 tempore
826 2086 1193 2141 difficillimum
1222 2085 1350 2148 fuit,
1407 2102 1515 2156 quo
1557 2088 1785 2156 apostoli
1828 2089 2117 2157 prmdicare

537 2176 758 2230 mdeste
802 2191 1027 2244 regnum
1072 2176 1338 2230 invisibile
1382 2177 1753 2244 mittebantur,
1784 2194 1905 2233 cum
1956 2179 2116 2247 longe

538 2268 751 2335 lateque
798 2268 976 2321 omnia
1019 2277 1304 2323 cerneient
1333 2269 1525 2323 ﬂerere
1557 2284 1717 2338 regna
1770 2280 2053 2327 terrarum.
2089 2292 2107 2324 ι

537 2356 761 2424 (llomil.
789 2357 822 2409 4
844 2358 897 2411 in
923 2358 1151 2429 Evang.)

604 2447 691 2501 (36.
721 2446 850 2513 Quae
871 2458 1048 2505 autem
1080 2450 1144 2505 de
1166 2452 1318 2507 istius
1340 2454 1484 2509 urbis
1504 2452 1794 2521 Gregorius
1823 2456 2111 2512 incommo-

532 2537 701 2593 (litate
729 2539 1071 2608 deseripserit
1100 2542 1368 2611 indicabo,
1398 2554 1665 2613 quatenus
1688 2547 1721 2600 ii
1748 2548 1860 2617 qui,
1892 2564 2034 2603 nunc
2056 2552 2108 2604 in

531 2630 701 2685 ruin's
729 2630 846 2699 ejus
884 2632 1205 2700 habitantes,
1230 2650 1347 2689 eam
1378 2635 1762 2693 ordinatiorem
1786 2654 1848 2693 ac
1876 2656 1974 2709 per
2006 2641 2111 2697 hoc

530 2723 881 2780 valentiorem
930 2726 1093 2782 luisse
1147 2743 1254 2781 non
1307 2737 1618 2795 autumant,
1664 2733 2104 2788 contremiscam.

530 2813 617 2866 Ait
641 2814 783 2868 enim
818 2814 870 2869 in
912 2816 1273 2885 expositionis
1313 2816 1612 2874 Ezechielis
1641 2820 1857 2874 homilia
1914 2830 2105 2878 octava

525 2903 730 2959 decima
779 2907 904 2962 sic:
944 2924 962 2956 ι
999 2905 1134 2973 Quid
1181 2916 1265 2963 est
1301 2908 1451 2976 jam,
1496 2924 1652 2979 rogo,
1708 2911 1853 2981 quod
1900 2912 1955 2967 in
2004 2914 2107 2969 hoc

525 3000 723 3056 mundo
754 2999 954 3055 libeat?
985 2997 1194 3068 Ubique
1237 2999 1410 3055 luctus
1438 3002 1743 3071 aspicimus,
1777 3003 1973 3072 ubique
2010 3020 2105 3074 ge-

524 3095 683 3147 mitus
704 3091 1022 3146 audivimus.
1042 3090 1145 3146 Des
1170 3100 1335 3146 ructu:
1355 3092 1533 3159 urbes,
1557 3110 1742 3150 eversa
1760 3104 1885 3149 sunt
1905 3106 2103 3164 castra,

2224 1894 2537 1961 mansimus,
2567 1897 2741 1953 adlr-c
2768 1901 3008 1968 quotidie
3033 1902 3219 1970 gladii,
3256 1906 3434 1962 adhuc
3462 1911 3706 1976 quotTdie
3734 1913 3814 1966 in-

2222 2000 2459 2039 numera:
2488 1987 2863 2045 tribulationes
2892 2002 3161 2059 premunt.
3194 1995 3412 2051 Dicatur
3438 2014 3564 2067 eigo
3599 2018 3612 2053 :
3664 2000 3812 2056 Pone

2219 2090 2415 2145 quoque
2443 2093 2556 2130 eam
2582 2094 2733 2146 super
2754 2097 2949 2147 prunas
2978 2078 3216 2139 vacuam.
3247 2085 3383 2151 Quia
3417 2092 3557 2143 enim
3587 2100 3815 2147 senatus

2218 2165 2399 2232 deem,
2430 2169 2657 2235 pupulus
2695 2169 2747 2222 in
2774 2172 2891 2224 eriit
2916 2190 2928 2237 ;
2958 2181 3011 2226 et
3050 2183 3226 2229 tamen
3261 2178 3314 2231 in
3347 2180 3532 2247 paucis
3557 2182 3649 2249 qui
3685 2192 3812 2238 sunt

2218 2255 2433 2310 dolores
2458 2267 2511 2310 (ι
2541 2260 2769 2325 gemitus
2798 2263 3037 2330 quotidie
3073 2268 3494 2337 muftiplicantur
3523 2289 3536 2323 :
3565 2272 3676 2340 jam
3718 2290 3809 2327 va-

2218 2361 2317 2400 cua
2346 2348 2500 2401 ardet
2531 2347 2721 2403 Rania.
2746 2351 2881 2417 Quid
2908 2364 3086 2409 autem
3124 2358 3223 2410 ista
3256 2360 3323 2414 de
3346 2361 3651 2420 hominibus
3679 2363 3808 2419 dici-

2218 2451 2368 2501 mus,
2400 2453 2524 2491 cuoi
2556 2439 2725 2495 ruinis
2763 2444 3226 2502 crebrescentibus
3264 2449 3379 2518 ipsa
3424 2466 3647 2522 quoque
3688 2456 3807 2524 ejus

2214 2525 2416 2581 destrui
2441 2527 2663 2583 mlificia
2694 2531 2974 2587 videmus?
3007 2533 3155 2591 Unde
3180 2547 3305 2608 apte
3338 2539 3404 2594 de
3435 2542 3656 2599 civitate
3687 2545 3805 2613 jam

2213 2634 2380 2674 vacua
2404 2621 2685 2676 subditur:
2718 2623 3010 2681 Inculescat
3048 2641 3096 2684 et
3139 2632 3370 2703 lique/iat
3410 2651 3483 2689 ars
3509 2637 3643 2707 ejus.
3682 2636 3805 2693 Iam

2211 2712 2354 2764 enim
2383 2720 2439 2766 et
2466 2712 2579 2781 ipsa
2611 2714 2715 2768 olla
2746 2720 3097 2785 consumitur,
3133 2723 3184 2776 in
3213 2739 3318 2792 qua
3350 2727 3495 2795 prius
3523 2744 3720 2784 carnes
3748 2741 3804 2785 et

2210 2814 2333 2853 ossa
2364 2802 2819 2860 consumebantur
2848 2825 2860 2860 :
2890 2810 3012 2877 quia
3046 2820 3328 2880 postquam
3360 2814 3673 2871 defecerunt
3700 2820 3803 2873 bo-

2209 2890 2413 2955 mines,
2457 2891 2620 2945 etiam
2651 2895 2882 2962 parietes
2910 2899 3129 2954 cadunt.
3175 2902 3269 2957 Ubi
3302 2905 3445 2958 enim
3472 2916 3596 2960 sunt
3623 2908 3714 2977 qui
3746 2909 3803 2963 in

2209 2980 2325 3049 ejus
2349 2982 2638 3052 aliquando
2662 2987 2833 3055 gloria
2857 2989 3209 3049 lzctabantur?
3240 2996 3338 3051 ιω
3357 3012 3545 3052 eorum
3568 3003 3803 3071 pompa?

2210 3075 2299 3128 ubi
2338 3077 2625 3145 superbia?
2678 3082 2768 3135 ubi
2818 3081 3071 3155 frequens
3120 3098 3175 3142 et
3215 3090 3628 3149 immoderatum
3665 3111 3799 3165 gau-

523 3183 833 3252 ilchpulati
870 3191 996 3238 sunt
1043 3180 1186 3248 agri,
1219 3184 1272 3238 in
1312 3185 1655 3239 solitudinem
1696 3194 1837 3240 terra
1888 3163 2101 3243 redacta
2130 3179 2177 3240 C
2208 3163 2394 3220 diu")?
2434 3165 2714 3237 Ῐωβίθῑυιη
2757 3182 2840 3227 εει
2885 3174 2937 3229 in
2968 3191 3031 3229 ea
3060 3180 3206 3246 (ιυοᾱ
3237 3190 3423 3236 contra
3466 3185 3802 3246 destructum

522 3284 625 3328 est.
668 3273 853 3329 Nullus
895 3275 947 3329 in
982 3276 1123 3343 agris
1158 3277 1366 3341 incola,
1395 3292 1535 3347 pene
1574 3279 1751 3333 nullus
1788 3279 1840 3333 in
1885 3279 2102 3335 urbibus

523 3367 793 3420 habitator
820 3367 1104 3429 remansit;
1125 3374 1182 3422 et
1211 3376 1388 3421 tamen
1420 3368 1547 3438 ipsa:
1569 3384 1746 3438 parva:
1769 3370 1982 3436 generis
2006 3370 2101 3424 liu-

523 3459 671 3510 mani
716 3457 954 3525 reliquite
988 3457 1162 3512 adhuc
1190 3458 1431 3526 quotidie
1467 3467 1525 3514 et
1558 3459 1672 3514 sine
1693 3460 1995 3515 cessatione
2024 3462 2102 3517 te-

521 3549 755 3614 riuntur,
786 3557 841 3601 et
871 3547 1031 3601 linem
1073 3563 1178 3602 non
1208 3549 1404 3603 habent
1432 3548 1640 3620 ﬂagella
1670 3553 1910 3609 celestis
1950 3555 2102 3623 justi-

521 3638 641 3704 the,
677 3637 804 3707 quia
845 3652 946 3691 nec
984 3637 1123 3692 inter
1165 3637 1371 3707 ﬂagella
1412 3651 1668 3697 correcta:
1712 3654 1838 3700 sunt
1874 3648 2101 3703 actionis

518 3730 708 3800 culpae.
738 3729 887 3785 Alios
926 3730 979 3787 in
1019 3732 1385 3800 captivitatem
1414 3733 1571 3801 duci,
1608 3736 1744 3792 alios
1770 3737 2097 3810 detruncari,

516 3824 655 3879 alios
680 3823 909 3881 interﬁci
940 3827 1198 3883 videmus.
1232 3828 1367 3894 Quid
1388 3838 1621 3898 estergo
1648 3831 1790 3901 quod
1814 3833 1863 3887 in
1891 3832 1994 3888 hac
2022 3836 2100 3888 vi-

516 3923 569 3968 ta
599 3915 781 3982 libeat,
812 3916 1004 3973 fratres
1025 3920 1166 3974 mei?
1196 3919 1250 3974 Si
1284 3922 1445 3977 talem
1488 3926 1741 3979 mundum
1771 3926 1945 3982 adhuc
1972 3928 2097 3982 dili-

513 4006 710 4074 gimus,
739 4024 846 4062 non
889 4009 1002 4078 jam
1050 4014 1241 4080 gaudia
1293 4015 1385 4068 sed
1420 4017 1640 4071 vulnera
1686 4034 1947 4075 amamus.
1979 4022 2095 4091 Ipsa

513 4105 692 4152 autem
716 4115 834 4168 qua:
865 4102 1154 4170 aliquando
1185 4104 1364 4158 mundi
1407 4105 1621 4162 domina
1652 4124 1772 4164 esse
1797 4110 2096 4178 videbatur,

510 4188 685 4254 qualis
728 4192 1043 4245 remanserit
1081 4192 1250 4247 Roma
1282 4198 1676 4267 conspicimus,
1706 4201 1978 4258 immensis
2000 4205 2097 4259 do-

510 4275 719 4331 loribus
746 4279 1109 4349 multipliciter
1142 4286 1357 4352 attrita,
1380 4286 1717 4345 desolatione
1743 4292 1963 4362 civium,
1989 4296 2092 4349 im-

510 4363 791 4435 pressione
819 4370 1075 4439 hostium,
1099 4375 1398 4444 frequentia
1424 4380 1699 4437 ruinarum
1726 4403 1737 4434 :
1767 4385 1836 4436 ita
1868 4395 1921 4438 ut
1944 4387 1996 4440 in
2027 4402 2091 4443 ea

508 4459 835 4527 completum
863 4476 983 4516 esse
1012 4464 1289 4522 videamus
1315 4471 1459 4538 quod
1480 4480 1666 4528 contra
1697 4476 1880 4532 urbem
1902 4478 2090 4533 Sama-

2205 3252 2430 3310 Niniven
2460 3272 2557 3326 per
2581 3260 2898 3329 prophetam
2926 3264 3124 3321 dicitur
3164 3285 3180 3321 :
3227 3269 3324 3323 Ubi
3351 3281 3427 3325 est
3447 3273 3800 3334 habitaculum

2204 3339 2441 3408 leonum,
2485 3353 2535 3398 et
2570 3363 2769 3415 pascua
2812 3354 3097 3408 catulorum
3147 3356 3350 3413 leonum
3415 3360 3682 3429 (Na/ium.
3718 3383 3799 3433 Ii,

2205 3430 2335 3502 ll)?
2374 3434 2456 3488 An
2488 3436 2605 3505 ejus
2632 3437 2794 3494 duces
2822 3456 2887 3520 ac
2930 3444 3204 3516 principes
3245 3448 3429 3507 leones
3460 3468 3569 3508 non
3601 3467 3797 3524 erant,

2202 3522 2293 3590 qui
2322 3538 2420 3593 per
2448 3524 2686 3583 diversas
2714 3531 2897 3586 mundi
2936 3536 3236 3602 provincias
3263 3538 3624 3599 discurrentes
3652 3522 3795 3616 pra?

2202 3613 2324 3668 dam
2339 3616 2608 3672 smviendo
2626 3629 2680 3674 et
2698 3619 2826 3677 inte:
2839 3623 3068 3682 liciendo
3086 3630 3397 3698 rapiebant?
3418 3633 3554 3692 Hinc
3576 3613 3797 3697 leonum

2202 3704 2367 3758 catuli
2397 3705 2738 3765 inveniebant
2768 3727 2961 3781 pascua
2991 3734 3003 3769 :
3037 3719 3161 3786 quia
3188 3724 3361 3790 pueri,
3395 3729 3793 3798 adolescentes,

2197 3792 2423 3861 juvenes
2449 3798 2740 3855 sazculares
2768 3812 2824 3856 et
2862 3807 3196 3863 sazcularium
3236 3810 3360 3880 lilii,
3412 3815 3517 3872 huc
3559 3836 3626 3874 un
3650 3824 3793 3893 tique

2201 3887 2633 3955 concurrebant,
2676 3908 2797 3947 cum
2835 3896 3095 3963 prolicere
3134 3901 3186 3955 in
3217 3902 3323 3958 hoc
3360 3908 3559 3962 mundo
3585 3887 3791 3967 voluis-

2198 3985 2338 4030 sent.
2370 3976 2475 4033 Set
2505 3995 2633 4036 C(CC
2657 3983 2769 4051 jam
2799 3985 3071 4053 desolata,
3101 4005 3228 4048 ecce
3254 3998 3514 4064 contrita,
3543 4016 3671 4057 ecce
3695 4017 3790 4071 ge-

2198 4064 2415 4119 mitibus
2442 4083 2695 4137 oppressa
2727 4082 2826 4127 est.
2859 4074 2978 4130 lam
3004 4093 3164 4136 nemo
3186 4083 3252 4138 ad
3278 4098 3397 4140 eam
3426 4090 3609 4156 currit,
3646 4064 3789 4150 utin

2197 4154 2303 4211 lioc
2329 4158 2530 4214 mundo
2569 4164 2835 4230 proficiat.
2865 4166 2983 4222 lam
3013 4172 3189 4228 nullus
3214 4184 3409 4245 potens
3437 4190 3493 4236 et
3520 4154 3790 4244 violentus

2194 4250 2471 4315 remansit,
2495 4252 2586 4320 qui
2609 4256 2984 4328 opprimendo,
3010 4264 3248 4331 praedam
3269 4269 3506 4341 diripiat.
3532 4275 3787 4335 Dicamus

2194 4353 2322 4410 ergo
2349 4360 2363 4396 :
2400 4341 2498 4399 Ubi
2526 4356 2602 4401 est
2632 4347 2981 4407 habitaculum
3014 4355 3248 4424 leonum,
3280 4372 3331 4416 et
3357 4382 3551 4434 pascua
3581 4380 3786 4427 catulo-

2191 4448 2305 4486 rum
2353 4434 2593 4491 leonum?
2629 4436 2904 4511 Contiugit
2939 4446 2989 4499 ei
3029 4450 3173 4515 quod
3214 4451 3282 4506 de
3314 4451 3494 4511 ,ιυιιωε
3536 4462 3785 4518 novimus

507 4524 649 4600 riam
702 4564 799 4616 per
838 4548 1169 4609 Ezecliielem
1211 4524 1889 4632 prophetat—tiripvriedic‘tum
1902 4524 2082 4624 west“:
2122 4542 2169 4600 Ῑ)
2196 4524 2636 4632 ’ἱεῗλπῖᾞῄθξθω
2884 4552 2918 4632 ,³
2939 4626 2950 4632 _
2970 4535 3153 4632 “ala
3182 4542 3447 4599 “ﬁmum
3479 4558 3623 4605 mum
3652 4555 3785 4609 δίεπε

410 4664 417 4670 η
506 4633 655 4692 Pone
679 4639 863 4708 ollam,
887 4658 1042 4711 pone,
1072 4645 1306 4716 inquam,
1333 4659 1383 4703 et
1426 4652 1572 4706 mitte
1613 4655 1664 4708 in
1700 4672 1760 4709 ea
1791 4674 2005 4729 aquam,
2037 4671 2085 4715 et

504 4743 726 4798 congere
755 4732 923 4801 frusta
950 4735 1061 4803 ejus
1100 4736 1153 4789 in
1181 4754 1330 4804 eam;
1361 4750 1417 4794 et
1446 4744 1606 4812 paulo
1637 4756 1758 4813 post
1787 4763 1805 4801 :
1830 4746 2087 4816 E/I'erbuit

502 4824 667 4875 coctio
690 4825 822 4894 ejus,
855 4835 903 4878 et
935 4826 1144 4881 decocta
1170 4842 1292 4885 sunt
1329 4849 1447 4887 ossa
1482 4840 1596 4907 ejus
1624 4839 1675 4891 in
1706 4842 1873 4896 medio
1906 4844 2082 4907 illius;

502 4925 667 4984 atque
714 4918 949 4973 iterum:
980 4919 1207 4992 Congere
1253 4942 1373 4979 ossa
1420 4944 1533 4999 qua
1584 4933 1703 5001 igne
1747 4937 2079 5005 succendunt,

498 5017 864 5061 censumentur
894 5026 1107 5075 carnes,
1134 5022 1183 5065 et
1212 5028 1452 5085 coquetur
1478 5019 1717 5075 universa
1745 5029 2044 5095 compositio
2062 5069 2076 5093 ,

497 5104 545 5149 et
576 5113 695 5150 ossa
723 5096 1000 5152 tabescent.
1032 5101 1176 5155 l’one
1203 5121 1397 5174 quoque
1425 5125 1540 5162 eam
1582 5127 1735 5181 super
1761 5132 1955 5183 prunas
1984 5136 2077 5172 va-

495 5201 665 5253 cuam,
696 5195 751 5240 ut
781 5188 1062 5243 incalescat
1088 5199 1137 5243 et
1165 5194 1397 5265 Iiyueﬁat
1424 5214 1497 5251 res
1524 5200 1634 5268 ejus
1665 5200 1877 5271 (Ezech.
1928 5222 2073 5272 xxw,

495 5274 562 5328 l0
581 5285 629 5330 et
649 5278 804 5349 seq).
823 5280 972 5335 'l‘unc
997 5282 1139 5337 enim
1172 5286 1324 5341 nobis
1352 5288 1455 5341 olla
1484 5291 1655 5358 posita
1677 5303 1787 5359 est,
1812 5311 1933 5351 cum
1963 5300 2076 5354 haec

492 5376 575 5421 est
601 5370 790 5425 civitas
825 5375 1135 5431 constituta.
1170 5377 1319 5434 Tunc
1349 5383 1490 5437 enim
1536 5385 1589 5439 in
1630 5400 1693 5440 ea
1732 5403 1869 5458 aqua
1912 5393 2067 5448 missa

491 5471 595 5524 est,
648 5473 704 5519 et
758 5467 925 5521 trusta
967 5471 1084 5537 ejus
1128 5483 1381 5540 congesta
1431 5488 1575 5540 sunt,
1608 5482 1822 5545 errando
1852 5484 2068 5541 adiam

494 5553 728 5623 undique
758 5557 939 5624 popn'i
970 5558 1330 5628 conﬂuebant,
1364 5565 1476 5634 qui,
1510 5568 1653 5622 velut
1700 5586 1836 5639 aqua
1866 5575 2071 5644 calens,

490 5644 793 5698 actionibus
838 5649 1018 5702 mundi
1058 5648 1439 5720 fervescereut,
1465 5662 1691 5727 etquasi
1733 5664 1896 5721 frusta
1948 5686 2071 5724 car-

491 5750 640 5788 ιηιιιιι
672 5750 727 5791 ω
757 5736 874 5803 ipso
904 5754 1001 5793 suo
1050 5740 1261 5799 fervore
1318 5745 1665 5815 liquarcntur.
1699 5754 1772 5809 Dc
1803 5775 1904 5827 qua
1938 5764 2073 5818 bene

2195 4614 2369 4683 aquila
2392 4614 2576 4684 (Mich.
2600 4634 2638 4686 ι,
2664 4619 2773 4690 10).
2803 4621 3087 4682 Calvitium
3108 4632 3308 4703 quippe
3330 4636 3563 4693 hominis
3586 4642 3641 4695 in
3664 4646 3784 4699 solo

2192 4704 2369 4772 capite
2410 4706 2523 4761 ﬂeri
2553 4708 2722 4777 solet,
2755 4714 3027 4770 calsitium
3061 4734 3192 4776 vero
3231 4725 3424 4793 aquila;
3460 4727 3515 4783 in
3557 4739 3680 4786 toto
3720 4734 3782 4789 tit

2191 4810 2448 4867 corpore,
2505 4801 2630 4870 quia
2678 4817 2799 4857 cum
2828 4806 2984 4861 valde
3027 4812 3297 4879 senuerit,
3342 4815 3537 4884 pluma:
3565 4820 3686 4889 ejus
3714 4838 3780 4877 ac

2190 4902 2379 4956 penna:
2414 4904 2480 4944 ex
2508 4892 2758 4949 omnibus
2782 4895 2923 4952 illius
2947 4901 3205 4958 membris
3232 4906 3450 4963 cadunt.
3488 4911 3778 4969 Calvitium
3806 4966 3815 4979 κ

2189 4990 2320 5044 ergo
2351 4994 2506 5033 suum
2536 4981 2677 5036 sicut
2704 4985 2882 5052 aquila
2908 4988 3118 5060 dilatat,
3148 4994 3274 5063 quia
3302 4996 3513 5065 plumas
3539 5004 3777 5070 perdidit

2187 5067 2313 5121 dum
2349 5072 2605 5140 populum
2632 5075 2831 5132 amisit.
2864 5079 3081 5136 Alarum
3118 5086 3316 5156 quippe
3340 5067 3780 5159 penum—cecide-

2186 5168 2310 5214 iunt
2358 5176 2479 5215 cum
2529 5165 2721 5232 quibus
2769 5169 2950 5227 volare
2992 5174 3059 5228 ad
3110 5178 3344 5245 prasdam
3393 5198 3775 5255 consuerant,

2182 5251 2306 5317 quia
2349 5252 2593 5309 honines
2636 5256 2754 5326 ejus
2782 5269 3032 5329 potentes
3073 5269 3297 5326 extinctl
3341 5284 3467 5329 sunt
3503 5291 3599 5345 per
3634 5251 3776 5348 quos

2180 5342 2352 5394 aliena
2380 5345 2641 5412 rapiebat.

2252 5432 2381 5486 Item
2427 5434 2477 5488 in
2519 5437 2863 5507 Dialogorum
2906 5444 3042 5502 libro
3082 5450 3320 5507 secundo
3360 5470 3375 5507 :
3429 5472 3448 5505 ι
3478 5453 3775 5534 Prmterea,

2182 5521 2379 5589 i-iquit,
2429 5527 2654 5584 antistes
2696 5530 2977 5590 Canusina:
3022 5540 3263 5596 ecclesia:
3307 5543 3374 5599 ab
3415 5521 3774 5605 Benedictum

2183 5612 2388 5668 Domini
2439 5616 2693 5674 famulum
2726 5623 2906 5680 venire
2934 5642 3326 5697 consueverat,
3370 5652 3532 5706 quem
3564 5639 3647 5693 vir
3673 5639 3769 5696 Dei

2182 5718 2281 5773 pro
2315 5707 2432 5763 \itre
2459 5726 2569 5767 sua:
2610 5720 2801 5773 merito
2830 5721 2983 5778 valde
3019 5724 3291 5794 diligebat.
3339 5732 3389 5787 Is
3431 5734 3612 5803 itaque
3641 5736 3765 5791 dum

2183 5812 2299 5849 cum
2347 5798 2435 5856 .llo
2476 5802 2541 5857 de
2584 5804 2822 5872 ingressu
2856 5814 2993 5879 regis
3025 5813 3210 5872 Totilm
3247 5831 3299 5875 et
3333 5798 3587 5879 Rmnina-
3620 5829 3767 5881 urbis
