3992 6306
157 372 248 425 ³317

719 365 777 420 S.
819 359 1143 417 GREGORII
1185 356 1399 413 MAGNI
1441 355 1627 420 VITA,
1672 353 1875 411 AUC'I'.
1916 355 2178 411 .IOANNE
2220 359 2530 415 DiACUNO.
2577 362 2703 416 ΕΒ.
2746 363 2832 417 ιν.

3325 367 3433 423 218

162 482 453 552 perditione
484 477 804 545 colloquium
832 473 1086 539 haberet,
1125 471 1310 526 dixit:
1356 468 1458 524 Per
1482 468 1627 523 hunc
1653 479 1713 519 re
1736 494 1741 499 ι
1766 467 1816 522 Δ
1847 484 1953 525 non
1998 471 2196 525 sul‘licit
2216 510 2230 532 ,
2261 480 2482 540 pensate
2511 475 2637 541 quid
2669 490 2826 542 agere
2857 476 3054 544 poterit
3093 475 3282 531 divisa.
3315 477 3434 534 Sci-

158 590 268 641 gem
285 572 485 627 civitas
512 571 607 624 ἰδίει
638 569 962 627 destruetur,
994 563 1179 632 utjam
1200 560 1434 630 amplius
1456 575 1563 614 non
1587 560 1739 612 inha-

156 663 366 717 bitetur.
394 657 493 714 Cui
526 659 605 712 vir
634 656 727 711 Dei
752 654 1032 723 respondit
1061 670 1074 706 :
1107 653 1276 707 Roma
1303 665 1331 704 a
1355 649 1603 718 gentibus
1634 664 1739 703 non

154 750 616 813 «xterminahitur,
646 747 737 802 sed
766 744 1195 813 tempestatibus,
1226 741 1485 805 coruscis,
1515 740 1743 793 turbini-

154 843 247 895 bus
278 858 341 896 ac
373 848 529 895 terra:
560 848 709 892 motu
746 836 963 903 fatigata
1003 840 1302 887 marcescet
1336 832 1388 885 in
1429 833 1734 899 semetipsa.

150 932 313 999 Cujus
356 928 652 1000 prophetize
682 928 939 997 mysteria
972 925 1130 979 nobis
1154 923 1264 991 jam
1296 923 1432 976 facta
1471 930 1595 974 sunt
1625 926 1738 974 luce

151 1023 413 1083 clariora,
446 1020 538 1091 qui
582 1020 635 1073 in
677 1019 779 1073 hac
807 1018 941 1071 urbe
968 1016 1227 1069 dissoluta
1258 1014 1484 1079 muenia,
1521 1027 1737 1065 eversas

149 1111 370 1177 domos,
399 1109 697 1163 destructas
730 1105 993 1160 ecclesias
1023 1105 1233 1159 tuebine
1268 1102 1563 1163 cernimus;
1595 1099 1736 1167 ejus-

145 1219 249 1272 que
275 1203 495 1259 aedilicia
527 1203 689 1270 longo
715 1200 869 1256 senio
902 1199 1116 1261 lassata,
1147 1198 1266 1266 quia
1300 1195 1465 1249 ruinis
1490 1192 1734 1247 crebres-

145 1293 391 1347 centibus
413 1298 846 1362 prosternamur,
869 1288 1164 1343 videmus»
1199 1284 1366 1356 (Dial.
1394 1286 1431 1336 ι.
1460 1298 1517 1348 ιι,
1549 1299 1597 1335 c.
1621 1279 1733 1349 15.)

213 1380 346 1435 Item
377 1382 431 1435 in
462 1381 693 1451 epistola
719 1377 934 1442 Joanni,
966 1377 1220 1446 episcopo
1252 1373 1578 1436 Ravennati,
1613 1381 1735 1439 post

143 1470 210 1523 ali
234 1485 320 1537 ;ua
349 1488 363 1523 :
403 1489 422 1521 ι
450 1470 508 1524 Si
533 1485 643 1539 quo
671 1468 831 1541 modo
854 1476 936 1522 est
960 1464 1243 1535 aliquando
1264 1464 1413 1517 locus
1434 1462 1732 1527 obtinendi,

140 1568 263 1625 agat
285 1559 432 1629 apud
452 1560 742 1614 exarchum
769 1556 1077 1611 fraternitas
1102 1563 1296 1617 vestra,
1323 1561 1379 1604 ut
1401 1567 1586 1621 pacem
1612 1566 1731 1605 cum

143 1649 442 1720 Ariulpho,
486 1651 529 1705 si
555 1649 750 1717 aliquid
776 1661 1090 1716 possumus,
1120 1644 1405 1710 faciamus,
1433 1643 1555 1711 quia
1581 1645 1734 1698 miles

140 1738 201 1790 de
232 1736 484 1790 Reinana
518 1738 647 1791 urbe
672 1748 696 1772 ιι
725 1736 883 1788 tullus
912 1743 1022 1797 est,
1065 1734 1216 1805 165
1245 1733 1381 1787 sicut
1414 1734 1527 1803 ipse
1559 1733 1729 1789 novit.

1846 577 1966 615 mus
2010 572 2189 616 autem
2220 578 2408 617 omnes
2445 565 2568 631 quia
2599 577 2651 617 et
2681 565 2869 620 fluvius
2896 568 2986 635 qui
3019 569 3068 620 in
3094 568 3277 623 multis
3300 571 3428 624 rivis

1844 652 2097 708 dividitur
2124 670 2153 707 a
2197 671 2295 709 suo
2327 656 2483 707 alveo
2509 656 2755 709 sit-catur.

1915 743 2045 797 Item
2079 745 2129 797 in
2155 745 2320 811 ejusd.
2344 763 2392 797 ιιι
2418 749 2692 814 propheta;
2716 748 3046 810 tractatibus,
3078 749 3294 802 homilia
3326 750 3379 802 Η
3413 767 3426 803 :

1849 848 1869 881 ι
1905 831 2047 895 SiVe,
2087 834 2276 903 inquit,
2297 834 2470 901 justus
2492 836 2543 887 in
2566 837 2740 905 culpa,
2771 837 2884 889 sive
2911 846 3159 902 peccator
3181 840 3229 891 in
3254 850 3431 894 morte

1842 929 2088 987 corruat,
2119 924 2439 992 speculatori
2492 925 2785 976 timendum
2830 934 2911 977 est
2959 940 3025 977 ne
3074 926 3213 978 hunc
3234 942 3298 978 ex
3331 945 3428 976 suo
3465 948 3469 952 ι

1839 1009 2053 1061 silentio
2076 1020 2288 1063 reactus
2317 1014 2653 1078 peccantium
2696 1014 2847 1080 paritc
2870 1030 2896 1065 r
2922 1015 3176 1066 involvat.
3210 1014 3313 1065 Sed
3348 1016 3428 1064 io-

1842 1096 2180 1164 terim,dnm
2229 1098 2451 1165 loquor,
2501 1112 2747 1152 avertere
2795 1116 2824 1151 a
2876 1104 3195 1170 memetipso
3245 1104 3433 1155 oculos

1838 1186 1995 1251 volo,
2039 1196 2094 1239 et
2139 1202 2265 1241 ecce
2292 1188 2483 1240 iterum
2514 1203 2692 1240 sermo
2730 1189 2941 1242 divinus
2971 1207 3057 1243 me
3099 1192 3338 1260 impingit
3379 1194 3429 1242 in

1837 1276 2241 1345 memetipsum,
2267 1287 2325 1328 ut
2350 1291 2520 1328 meam
2552 1278 2930 1344 negligentiam
2962 1280 3192 1341 videam,
3218 1291 3274 1334 et
3299 1298 3350 1332 ιιι
3378 1282 3431 1333 hi

1836 1365 1940 1419 dici
1978 1365 2091 1420 haec
2131 1381 2251 1434 qua:
2281 1367 2438 1419 audio
2465 1367 2859 1435 pertimescam.
2897 1368 3047 1421 Sicut
3077 1371 3217 1423 enim
3265 1387 3429 1437 supe-

1836 1456 1949 1511 rius
1977 1456 2121 1520 dixi,
2151 1456 2303 1523 cujus
2331 1472 2425 1511 cor
2453 1458 2747 1511 innumeris
2776 1461 2919 1511 curis
2947 1475 3190 1527 sparsum
3211 1499 3224 1521 ,
3272 1476 3331 1511 se
3361 1462 3429 1511 ad

1835 1562 1895 1602 se
1918 1548 2416 1616 colligat'louando
2458 1550 2657 1603 etenim
2695 1565 2909 1619 possunt
2951 1560 3006 1603 et
3045 1566 3106 1602 ta
3136 1567 3256 1618 quin
3285 1551 3427 1603 ritca

1834 1633 1923 1694 me
1949 1649 2075 1694 sunt
2095 1642 2322 1695 sollicite
2348 1642 2525 1694 omnia
2550 1658 2763 1708 eurare,
2791 1652 2846 1695 et
2875 1643 3273 1711 nti-metipsum,
3297 1642 3427 1693 adu-

1835 1740 1966 1786 nato
2005 1748 2198 1796 sensu,
2226 1733 2573 1801 conspicere?
2601 1732 2825 1797 Quando
2874 1746 3089 1799 possum
3139 1747 3426 1798 pravarum

138 1825 501 1881 'I‘heodosiani
532 1840 660 1879 vero
689 1825 782 1895 qui
823 1824 910 1878 hic
947 1831 1350 1887 remanserunt,
1398 1836 1584 1891 rogatu
1621 1838 1728 1877 non
1761 1843 1809 1902 Β
1838 1824 2101 1893 nequitias
2142 1824 2472 1891 insequendo
2509 1824 2807 1893 corrigere,
2842 1824 3101 1875 bonorum
3132 1830 3283 1874 actus
3313 1823 3426 1873 lano

138 1916 494 1986 accipientes,
551 1914 639 1969 vix
678 1914 745 1968 ad
786 1930 1059 1968 murorum
1099 1913 1317 1983 quidem
1346 1914 1643 1970 custodiam
1670 1930 1730 1972 se

137 2006 573 2072 accommodant,
622 2014 677 2060 et
719 2006 973 2061 destituta
1020 2007 1087 2060 ab
1124 2022 1212 2060 om
1255 2006 1374 2060 ibus
1404 2008 1628 2070 civitas,
1682 2010 1729 2063 si

136 2113 325 2168 pacem
352 2097 466 2166 ejus
494 2113 601 2151 non
631 2098 812 2165 habet,
839 2097 1113 2166 quomodo
1134 2098 1467 2152 subsistet?»
1502 2098 1727 2171 (Regisl.

137 2189 172 2241 ι.
205 2203 265 2254 tt,
296 2205 376 2253 rp.
405 2186 491 2242 46.

205 2203 265 2254 ιι,
362 2228 376 2241 .
405 2186 491 2242 46.

203 2186 518 2331 67.q'I‘antis)
547 2292 796 2332 curarum
828 2277 1143 2332 tumultibus
1166 2293 1263 2346 pro
1304 2277 1604 2333 animarum
1629 2294 1727 2348 pa-

134 2368 265 2421 riter
308 2383 375 2423 ae
407 2369 641 2424 civitatis
670 2369 909 2430 custodia
950 2367 1241 2438 Gregorius
1286 2369 1640 2438 gravabatur,
1671 2378 1728 2423 ut

134 2458 190 2513 in
218 2458 324 2513 coli
356 2459 632 2514 molestias
656 2474 938 2525 corruens,
971 2475 1079 2513 non
1117 2460 1289 2514 solum
1319 2462 1336 2527 (
1366 2460 1503 2515 sicut
1524 2476 1725 2530 propo-

132 2549 337 2618 suerat)
368 2563 464 2618 per
482 2548 723 2604 ordinem
751 2547 1044 2604 Ezechielis
1070 2549 1326 2620 mysteria
1351 2550 1573 2606 minime
1602 2566 1725 2620 per-

132 2647 415 2705 tractaret,
449 2641 797 2696 verumetiam
820 2641 1104 2697 hostilibus
1134 2642 1558 2713 incursionibus,
1585 2646 1723 2699 mul—

130 2732 304 2800 tisqne
342 2732 587 2803 corporis
642 2732 1005 2789 debititatibus
1054 2743 1405 2803 aggravatus,
1456 2750 1487 2789 a
1547 2736 1726 2791 studio

128 2823 486 2893 expositionis
524 2825 745 2881 omnino
793 2825 1112 2891 desisteret,
1149 2834 1205 2881 et
1248 2827 1314 2880 ad
1358 2827 1474 2882 dies
1520 2827 1641 2882 illos
1667 2844 1726 2884 se

129 2915 441 2986 pervenisse
468 2915 711 2982 defieret,
743 2925 905 2987 atque
932 2916 1341 2972 dissolutionem
1371 2917 1453 2972 sui
1483 2918 1727 2989 corporis

127 3008 254 3063 totis
301 3007 586 3063 conatibus
628 3006 910 3077 ﬂagitaret.
959 3007 1301 3079 Quapropter
1329 3009 1504 3064 eidem
1530 3009 1723 3065 Joanni

126 3099 387 3169 episcopo
425 3099 698 3168 queritur,
750 3099 938 3155 dicens
977 3116 992 3153 :
1034 3119 1068 3152 ·‹
1102 3099 1256 3166 Quod
1301 3101 1486 3156 multis
1530 3109 1724 3156 vestrae

1833 1911 2010 1965 dando
2039 1922 2093 1967 et
2122 1912 2459 1966 admonendo
2489 1914 2790 1979 custodire,
2832 1913 2949 1964 aliis
2980 1924 3043 1965 te
3063 1926 3238 1964 rorem
3266 1920 3425 1978 atque

1832 2004 1953 2056 aliis
1981 2003 2319 2057 dulcedinem
2367 2003 2773 2056 demonstrare?
2816 2001 3039 2068 Quando
3063 2003 3250 2061 valeo.
3282 2011 3335 2054 et
3360 2008 3425 2054 de

1832 2095 1914 2149 his
1936 2109 2054 2163 qua:
2079 2102 2203 2146 sunt
2224 2094 2523 2147 necessaria
2557 2093 2809 2147 fratribus
2831 2094 3067 2159 cogitar--
3086 2132 3101 2155 ,
3146 2104 3195 2145 et
3229 2108 3259 2144 c
3284 2100 3418 2143 Intra

1831 2186 2055 2239 hostiles
2081 2185 2290 2253 gladios
2333 2184 2400 2237 de
2437 2183 2589 2237 Urbis
2640 2185 2828 2252 vigiliis
2878 2184 3289 2237 sollicitudinem
3329 2197 3420 2250 ge-

1829 2292 1978 2342 rere,
2012 2293 2080 2332 ne
2107 2278 2410 2332 incursiooe
2448 2279 2603 2347 166
2637 2278 2808 2329 subita
2842 2279 2986 2331 cives
3027 2285 3245 2343 pereant
3299 2291 3421 2342 pro-

1829 2369 2038 2434 videre,
2071 2379 2124 2423 et
2155 2370 2294 2422 inter
2323 2370 2434 2422 haec
2473 2369 2650 2421 omnia
2684 2384 2779 2437 pro
2826 2369 3125 2419 animarum
3177 2366 3420 2419 custodia

1828 2458 1986 2529 plene
2013 2467 2173 2526 atque
2218 2456 2509 2511 etlieariter
2532 2458 2750 2511 verbum
2789 2454 3179 2509 exhortationis
3210 2457 3418 2523 impen-

1827 2551 1995 2604 dere?
2035 2550 2204 2617 Loqui
2243 2550 2441 2603 etenim
2483 2549 2550 2602 de
2597 2548 2705 2599 lleo
2754 2548 2945 2616 quieta:
2975 2546 3126 2599 valde
3154 2554 3209 2597 et
3240 2546 3418 2598 :ilveraa

1828 2643 2024 2697 mentis
2070 2650 2172 2697 est.
2223 2641 2378 2696 Tune
2427 2655 2655 2708 namque
2703 2640 2838 2693 bene
2888 2639 3061 2703 lingua
3090 2636 3414 2703 dirigitnrio

1826 2746 2100 2797 sermone,
2128 2747 2251 2785 eum
2293 2745 2483 2785 secure
2510 2744 2698 2784 sensus
2723 2728 2987 2795 quieveait
3035 2727 3085 2777 in
3120 2724 3418 2791 tranquilli-

1829 2833 1940 2880 tate
1972 2843 1984 2877 :
2017 2824 2143 2892 quia
2174 2837 2273 2877 nec
2301 2836 2560 2875 concussa
2588 2835 2723 2886 aqua
2756 2818 3039 2884 imaginem
3080 2814 3416 2883 coiispicien-

1831 2918 1896 2972 tis
1924 2916 2122 2979 reddit,
2147 2913 2241 2968 sed
2272 2920 2396 2966 tunc
2418 2912 2469 2965 in
2498 2926 2559 2964 ea
2584 2911 2761 2964 vultus
2785 2907 3110 2962 intendentis
3137 2906 3414 2973 aspicitur,

1826 3023 1947 3062 cum
1993 3021 2097 3059 non
2127 3011 2394 3058 movetur.
2424 3001 2592 3067 Quam
2637 3015 2767 3068 ergo
2797 2997 3228 3052 exhortationem
3270 2995 3419 3049 vobis

1825 3095 2133 3165 Speculator
2176 3100 2380 3156 vester,
2429 3092 2622 3145 fratres
2650 3089 2981 3154 charissimi,
3027 3087 3226 3151 faciat,
3256 3099 3416 3153 quem

126 3190 448 3245 beatitudini
487 3191 709 3245 minime
755 3190 1040 3261 respondi,
1083 3207 1188 3246 non
1220 3192 1323 3247 hoc
1350 3194 1552 3262 torpori
1576 3209 1717 3261 meo,
1750 3210 1796 3273 ρ
1828 3196 1905 3241 tot
1953 3201 2131 3241 rerum
2181 3184 2425 3240 confusio
2492 3182 2807 3252 perturbat?
2852 3199 2870 3231 ι
2925 3179 2987 3232 Et
3035 3179 3194 3248 paulo
3237 3185 3359 3245 post
3402 3192 3414 3227 :

125 3282 220 3337 sed
269 3282 513 3350 languori
560 3282 859 3353 deputate:
897 3284 1021 3354 quia
1065 3284 1303 3354 peccatis
1346 3286 1481 3340 meis
1516 3285 1722 3342 facien-

125 3374 290 3440 tibus,
315 3388 383 3427 eo
413 3381 655 3445 tempore
677 3387 786 3441 quo
810 3370 1098 3442 Ariulphus
1118 3369 1187 3427 ad
1210 3372 1508 3429 Romanam
1537 3376 1722 3430 urbem

125 3465 378 3528 veniens,
404 3464 540 3519 alios
567 3462 793 3529 occidit,
814 3463 948 3518 alios
970 3464 1327 3530 detruncavit,
1350 3474 1495 3521 tanta
1520 3468 1721 3521 mmsti-

125 3559 194 3609 lia
215 3556 445 3612 alTeetus
464 3572 606 3620 sum,
627 3565 686 3611 ut
707 3557 758 3610 in
778 3556 880 3612 coli
905 3555 1202 3610 molestiam
1220 3558 1487 3613 caderem.
1504 3558 1722 3629 i(Ibid.)

194 3646 327 3705 Item
361 3647 414 3700 in
443 3647 780 3717 expositione
810 3646 1009 3701 ultima:
1033 3645 1247 3701 visionis
1272 3647 1572 3703 Ezechielis
1593 3666 1723 3718 pro-

124 3738 339 3807 phette:
380 3757 399 3789 ι
435 3738 570 3805 Quia
607 3738 788 3792 multis
815 3738 957 3793 euris
1000 3738 1397 3807 prementibus,
1427 3738 1724 3795 Ezechielis

125 3830 404 3901 propheta:
443 3830 637 3885 librum
668 3844 850 3885 coram
898 3829 1167 3884 eharitate
1205 3837 1384 3883 vestra
1428 3839 1601 3884 totum
1627 3847 1724 3901 per

124 3921 368 3974 ordinem
399 3920 725 3991 perscrutari
754 3934 859 3973 non
885 3918 1067 3985 licuit,
1108 3919 1263 3973 bonis
1290 3920 1483 3974 vestris
1510 3920 1721 3975 deside-

122 4014 216 4068 riis
238 4014 444 4082 placuit
470 4020 676 4083 petere,
705 4019 761 4067 ut
785 4012 975 4067 saltem
1001 4020 1243 4066 extrema
1274 4010 1389 4081 ejus
1416 4012 1574 4079 visio,
1604 4027 1722 4081 quae

121 4107 169 4161 ei
194 4104 338 4160 facta
370 4113 455 4159 est
483 4104 551 4159 de
574 4103 798 4160 :edilieio
853 4104 905 4158 in
950 4110 1135 4158 monte
1160 4102 1475 4168 constituto,
1520 4116 1639 4171 quae
1666 4110 1723 4156 et

121 4198 333 4254 cunctis
360 4205 448 4253 est
472 4195 771 4251 visionibus
798 4195 914 4263 ejus
943 4193 1247 4257 obscurior,
1280 4197 1473 4263 exponi
1503 4193 1720 4248 debuis.

120 4301 220 4347 set.
274 4290 341 4344 Et
380 4290 600 4361 quidem
622 4287 882 4344 voluntati
916 4289 1231 4342 vestm'me
1275 4301 1463 4355 parere
1495 4300 1719 4342 necesse

119 4388 221 4434 est.
252 4377 361 4433 Sed
387 4378 496 4433 duo
525 4385 653 4432 sunt
688 4392 807 4448 quae
838 4376 938 4432 hac
978 4377 1031 4430 in
1056 4390 1117 4431 re
1140 4376 1453 4444 perturbant
1481 4376 1717 4429 animmu

120 4485 321 4524 meum.
357 4468 556 4535 Unum,
588 4467 731 4537 quod
754 4467 869 4521 lucc
890 4466 1080 4522 eadem
1121 4465 1254 4520 visio
1282 4472 1443 4519 tanta:
1471 4465 1715 4519 obscuri-

1834 3302 1853 3336 ι
1882 3280 2145 3336 Sacerdos
2173 3280 2333 3334 etiam
2360 3284 2482 3348 post
2526 3273 2992 3343 compunctionem
3042 3287 3105 3325 ac
3158 3272 3418 3337 lacnymas

1826 3373 2036 3440 cogitur
2078 3368 2379 3424 necessaria
2419 3380 2648 3435 qumque
2697 3363 2924 3417 liliorum
2955 3375 3173 3415 suorum
3217 3373 3417 3427 «cgno-

1824 3479 2006 3526 scere,
2038 3470 2091 3515 et
2120 3476 2182 3516 ea
2205 3472 2322 3526 quas
2350 3457 2545 3526 relugit
2581 3457 2759 3510 animo
2790 3455 3054 3524 patienter
3083 3451 3266 3505 audire
3286 3493 3302 3516 ,
3329 3460 3416 3503 at-

1824 3571 1929 3625 que
1955 3562 2076 3624 post
2112 3550 2339 3619 suspiria
2367 3548 2696 3610 coalestium,
2726 3544 3084 3616 quorumlibet
3118 3542 3415 3596 carnalium

1825 3647 2099 3700 hominum
2130 3655 2295 3697 onera
2328 3646 2578 3709 portare,
2628 3647 2682 3692 et
2709 3652 2849 3705 stupe
2877 3650 2998 3689 cum
3028 3647 3160 3701 sape
3193 3631 3415 3684 venien-

1825 3733 1965 3787 tibus
1991 3746 2086 3787 cor
2114 3733 2164 3784 in
2191 3729 2458 3783 diversam
2488 3726 2799 3794 qualitatem
2855 3721 3247 3776 translundere.
3282 3717 3414 3771 Nam

1824 3825 2111 3893 aliquando
2155 3823 2222 3876 de
2268 3820 2431 3876 lucris
2474 3816 2838 3887 spiritualibus
2888 3815 3114 3880 gaudet;
3157 3812 3250 3865 sed
3292 3824 3414 3862 cum

1824 3915 2047 3985 quilibet
2076 3929 2309 3968 mmrens
2336 3907 2737 3980 supervenerit,
2779 3906 2880 3958 nisi
2908 3904 3023 3971 ejus
3047 3918 3331 3956 mmrorem
3362 3902 3414 3954 in

1822 4022 1881 4062 se
1914 4004 2241 4074 susceperit,
2288 3999 2618 4056 tribulationi
2651 3997 2790 4051 illius
2817 3994 3147 4062 eompatiens
3177 4000 3411 4044 nonest.

1824 4098 1891 4151 Et
1912 4094 2197 4165 aliquando
2220 4094 2288 4146 de
2304 4092 2511 4146 damnis
2541 4091 2838 4143 animarum
2868 4087 3041 4153 luget;
3067 4083 3160 4137 sed
3190 4091 3413 4152 repente

1820 4187 2207 4259 superveniunt
2236 4182 2327 4251 qui
2377 4182 2445 4236 de
2494 4181 2603 4235 suis
2642 4176 3085 4249 prosperitatibus
3142 4176 3409 4233 laetantur,

1819 4298 2047 4354 quorum
2098 4281 2139 4334 si
2172 4277 2367 4333 hctitite
2415 4274 2667 4330 sacerdos
2711 4288 2816 4325 non
2844 4271 3174 4338 congaudet,
3236 4271 3415 4325 minus

1819 4388 2003 4428 amare
2033 4370 2270 4425 creditur
2293 4367 2428 4422 ﬁlios
2463 4366 2515 4420 in
2540 4379 2767 4434 quorum
2795 4361 2989 4430 gaudio
3020 4378 3122 4413 non
3154 4362 3411 4423 exsultat,

1816 4465 2087 4537 prtecipue
2133 4478 2254 4517 cum
2286 4460 2481 4514 Paulus
2523 4458 2665 4511 dicat
2697 4474 2710 4509 :
2745 4455 2977 4508 Gaudere
2997 4471 3110 4506 cum
3140 4454 3412 4524 gaudenti-

120 4561 245 4613 tatis
290 4560 499 4616 nebulis
536 4559 755 4633 tegitur,
789 4567 846 4612 ιιι
873 4559 963 4613 vix
990 4558 1046 4613 in
1089 4572 1154 4612 ea
1183 4557 1409 4626 aliquid,
1439 4556 1715 4612 intellectu
1745 4571 1795 4630 ι)
1820 4557 1945 4625 bus,
1975 4557 2098 4626 ﬂere
2126 4570 2240 4608 cum
2283 4550 2522 4615 ﬂentibus
2565 4551 2582 4617 (
2608 4548 2771 4633 Rem.
2810 4563 2882 4600 xu
2904 4589 2919 4615 ,
2964 4544 3081 4614 15).
3116 4544 3251 4595 Nihil
3280 4559 3410 4610 ergo

118 4652 499 4719 interlucente,
530 4652 794 4707 videatur.
828 4651 983 4706 Aliud
1001 4693 1017 4720 ,
1040 4650 1185 4721 quod
1208 4650 1320 4719 jam
1347 4650 1711 4722 Agilulphum,

119 4742 598 4811 Langobardorum
628 4758 828 4812 regem,
852 4743 919 4797 ad
943 4743 1278 4799 obsidionem
1303 4753 1540 4800 nostram
1561 4761 1711 4800 sum—

118 4852 343 4908 mopere
391 4836 738 4894 festinantem
758 4878 774 4904 ,
806 4836 1010 4892 Padum
1044 4838 1300 4893 transisse
1341 4839 1711 4907 cognovimus.

122 4925 275 4984 Un-le
328 4937 589 4998 pensate,
631 4927 828 4982 fratres
872 4927 1203 4994 charissimi,
1239 4927 1291 4982 in
1323 4928 1625 4996 caliginusis
1650 4945 1718 4985 ac

118 5020 358 5092 mysticis
402 5020 650 5075 sensibus
687 5019 815 5088 quid
856 5020 1035 5073 valeat
1073 5034 1227 5074 mens
1250 5020 1475 5087 misera,
1509 5019 1718 5076 timoris

115 5110 192 5162 sui
216 5107 719 5178 perturbationibus
739 5118 1020 5178 occupata.
1045 5106 1257 5175 Quanto
1279 5108 1419 5162 enim
1442 5108 1582 5163 circa
1608 5117 1717 5163 ter-

115 5213 240 5252 rcna
270 5198 398 5267 plus
423 5197 641 5266 satagit,
674 5204 828 5252 tanto
858 5198 909 5251 iu
940 5198 1024 5252 his
1047 5214 1163 5267 qua:
1184 5207 1309 5252 sunt
1343 5199 1582 5253 cmlestia
1615 5200 1717 5254 mi-

114 5306 212 5344 nus
239 5291 391 5345 videt
424 5308 439 5343 :
468 5304 572 5360 pro
610 5304 679 5345 eo
706 5289 851 5361 quod
880 5291 1023 5345 euris
1049 5291 1159 5345 suis
1185 5304 1338 5345 eXtra
1377 5306 1436 5345 se
1477 5291 1710 5354 ducitur,

116 5381 268 5436 Valde
297 5382 442 5437 intus
468 5382 649 5437 minor
676 5388 759 5435 est
790 5398 803 5434 :
836 5381 962 5449 qnia
1013 5381 1269 5451 scriptum
1299 5389 1381 5435 est
1411 5399 1422 5434 :
1456 5381 1713 5447 Deprimit

113 5481 317 5525 terrena
346 5472 656 5527 inhabitatio
686 5488 890 5525 sensum
920 5473 1080 5525 multa
1117 5473 1424 5541 cogitantem
1475 5471 1629 5541 (Sup.
1656 5472 1707 5537 9,

113 5560 221 5630 15).
252 5563 391 5631 Quae
430 5564 576 5619 enim
618 5562 896 5632 superiora
924 5571 1237 5632 penetrare,
1271 5562 1431 5615 etiam
1458 5561 1705 5627 collecta,

184 5684 208 5710 ·
241 5677 320 5731 De
350 5678 454 5732 isto
482 5677 648 5733 verbo
676 5676 955 5731 disseritur
1000 5675 1050 5728 in
1092 5684 1217 5730 nota
1246 5674 1276 5725 Ιι
1306 5688 1391 5743 ep.
1426 5670 1493 5724 46
1529 5670 1621 5724 lib.
1658 5686 1691 5725 ιι

117 5744 509 5873 Βθῖιῗὲῖιίὶυὼ.
542 5826 596 5873 et
624 5817 710 5872 alii
736 5816 866 5873 Mss.
900 5814 1114 5883 Excusi,
1136 5815 1328 5883 quibus
1358 5810 1713 5879 astipulantur

1819 4656 1929 4702 tam
1973 4658 2263 4701 onerosum
2320 4644 2371 4697 in
2412 4641 2604 4696 ordine
2652 4628 2995 4692 sacerdotum
3037 4633 3190 4687 video
3243 4649 3405 4701 quam

1818 4741 2049 4809 rigorem
2096 4735 2291 4791 mentis
2337 4726 2715 4801 compatiendo
2761 4729 3005 4789 ﬂet-tere,
3050 4732 3251 4777 etcum
3284 4739 3407 4790 per—

1816 4831 1963 4886 sonis
2007 4824 2505 4897 supervenientibus
2565 4822 2801 4875 animum
2851 4826 3093 4881 mutare;
3128 4822 3183 4868 et
3224 4823 3405 4867 tamen

1811 4923 1918 4977 hoc
1946 4919 2104 4974 valde
2128 4927 2211 4973 est
2236 4915 2619 4971 necessarium.
2653 4912 2785 4965 Nam
2814 4907 3029 4978 quando
3057 4923 3121 4959 ex
3153 4903 3409 4975 praedica-

1812 5015 1958 5068 tione
1987 5012 2103 5081 ejus
2122 5011 2187 5065 ad
2217 5008 2343 5064 boni
2365 5007 2546 5076 operis
2566 5003 3071 5074 gratiampeccator
3101 4996 3393 5058 reducitur,

1809 5105 1855 5159 si
1886 5104 1998 5173 ipse
2027 5104 2118 5172 qui
2147 5100 2401 5173 prmdicat
2427 5098 2639 5151 videtur
2662 5093 2935 5163 ingratus?
2966 5110 2984 5142 ι
3021 5089 3263 5161 (Prwfat.
3300 5088 3337 5141 ι.
3373 5103 3408 5143 ιι

1806 5197 1861 5250 in
1886 5194 2117 5262 Ezech.).

1885 5285 2014 5339 Item
2045 5285 2097 5337 in
2130 5281 2232 5335 line
2275 5281 2512 5351 ejusdem
2559 5273 2843 5331 voluminis
2874 5290 2887 5325 :
2927 5290 2944 5323 ι
2980 5269 3119 5325 Ecce
3167 5268 3312 5330 haec,
3345 5276 3404 5324 ut

1816 5376 2042 5431 Domino
2088 5373 2349 5439 largiente
2393 5367 2691 5439 potuimus,
2741 5378 2925 5419 coram
2977 5361 3160 5427 vobis,
3210 5360 3400 5412 fratres

1812 5462 2143 5529 charissimi,
2167 5462 2340 5515 rimati
2368 5473 2568 5512 sumus.
2600 5455 2768 5509 Nemo
2796 5462 2974 5506 autent
3001 5467 3087 5505 me
3110 5449 3401 5519 reprehen-

1812 5561 1905 5615 dat
1932 5561 1954 5594 δ
1985 5557 2029 5611 si
2061 5563 2181 5624 post
2210 5552 2351 5607 hanc
2380 5543 2704 5605 locutionem
2729 5560 3039 5611 cessavero,
3073 5543 3193 5611 quia
3212 5582 3226 5605 ,
3258 5540 3399 5594 sicut
3426 5556 3429 5559 ν

1804 5670 1936 5738 Reg.
1989 5676 2043 5722 et
2072 5665 2193 5722 cod.
2240 5661 2511 5720 B.-Maria:
2536 5657 2728 5728 Paris,
2762 5658 2805 5712 si
2833 5657 3044 5725 posthac
3085 5667 3114 5707 α
3146 5654 3395 5709 locutione

1808 5755 2085 5794 cessavere.
