3992 6300
572 329 679 384 219

1137 331 1192 379 S.
1237 326 1558 380 ιῑιιι.ι;υιι;ι
1604 322 1817 377 ΜΛςυΜ
1863 320 2014 373 VITA
2082 318 2159 373 Al

2272 356 2285 371 .
2328 317 2588 371 JUANNE
2633 317 2944 372 DIACONO.
2988 318 3115 372 ιλιι.
3157 317 3247 373 IV.

3730 324 3838 377 2ἲο

553 458 743 496 omnes
790 442 1043 505 cernitis,
1100 449 1295 494 nostra:
1347 437 1721 491 tribulationes
1763 438 2134 485 excrevcrunt.
2173 434 2210 485 Λ
2248 426 2465 481 Domine
2507 426 2688 495 (Psal.
2729 442 2880 490 cxu,
2920 443 2967 481 υ.
3001 427 3145 497 ult).
3176 427 3283 482 Sed
3306 431 3431 497 quia
3473 445 3610 483 uicis
3664 431 3842 484 adhuc

560 526 804 598 Undique
831 529 1023 597 gladiis
1043 526 1349 583 circutnlusi
1374 540 1574 586 smnus,
1599 521 1834 588 undique
1860 519 2143 572 imminens

556 622 746 676 mortis
791 622 1086 691 periculum
1138 620 1403 670 timemus.
1446 615 1545 666 Alii
1577 613 1832 666 detrunca
1863 611 1908 663 is
1952 607 2018 661 ad
2050 622 2148 660 nos

558 716 805 771 manibus
851 715 1105 774 redeunt;
1158 710 1245 761 alii
1295 707 1472 774 capti,
1517 706 1605 758 alii
1653 701 1957 770 interempti
1994 714 2146 751 nun-

562 804 785 859 tiantur.
812 802 928 856 Jatn
959 814 1123 864 cogor
1150 799 1382 864 linguam
1416 796 1481 847 ab
1508 793 1844 861 expositione
1892 790 2145 852 retinere,

558 899 681 966 quia
723 894 879 948 tzcdet
911 892 1143 943 animam
1174 903 1346 939 ιιιρςιιιι
1394 887 1517 938 vine
1563 900 1693 936 mem
1724 883 1863 951 (Job.
1918 884 1998 949 x).
2028 878 2146 933 .Iatn

559 988 736 1042 nullus
769 984 821 1036 in
854 996 940 1034 me
985 980 1124 1033 sacri
1178 977 1376 1044 eloquii
1424 976 1656 1027 studium
1706 971 1971 1039 requirat,
2021 968 2145 1035 quia

558 1092 710 1131 versa
737 1084 821 1129 est
847 1073 897 1127 in
930 1073 1129 1126 luctum
1168 1071 1372 1123 cit'taru
1401 1082 1519 1121 mea
1540 1107 1555 1128 ,
1585 1074 1640 1118 ct
1682 1078 1939 1131 organum
1972 1075 2147 1114 mcum

560 1168 615 1221 itt
647 1181 835 1221 vocem
871 1162 1113 1217 ﬂentium
1160 1160 1300 1231 (Job.
1330 1158 1481 1224 xxx).
1512 1156 1627 1210 Juut
1658 1154 1835 1209 cordis
1862 1152 2049 1207 oculus
2094 1151 2146 1204 in

557 1256 937 1327 mysteriorum
973 1251 1304 1305 discussione
1349 1265 1454 1301 non
1509 1246 1719 1315 vigilat,
1742 1244 1863 1311 quia
1894 1240 2152 1295 dormita-

558 1350 636 1402 vit
667 1346 846 1402 anima
890 1358 1009 1398 mea
1047 1358 1155 1409 pm:
1185 1340 1341 1392 taedio
1377 1336 1550 1407 (l’sal.
1582 1333 1786 1403 cxvnt).
1826 1332 1944 1385 .Iatu
1975 1336 2151 1384 m'nus

560 1439 719 1494 lectio
761 1436 939 1490 animo
982 1432 1152 1487 du'cis
1181 1440 1284 1497 est,
1313 1429 1436 1498 quia
1466 1427 1662 1481 oblitus
1687 1439 1803 1477 sum
1830 1438 1949 1476 man
1971 1422 2152 1475 lucare

562 1542 755 1597 panem
805 1539 982 1579 meum
1027 1538 1055 1573 a
1101 1534 1237 1572 voce
1283 1517 1511 1583 gemitus
1562 1514 1666 1567 mei
1707 1511 1879 1583 (Psal.
1927 1514 2023 1575 Ct).
2051 1508 2151 1563 Cui

561 1629 744 1675 autem
772 1619 952 1671 vivere
978 1630 1082 1668 non
1109 1612 1234 1665 licet
1253 1652 1265 1671 ,
1289 1611 1357 1663 de
1399 1608 1691 1676 Scriptura:
1719 1620 1884 1659 sacra:
1907 1602 2154 1657 sensibus

561 1709 709 1779 loqui
747 1706 970 1776 mystica
1019 1702 1251 1770 qualiter
1299 1698 1461 1752 libet?
1493 1696 1560 1750 Et
1587 1696 1676 1763 qtti
1722 1709 1887 1763 cogor
1912 1693 2151 1761 quotidie

561 1816 745 1854 amara
788 1799 1006 1864 bibere,
1045 1796 1259 1863 quando
1294 1806 1514 1860 possum
1544 1786 1719 1851 dulcia
1766 1787 2093 1856 propinare?
2128 1806 2146 1837 ι
2188 1805 2231 1861 Β

562 1891 784 1958 (Nomii.
817 1888 938 1951 ult.)

630 2004 761 2057 Item
816 2000 1013 2054 Italica:
1064 1996 1304 2067 patricia:
1350 2000 1406 2048 et
1458 1990 1756 2052 Venautio,
1812 1987 2152 2043 extuonacho

562 2092 787 2163 patricio
820 2108 834 2143 :
870 2108 888 2139 ι
917 2086 1187 2153 Quosdam
1218 2084 1285 2137 de
1309 2083 1491 2137 Sicilia
1516 2083 1795 2136 venientes
1828 2078 2023 2132 affectu
2052 2092 2160 2147 quo

562 2181 723 2235 debui
763 2181 830 2234 de
858 2177 1119 2247 sospitate
1166 2174 1499 2229 excellentia:
1530 2180 1719 2225 vestra:
1760 2170 2033 2238 requirere
2061 2184 2159 2221 cu-

564 2274 706 2337 ravi,
750 2272 843 2325 sed
895 2269 962 2324 de
1016 2268 1331 2322 assiduitate
1376 2264 1749 2333 :cgritudinum
1802 2261 1932 2315 mihi
1990 2260 2159 2314 tristia

565 2362 979 2432 rt‘Spttlttlet‘tIIII.
1020 2358 1142 2411 Ihec
1170 2366 1347 2410 autetn
1377 2355 1591 2417 dicens,
1624 2368 1723 2407 nec
1768 2366 1870 2422 ego
1898 2350 2051 2404 vobis
2093 2350 2163 2404 de

566 2454 775 2521 tueipso
825 2448 1040 2503 invenio
1089 2446 1232 2499 aliud
1281 2444 1423 2514 quod
1454 2443 1678 2498 debeam
1728 2441 2002 2502 nuntiare,
2059 2440 2160 2493 niSI

565 2542 709 2611 quod
729 2584 745 2608 ,
786 2539 1022 2609 peccatis
1052 2537 1184 2590 meis
1213 2535 1526 2589 facientibus
1548 2579 1562 2599 ,
1595 2547 1723 2588 ecce
1758 2532 1868 2599 jam
1914 2529 2159 2584 undecim

564 2646 777 2685 nienses
804 2636 927 2682 sunt
954 2626 1095 2695 quod
1127 2626 1280 2678 valde
1306 2640 1480 2677 rarum
1503 2633 1586 2677 est
1613 2623 1657 2677 si
1679 2622 1746 2677 de
1768 2622 1909 2676 lecto
1939 2634 2161 2687 surgere

566 2719 854 2789 aliquando
898 2717 1069 2787 potui.
1138 2716 1325 2769 Tantis
1368 2715 1511 2768 enim
1561 2713 1810 2782 podagra:
1862 2712 2160 2778 doloribus,

567 2810 836 2877 tantisque
890 2807 1255 2861 molestiarum
1306 2819 1522 2873 premor
1568 2802 1890 2872 angoribus,
1945 2809 2004 2855 ut
2052 2802 2159 2855 vita

566 2900 695 2954 mihi
725 2897 1037 2966 gravissima
1069 2910 1225 2964 poma
1263 2895 1351 2949 sit.
1382 2894 1632 2960 Quotidie
1678 2893 1821 2947 enim
1872 2893 1924 2947 in
1972 2892 2161 2947 dolore

566 2988 785 3053 delicio,
819 2996 873 3040 et
904 2986 1091 3040 tnm'tis
1124 2985 1416 3038 remedium
1454 2984 1792 3053 expectando
1834 2983 2068 3050 suspiro.
2101 2984 2157 3036 In

568 3081 717 3133 Clt‘l't)
745 3092 877 3131 Vt'lO
912 3076 1064 3146 167
1090 3075 1247 3141 hujus
1274 3074 1419 3128 urbis
1449 3082 1504 3128 et
1535 3075 1730 3143 populo
1773 3074 1904 3128 tanti
1933 3072 2157 3127 febrium

569 3169 853 3238 languores
882 3169 1069 3222 irruerr
1096 3177 1174 3225 nt.
1204 3175 1259 3220 ut
1291 3182 1427 3236 pene
1456 3166 1631 3220 nullus
1661 3166 1816 3231 liber,
1844 3166 2018 3222 nullus
2037 3181 2154 3219 scr-
2182 3161 2231 3225 C

570 3276 667 3317 vus
694 3260 1030 3326 remanserit,
1060 3260 1149 3328 qui
1181 3257 1404 3313 idoneus
1429 3273 1546 3313 esse
1575 3256 1639 3311 ad
1663 3258 1879 3326 aliquod
1925 3257 2160 3313 oﬂicium

570 3352 655 3407 vel
704 3350 1057 3404 ministerium
1119 3350 1307 3418 possit.
1359 3347 1435 3403 De
1476 3348 1665 3403 vicinis
1705 3356 1884 3402 autem
1945 3349 2163 3404 urbibus

572 3451 780 3511 strages
806 3441 959 3494 nobis
981 3440 1321 3494 mortalitatis
1347 3438 1586 3508 quotidie
1616 3438 1952 3491 nuntiantur.
1985 3438 2161 3491 Africa

572 3542 751 3587 autem
799 3533 1032 3602 qualiter
1060 3531 1389 3585 mortalitate
1431 3538 1486 3584 et
1514 3529 1857 3597 languoribus
1902 3538 2162 3595 vastetur,

572 3634 775 3694 quanto
821 3623 1110 3678 viciniores
1154 3624 1283 3677 estis
1334 3630 1484 3677 tanto
1532 3621 1696 3676 credo
1732 3619 1876 3689 quod
1920 3619 2166 3674 subtilius

572 3715 920 3784 cognovisds.
956 3713 1032 3767 De
1072 3714 1290 3769 Oriente
1321 3729 1450 3767 vero
1479 3713 1570 3781 qui
1610 3713 1859 3778 veniunt,
1891 3713 2166 3780 graviores

573 3807 937 3861 desolationes
971 3808 1240 3861 nuntiant.
1278 3807 1333 3860 In
1365 3807 1446 3860 his
1486 3806 1671 3875 itaque
1709 3806 1991 3872 omnibus,
2016 3805 2161 3875 quia,

572 3897 1035 3969 appropinquante
1064 3896 1169 3950 line
1198 3895 1403 3960 mundi,
1429 3895 1739 3965 generalem
1764 3894 2165 3963 percu~sionem

572 4005 692 4044 csse
718 3990 1125 4057 cognoscimus,
1162 3987 1322 4056 amigi
1354 3988 1512 4041 nimis
1540 3986 1606 4042 de
1650 3986 1882 4056 propriis
1906 3986 2168 4043 molestiis

574 4097 681 4136 non
704 4081 980 4135 debemus.
1020 4099 1038 4131 ι
1085 4078 1310 4149 (Regist.
1335 4081 1375 4134 ι.
1406 4094 1480 4143 tx,
1512 4095 1594 4149 ep.
1620 4076 1768 4145 ηε.)

644 4192 775 4247 Item
801 4192 1023 4263 Eulogio
1047 4231 1062 4256 ,
1109 4192 1427 4262 patriarcha:
1462 4190 1826 4246 Alexandrino
1859 4208 1872 4245 :
1912 4210 1931 4243 ι
1968 4191 2168 4247 Trans-

574 4294 697 4337 acto
733 4299 875 4336 anno
916 4283 1232 4338 suavissima
1264 4282 1568 4338 sanctitatis
1603 4290 1795 4336 vestra:
1824 4282 2022 4351 scripta
2050 4298 2170 4337 sus-

574 4373 692 4441 cepi
712 4415 728 4440 ,
754 4373 947 4441 quibus
976 4389 1073 4443 pro
1101 4372 1435 4442 :egritudinis
1472 4389 1607 4428 mea:
1636 4373 1912 4427 nimietate
1940 4389 2168 4443 respon-

575 4463 704 4517 dere
729 4480 870 4519 nunc
902 4480 1069 4533 usque
1099 4481 1205 4518 non
1240 4465 1401 4521 valui.
1426 4464 1565 4519 Ecce
1587 4465 1727 4519 enim
1752 4465 1863 4535 jam
1892 4466 2165 4520 biennium

2248 519 2495 587 precibus
2518 519 2765 572 obtinere
2794 533 2901 571 non
2930 534 3160 582 meteor,
3189 534 3320 587 rogo
3345 529 3401 573 ut
3423 530 3617 574 vestio:
3641 522 3841 574 sancti-

2249 609 2373 663 tatis
2402 608 2576 661 oratio
2596 624 2705 662 sua:
2734 608 2862 661 tnihi
2905 609 3304 664 intercessionis
3351 611 3678 678 adjutoriam
3709 625 3846 679 pra:-

2247 701 2393 763 beat,
2428 714 2619 767 meque
2648 715 2679 753 a
2710 700 2914 765 peccati
2948 708 3000 753 et
3046 701 3407 771 corruptionis
3435 701 3678 770 pondere
3707 700 3845 753 libe-

2248 808 2367 846 rum
2399 791 2583 845 reddat
2610 789 2661 843 in
2695 790 2871 854 illam,
2911 806 3072 859 quam
3114 790 3251 844 bene
3289 791 3487 858 nostis,
3540 792 3847 846 libertatem

2249 883 2432 952 gloria:
2456 882 2683 936 liliorum
2713 880 2827 935 Dei.
2881 900 2899 932 ι
2937 879 3076 947 (Lib.
3106 897 3161 948 x,
3186 898 3267 948 ep.
3299 879 3413 952 55.)

2322 992 2454 1045 Item
2481 992 2655 1046 eidem
2688 1009 2699 1043 :
2744 1011 2762 1042 ι
2800 990 2931 1044 Peto
2964 1001 3143 1045 autem
3174 1000 3234 1045 ut
3260 1007 3355 1061 pro
3395 1007 3481 1046 me
3510 991 3721 1047 enixius
3743 1008 3845 1048 ve-

2251 1093 2361 1137 stra
2391 1082 2646 1137 sanctitas
2668 1097 2828 1136 orare
2854 1082 3070 1143 debeat,
3099 1082 3222 1150 quia
3270 1083 3520 1151 podagra:
3547 1083 3848 1149 doloribus,

2252 1183 2305 1228 et
2336 1175 2682 1228 barbarorum
2714 1174 2924 1241 gladiis,
2965 1188 3021 1227 et
3057 1191 3306 1237 curarum
3355 1176 3737 1232 alllictionibus
3763 1178 3848 1231 in-

2252 1272 2526 1317 cessanter
2554 1280 2787 1332 premor.
2820 1264 2923 1317 Sed
2955 1265 2998 1317 si
3037 1265 3164 1318 mihi
3195 1267 3454 1321 orationis
3475 1276 3667 1321 vestra:
3688 1283 3847 1337 opem

2253 1356 2596 1425 impenditis,
2643 1357 2805 1412 crrdo
2842 1356 2985 1424 quod
3030 1370 3116 1409 me
3164 1365 3352 1409 contra
3396 1356 3625 1412 adversa
3663 1358 3845 1412 omnia

2252 1448 2463 1504 fortiter
2486 1449 2704 1517 jnvctis.
2739 1469 2756 1501 ι
2812 1448 2954 1517 (Lib.
2994 1465 3066 1511 Ix,
3092 1466 3174 1518 ep.
3197 1447 3312 1516 78.)

2324 1560 2457 1614 Item
2488 1560 2707 1615 eidem:
2752 1579 2770 1611 ι
2811 1560 2961 1627 Ilogo
3008 1575 3137 1627 ergo
3184 1569 3242 1614 ut
3284 1577 3382 1629 pro
3430 1576 3515 1616 me
3560 1570 3847 1631 peccatore

2258 1651 2472 1704 enixius
2503 1651 2699 1718 oretis,
2732 1651 2854 1720 quia
2902 1660 2954 1704 et
2984 1651 3141 1705 dolor
3162 1652 3433 1721 corporis,
3459 1660 3515 1707 et
3547 1653 3845 1706 amaritudo

2257 1742 2433 1795 cordis
2462 1757 2526 1794 ex
2556 1758 2803 1795 curarum
2831 1740 3238 1804 alllictionibus,
3263 1750 3319 1795 et
3347 1742 3610 1796 immensa
3634 1742 3847 1796 vastitas

2258 1831 2627 1894 mortahtatiz,
2662 1830 2801 1885 inter
2830 1838 2910 1883 tot
2940 1831 3288 1885 barbarorum
3333 1830 3540 1897 gladios
3569 1846 3659 1885 me
3686 1830 3847 1884 vehe-

2259 1929 2469 1975 menter
2517 1918 2722 1989 aﬂligit.
2772 1918 2916 1975 Inter
2952 1935 3072 1988 qua:
3101 1919 3281 1974 omnia
3320 1936 3428 1973 non
3475 1919 3847 1989 temporalem,

2259 2012 2351 2066 sed
2399 2021 2654 2065 aucrnam
2699 2012 3125 2067 consolationem
3156 2012 3408 2081 requiro,
3439 2028 3598 2081 quam
3628 2027 3731 2081 per
3769 2026 3849 2065 me

2261 2102 2548 2171 impetrare
2586 2119 2692 2155 non
2724 2102 2908 2167 valeo,
2944 2102 3038 2156 sed
3064 2117 3159 2171 per
3188 2103 3628 2158 intercessionem
3661 2113 3851 2156 vestra:

2261 2191 2607 2247 beatitudinis
2635 2192 2777 2248 hanc
2819 2208 2907 2247 me
2946 2192 3192 2249 obtinere
3236 2190 3470 2248 confido.
3507 2212 3527 2245 ι
3563 2190 3707 2260 (Lib.
3740 2209 3848 2258 xm,

2259 2283 2484 2427 erittin)
2506 2384 2531 2409 ιι
2562 2372 2891 2441 Mziriniano,
2915 2373 3170 2443 episcopo
3222 2371 3491 2426 Ravenna:
3519 2389 3531 2424 :
3572 2391 3591 2423 ι
3628 2370 3851 2425 Mul'um

2259 2464 2369 2531 jam
2421 2471 2632 2531 tempus
2686 2472 2770 2518 est
2815 2478 2923 2529 quo
2969 2479 3192 2531 surgere
3228 2463 3294 2516 de
3334 2462 3476 2519 lecto
3508 2480 3614 2516 non
3645 2462 3803 2515 valeo
3836 2480 3849 2513 :

2262 2568 2384 2605 nam
2414 2568 2498 2606 me
2521 2552 2679 2606 modo
2714 2552 2963 2621 podagra:
2989 2552 3143 2606 dolor
3184 2553 3424 2616 cruciat,
3466 2550 3629 2606 modo
3673 2551 3852 2604 nescio

2261 2646 2379 2713 quis
2411 2646 2463 2698 in
2492 2654 2606 2697 toto
2632 2659 2861 2714 corpore
2890 2660 2949 2698 se
2977 2645 3112 2712 ignis
3133 2660 3252 2698 cum
3275 2644 3462 2697 dolore
3482 2642 3772 2713 expandit;
3802 2648 3852 2696 et

2264 2734 2321 2787 Iit
2345 2735 2659 2804 plerumque
2688 2745 2740 2789 ut
2772 2751 2879 2789 uno
2906 2734 2960 2789 in
2988 2751 3075 2790 me
3116 2744 3360 2804 tempore
3396 2734 3562 2788 ardor
3588 2748 3710 2787 cum
3752 2731 3852 2785 do-

2262 2822 2377 2877 lore
2406 2822 2689 2892 conﬂigat,
2716 2830 2770 2877 et
2814 2838 3011 2892 corpus
3038 2822 3090 2876 in
3123 2838 3207 2877 me
3255 2823 3573 2890 animusque
3619 2820 3853 2874 deliciat.

2263 2911 2489 2979 Quantis
2542 2921 2721 2967 autem
2781 2912 2899 2966 aliis
2945 2911 3353 2967 necessitatibus
3401 2922 3553 2964 extra
3592 2911 3693 2964 has
3726 2925 3856 2978 quas

2262 3004 2461 3074 protuli
2512 3002 2851 3059 inﬁrmitates
2904 3003 3107 3059 alliciar
3156 3018 3475 3058 enumerare
3516 3020 3623 3057 non
3678 3003 3855 3068 valeo,

2262 3093 2355 3149 sed
2384 3093 2618 3147 breviter
2646 3094 2769 3149 dico
2794 3095 2918 3162 quia
2948 3094 3027 3148 sic
3064 3108 3151 3147 tne
3181 3092 3400 3147 iniectio
3436 3092 3582 3146 noxii
3616 3094 3856 3147 humoris

2262 3182 2498 3249 imbibit,
2528 3192 2586 3237 ut
2615 3183 2793 3239 vivere
2822 3185 2951 3238 mihi
2982 3200 3139 3254 pmna
3164 3185 3261 3249 sit,
3294 3194 3348 3239 et
3381 3193 3611 3239 mortem
3647 3185 3857 3239 deside-

2264 3284 2447 3329 ranter
2473 3283 2788 3344 expectem,
2830 3262 2993 3345 quam
3042 3276 3328 3343 gemitibus
3358 3275 3493 3329 meis
3538 3275 3716 3329 solam
3744 3291 3860 3330 esse

2264 3368 2427 3423 credo
2448 3366 2766 3422 remedium.
2800 3365 3054 3433 Proinde,
3087 3367 3252 3421 frater
3270 3366 3634 3434 sanctissime,
3666 3368 3859 3421 divina:

2264 3474 2364 3529 pro
2387 3474 2474 3513 me
2503 3458 2719 3529 pietatis
2748 3458 3167 3514 misericordiam
3196 3459 3519 3528 deprecare,
3558 3466 3617 3512 ut
3639 3474 3859 3528 percus-

2265 3552 2431 3607 sionis
2458 3566 2569 3605 sua:
2598 3552 2755 3621 168
2797 3564 2924 3620 erga
2954 3567 3041 3604 me
3081 3549 3288 3620 ﬂagella
3330 3551 3595 3620 propitius
3624 3551 3859 3619 mitiget,

2266 3652 2323 3699 et
2355 3643 2667 3713 patientiam
2708 3643 2972 3698 tolerandi
3012 3643 3310 3709 concedat,
3360 3658 3430 3699 ne
3478 3643 3678 3708 nimio,
3720 3645 3860 3711 quod

2268 3734 2429 3798 absit,
2485 3734 2644 3789 ta:dio
2694 3734 2748 3789 in
2802 3734 3189 3804 impatientiam
3218 3748 3314 3790 cor
3348 3741 3631 3803 erumpat,
3662 3742 3723 3789 et
3746 3749 3860 3802 qua

2267 3826 2443 3880 curari
2467 3841 2562 3896 per
2580 3825 2789 3895 plagam
2803 3833 3016 3896 poterat
3035 3825 3190 3897 culpa
3207 3833 3493 3880 crescatex
3513 3840 3812 3880 murmure.
3837 3843 3856 3877 ι

2270 3914 2410 3986 (Lib.
2445 3932 2526 3977 xl,
2559 3932 2642 3986 ep.
2674 3915 2791 3987 32.)

2340 4005 2470 4061 Item
2508 4006 2831 4061 Rusticiante
2857 4007 3096 4076 patricia:
3125 4024 3139 4062 :
3175 4028 3193 4061 ι
3230 4007 3307 4064 De
3336 4007 3588 4079 podagra:
3614 4007 3865 4062 molestia

2268 4112 2427 4167 quam
2460 4098 2610 4153 vobis
2648 4098 2891 4154 evenisse
2917 4101 3194 4167 signastis,
3226 4108 3282 4156 et
3319 4102 3669 4156 contristatus
3695 4100 3862 4155 vehe—

2270 4198 2479 4244 menter
2505 4205 2623 4245 sum
2656 4203 2708 4245 et
2731 4191 2957 4246 lanatos.
2989 4191 3252 4260 Lcetatus,
3292 4194 3416 4262 quia
3446 4194 3642 4248 humor
3670 4196 3862 4252 noxius

2269 4280 2520 4335 inferiora
2568 4292 2789 4351 petens,
2819 4285 3097 4354 superiora
3126 4284 3366 4355 profecto
3411 4285 3671 4340 deseruit.
3722 4286 3857 4341 Con-

2271 4374 2509 4428 tristatus
2534 4389 2685 4441 vero,
2710 4375 2833 4443 quia
2857 4375 2908 4427 iu
2933 4384 3041 4429 tam
3059 4376 3373 4431 tenuissimo
3390 4392 3620 4445 corpore
3642 4375 3860 4429 dolores

2271 4479 2368 4518 vos
2395 4463 2588 4517 nimios
2618 4465 2821 4534 perpeti
2853 4466 3197 4534 pertimesco.
3228 4464 3328 4519 Ubi
3351 4466 3492 4520 enim
3523 4469 3679 4519 deest
3708 4482 3855 4526 caro,

576 4571 714 4625 pene
744 4556 987 4625 expletur
1013 4572 1120 4625 quo
1146 4556 1340 4612 lectulo
1373 4566 1589 4625 teneor,
1624 4557 1891 4626 tantisque
1920 4557 2166 4627 podagrae
2200 4543 2247 4601 D
2270 4567 2389 4621 qua:
2442 4554 2612 4607 virtus
2682 4569 2802 4609 csse
2849 4556 3049 4624 poterit
3111 4556 3387 4610 doloribus
3432 4556 3724 4611 resistens?
3780 4554 3861 4608 Me

574 4645 852 4701 doloribus
896 4647 1137 4715 altligor,
1170 4658 1227 4702 ut
1258 4648 1345 4702 vix
1397 4648 1446 4702 itt
1489 4648 1678 4703 diebus
1712 4649 1860 4704 festis
1902 4664 2071 4719 usque
2099 4649 2167 4705 ad

576 4738 830 4792 horarum
876 4740 1034 4793 trium
1079 4740 1310 4809 spatium
1346 4755 1568 4810 surgere
1614 4741 1825 4796 valeam
1881 4743 2165 4797 missarum

575 4830 837 4884 solemnia
858 4830 1153 4887 celebrare.
1185 4830 1306 4885 Mox
1328 4842 1508 4886 autem
1537 4847 1659 4887 cum
1688 4832 1837 4900 gravi
1872 4833 2170 4902 compellor

575 4922 763 4977 dolore
791 4922 1144 4987 decumbere,
1186 4930 1245 4976 ut
1277 4923 1574 4978 cruciatum
1604 4938 1780 4977 meum
1805 4938 1908 4976 non
1942 4922 2164 4991 possim,

575 5013 775 5081 gemitu
804 4997 1259 5083 interrumpente,
1289 5014 1542 5069 tolerare.
1575 5013 1677 5078 Qui
1708 5013 1865 5066 dolor
1899 5013 2165 5068 interdum

576 5103 704 5156 mihi
729 5103 903 5157 lentus
923 5112 1023 5166 est,
1050 5103 1315 5157 interdum
1346 5103 1558 5167 nimius,
1584 5103 1679 5157 sed
1702 5118 1873 5171 neque.
1900 5103 1969 5157 ita
1994 5103 2169 5159 lentus

578 5204 638 5247 ιιι
666 5193 908 5259 recedat,
928 5210 1100 5263 neque
1126 5196 1197 5249 ita
1228 5195 1423 5249 nimius
1456 5204 1512 5248 ut
1532 5194 1839 5250 interﬁciat.
1863 5195 2084 5251 Unde'lit
2112 5210 2171 5253 ut.

577 5284 669 5353 qui
691 5284 931 5353 quotidie
953 5285 1003 5340 in
1030 5293 1202 5339 morte
1222 5300 1369 5351 sum,
1396 5285 1623 5354 repellar
1648 5300 1677 5339 a
1709 5296 1901 5341 morte.
1933 5286 2041 5344 Nec
2070 5290 2169 5343 ιιιὶ-

578 5389 726 5438 rntn,
762 5374 887 5443 quia
926 5388 1179 5445 peccator
1213 5375 1390 5443 gravis
1426 5376 1517 5428 tali
1561 5376 1924 5445 corruptionis
1951 5392 2168 5433 carcere

578 5464 667 5517 diu
698 5472 887 5519 teneor
913 5465 1176 5529 inclusus;
1212 5465 1350 5521 unde
1380 5467 1680 5537 compellor
1714 5470 1949 5524 c'amare
1981 5487 1993 5522 :
2021 5468 2167 5523 Educ

580 5560 643 5612 de
664 5572 871 5615 carcere
897 5561 1125 5614 animant
1155 5578 1317 5615 meam
1340 5561 1409 5613 ad
1436 5562 1788 5617 conﬁtendum
1833 5564 2030 5617 nomini
2060 5574 2166 5630 tuo,

656 5729 675 5745 η
711 5728 767 5764 in
798 5710 1043 5781 Excnsis,
1075 5712 1124 5781 in
1160 5709 1432 5781 Uticensi,
1465 5722 1519 5767 et
1542 5714 1592 5767 in
1625 5714 1793 5769 tribus
1839 5715 2009 5771 Paris.
2043 5715 2168 5781 Epi-

586 5797 739 5845 scopo
791 5779 1019 5859 Arabia.
1078 5780 1176 5836 llic
1223 5780 1519 5852 Episcopus
1560 5784 1609 5838 in
1640 5785 1868 5856 vulgatis
1899 5786 2057 5842 modo
2088 5779 2161 5842 di-

2270 4647 2503 4710 etenim,
2553 4662 2711 4716 quem
2763 4647 2936 4717 qualis
2986 4648 3173 4703 fuerim
3214 4650 3419 4714 nostis,
3455 4648 3527 4703 ita
3555 4647 3862 4702 amaritudo

2271 4737 2434 4791 animi
2465 4745 2519 4791 et
2548 4737 2759 4791 assidua
2789 4739 3131 4793 exacerbatio
3160 4747 3323 4807 atque
3351 4755 3449 4809 per
3476 4739 3580 4793 hoc
3606 4738 3860 4808 podagra:

2272 4828 2517 4883 molestia
2548 4828 2748 4896 allecit,
2780 4839 2835 4882 ut
2856 4844 3054 4891 corpus
3082 4846 3259 4883 meum
3291 4838 3563 4899 tamquam
3596 4830 3648 4882 in
3680 4830 3860 4897 sepul-

2270 4932 2389 4980 tura
2416 4923 2669 4980 siccatum
2697 4924 2767 4991 sit
2796 4926 2935 4979 unde
2959 4924 3088 4977 Iitut
3110 4924 3221 4995 jam
3240 4940 3363 4979 raro
3387 4923 3620 4979 delecto
3638 4935 3861 4991 surgere

2270 5013 2499 5070 valeam.
2538 5032 2557 5065 ι
2594 5011 2733 5083 (Lib.
2763 5030 2833 5073 χι,
2863 5030 2943 5084 ep.
2977 5012 3092 5084 Μ.)

2338 5103 2470 5158 Item
2493 5103 2666 5157 eidem
2696 5121 2707 5155 :
2742 5122 2759 5154 ι
2788 5101 2898 5172 Ego
2926 5104 2977 5157 in
3002 5114 3154 5159 tanto
3184 5104 3384 5172 gemitu
3408 5112 3462 5158 et
3483 5104 3857 5173 occupationi-

2268 5196 2368 5250 bus
2394 5193 2515 5249 vivo
2538 5234 2554 5259 ,
2589 5202 2645 5247 ut
2674 5194 2739 5247 ad
2770 5194 2881 5248 dies
2908 5210 3046 5263 quos
3073 5210 3174 5262 ago
3222 5195 3532 5264 pervenisse
3572 5209 3661 5248 me
3688 5194 3859 5265 pinni-

2270 5293 2402 5351 teat,
2427 5286 2649 5354 s-daque
2667 5285 2793 5338 ntihi
2820 5284 2869 5337 in
2888 5285 3259 5340 consolatione
3278 5286 3349 5341 sit
3366 5285 3554 5339 mortis
3575 5293 3859 5353 exspecta~

2272 5377 2371 5431 tio.
2402 5374 2555 5430 Unde
2584 5382 2709 5445 poto
2739 5384 2792 5427 ιιι
2825 5390 2923 5443 pro
2961 5390 3049 5429 me
3094 5390 3250 5429 ora-e
3280 5374 3549 5433 debeatis,
3589 5382 3865 5442 quatenus

2275 5468 2342 5523 de
2371 5469 2475 5523 hoc
2500 5468 2676 5523 carnis
2707 5483 2926 5522 carcere
2950 5469 3107 5523 citius
3135 5468 3346 5532 educat,
3380 5482 3447 5522 ne
3470 5466 3631 5521 tantis
3657 5465 3865 5519 lahori-

2276 5562 2374 5615 bus
2416 5559 2612 5614 diutius
2658 5570 2929 5629 torquear.
2970 5577 2987 5610 ι
3036 5556 3187 5629 (Lib.
3246 5573 3366 5622 χιιι,
3416 5574 3497 5628 ep.
3549 5555 3679 5626 ‘22.)
3726 5554 3865 5611 Item

2274 5718 2409 5774 citur
2439 5715 2821 5781 Maximianus,
2868 5715 3027 5771 modo
3057 5713 3357 5780 Marianas,
3389 5725 3481 5771 aut
3503 5714 3865 5771 Mariniaam.
