3992 6314
630 296 736 351 29.."

1206 299 1263 356 S.
1307 298 1632 352 GliEfIOlill
1677 295 1888 350 M.\(‘.N|
1935 297 2089 351 ViTA
2163 291 2368 348 AUGT.
2408 289 2670 344 JOANNE
2711 289 3025 343 DlAGONO.
3058 293 3185 346 tuo.
3229 302 3318 346 Η.

631 413 752 474 ιοιι,
785 414 1051 479 Ezechiel,
1076 414 1358 482 Evangana
1390 425 1444 468 οι
1476 414 1805 466 Ρηςιητειιοιη
1854 428 1994 479 ρκρο
2029 412 2128 471 uti,
2172 418 2226 460 et
2259 414 2294 464 Α
2330 412 2634 464 extensum,
2662 403 2714 455 in
2746 417 2839 455 sex
2870 399 3144 455 codicibus
3167 401 3417 470 explevit.
3449 401 3691 466 Quorum
3721 419 3896 461 exem-

633 509 798 562 multa
812 508 936 561 alia.
957 506 1472 574 Utsub:tttdias,qtt:e
1491 507 1598 568 jatn
1614 504 1839 556 inveniri
1857 520 1960 554 non
1975 510 2220 574 possunt,

629 597 884 665 quoniam
917 611 1100 648 revrra
1133 604 1258 646 ante.
1288 609 1542 644 succensa
1567 601 1691 644 sunt
1714 607 1871 659 quam
1897 572 2224 650 editafsicut

633 687 836 753 reliqua
865 685 1029 751 ipsius
1055 699 1216 747 opera
1247 697 1364 747 qua:
1395 699 1534 735 nunc
1565 682 1614 734 in
1638 692 1820 733 sancta
1854 680 2090 732 lim-ana
2125 679 2223 731 Ec-

632 776 793 829 clesia
825 775 1123 826 retinc-ntur
1147 771 1323 826 adhuc
1353 773 1450 826 sub
1481 787 1575 826 ens
1601 772 1741 833 odia,
1779 788 1844 826 ne
1869 771 2079 840 peui'us
2108 770 2222 822 vnl—

631 874 906 934 garentnr.

708 955 794 1005 7|.
836 952 1018 1020 Itaque
1047 953 1090 1006 si
1125 953 1390 1006 curiosius
1420 953 1656 1021 perpetui
1678 962 1782 1006 itur
1827 968 1987 1004 omne
2017 951 2210 1018 Grego-

631 1043 986 1096 riitraetandi
1019 1051 1228 1109 tempus
1273 1058 1381 1109 quo
1433 1043 1598 1095 libros
1643 1042 1733 1108 qui
1773 1056 1911 1094 nunc
1956 1041 2224 1093 habentur

628 1135 903 1202 exposuit,
943 1150 971 1186 a
1001 1132 1258 1186 diaconio
1309 1149 1408 1186 suo
1455 1148 1623 1200 usque
1665 1133 1728 1184 ad
1762 1131 2109 1200 penultimum
2139 1131 2219 1183 sui

631 1225 978 1294 pontilicatns
1031 1239 1229 1276 amunn
1283 1223 1618 1283 extenditur;
1651 1232 1705 1274 et
1737 1223 1878 1284 licet,
1911 1221 2217 1288 Langobar—

547 1289 582 1354 ὀ
628 1316 824 1367 dorum
881 1313 1102 1381 perfidia
1156 1315 1430 1376 saeviente,
1466 1321 1587 1381 po~t
1618 1313 1910 1366 Ezechielis
1941 1319 2215 1375 tractatus,

639 1404 710 1456 ab
739 1403 1078 1472 expositione
1101 1403 1356 1456 librorum
1380 1403 1661 1461 destiterit,
1688 1403 1755 1454 ab
1777 1403 2108 1470 exponendis
2139 1413 2220 1454 ta-

634 1507 759 1545 men
784 1492 1044 1560 epistolis,
1065 1491 1317 1558 quamdiu
1349 1491 1527 1544 vivere
1557 1491 1748 1558 potuit,
1785 1505 2073 1557 numquam
2101 1507 2218 1543 om-

638 1582 768 1635 nino
796 1582 1056 1646 eessavit;
1098 1595 1324 1648 quarum
1356 1580 1602 1633 videlicet
1637 1587 1714 1632 tot
1742 1579 1908 1634 libros
1939 1580 1989 1632 in
2020 1579 2216 1632 scrinio

632 1670 939 1737 dereliquit,
971 1679 1101 1738 quot
1131 1685 1303 1722 annos
1345 1669 1566 1722 advixit.
1597 1679 1621 1705 ι
1659 1668 1806 1722 Unde
1842 1670 2214 1738 quartum-de-

632 1760 833 1814 cimum
854 1760 1198 1829 epistularum
1221 1759 1413 1814 librum
1433 1761 1673 1829 septima:
1702 1760 2220 1829 ittdictionisitttper-
2249 1779 2286 1833 η

633 1851 830 1904 lectum
855 1851 1069 1917 reliquit
1096 1851 1349 1919 quoniam
1380 1851 1447 1906 ad
1475 1851 1717 1919 ejusdem
1749 1851 2053 1906 indictionis
2097 1860 2207 1906 ter-

634 1940 836 1992 minum
863 1957 968 1992 non
1004 1939 1275 2009 pertingit.
1309 1939 1388 1993 Ex
1419 1956 1647 2010 quorum
1680 1939 2022 1994 multitudine
2052 1939 2206 2010 primi

632 2027 884 2080 lla-'riani
917 2043 1068 2096 papa:
1097 2029 1430 2094 temporibus
1467 2027 1709 2097 qnmdam
1746 2028 1990 2096 epistola).
2031 2030 2212 2083 decre-

630 2123 766 2174 tales
808 2136 904 2190 per
944 2121 1179 2188 singulas
1225 2119 1548 2175 indictiones
1594 2129 1863 2189 excerpta:
1903 2131 2048 2183 sunt,
2079 2120 2208 2173 etin

627 2210 839 2263 duobus
870 2209 1254 2274 voluminibus,
1283 2209 1421 2262 sicut
1441 2210 1602 2264 modo
1623 2208 1884 2274 cernitur,
1911 2222 2208 2276 congrega-

628 2310 716 2352 tzc.
752 2298 817 2352 Et
845 2297 1136 2366 Gregorius
1173 2299 1484 2366 jamdudum
1534 2299 1586 2352 in
1625 2299 1953 2352 monasterio
1983 2299 2204 2368 positus,

631 2391 720 2442 ubi
752 2404 874 2443 eum
904 2389 1124 2458 angelus
1174 2389 1379 2442 Domini
1428 2389 1527 2443 sub
1575 2389 1764 2443 habitu
1805 2389 2040 2457 naufragi
2072 2391 2208 2444 scri-

629 2478 845 2534 bentem
898 2488 1195 2548 repercrat,
1247 2480 1495 2532 nitnir.-.m
1525 2479 1768 2546 qntcdam
1806 2480 2122 2544 dictaverat,
2155 2490 2212 2533 nt

628 2573 693 2623 al
725 2573 1116 2642 expositionem
1173 2580 1333 2624 tanta:
1377 2571 1753 2640 pr.-funtlitatis
1780 2586 1942 2640 quam
1973 2572 2024 2625 in
2075 2572 2209 2624 libro

629 2659 729 2714 Job
759 2669 1040 2728 penetrare
1091 2662 1293 2730 potuit,
1342 2678 1408 2715 eo
1447 2663 1684 2731 paratior
1722 2678 1830 2732 qtto
1877 2677 1945 2717 ex
1973 2662 2209 2717 dictandi

632 2752 1020 2805 co.;suctudine
1048 2754 1278 2820 doctior,
1310 2754 1632 2822 perveniret.

715 2839 805 2895 72.
837 2839 972 2908 Ergo
992 2841 1280 2908 Gregorius
1309 2841 1362 2896 in
1399 2841 1650 2896 diaconio
1681 2856 1800 2907 suo,
1824 2840 1949 2894 dum
1981 2841 2128 2895 illum
2159 2840 2212 2895 in

626 2927 1226 2999 Constantinopolitana
1259 2931 1389 2984 urbe
1413 2931 1556 2986 sedis
1595 2931 1907 3000 apostolum
1951 2947 2208 3000 responsa

628 3025 1089 3090 constringerent,
1120 3029 1173 3076 et
1195 3020 1521 3083 Leandrum,
1549 3021 1843 3090 Hispanum
1874 3023 2206 3091 episc0pum,

2327 495 2494 562 pluria
2527 493 2698 560 primo
2720 508 2816 561 per
2849 490 3003 545 Urbis
3025 493 3346 546 mona~teria
3367 493 3671 558 subdivisit,
3703 504 3897 566 postre-

2328 599 2414 636 tno
2445 598 2572 634 vero
2602 582 2772 634 eidem
2805 580 3049 634 Leandre
3075 583 3330 649 episcopo
3357 583 3667 639 destinavit.

2399 673 2482 725 75.
2516 673 2620 725 Sed
2662 673 2712 725 in
2763 673 2878 741 ipso
2921 675 3002 726 sui
3044 675 3390 743 episcopatus
3419 676 3678 741 exordio,
3718 677 3846 732 dum
3870 695 3896 735 ι

2322 761 2547 822 Joanne,
2584 761 2910 816 Ravennatis
2940 763 3084 818 urbis
3116 765 3400 832 episcopo,
3433 765 3707 820 burniliter
3731 782 3896 836 repre

2325 854 2523 907 bensns
2547 854 2745 906 fuisset.
2777 869 2870 907 cur
2901 855 3184 922 pastoralis
3211 871 3352 908 cura:
3379 856 3746 910 delitescenofo
3770 873 3897 925 pon-

2323 949 2448 997 dera
2477 945 2656 1011 fugere
2687 946 2761 997 \ir
2791 953 2898 997 tam
2933 944 3156 998 idoneus
3183 946 3462 1009 voluiSSet,
3492 947 3686 999 librum
3726 946 3894 1014 Regu-

2323 1033 2387 1086 l;c
2423 1034 2706 1086 Pastoralis
2727 1034 3027 1102 composuit
3054 1051 3066 1086 :
3097 1049 3258 1103 quem
3277 1035 3670 1104 quadripartita
3696 1038 3896 1091 ratione

2324 1122 2680 1190 distinguens,
2711 1123 2867 1177 valde
2915 1123 3249 1193 pensandum
3280 1139 3398 1180 esse
3426 1125 3728 1192 perdocuit,
3784 1142 3894 1179 Cltttl

2325 1229 2500 1264 rerum
2535 1213 2824 1266 necessitas
2853 1213 3132 1281 exposcit,
3165 1212 3230 1265 ad
3257 1212 3468 1267 culmen
3512 1214 3740 1282 quisque
3767 1216 3898 1282 regi-

2321 1301 2732 1368 minisqualiler
2761 1302 2958 1364 veniat,
2988 1310 3150 1371 atque
3193 1300 3262 1355 ad
3303 1301 3406 1355 hoc
3443 1302 3546 1355 rite
3583 1304 3899 1372 perveniens

2319 1395 2549 1462 qua'iter
2569 1396 2730 1461 vivat,
2749 1403 2802 1447 et
2828 1395 2964 1448 bene
2989 1395 3175 1448 vivens
3197 1394 3430 1463 qualiter
3443 1395 3656 1459 doceat,
3681 1406 3737 1450 et
3757 1407 3898 1451 recte

2317 1484 2516 1536 docens
2547 1484 2903 1536 infirmitatem
2935 1499 3082 1537 suam
3113 1484 3352 1552 quotidie
3381 1495 3580 1554 quanta
3612 1485 3751 1538 valet
3770 1503 3896 1539 con-

2316 1574 2642 1627 sitlerali-ltte
2671 1584 2982 1640 cognoscat,
3014 1584 3035 1611 ο
3071 1589 3140 1627 ne
3182 1584 3276 1628 aut
3315 1575 3592 1630 lunuilitas
3631 1592 3896 1631 accessum

2317 1663 2500 1732 fugiat,
2530 1672 2624 1715 aut
2673 1663 3002 1730 perventioni
3047 1664 3152 1715 \ita
3199 1665 3564 1726 contradicat,
3613 1673 3707 1716 aut
3736 1668 3894 1718 vitam

2316 1755 2558 1807 doctrina
2590 1754 2636 1804 di
2659 1754 2864 1815 Siillltl,
2896 1763 2986 1805 attt
3015 1753 3314 1807 doctrinam
3345 1770 3590 1823 praesum,
3618 1758 3694 1806 tio
3723 1765 3886 1808 extm—

2316 1844 2407 1896 lat.
2441 1842 2674 1896 Primum
2723 1859 2852 1908 «τέο
2901 1845 3194 1914 appetitum
3239 1846 3397 1896 timor
3441 1854 3740 1912 temperet;
3783 1856 3894 1913 post

2314 1943 2493 1987 autem
2524 1933 2889 2000 magiSterium
2914 1935 3054 2001 quod
3087 1949 3116 1987 a
3149 1950 3253 1987 non
3285 1947 3557 2002 qumrente
3585 1935 3893 2004 suscipitur,

2313 2031 2418 2080 vita
2449 2026 2825 2092 commendet;
2852 2026 3046 2080 deinde
3087 2041 3307 2080 necesse
3351 2035 3431 2080 est
3458 2035 3512 2079 ut
3541 2027 3778 2095 pastoris
3805 2027 3893 2080 bo-

2314 2132 2460 2179 num,
2497 2120 2638 2184 quod
2663 2116 2889 2170 vivendo
2919 2115 3238 2181 ostenditur,
3269 2117 3430 2170 etiam
3479 2116 3755 2184 loquendo
3786 2132 3894 2184 pro-

2314 2215 2570 2276 pagetur;
2625 2207 2691 2261 ad
2740 2217 3039 2260 extremum
3089 2223 3218 2261 vero
3265 2217 3507 2275 superest
3559 2217 3618 2259 ut
3662 2206 3892 2276 perfecta

2312 2312 2539 2366 quasque
2579 2312 2740 2366 Opera
2780 2298 3136 2352 consideratio
3167 2300 3397 2367 propria:
3430 2298 3762 2355 infirmitatis
3798 2301 3890 2354 de—

2312 2390 2527 2458 primat,
2562 2405 2628 2443 ne
2656 2390 2768 2444 luce
2796 2398 2922 2444 ante
2946 2389 3143 2443 occulti
3164 2388 3347 2444 arbitri
3373 2390 3567 2444 Oculos
3596 2399 3777 2445 tumor
3790 2391 3894 2444 ela-

2313 2481 2472 2534 tionis
2499 2481 2823 2548 exstinguat.
2858 2479 2925 2532 Et
2962 2480 3087 2548 quia
3103 2496 3240 2550 quos
3262 2481 3362 2532 iam
3395 2480 3681 2548 imperitos
3708 2483 3774 2534 ad
3807 2497 3891 2535 sa—

2311 2572 2608 2626 cerdotium
2640 2574 2978 2642 conspiraSse
3009 2580 3352 2640 cognoverat,
3385 2574 3650 2641 quosdam
3681 2574 3890 2642 conspi.

2311 2671 2526 2714 raturas
2567 2675 2686 2715 esse
2736 2661 3061 2732 pzmvidebat
3103 2679 3116 2714 :
3151 2661 3243 2731 qui
3273 2663 3448 2714 metiri
3480 2679 3538 2714 se
3570 2663 3890 2727 nescientes,

2312 2766 2433 2819 qua:
2471 2767 2576 2806 non
2624 2752 2926 2807 didicerunt
2957 2752 3156 2807 docere
3193 2753 3670 2821 concupiscerent,
3699 2754 3894 2821 quique

2313 2842 2522 2909 pondus
2573 2843 2863 2911 magisterii
2915 2852 3065 2899 tanto
3112 2844 3280 2899 levius
3314 2845 3648 2900 :e-timarent
3695 2855 3893 2914 quanto

2315 2932 2420 2985 vim
2460 2932 2603 2987 iilius
2634 2935 3014 3002 magnitudinis
3043 2934 3352 3004 ignorarent
3382 2954 3395 2990 :
3427 2937 3526 2992 hos
3551 2938 3602 2990 in
3635 2939 3754 3006 ipso
3781 2939 3894 2992 libri

2313 3024 2396 3077 sui
2429 3025 2776 3092 reprehendit
2803 3026 3045 3089 exordio,
3069 3034 3125 3080 ιιι
3145 3027 3189 3080 si
3210 3027 3425 3095 quando
3449 3027 3648 3081 indocti
3674 3044 3739 3082 ac
3766 3044 3894 3095 pne-

630 3113 869 3180 injuncta
915 3129 1013 3182 pro
1052 3113 1229 3168 cau~is
1277 3111 1399 3166 lidei
1427 3111 1845 3180 Wisigothornm
1897 3111 1966 3166 ibi
2012 3112 2208 3177 legatio
2239 3145 2282 3205 Ο
2314 3113 2504 3182 cipites
2529 3113 2787 3168 doctrina:
2824 3132 3000 3168 arcem
3035 3123 3216 3171 tenere
3259 3117 3611 3186 appetissem,
3647 3133 3677 3171 a
3711 3121 3893 3186 praeci-

625 3203 996 3272 perduxisset,
1041 3205 1230 3257 eodem
1285 3205 1526 3258 Leamlro
1557 3203 1726 3271 (sicut
1770 3204 1821 3257 in
1871 3204 2044 3273 primo
2073 3202 2208 3258 liino

626 3293 831 3347 dixisse
870 3310 957 3348 me
998 3295 1220 3364 recolo)
1279 3311 1400 3348 cum
1458 3295 1710 3349 fratribus
1769 3305 1894 3349 tunc
1946 3295 2209 3363 Gregorio

628 3383 1064 3450 adita-rentibus,
1126 3385 1584 3453 ituportunissitne
1657 3385 2061 3454 (outpell-nte,
2139 3387 2206 3438 li-

629 3471 784 3526 hrum
814 3473 957 3527 beati
995 3471 1096 3528 Job
1135 3477 1298 3544 cmpit
1328 3491 1504 3546 expon
1542 3493 1600 3530 re
1644 3475 1784 3546 (Lib.
1813 3492 1860 3538 ι,
1920 3476 2035 3544 27).
2089 3475 2209 3543 Qui-

628 3561 726 3616 bus
753 3578 934 3617 coram
967 3565 1157 3633 positis
1207 3566 1384 3635 priora
1437 3567 1554 3620 libri
1602 3567 1701 3621 sub
1748 3567 2100 3632 oculisdixit;
2155 3576 2210 3620 et

628 3655 753 3720 quia
783 3661 991 3724 tempus
1022 3656 1182 3714 paulo
1214 3657 1490 3711 vacantius
1519 3658 1740 3727 reperit,
1775 3659 2070 3725 posteriora
2095 3665 2207 3710 tra-

627 3745 827 3800 ctando
857 3745 1100 3802 dictant.
1139 3748 1380 3818 Cumque
1413 3750 1460 3803 ei
1489 3751 1657 3820 spatia
1699 3751 1928 3818 largiora
1957 3759 2210 3820 suppete-

628 3847 780 3905 rent,
820 3840 986 3894 multa
1033 3856 1256 3910 augens,
1289 3858 1456 3912 pauca
1487 3845 1829 3904 subtrahens.
1861 3854 2023 3914 atque
2051 3848 2119 3898 ita
2153 3853 2212 3898 ut.

628 3930 849 3986 inventa
891 3939 1015 3984 sunt
1058 3933 1312 3985 nonnulla
1345 3933 1743 4003 derelinquens,
1782 3951 1845 3988 ea
1895 3950 2013 4003 qua:
2042 3949 2100 3988 se
2129 3934 2211 3988 lo-

625 4031 829 4090 quente
855 4032 1109 4092 excerpta
1136 4025 1236 4079 sub
1261 4025 1430 4080 oculis
1457 4027 1686 4088 fuerant,
1712 4044 1807 4096 per
1833 4028 2002 4082 libros
2027 4041 2211 4080 emen-

627 4113 806 4168 dando
835 4115 1158 4183 composuit.
1189 4115 1289 4181 Qui
1319 4131 1437 4170 cum
1462 4116 1574 4185 jam
1602 4117 1775 4172 laetus
1803 4119 2087 4187 cpiscopus
2111 4118 2212 4173 ηο-

627 4222 730 4260 ma:
752 4215 1020 4276 postrema
1050 4207 1296 4275 diclartt,
1326 4223 1433 4276 quo
1462 4209 1601 4279 stylo
1632 4210 1800 4276 prima
1829 4211 2038 4264 dixerat
2060 4212 2208 4264 solli-

632 4295 738 4350 cite
759 4296 1068 4362 attcndens,
1091 4297 1196 4363 egit
1219 4305 1276 4350 ut
1299 4313 1360 4352 ea
1383 4315 1502 4366 qua:
1530 4299 1740 4354 loeutus
1762 4298 1954 4365 fuerat,
1974 4301 2208 4356 studiosa

632 4384 1013 4439 emendatione
1059 4393 1459 4455 transcurrens,
1503 4389 1654 4456 quasi
1694 4390 1760 4442 ad
1807 4389 2210 4444 simi‘itudinem

629 4474 864 4530 dictatus
891 4476 1144 4546 erigeret,
1175 4485 1231 4531 et
1263 4492 1325 4532 ea
1367 4494 1484 4546 qutc
1513 4479 1828 4544 dictaverat,
1857 4497 1966 4535 non
1997 4480 2154 4549 longe
2178 4498 2208 4536 a

632 4564 990 4634 colloquentis
1040 4582 1289 4622 sermone
1330 4567 1699 4640 discreparent
1727 4589 1741 4624 ;
1773 4580 2038 4641 quatenus
2083 4573 2208 4629 dum

634 4654 740 4710 hoc
765 4656 1023 4724 tenditur,
1054 4658 1181 4712 illud
1211 4657 1542 4725 adtrahitur,
1589 4661 1732 4714 edita
1781 4663 1941 4718 modo
1971 4661 2214 4718 dissimili

630 4759 720 4800 res
741 4763 848 4801 non
878 4747 1144 4803 dis~itnilis
1166 4749 1506 4805 fortnaretur.
1533 4752 1786 4818 Quamvis
1813 4755 2024 4808 tertiam
2049 4755 2216 4824 ipsius

630 4837 816 4906 operis
847 4848 1054 4907 partem
1086 4849 1143 4892 ut
1170 4840 1529 4908 colloquetqu
1571 4844 1813 4912 protulit,
1847 4860 1984 4913 pene
2014 4844 2084 4898 ita
2115 4845 2213 4898 dc-

628 4929 849 4998 reliqnit
878 4947 891 4982 :
923 4931 1046 4999 quia
1079 4931 1205 4984 dum
1247 4949 1366 4985 eum
1413 4933 1603 4987 fratres
1638 4937 1786 5004 171
1820 4937 1884 4988 ad
1914 4936 2017 4989 alia
2046 4951 2216 5004 expo-

630 5021 802 5076 nenda
836 5024 1229 5090 pertraherent,
1263 5024 1402 5080 hanc
1432 5025 1678 5080 subtilius
1707 5026 1978 5080 emendari
2020 5025 2212 5080 nolue-

630 5121 773 5166 runt.
811 5113 1012 5180 Quibus
1058 5114 1221 5168 multa
1261 5115 1600 5183 jubentibns,
1645 5117 1770 5170 dunt
1811 5133 2000 5186 parere
2050 5115 2212 5171 modo

631 5203 658 5242 δ
685 5218 783 5272 per
809 5204 1162 5274 expositionis
1187 5205 1545 5261 ministerium
1578 5206 1735 5261 modo
1766 5223 1858 5275 per
1880 5206 2214 5274 contempla-

632 5293 794 5350 tionis
819 5310 1118 5360 ascensum.
1146 5299 1306 5355 modo
1333 5315 1430 5369 per
1457 5299 1774 5354 moralitatis
1804 5301 2212 5354 instrumentum

631 5385 906 5457 studeret,
945 5389 1048 5445 hoc
1088 5405 1255 5460 opus,
1302 5405 1398 5460 per
1445 5391 1661 5460 triginta
1689 5399 1743 5444 et
1770 5390 2006 5458 quinque
2048 5391 2213 5446 libros

705 5537 1062 5611 fSielegitur
1091 5541 1142 5594 in
1187 5540 1443 5607 Uticensi,
1475 5550 1531 5597 et
1558 5542 1772 5611 quidem
1816 5542 2042 5609 opt'me,
2092 5540 2217 5596 licet

635 5605 753 5678 aliis
780 5609 832 5678 in
857 5605 986 5663 Mss.
1019 5626 1084 5665 ac
1111 5611 1266 5666 editis
1297 5605 1521 5678 legatur,
1551 5605 1688 5664 unde
1711 5605 1913 5664 tertium
1941 5611 2214 5666 decimum.

637 5673 1010 5751 \'ide_i’r:nfat.
1036 5689 1273 5735 nostram
1304 5673 1374 5734 ad
1397 5673 1654 5751 epistolas
1682 5698 1831 5734 num.
1861 5679 1909 5734 5.

711 5749 734 5784 ι’
767 5749 982 5812 Excusi,
1013 5767 1132 5804 eum
1161 5752 1330 5806 tribus
1369 5749 1490 5806 illis.
1541 5751 1732 5820 Parim,
1762 5770 1849 5819 per
1879 5752 2216 5820 expositionis

2313 3205 2590 3273 pitationis
2617 3220 2727 3258 sute
2756 3206 2975 3260 ausibus
3005 3207 3055 3260 in
3088 3207 3202 3274 ipsa
3235 3206 3581 3274 Gregoriana:
3609 3209 3898 3262 locutionis

2304 3294 2466 3364 janua
2500 3297 2844 3362 tollerentur.
2879 3296 2961 3350 llu
2986 3314 3030 3352 ic
3061 3297 3250 3352 librum
3274 3297 3576 3362 Anatolius,
3610 3298 3896 3363 diaconus,

2309 3385 2426 3454 ejus
2477 3387 2888 3455 apoi:risiarius,
2944 3390 3206 3456 qua-renti
3252 3405 3316 3444 ac
3339 3389 3550 3456 jnbenti
3584 3391 3900 3460 imperatori

2309 3493 2578 3546 quondam
2601 3479 2766 3532 obtub
2789 3487 2893 3546 rat,
2915 3493 3074 3548 quem
3097 3494 3319 3546 magnus
3348 3480 3690 3546 Anastasius,
3714 3481 3898 3537 Antio-

2309 3567 2514 3620 che-.us
2545 3569 2746 3636 episcol
2769 3585 2855 3638 us,
2879 3569 2932 3622 in
2961 3568 3200 3624 Grmeam
3241 3571 3476 3639 linguam
3509 3572 3827 3641 transfudit,
3845 3581 3902 3628 et

2309 3657 2671 3713 Orientalibus
2697 3660 2942 3714 ecclesiis
2971 3675 3108 3729 opus
3138 3661 3446 3715 venerabile
3473 3663 3810 3730 procuravit.

2381 3748 2469 3802 74.
2507 3748 2727 3815 Deinde,
2765 3750 2905 3804 sicut
2947 3751 2999 3806 in
3060 3751 3300 3807 secundo
3349 3752 3509 3820 hujus
3537 3755 3728 3822 operis
3771 3757 3902 3808 libro

2307 3840 2415 3909 jam
2448 3841 2630 3908 tetuli,
2653 3840 2780 3895 dum
2804 3842 2978 3896 adhuc
3017 3840 3310 3911 Gregorius
3339 3844 3406 3897 ad
3437 3845 3774 3913 loquendum
3806 3862 3900 3898 vo-

2310 3947 2374 3986 ce
2400 3940 2652 4000 statuque
2679 3931 2782 3986 sibi
2829 3931 3121 4001 sufﬁceret,
3154 3949 3248 4002 per
3275 3934 3537 3988 stationes
3567 3934 3904 4000 discurrens,

2311 4023 2498 4090 viginti
2542 4023 2791 4078 homilias
2845 4022 3119 4090 Evangelii
3167 4024 3380 4079 diverso
3427 4033 3679 4092 tempore
3719 4040 3902 4078 coram

2317 4114 2514 4182 po.-ulo
2536 4113 2850 4168 ili-clamavit
2870 4131 2884 4178 ;
2903 4115 3134 4184 reliquas
3157 4130 3284 4170 vero
3303 4115 3544 4183 ejusdem
3562 4115 3778 4170 numeri
3796 4116 3904 4169 dic-

2315 4213 2391 4257 tat
2406 4205 2447 4257 it
2462 4205 2553 4274 qui
2577 4206 2702 4271 lem,
2716 4204 2829 4269 sed,
2858 4205 3182 4259 lassescente
3203 4206 3481 4260 stomacho
3502 4206 3906 4273 languorecon-

2315 4294 2487 4361 tinuo,
2506 4295 2624 4350 aliis
2642 4294 2990 4370 pronuntiare
3012 4294 3257 4364 permisit
3271 4293 3410 4365 (Lib.
3429 4310 3501 4360 Ix,
3515 4312 3597 4362 ep.
3616 4292 3712 4365 52)
3738 4313 3752 4348 :
3774 4309 3904 4362 qua-

2314 4401 2432 4439 rum
2449 4402 2475 4436 e
2484 4385 2692 4454 xempla
2701 4385 2779 4438 ria
2792 4385 3039 4440 Secundo
3052 4402 3210 4440 servo
3221 4385 3320 4440 Dei
3334 4385 3536 4455 petenti
3553 4399 3639 4438 ma
3648 4383 3855 4438 ndavit.

2390 4473 2478 4530 75.
2508 4475 2752 4548 cumque
2779 4490 2811 4528 a
2835 4474 2948 4529 suis
2973 4475 3322 4529 familiaribus
3351 4482 3412 4529 ut
3431 4474 3612 4544 aliqua
3641 4474 3714 4528 de
3739 4475 3906 4526 mira-

2320 4567 2453 4620 culis
2473 4574 2686 4635 patrum
2709 4565 3038 4620 describeret
3066 4565 3356 4634 Gregorius
3373 4565 3580 4620 enixius
3594 4571 3906 4632 rogaretur,

2320 4654 2667 4723 Maximiano,
2697 4656 3037 4728 SyracuSano
3073 4657 3351 4728 episcopo,
3388 4655 3630 4726 scripsit,
3669 4656 3862 4711 dicens
3892 4671 3906 4706 :

2327 4767 2346 4799 ι
2380 4747 2594 4802 Fratres
2623 4749 2750 4816 mei,
2779 4749 2871 4818 qui
2905 4763 3114 4804 meeum
3159 4749 3492 4804 familiariter
3519 4749 3732 4811 vivunt,
3762 4747 3912 4804 omni

2321 4836 2482 4890 modo
2505 4854 2590 4890 me
2617 4837 2946 4905 compellunt
2964 4838 3141 4905 aliqua
3166 4837 3234 4892 de
3253 4836 3524 4892 miraculis
3546 4835 3773 4890 Patrum
3792 4850 3914 4904 quat

2321 4926 2374 4978 in
2397 4925 2545 4980 lta'ia
2571 4926 2710 4980 facta
2732 4925 3032 4980 audivimus
3057 4927 3156 4982 sub
3179 4927 3445 4981 brevitate
3471 4925 3809 4980 describere.
3837 4923 3915 4978 Ad

2318 5034 2491 5088 quaru-
2512 5035 2624 5072 ιιι-ιη
2653 5020 2850 5072 solatio
2878 5026 3068 5072 νιεδιιω
3096 5019 3375 5072 cltaritatis
3399 5017 3754 5070 vehementer
3784 5015 3917 5070 indi-

2319 5126 2441 5181 geo,
2477 5119 2536 5165 ut
2563 5127 2684 5182 quae
2730 5110 2884 5166 vobis
2933 5111 2985 5165 itt
3030 5111 3345 5165 memoriam
3373 5109 3635 5175 redeunt,
3680 5123 3918 5178 quasque

2320 5203 2636 5271 cognovisse
2659 5218 2757 5258 vos
2787 5205 2940 5273 172
2954 5203 3198 5272 contigit,
3224 5203 3351 5256 mihi
3376 5200 3612 5257 breviter
3638 5198 3918 5254 indicetis.

2322 5293 2397 5347 De
2422 5295 2620 5349 domno
2648 5303 2828 5349 autem
2851 5293 3104 5348 Nonnoso
3128 5295 3338 5356 abbate.
3365 5292 3458 5364 qui
3481 5291 3634 5360 juxta
3649 5290 3920 5347 domuum

2322 5386 2662 5441 Anastasium
2692 5388 2759 5441 de
2788 5385 3198 5451 Pentomisfuit,
3230 5387 3412 5454 aliqua
3442 5384 3692 5440 retulisse
3720 5393 3776 5439 te
3799 5398 3918 5440 tne-

2321 5540 2638 5609 mysterium.

2358 5607 2709 5731 .‘chorrupte
2743 5611 2959 5681 quidam
2991 5610 3141 5687 editi,
3195 5610 3500 5666 humilitatis
3529 5623 3799 5664 accessum
3830 5607 3918 5674 [u-

2358 5696 2403 5731 lil
2435 5719 2448 5731 .

2321 5694 2448 5748 gtat.
