3992 6298
100 271 187 323 29.5

664 269 721 322 S.
760 266 1083 322 GREGUlill
1122 266 1334 320 MAGNI
1383 265 1559 329 VITA,
1602 263 1802 320 AUCT.
1845 259 2108 317 JOANNE
2146 259 2460 315 DIACUNO.
2503 259 2630 315 LIB.
2674 261 2756 316 IV.

3244 266 3355 322 220

99 378 344 446 muriquae
377 378 632 431 oblivioni
663 378 928 432 mandavi.
962 376 1028 430 Et
1057 378 1172 432 hcc
1213 389 1365 445 ergo,
1391 385 1447 432 et
1475 379 1520 433 si
1551 392 1658 447 qua
1687 389 1736 445 Α
1764 373 2038 432 GeneseOs
2065 373 2361 429 admiratus
2389 391 2403 427 :
2443 393 2461 426 ι
2498 375 2744 447 Sumpta,
2773 379 2965 447 inquit,
2997 391 3143 448 sunt,
3172 386 3241 435 ab
3269 398 3360 436 au-

97 477 205 523 sont
229 468 352 533 alia,
387 468 492 522 tuis
515 477 639 538 peto
665 469 905 538 epistolis
934 468 1187 538 imprimi,
1212 475 1266 521 et
1287 465 1419 522 mihi
1447 468 1547 523 sub
1573 483 1664 524 ce-

96 560 290 612 leritate
320 559 626 619 transmitti,
652 556 696 610 si
728 567 904 612 tamen
932 557 1002 611 ad
1034 573 1118 614 me
1143 558 1257 627 ipse
1287 574 1394 613 non
1423 557 1667 628 proﬁcis-

94 651 240 706 Ct'ria.
268 670 287 702 ι
323 650 542 721 (Regist.
569 650 658 703 tib.
683 666 756 714 ιιι,
784 667 865 717 cp.
896 649 1011 718 51.)
1029 654 1166 702 Itinc
1185 649 1481 716 Gregorius
1500 649 1666 704 robo-

94 752 247 805 ratus,
268 752 569 795 sanctorum
595 740 847 793 uziracula
878 739 1096 793 P..trum
1119 756 1241 793 cum
1268 738 1424 795 Petro
1439 756 1537 795 suo
1553 742 1668 795 dia-

93 850 220 888 ωηο
249 848 364 902 qua:
386 850 480 902 per
501 832 908 902 inquisitionem
923 843 1083 901 atque
1105 834 1514 902 responsionem
1535 849 1665 904 pro-

91 926 274 978 tulerat
287 935 308 960 υ
324 924 671 994 expositionis
688 923 849 978 altius
860 924 1098 976 studium
1117 925 1536 994 interrumpens,
1549 924 1664 978 sola

90 1014 352 1068 nominum
373 1014 765 1084 prmnotatione
797 1012 1058 1078 distinxit,
1090 1021 1145 1066 et
1175 1014 1226 1067 itt
1248 1014 1414 1069 libros
1433 1021 1668 1082 quatuor

87 1108 344 1161 ordinavit
382 1125 393 1160 :
429 1118 504 1173 ιιι,
529 1107 669 1160 sicut
717 1107 770 1160 in
815 1105 964 1160 libris
1007 1106 1403 1174 expositionum
1445 1121 1665 1159 suarum

83 1199 270 1266 quibus
319 1207 462 1252 esset
515 1198 806 1251 virtutibus
847 1196 1204 1250 insudandum
1255 1196 1538 1261 docuerat,
1589 1195 1665 1248 ita

82 1289 235 1342 etiam
265 1289 548 1358 descriptis
575 1297 888 1341 sanctorum
934 1286 1210 1340 miraculis
1244 1301 1363 1354 qua:
1397 1286 1660 1338 virtutum

81 1379 264 1433 fui-set
314 1379 629 1434 earumdem
680 1378 900 1431 claritas
953 1377 1072 1430 luce
1118 1377 1313 1431 clarius
1345 1383 1662 1431 ostrntaret.

79 1470 222 1531 Quos
262 1467 428 1523 libros
489 1467 808 1532 Zacharias,
857 1475 1056 1518 sancta:
1103 1464 1354 1519 Ecclesia:
1415 1465 1669 1519 Romam}:

79 1557 380 1625 episcopus,
426 1557 616 1612 Graeco
647 1557 946 1625 Latinoque
989 1571 1241 1611 sermone
1286 1555 1658 1617 doctissimus,

80 1647 414 1714 temporibus
434 1647 770 1701 Constantini
793 1645 880 1713 im,
905 1660 936 1699 e
969 1645 1134 1698 atoris
1158 1653 1276 1712 post
1300 1661 1470 1698 annos
1499 1643 1666 1699 ferme

79 1749 288 1788 centum
314 1737 652 1805 septua,inta
682 1736 920 1803 quinque
949 1735 1001 1787 in
1029 1747 1256 1801 grmcatn
1279 1735 1515 1802 linguam
1531 1752 1663 1790 con-
1700 1741 1741 1799 Β

80 1831 306 1888 vertens,
339 1822 698 1876 Orientalibus
738 1822 979 1876 ecca-siis
1031 1821 1340 1890 divulgavit,
1369 1824 1393 1862 ι»
1423 1823 1669 1892 quamvis

79 1923 246 1966 astuta
274 1911 584 1966 Grmcorum
639 1913 992 1979 ίιεινιιι·δὶι.ε,
1047 1913 1100 1966 in
1154 1914 1670 1969 commemoratione

79 2006 306 2073 Spiritus
327 2005 498 2059 sancti
531 2020 560 2056 a
586 2002 744 2056 Patre
769 2003 1136 2073 procedentis,
1169 2019 1364 2058 nomen
1400 2004 1518 2058 Filii
1545 2021 1670 2060 sua-

79 2097 206 2165 ptim
236 2099 430 2151 radens
459 2095 758 2150 abstulerit.

152 2185 237 2238 76.
279 2184 508 2239 Primam
530 2199 747 2253 quoque
767 2193 822 2238 et
855 2184 1093 2238 ultimam
1125 2183 1417 2238 Ezethieli~
1442 2185 1672 2256 prOphe-

81 2285 144 2329 tte
167 2285 344 2345 partes
361 2291 480 2345 qua:
499 2275 1189 2342 videbanturobscuriores,
1219 2275 1472 2330 Romanis
1485 2286 1670 2346 postu-

82 2368 344 2434 lantibus,
376 2367 754 2436 pertractavit,
813 2381 1015 2435 easque
1062 2383 1158 2435 per
1197 2367 1442 2421 homitias
1484 2368 1670 2436 viginti

83 2467 131 2513 et
159 2460 292 2512 duas
319 2458 676 2526 distinguens.
706 2466 967 2524 quantum
995 2456 1126 2511 lucis
1159 2457 1302 2511 intus
1329 2458 1562 2512 habeant
1583 2459 1671 2514 de-

84 2549 395 2604 monstravit
414 2551 500 2614 ;et
521 2549 575 2603 in
597 2549 680 2602 his
702 2547 1021 2614 tractandis,
1043 2547 1181 2602 sicut
1204 2548 1454 2616 superius
1474 2549 1669 2618 patuit,

87 2643 241 2693 tinem
276 2640 422 2694 fecit.

150 2732 234 2785 77.
269 2733 371 2798 Qui
403 2731 522 2786 libri
547 2730 674 2786 dum
706 2745 735 2784 a
766 2729 1081 2786 doctoribus
1109 2729 1385 2802 sequentis
1413 2730 1671 2799 temporis

88 2834 186 2878 tam
225 2824 542 2879 rectissimis
569 2823 852 2878 sententiis
877 2821 1008 2876 ed:ti
1057 2838 1216 2892 quam
1246 2821 1670 2876 luculentissimo

89 2916 358 2971 rhetorica:
384 2915 646 2971 facundia:
671 2916 812 2986 stylo
844 2918 1131 2984 compositt
1151 2915 1419 2969 veraciter
1447 2913 1672 2968 docean-

92 3015 188 3072 tur,
214 3021 309 3061 eos
329 3006 526 3060 beatus
556 2999 848 3074 Gregorius
888 3020 955 3059 ex
985 3005 1300 3058 humilitatis
1330 3021 1440 3058 sua:
1480 3005 1617 3059 dulci
1639 3036 1667 3046 -

93 3099 204 3152 dine
238 3097 476 3151 incultos
515 3096 781 3166 perbibet,
832 3095 1079 3151 Leandro
1109 3097 1366 3165 episcopo
1397 3096 1537 3150 inter
1566 3111 1669 3150 ca:-
1700 3103 1744 3162 ρ

95 3197 198 3242 tera
219 3189 493 3243 scribens:
522 3207 542 3239 ι
579 3187 773 3253 Qua:so
797 3194 854 3242 ut
881 3187 1039 3257 hujus
1061 3187 1240 3257 operis
1263 3188 1317 3257 (h
1339 3186 1425 3240 ;ud
1449 3187 1670 3241 dubium

95 3279 209 3346 quin
254 3277 559 3346 Moralium)
610 3276 752 3332 dicta
799 3293 1140 3347 percurrens,
1190 3278 1243 3330 itt
1275 3278 1355 3330 his
1385 3280 1672 3331 virborum

95 3373 140 3426 io
162 3373 208 3426 ia
235 3388 341 3426 non
372 3371 636 3440 requiras,
676 3371 800 3442 quia
831 3385 929 3441 per
956 3386 1108 3424 sacra
1140 3369 1354 3438 eloquia
1387 3371 1453 3426 ab
1483 3385 1672 3422 eorum

96 3465 465 3521 tractatoribus
490 3457 830 3519 infructuosa:
857 3463 1196 3532 loquacitatis
1218 3463 1401 3515 levita~
1432 3461 1674 3516 studiose

97 3557 464 3624 compescitur,
494 3553 619 3608 dum
651 3553 704 3607 in
735 3553 934 3622 trmplo
957 3551 1051 3605 Dei
1073 3565 1261 3604 nemus
1288 3550 1518 3620 plant-aii
1545 3565 1673 3619 pro-

98 3644 314 3698 hibetur.
351 3642 419 3697 Et
447 3644 626 3699 cuncti
657 3641 1007 3713 proculdubio
1051 3641 1250 3696 scimus
1283 3641 1428 3710 quia,
1458 3641 1676 3710 quoties

101 3737 144 3790 in
177 3736 313 3790 foliis
353 3737 497 3790 male
535 3736 668 3790 lana:
705 3735 904 3802 segetis
942 3734 1100 3788 culmi
1139 3750 1220 3803 pri
1244 3732 1449 3800 ficiunt,
1481 3735 1677 3789 minori

102 3825 420 3893 plenitudine
447 3824 717 3894 spicarum
759 3837 922 3892 grana
958 3832 1289 3891 turgescunt.
1333 3822 1482 3878 Unde
1512 3832 1566 3879 et
1595 3824 1678 3894 ip-

102 3933 200 3970 sam
223 3916 481 3987 loquendi
505 3924 674 3970 artem
701 3931 865 3984 quaut-
883 3916 1185 3985 magisteria
1211 3917 1504 3993 disciplina:
1526 3929 1680 3973 exte-

103 4008 244 4062 rioris
293 4007 571 4061 insinuant
618 4021 834 4061 servare
863 4005 1104 4078 (Ιιιεμειιὶ.
1155 4006 1290 4062 Nam
1339 4009 1480 4063 sicut
1521 4011 1678 4079 hujus

101 4114 299 4168 quoque
319 4098 561 4168 epi~tolae
593 4106 746 4152 tenor
773 4099 1036 4161 enuntiat,
1067 4109 1088 4136 ο
1115 4113 1220 4153 non
1246 4101 1543 4154 tnetacismi
1566 4103 1680 4156 col-

105 4188 332 4242 lisioncm
381 4187 549 4256 fugio,
587 4204 692 4243 non
723 4188 1036 4243 barbarismi
1074 4191 1446 4245 c0nfusioncm
1476 4193 1678 4262 devito,

103 4276 268 4331 hiatus
293 4287 582 4348 motusque
610 4278 772 4332 etiam
800 4287 854 4331 et
885 4279 1320 4349 pnepositionutn
1367 4295 1522 4336 casus
1559 4297 1680 4337 ser-

106 4385 218 4424 rare
240 4380 532 4425 contemno
555 4388 568 4423 :
592 4373 719 4440 quia
746 4372 1019 4439 imlignum
1036 4371 1384 4426 vehementer
1405 4373 1678 4442 existimo,

1766 464 2004 521 ctoribus
2051 464 2169 518 hanc
2206 461 2457 532 Origene,
2489 465 2788 533 Victorino,
2817 467 3125 536 Ambrosio,
3175 469 3361 526 Hiero-

1769 570 1953 627 nymo,
2004 552 2286 618 Cassiano,
2339 553 2656 623 Augustino,
2701 556 3003 625 lt‘ulgentio,
3049 577 3113 616 ac
3159 561 3359 616 nostris

1772 649 2102 718 temporibus
2158 648 2437 718 insigniter
2496 653 2650 721 173
2701 653 2988 722 eloquente
3016 654 3297 723 Gregorio.
3332 673 3353 705 ι

1769 741 1874 796 Sed
1902 751 1955 796 et
1983 741 2128 795 Beda
2155 744 2436 814 presbyter
2465 745 2515 798 in
2547 747 2682 799 libro
2709 747 2774 800 de
2789 748 3148 803 schematibus
3169 760 3356 803 orato-

1770 849 1854 888 res
1882 834 2343 888 homoioteleuton
2384 835 2559 890 faeere
2582 839 2888 905 perhibetis,
2915 840 3216 908 exemplum
3241 854 3360 907 pro-

1768 922 1970 992 posuit,
1997 922 2183 977 dicens
2211 941 2223 974 :
2264 942 2282 974 ι
2311 923 2506 977 Beatus
2535 925 2634 980 Job
2663 925 2775 982 Deo
2805 930 2906 982 Soli
2939 928 3147 998 sibique
3173 927 3360 996 cogni—

1769 1023 1876 1080 tus,
1908 1014 1960 1067 in
1993 1015 2292 1068 tentatione
2316 1016 2382 1067 ad
2410 1025 2649 1070 nostram
2690 1020 2936 1074 notitiam
2968 1021 3361 1090 perducendus,

1768 1113 1946 1158 tactus
1996 1111 2080 1156 est
2126 1103 2345 1157 vulnere
2373 1115 2430 1157 ut
2459 1107 2683 1160 odorem
2733 1124 2951 1163 suarum
2989 1111 3179 1163 virimn
3212 1118 3364 1163 tanto

1768 1193 1926 1248 latius
1956 1203 2252 1262 spargeret,
2298 1203 2500 1262 quanto
2539 1212 2692 1250 more
2719 1207 3023 1252 aromatum
3071 1200 3266 1253 melius
3293 1214 3360 1252 ex

1769 1281 2066 1335 intentione
2096 1280 2380 1350 fragraret.
2411 1283 2530 1349 Quo
2558 1286 2833 1338 schemate
2864 1286 2999 1354 ipse,
3027 1287 3117 1354 qui
3146 1288 3248 1340 hoc
3270 1287 3361 1339 di-

1769 1371 1866 1436 xit,
1897 1371 2086 1425 lit'alUS
2116 1386 2251 1441 papa
2277 1369 2567 1440 Gregorius
2597 1375 2889 1442 smpissime
2919 1391 3043 1430 usus
3071 1375 3236 1430 fuisse
3263 1391 3363 1431 co-

1768 1461 2074 1530 gnoscitur;
2121 1470 2178 1517 et
2221 1461 2525 1530 huiusmodi
2574 1465 2848 1518 orationes
2897 1479 3018 1519 esse
3057 1479 3183 1519 reor
3219 1480 3357 1533 quas

1769 1553 2128 1625 Hieronymus
2161 1555 2454 1611 concinnas
2487 1556 2763 1611 rhetorum
2803 1557 3224 1612 declamationes
3258 1572 3356 1627 ap-

1771 1646 1954 1716 pellat.
1987 1665 2007 1697 ι
3435 1636 3439 1639 ’

1839 1738 1926 1790 78.
1959 1737 2028 1790 At
2057 1735 2349 1807 Gregorius
2378 1737 2695 1792 humilitatis
2734 1754 2843 1792 sua:
2880 1738 3088 1792 cautela
3118 1754 3361 1793 commo-

1771 1827 1934 1892 nitus,
1955 1842 2060 1881 non
2082 1827 2256 1881 solum
2278 1825 2536 1881 facundia:
2550 1843 2658 1881 sum
2677 1827 3025 1882 redolentiam
3048 1837 3362 1882 contemne—

1769 1916 1880 1981 bat,
1903 1932 2090 1971 verum
2129 1917 2292 1970 etiam
2333 1917 2385 1969 in
2413 1917 2820 1986 comparatione
2853 1927 3112 1973 tractatus
3139 1919 3364 1973 alterius

1769 2007 2026 2060 dictatum
2055 2014 2224 2059 'snum
2274 2004 2532 2060 furfurem
2563 2008 2864 2071 nominans,
2898 2007 3063 2061 libros
3102 2023 3230 2061 suos
3257 2007 3361 2078 legi

1769 2097 2027 2166 quamdiu
2055 2098 2261 2151 viveret
2306 2098 2778 2152 vehementissime
2811 2098 3150 2166 prohibebat,
3194 2098 3360 2153 luno-

1769 2186 1948 2241 centio
1978 2185 2234 2255 prtefeeto
2257 2185 2447 2240 Africa:
2478 2186 2616 2240 inter
2638 2195 2830 2240 czetera
2851 2187 3090 2242 scribens
3116 2205 3128 2240 :
3159 2205 3177 2238 ι
3205 2186 3360 2253 Quod

1771 2276 1823 2330 in
1869 2275 2211 2344 expositione
2257 2275 2432 2328 sancti
2477 2273 2578 2328 Job
2620 2277 2908 2329 transmitti
2941 2276 3093 2330 vobis
3117 2277 3360 2332 codicem

1769 2366 2644 2429 voluistis,vestroomninostudio
2657 2367 3052 2435 congaudemus
3069 2385 3081 2420 :
3100 2369 3359 2436 quoniam

1771 2459 1846 2513 illi
1871 2459 1946 2512 rei
1970 2458 2314 2512 eminentiam
2335 2467 2567 2511 vestram
2595 2457 2811 2512 studere
2833 2459 3211 2528 conspicimus,
3235 2475 3359 2530 qua:

1771 2565 1871 2604 nec
1901 2557 2043 2603 totos
2066 2549 2210 2603 foras
2236 2564 2330 2602 vos
2359 2549 2508 2600 exire
2541 2548 2834 2615 permittat,
2867 2559 2922 2601 et
2947 2549 3012 2602 ad
3042 2564 3138 2604 cor
3164 2549 3359 2604 iterum

1771 2639 2116 2693 saecularibus
2137 2637 2280 2692 curis
2295 2637 2563 2704 dispersos
2585 2638 2882 2704 recolligat.
2903 2637 3008 2692 Sed
3027 2637 3077 2692 si
3102 2637 3362 2693 delicioso

1771 2728 1968 2798 cupitis
1996 2728 2196 2796 pabulo
2222 2727 2470 2794 saginari,
2504 2727 2644 2779 beati
2683 2727 2962 2795 Augustini
2996 2728 3240 2795 patriota:
3269 2743 3366 2782 ve-

1772 2817 1869 2870 stri
1899 2816 2154 2885 opuscula
2183 2814 2360 2882 legite,
2393 2822 2448 2867 et
2487 2813 2551 2866 ad
2594 2815 3057 2882 comparationem
3082 2825 3104 2851 ε
3137 2815 3370 2882 siliginis

1775 2908 1914 2961 illius
1935 2916 2177 2961 nostrum
2201 2904 2452 2958 furfurem
2475 2921 2582 2958 non
2601 2905 2874 2972 quaeratis.
2901 2925 2920 2956 ι
2955 2903 3181 2974 (liegist.
3201 2904 3288 2957 lib.
3307 2921 3365 2970 ι,

1772 3016 1853 3070 ep.
1885 2999 1973 3052 57.
1997 2999 2016 3068 )

1846 3090 1976 3143 ltcm
2020 3087 2246 3153 Joanni,
2298 3087 2553 3156 episcopo
2601 3086 2943 3158 Syracusano
2983 3102 2996 3138 :
3043 3104 3061 3136 ι
3091 3081 3366 3138 Przcterea

1772 3195 1840 3233 au
1863 3180 1929 3232 :io
1958 3179 2102 3247 quod
2131 3179 2307 3246 aliqua
2337 3178 2405 3231 de
2445 3171 2528 3232 his
2569 3193 2688 3246 qua:
2725 3176 3003 3246 scripsisse
3032 3190 3118 3228 me
3147 3175 3370 3228 memini

1773 3269 2084 3322 fraternitas
2111 3277 2288 3321 vestra
2319 3267 2383 3320 ad
2415 3282 2657 3320 mensam
2687 3282 2836 3320 Suam
2867 3280 3048 3320 coram
3095 3267 3371 3321 extraneis

1772 3359 1876 3427 legi
1906 3357 2085 3413 faciat.
2115 3357 2271 3424 Quod
2299 3358 2431 3412 mihi
2462 3374 2568 3412 non
2598 3357 2811 3411 videtur
2859 3371 2979 3412 esse
3026 3355 3327 3411 faciendum
3347 3397 3367 3423 ,

1772 3453 1898 3519 quia
1923 3452 2026 3505 hoc
2052 3450 2195 3519 quod
2223 3465 2318 3506 vos
2349 3467 2446 3521 pro
2469 3451 2732 3504 charitate
2758 3449 2954 3517 facitis,
2988 3459 3212 3518 pos~unt
3241 3451 3367 3521 qui.

1774 3541 1929 3608 dam,
1958 3548 2217 3611 quantum
2267 3539 2335 3594 ad
2384 3555 2471 3594 me
2518 3549 2629 3606 est,
2662 3554 2814 3594 vana:
2859 3539 3043 3607 gloria:
3084 3539 3369 3610 deputare.

1775 3631 2009 3701 Ideoque
2036 3646 2218 3685 coram
2249 3630 2521 3685 extraneis
2549 3631 2891 3700 antiquorum
2921 3629 3062 3684 dicta
3093 3629 3273 3698 legite,
3300 3647 3371 3687 ex

1776 3740 2004 3793 quorum
2035 3724 2360 3778 auctoritate
2399 3724 2613 3778 valeant
2640 3724 2733 3793 qui
2763 3722 2984 3776 audiant
3007 3721 3311 3776 reformari.
3343 3743 3368 3775 ι

1782 3819 1801 3888 (
1827 3815 1942 3870 Lib.
1979 3831 2090 3878 vm,
2121 3833 2204 3884 ep.
2233 3815 2285 3870 9.
2314 3818 2332 3884 )

1851 3907 1983 3961 ltent
2025 3905 2255 3971 Joanni,
2285 3905 2617 3960 subdiacono
2675 3905 2961 3969 “avenam,
2995 3915 3117 3975 post
3163 3904 3372 3960 multa:

1789 4017 1805 4049 ι
1835 3997 1987 4062 Illud,
2040 3997 2231 4065 inquit,
2274 3995 2418 4064 quod
2465 3999 2531 4047 ad
2577 4010 2662 4049 me
2709 3997 3062 4064 quorumdam
3112 3997 3379 4051 relatione

1783 4090 2046 4160 perlatum
2074 4095 2174 4153 est,
2199 4088 2321 4157 quia
2355 4087 2820 4141 reverentissimus
2846 4088 3198 4157 eoepiscopus
3222 4103 3379 4142 meus

1784 4178 2113 4232 Marinianus
2157 4176 2262 4245 legi
2308 4185 2612 4230 commenta
2653 4175 2796 4230 beati
2829 4174 2927 4230 Job
2959 4177 3170 4246 publice
3196 4177 3262 4230 ad
3291 4177 3372 4230 vi-

1783 4269 1938 4340 gilias
1969 4269 2130 4336 facit,
2161 4284 2267 4322 non
2297 4280 2448 4336 grate
2489 4268 2737 4336 suscepi,
2786 4268 2909 4335 quia
2941 4268 3071 4322 illud
3099 4284 3236 4338 opus
3265 4286 3375 4325 non

1785 4370 1870 4417 est
1895 4360 2175 4431 populare,
2209 4368 2262 4413 et
2297 4359 2514 4413 rudibus
2559 4359 2890 4415 auditoribus
2935 4360 3378 4429 impedimentum

107 4469 157 4513 ut
182 4463 342 4515 verba
367 4461 605 4516 cmlestis
632 4461 835 4516 etacu‘i
863 4460 1181 4529 restringunt
1211 4461 1310 4516 sub
1349 4463 1547 4532 regulis
1572 4465 1682 4518 Do-
1715 4478 1761 4534 ι)
1789 4454 1958 4522 magis
1985 4466 2144 4521 quam
2183 4458 2498 4521 provectum
2529 4458 2773 4518 generat.
2820 4451 2923 4504 Sed
2955 4452 3039 4505 d.c
3068 4452 3119 4505 ei
3143 4460 3200 4505 ttt
3227 4467 3378 4505 com-

107 4552 240 4617 uati;
261 4559 442 4621 neque
457 4553 601 4606 enim
618 4550 642 4589 ἀ
662 4553 775 4606 haec
791 4552 857 4606 ab
876 4552 996 4607 ullis
1021 4553 1402 4623 interpretibus
1429 4556 1482 4610 in
1499 4556 1684 4626 Scrip-

109 4653 230 4696 tura:
255 4659 423 4698 sacra:
453 4644 771 4698 auctoritate
795 4652 1006 4698 servata
1029 4652 1172 4698 sunt.
1203 4643 1278 4700 Ex
1308 4661 1414 4716 qua
1444 4663 1504 4702 re
1536 4649 1687 4704 nimi-

110 4745 214 4784 rum
249 4734 373 4803 quia
422 4745 606 4790 nostra
653 4735 919 4804 expositio
943 4736 1136 4802 oritur,
1179 4737 1397 4804 dignum
1443 4739 1686 4808 profecto

109 4832 182 4876 est
206 4832 264 4878 ut
287 4825 441 4894 quasi
473 4827 613 4879 edita
657 4826 872 4882 soboles
898 4827 1130 4896 speciem
1161 4843 1270 4881 sua:
1297 4828 1482 4883 matris
1511 4829 1688 4884 imite—

112 4924 205 4968 tur.
237 4935 255 4967 ι
283 4915 530 4988 (Prcefat.
555 4916 625 4969 ad
645 4915 736 4971 lib.
768 4915 987 4989 Μαι-αι.)
1013 4917 1068 4972 In
1091 4919 1288 4987 quibus
1305 4920 1479 4974 verbis
1500 4934 1689 4989 agnos-

112 5006 236 5059 citur
288 5005 586 5076 Gregorius
625 5023 734 5062 non
761 5008 1026 5063 studuisse
1058 5009 1385 5064 locutionem
1415 5011 1687 5081 pompati-

115 5111 242 5164 eam,
270 5099 368 5152 sed
384 5114 455 5154 ex
483 5100 710 5170 pristina
737 5102 1005 5156 saecularis
1035 5103 1277 5158 exercitii
1299 5106 1691 5161 consuetudine

117 5190 280 5253 potius
307 5189 620 5246 incurrisse.
651 5188 816 5261 Cujus
855 5190 1114 5246 facundiae
1144 5193 1557 5248 consonantiam
1595 5192 1692 5250 lsi-

119 5276 285 5347 tlorus,
328 5277 664 5352 Hispalensis
709 5282 857 5338 urbis
897 5284 1203 5354 episcopus,
1253 5285 1307 5338 in
1351 5284 1696 5355 expositione

187 5442 211 5504 ξ
238 5433 422 5504 Bigot:
440 5442 499 5489 et
529 5434 694 5504 Utic.,
722 5435 1063 5504 expositionis
1089 5434 1304 5490 alterius
1335 5434 1586 5490 studium.

186 5501 211 5540 δ
236 5501 371 5560 Vide
395 5505 495 5559 lib.
523 5519 558 5558 ιι
591 5501 798 5571 Dialog.
827 5520 947 5574 cap.
981 5505 1191 5572 ultimo,
1223 5513 1280 5559 et
1315 5514 1471 5574 notas
1496 5521 1698 5560 consu-

128 5577 190 5630 le.
219 5574 291 5628 De
311 5574 498 5629 Gmca
529 5577 878 5629 translatione
897 5573 1022 5630 fuse
1064 5576 1116 5629 in
1143 5574 1298 5630 Prmf.
1323 5575 1390 5628 ad
1421 5573 1696 5643 Dialogus.

196 5653 215 5680 ε
247 5643 339 5699 Vel
367 5646 551 5714 potius
590 5645 878 5698 malacismi
906 5687 921 5710 ,
973 5644 1220 5700 nimirum
1249 5645 1418 5699 Οτιεεί
1465 5647 1700 5713 appella-

133 5722 248 5768 runt
275 5719 620 5784 μντακισμόν,
643 5731 764 5769 cum
799 5716 1019 5770 nimiunt
1052 5725 1143 5771 aut
1187 5727 1390 5772 temere
1427 5732 1475 5772 ιιι
1509 5716 1696 5785 repeti-

1791 4557 1970 4603 ntenta
2003 4545 2336 4600 Psalmorum
2367 4544 2508 4614 legat
2536 4544 2602 4597 ad
2631 4544 2863 4612 vigilias,
2888 4559 3006 4614 qua:
3035 4555 3243 4598 mentes
3273 4561 3377 4598 see-

1793 4637 2052 4692 cularium
2080 4635 2146 4690 ad
2169 4635 2338 4690 bonos
2355 4651 2536 4689 mores
2562 4637 2828 4704 praecipue
2859 4635 3164 4688 informent.
3192 4634 3378 4702 Neque

1793 4731 1934 4795 enim
1960 4731 2103 4796 volo,
2128 4730 2252 4782 dum
2282 4727 2334 4782 itt
2365 4728 2466 4782 hac
2494 4743 2659 4782 carne
2688 4745 2826 4792 sutn,
2859 4729 2902 4781 si
2925 4743 3030 4795 qua
3061 4727 3260 4780 dixisse
3291 4744 3380 4784 me

1794 4819 2053 4886 contigit,
2083 4834 2148 4874 ea
2177 4818 2333 4874 facile
2371 4816 2680 4872 hominibus
2729 4817 3010 4871 innotesei.
3039 4838 3055 4868 ι
3093 4815 3243 4880 ιιιιι.
3272 4833 3377 4884 xu,

1796 4926 1880 4980 ep.
1909 4907 1999 4962 24.
2025 4909 2043 4978 )

1869 5001 1956 5054 79.
1997 4999 2204 5065 Quanta
2235 5011 2366 5050 sane
2395 4995 2828 5050 consideratione
2855 4993 3163 5062 Gregorius,
3191 4995 3283 5063 qui
3314 4997 3380 5051 ad

1797 5093 2009 5149 culmen
2039 5090 2314 5159 regiminis
2342 5087 2616 5141 humiliter
2646 5086 2954 5155 pervenisse
2972 5125 2987 5149 ,
3016 5085 3085 5138 ad
3112 5085 3216 5140 hoc
3245 5101 3379 5156 opus

1798 5186 2119 5258 perveniens
2142 5183 2278 5238 bene
2291 5181 2510 5246 vixisse,
2534 5181 2674 5234 bene
2696 5178 2924 5232 vivendo
2945 5189 3093 5233 recte
3115 5177 3381 5245 docuisse,

1800 5279 1949 5345 satis,
1975 5285 2034 5332 ut
2072 5275 2286 5347 Opinor,
2335 5281 2665 5328 monstratus
2693 5277 2776 5326 est
2821 5270 3186 5327 infirmitatem
3231 5285 3383 5327 suam

1807 5443 1912 5496 tur,
1940 5431 2082 5487 unde
2111 5430 2303 5484 vitiosa
2332 5429 2559 5485 collisio.
2584 5428 2719 5485 Vide
2741 5427 2988 5485 Vossium
3009 5426 3242 5488 Institut.
3267 5431 3402 5492 Ora-

1809 5504 1995 5558 toriar.
2037 5501 2130 5555 lib.
2159 5517 2228 5564 tv,
2256 5516 2370 5569 cap.
2402 5498 2461 5570 2,
2493 5499 2519 5570 §
2546 5499 2595 5552 9..
2968 5509 2975 5517 '

1877 5575 1902 5610 ά
1935 5574 2011 5647 ita
2043 5571 2167 5647 Mss.
2203 5572 2271 5624 At
2298 5567 2446 5634 editi,
2471 5567 2534 5622 (ὦ
2565 5571 2704 5623 illius
2733 5575 2976 5642 temporis
3003 5575 3386 5647 interpretibus,

1807 5653 1897 5700 aut
1927 5643 1988 5695 ub
2015 5643 2190 5703 ullius,
2213 5649 2319 5694 etc.

1885 5729 1906 5750 υ
1943 5714 2114 5783 Bigot.
2149 5721 2199 5767 ct
2227 5710 2393 5778 Utic.,
2422 5711 2745 5780 similaginis.
