3992 6316
599 194 699 244 23.7

1192 188 1248 238 S.
1292 181 1614 239 Clll-ZCOIlil
1658 179 1869 237 BIAZ'ZNI
1917 178 2095 239 \‘iTA.
2140 175 2340 231 ALCT.
2382 173 2642 229 JUANNE
2687 171 3000 227 DIACONO.
3043 172 3172 227 LIB.
3217 170 3302 225 IV.

3762 172 3869 224 ’228

596 306 929 378 cogitaverit,
967 307 1016 354 in
1045 310 1287 355 extremo
1335 299 1470 351 lihro
1514 294 1793 349 Moralium
1835 290 2172 351 manifestat,
2209 294 2252 348 Α
2282 286 2488 356 legerit,
2519 285 2657 355 apud
2689 284 2987 340 districtum
3033 282 3273 378 Judicem
3312 282 3567 337 solatium
3608 283 3740 339 mihi
3766 302 3874 341 sum

596 414 715 452 IIIIII
747 398 870 451 dicit
898 412 910 447 έ
950 414 968 445 ι
997 392 1220 461 Εκιιιιηιο
1253 392 1431 456 itaque.
1480 388 1581 440 hoc
1611 398 1795 453 Opere,
1824 382 1889 435 ad
1932 396 2017 435 me
2047 378 2176 432 mihi

595 488 750 542 video
777 499 895 541 esse
926 481 1276 538 redeundum.
1332 478 1551 530 Multum
1582 474 1779 542 quippe
1813 485 1963 523 mens
1994 476 2177 522 nostra

594 580 757 633 etiam
808 592 926 630 cum
977 581 1124 628 recte
1173 569 1315 638 loqui
1363 573 1623 626 conatur,
1652 573 1803 616 extra
1833 558 2176 627 rentctipsatu

594 669 879 739 spargitur.
911 664 1273 732 lntegritatem
1307 670 1536 723 namque
1567 653 1752 717 animi,
1784 653 1907 704 dum
1939 649 2178 718 cogitan-

596 737 679 813 tur
708 759 866 812 vcrba
910 753 1140 823 qualiter
1184 746 1547 818 proferantur,
1576 743 1698 811 quia
1725 740 1949 793 trahunt
1976 737 2179 791 extrin-

594 864 771 915 secus,
802 846 1065 898 minuunt.
1096 839 1261 906 Igitur
1288 852 1317 890 a
1352 835 1565 905 puhlico
1614 829 1904 886 locutionis
1950 827 2181 880 rcdeun~

591 938 713 989 dum
770 944 852 986 est
910 932 974 984 ad
1024 930 1227 984 curiam
1282 924 1481 990 cordis,
1533 930 1592 976 ut
1638 921 1791 989 quasi
1842 916 1894 973 in
1946 917 2178 986 quodam

545 1000 555 1012 ’
588 1025 815 1083 ωειςίηο
848 1019 1257 1076 consultationis
1306 1015 1374 1070 ad
1423 1032 1510 1069 me
1559 1014 1731 1084 ipsum
1765 1010 2177 1066 discernendum

592 1131 887 1171 convocem
939 1112 1296 1179 cogitationes
1339 1108 1535 1163 mentis
1560 1147 1576 1172 ,
1612 1105 1768 1176 174
1795 1114 2061 1174 quatenus
2108 1102 2179 1156 ibi

594 1208 805 1260 videam
831 1221 899 1259 ne
930 1216 1015 1256 aut
1046 1204 1257 1255 incaute
1284 1199 1423 1253 mala
1453 1207 1546 1251 attt
1567 1198 1705 1251 bona
1736 1211 1839 1250 non
1872 1196 2009 1249 bene
2031 1194 2179 1248 dixe—

592 1298 714 1350 tim.
740 1295 892 1349 Tune
922 1295 1063 1347 enim
1093 1292 1228 1344 bene
1250 1289 1444 1341 diritur
1468 1288 1686 1351 bormm,
1712 1301 1831 1340 cum
1857 1284 1901 1339 is
1921 1284 2009 1352 qui
2027 1283 2176 1346 dicit,

594 1389 694 1442 soli
739 1388 787 1441 ei
820 1400 848 1439 a
880 1403 986 1456 quo
1018 1383 1221 1452 accepit
1245 1424 1257 1443 ,
1291 1397 1324 1450 p
1362 1398 1387 1434 r
1427 1380 1474 1432 id
1527 1380 1724 1447 appetit
1779 1376 1991 1445 placere
2037 1373 2180 1441 quod

593 1478 737 1533 dicit.
786 1476 851 1529 Et
894 1475 1108 1544 quidem
1160 1472 1295 1525 mala
1328 1486 1410 1521 me
1468 1470 1664 1536 aliqua.
1700 1466 1800 1519 etsi
1844 1464 2041 1517 dixisse
2074 1478 2178 1515 non

594 1570 808 1624 invenio
834 1610 850 1636 ,
884 1577 1060 1621 tamen
1109 1566 1230 1633 quia
1262 1562 1479 1617 omnino
1513 1577 1617 1614 non
1648 1558 1872 1613 dixerim
1899 1598 1913 1621 ,
1946 1572 2052 1610 non
2084 1556 2179 1610 tle-

2279 374 2540 430 orationis
2571 375 2863 444 impendat,
2896 390 3057 429 omne
3084 372 3227 445 quod
3265 374 3318 428 in
3350 389 3436 427 me
3478 374 3757 429 sordidum
3786 377 3874 429 de-

2277 465 2559 536 prehendit
2584 465 2663 521 lle'
2680 468 2794 519 ibus
2813 465 2998 520 diluat.
3029 466 3305 521 Orationis
3325 474 3505 521 autem
3530 474 3692 535 atque
3714 482 3876 536 expo-

2280 554 2491 609 sitionis
2520 559 2719 610 v’rtate
2749 557 2942 610 collata
2965 596 2979 619 ,
3013 556 3187 611 lector
3216 572 3368 611 meus
3408 558 3462 611 in
3490 572 3873 626 rrecmpensa-

2280 644 2426 700 tione
2457 662 2540 698 me
2568 654 2809 715 superat.
2843 648 2911 714 si,
2941 662 3064 701 cum
3096 662 3191 717 per
3221 661 3306 703 me
3336 647 3499 702 verba
3526 647 3745 717 accipit,
3781 664 3875 718 pro

2284 753 2372 791 me.
2404 738 2585 808 larvy't
2611 754 2666 791 as
2695 738 2893 792 reddit.
2926 758 2943 790 ι

2353 827 2440 881 80.
2488 828 2654 897 llujtts
2677 829 2967 883 beatissimi
2993 827 3239 897 Gregorii
3263 827 3573 883 venerabile
3602 843 3822 898 corpus.
3844 844 3875 885 ι

2281 918 2544 987 Gregorio
2583 928 2777 987 quarto
2806 919 2948 974 sedis
2977 920 3292 989 apostolica:
3322 919 3551 989 prte~ule
3573 928 3599 956 ⁸
3632 927 3754 988 post
3782 935 3874 973 an-

2283 1029 2382 1067 nos
2412 1012 2627 1066 tireitt-r
2654 1012 3036 1081 quinquaginta
3066 1011 3405 1077 translatum,
3438 1018 3565 1065 ante
3604 1010 3871 1065 novellum

2280 1112 2504 1158 secreta:
2523 1104 2627 1155 ium
2660 1103 2983 1157 constructis
3009 1102 3299 1167 absidibus,
3330 1102 3486 1157 sicuti
3516 1100 3682 1157 modo
3702 1102 3872 1155 cerni-

2282 1203 2388 1255 tur,
2419 1196 2440 1229 δ
2471 1195 2570 1248 sub
2601 1194 2758 1249 altari
2804 1196 2885 1249 sui
2936 1194 3167 1249 nominis
3215 1193 3558 1248 collocatur:
3600 1208 3711 1260 quo
3759 1191 3872 1260 ejus

2282 1285 2648 1338 anniversa'ie
2677 1284 2988 1338 solemnitas
3016 1283 3225 1338 cunctis
3252 1282 3501 1337 certatim
3535 1292 3867 1351 pernoctan-

2283 1376 2424 1428 tibus
2453 1376 2800 1430 veneratione
2844 1375 3150 1443 gratissima
3179 1374 3508 1439 celebratur,
3537 1373 3593 1427 in
3620 1387 3727 1441 qua
3757 1374 3871 1442 pal-

2283 1464 2410 1518 lium
2465 1467 2611 1531 ejus.
2657 1474 2677 1501 °
2740 1472 2793 1517 et
2845 1463 3207 1533 phylactcria,
3258 1461 3351 1517 sed
3399 1469 3455 1516 et
3498 1461 3712 1516 balteus
3759 1462 3871 1530 ejus

2283 1555 2800 1610 ccusuetudinaliter
2850 1555 3182 1610 osculantur.
3236 1557 3365 1620 Qua:
3413 1551 3685 1622 sigillatim
3720 1554 3868 1624 175

592 1661 769 1715 fcodo.
799 1659 945 1711 Bona
971 1672 1098 1710 vero
1126 1654 1169 1709 si
1199 1670 1302 1723 qua
1327 1652 1582 1704 divinitus
1604 1650 1873 1718 accipiens
1893 1648 2025 1713 dixi,
2054 1663 2175 1702 meo
2214 1666 2253 1722 Β
2282 1646 2654 1712 considerata,
2685 1656 2739 1700 et
2782 1646 3158 1714 antiquitatem
3189 1645 3309 1709 viri,
3342 1651 3397 1699 et
3442 1644 3867 1699 mediocritatem

593 1749 842 1803 videlicet
869 1742 999 1801 vitio
1029 1746 1204 1799 minus
1230 1758 1316 1797 me
1341 1743 1477 1795 bene
1506 1740 1702 1794 dixisse
1731 1737 2008 1809 profiteor.
2043 1738 2173 1791 Nam

592 1842 658 1895 ad
686 1855 771 1895 me
802 1840 1122 1894 intrinsecus
1148 1835 1391 1899 rediens,
1423 1833 1738 1903 postpositis
1778 1832 2063 1886 verborum
2097 1830 2179 1882 fo-

594 1934 694 1997 liis,
724 1930 1033 2002 postpositis
1063 1927 1453 1982 sententiarum
1484 1924 1668 1991 ramiv,
1694 1925 1817 1977 dum
1851 1924 2018 1992 ipsam
2048 1924 2176 1975 sub-

592 2023 755 2076 tliter
774 2021 1007 2074 radicem
1040 2033 1172 2071 mese
1200 2016 1511 2070 intentionis
1542 2015 1786 2084 inSpicio,
1818 2013 1926 2068 Deo
1955 2013 2171 2082 quidem

590 2128 657 2165 ex
680 2126 742 2166 ea
772 2125 857 2164 me
885 2123 1225 2176 summopere
1248 2107 1460 2176 placere
1486 2104 1719 2158 voluisse
1748 2118 2050 2173 cognosco;
2080 2101 2177 2157 sed

590 2200 765 2255 eidem
798 2198 1082 2253 intentioni
1112 2212 1216 2266 qua
1269 2194 1378 2248 Deo
1426 2196 1641 2264 placere
1671 2194 1879 2258 studeo,
1912 2193 2089 2247 furtim
2117 2209 2177 2248 se

592 2291 775 2345 nesrio
803 2289 1073 2357 quomodo
1103 2287 1329 2341 intentio
1378 2286 1625 2339 humatur:
1674 2285 1842 2339 laudis
1882 2284 2172 2339 interserit.

593 2380 749 2446 Quod
780 2394 901 2433 cum
930 2377 1037 2445 jam
1068 2378 1407 2446 postmodum
1438 2376 1697 2444 tardeque
1725 2376 1995 2441 discerno,
2025 2376 2175 2429 inve-

592 2474 683 2527 nio
727 2489 814 2527 me
845 2472 1003 2525 aliter
1044 2486 1203 2537 agere
1230 2468 1371 2536 quod
1403 2468 1518 2522 scio
1548 2484 1632 2522 me
1668 2468 1826 2521 al’ter
1874 2467 2172 2522 inchoasse.

591 2564 679 2619 Sic
706 2564 849 2617 enim
881 2576 1022 2630 smpe
1053 2560 1401 2613 intentiotwm
1457 2565 1726 2619 nostram,
1771 2556 1895 2610 dum
1926 2566 2051 2610 ante
2084 2555 2177 2610 Dei

591 2654 952 2708 oculosrccte
983 2651 1251 2719 incipitur.
1280 2649 1495 2704 occulte
1526 2648 1827 2716 subjuncta,
1857 2656 1910 2700 et
1936 2664 2054 2702 eam
2086 2663 2175 2701 ve-

592 2744 669 2798 lut
690 2743 742 2796 in
766 2743 957 2796 itinere
979 2739 1463 2809 comprehendens,
1490 2738 1736 2792 humana:
1759 2736 1929 2791 laudis
1951 2738 2176 2791 intentio

590 2833 931 2901 assequitur:
962 2831 1099 2885 sicut
1130 2845 1226 2897 pro
1255 2829 1577 2884 neces$itate
1626 2827 1839 2896 quidem
1890 2828 2038 2882 cibus
2083 2845 2179 2883 su-

590 2923 750 2977 mitur
773 2963 787 2985 ,
821 2920 917 2975 sed
970 2921 1020 2974 in
1062 2920 1175 2989 ipso
1206 2935 1299 2973 esu
1325 2959 1338 2979 ,
1373 2917 1500 2972 dum
1552 2917 1731 2971 furtim
1760 2917 1882 2985 gula
1912 2917 2175 2988 subripit,

2280 1738 2521 1803 habitus,
2546 1746 2602 1791 et
2630 1737 2864 1808 speciem
2897 1736 3156 1804 regularis
3183 1736 3446 1807 propositi
3474 1735 3640 1804 signis
3667 1735 3869 1805 perspi-

2277 1828 2394 1881 cuis
2437 1835 2844 1897 reprtcsentant.
2898 1827 3031 1881 Nam
3082 1827 3133 1881 in
3183 1843 3249 1881 eo
3296 1826 3441 1897 quod
3490 1826 3715 1896 pallium
3760 1827 3868 1894 ejus

2277 1918 2439 1989 bysso
2467 1917 2732 1972 candente
2761 1925 3073 1972 contextum
3106 1918 3263 1971 nullis
3292 1917 3453 1971 fuisse
3474 1917 3717 1971 cernitur
3742 1931 3867 1969 acu-

2278 2008 2378 2063 bus
2408 2007 2760 2077 perforatum,
2792 2008 2868 2062 sic
2896 2008 3068 2077 ipsum
3096 2007 3237 2062 circa
3270 2006 3515 2076 scapulas
3549 2006 3867 2061 obvolutum

2280 2098 2446 2151 fuisse
2468 2137 2483 2161 ,
2534 2113 2640 2151 non
2690 2108 2868 2152 autem
2911 2098 3180 2152 confixum
3211 2098 3560 2166 dignoscitur,
3587 2096 3750 2150 sicuti
3778 2111 3867 2150 ve-

2280 2189 2585 2243 tttstisitn's
2639 2188 2862 2243 musivis
2916 2188 2998 2243 vel
3061 2189 3281 2259 picturis
3334 2187 3656 2243 ostenditur.
3717 2187 3866 2254 Quod

2278 2288 2453 2333 autem
2482 2280 2826 2349 reliquiarum
2858 2280 3187 2349 phvlacteria
3236 2280 3382 2335 tenui
3426 2288 3653 2345 argento
3706 2268 3865 2331 fabri-

2278 2370 2633 2438 cata,vi|ique
2661 2368 2845 2439 pallio,
2871 2370 2937 2423 de
2965 2370 3106 2423 collo
3129 2386 3385 2439 suspensa
3416 2370 3575 2423 fuisse
3600 2369 3865 2431 videntur.

2278 2460 2489 2515 habitus
2541 2461 2658 2530 ejus
2707 2461 3081 2515 mediocritate
3124 2461 3540 2515 demonstratur.
3601 2457 3771 2514 Porro
3816 2458 3864 2513 in

2277 2553 2518 2607 exilitate
2545 2551 2738 2617 baltei,
2762 2566 2880 2620 qua:
2911 2552 3067 2606 unius
3114 2568 3179 2622 po
3206 2552 3322 2606 licis
3352 2566 3662 2605 mensuram
3717 2565 3863 2603 num-

2278 2656 2437 2709 quam
2489 2641 2733 2704 excedit,
2766 2641 3000 2710 speciem
3051 2640 3312 2709 propositi
3364 2640 3630 2707 regularis
3660 2639 3789 2693 olim
3836 2653 3863 2691 a
3932 2632 3935 2633 ⁷

2277 2741 2462 2786 sancto
2486 2730 2782 2787 Benedicto
2809 2732 3017 2799 statuti,
3035 2731 3187 2800 cujus
3213 2732 3325 2801 ipse
3346 2733 3511 2786 vitam
3535 2732 3865 2796 describens,

2278 2823 2331 2877 in
2357 2823 2569 2890 dialogo
2592 2824 2829 2891 regulam
2858 2838 3072 2893 quoque
3104 2823 3436 2890 laudaverat,
3467 2838 3591 2877 eum
3622 2838 3865 2877 servasse

2277 2914 2398 2969 luce
2418 2914 2613 2969 clarius
2636 2914 2934 2969 manifestat
2960 2953 2975 2979 ,
3010 2914 3303 2981 [msertim
3326 2929 3445 2967 eum
3474 2913 3616 2967 idem
3646 2929 3858 2967 venera-

591 3012 781 3066 edendi
811 3011 1097 3065 delectatio
1128 3009 1515 3078 permiscetur;
1543 3008 1683 3061 unde
1708 3005 2023 3076 plerumque
2043 3023 2173 3063 con-
2203 3027 2248 3089 ρ
2278 3006 2400 3061 bilis
2430 3005 2620 3061 doctor
2648 3004 2939 3076 Gregorius
2966 3005 3206 3061 Crzecam
3249 3007 3482 3074 linguam
3514 3005 3787 3070 nescierit,
3818 3016 3865 3062 et

592 3102 747 3167 tingit
778 3108 836 3155 ut
862 3100 1210 3154 refectionem
1256 3097 1535 3166 corporis,
1581 3110 1742 3164 quam
1780 3095 1970 3150 salutis
2009 3112 2171 3152 causa

593 3196 871 3263 empitnus,
904 3207 1063 3248 causa
1092 3190 1380 3260 voluptatis
1410 3189 1742 3258 explearnus.
1770 3187 2066 3243 Fatendum
2093 3199 2176 3243 est

594 3286 756 3352 igitur
785 3282 930 3351 quod
981 3290 1185 3336 rectam
1232 3280 1447 3351 quidem
1498 3280 1849 3335 intentionem
1896 3292 2167 3349 nostram,

595 3388 715 3443 qua:
752 3373 850 3425 soli
881 3372 991 3425 Deo
1022 3370 1234 3440 placere
1264 3371 1501 3439 appetit,
1533 3384 1917 3439 nonnunquam
1949 3371 2176 3426 intentio

594 3465 768 3517 minus
818 3471 997 3525 recta,
1030 3475 1148 3528 qum
1188 3458 1254 3513 dc
1293 3458 1448 3513 donis
1487 3458 1579 3513 Dei
1630 3459 1841 3529 placere
1872 3459 2177 3516 hominibus

594 3554 803 3624 qtttut‘it,
836 3549 1137 3606 insidiando
1164 3551 1469 3604 comitatur.
1512 3548 1568 3603 Si
1618 3557 1795 3603 autem
1834 3547 1901 3603 de
1930 3548 2014 3602 his
2042 3548 2178 3603 divi-

594 3646 735 3699 nitus
782 3643 1023 3698 districto
1066 3641 1402 3706 discutimur,
1442 3639 1561 3708 quis
1610 3639 1749 3694 inter
1792 3639 1891 3694 ista
1934 3649 2177 3694 remanet

593 3737 777 3791 salutis
805 3733 976 3799 locus,
1001 3732 1215 3803 quando
1246 3740 1300 3787 et
1327 3732 1467 3785 mala
1499 3740 1680 3786 nostra
1703 3746 1838 3800 pura
1864 3731 2003 3785 mala
2029 3741 2172 3797 sunt,

593 3836 648 3880 el
680 3828 818 3894 bona
843 3839 962 3894 qua:
992 3840 1089 3878 nos
1114 3823 1313 3877 habere
1360 3821 1627 3876 credimus
1680 3835 1811 3890 pura
1866 3823 2007 3877 bona
2055 3839 2176 3878 esse

593 3932 928 3987 nequaquam
960 3916 1219 3985 possunt?
1260 3912 1367 3968 Sed
1414 3914 1516 3967 hoc
1562 3913 1691 3966 mihi
1737 3928 1917 3981 03cm:
1945 3915 2174 3983 pretium

592 4010 773 4073 credo,
797 4007 942 4077 quod
973 4007 1222 4062 fraternis
1268 4007 1487 4060 auribus
1515 4021 1677 4060 omne
1719 4005 1861 4074 quod
1892 4006 1942 4058 in
1975 4020 2059 4059 me
2099 4007 2176 4059 Ia-

592 4111 767 4155 tenter
794 4101 907 4169 ipse
934 4097 1307 4168 reprehendo,
1358 4096 1733 4150 incunctanter
1779 4096 1984 4162 aperio.
2041 4094 2172 4159 Quia

592 4193 737 4245 enim
767 4189 1087 4259 exponendo
1121 4204 1225 4241 non
1255 4186 1427 4240 celavi
1458 4185 1598 4251 quod
1645 4199 1825 4244 sensi,
1864 4182 2174 4238 confitendo

594 4299 698 4334 non
722 4278 993 4333 abscondo
1018 4277 1160 4347 quod
1186 4278 1379 4345 patior.
1406 4275 1507 4329 Per
1528 4276 1921 4343 expositionem
1946 4276 2173 4344 patefeci

2278 3098 2359 3152 sui
2397 3099 2711 3154 monasterii
2750 3100 3045 3154 monachos
3108 3098 3382 3153 Benedicti
3434 3099 3622 3167 utique
3672 3100 3866 3169 regulis

2276 3190 2614 3262 mancipatos
2636 3191 2688 3244 in
2711 3189 3001 3245 Saxoniam
3032 3190 3333 3245 destinarit.

2346 3280 2434 3334 8|.
2477 3280 2747 3351 Siquidem
2792 3280 2935 3350 quod
2992 3279 3234 3335 Graecam
3284 3280 3518 3349 linguam
3572 3282 3865 3345 nescierit,

2277 3386 2393 3441 ipse
2442 3379 2667 3426 testatur
2712 3371 2765 3425 in
2810 3370 3036 3441 epistola
3089 3370 3356 3437 Eusebio,
3400 3370 3867 3428 Thessalonicensi

2276 3461 2532 3531 episcopo
2556 3501 2570 3525 ,
2598 3462 2842 3518 scribens
2868 3481 2877 3515 :
2912 3462 3076 3517 Lator
3120 3464 3462 3532 pnesentium
3506 3462 3830 3518 Theodorus
3851 3507 3865 3525 ,

2276 3551 2527 3608 Ecclesia:
2574 3552 2762 3615 lector,
2789 3552 2855 3606 ad
2905 3560 3215 3608 sanctorum
3264 3553 3632 3624 apostolorum
3685 3554 3864 3609 limina

2275 3642 2519 3709 veniens,
2544 3642 2669 3696 dum
2714 3643 2878 3697 homo
2928 3643 3169 3715 (quippe
3208 3653 3266 3697 ut
3312 3643 3523 3713 novus)
3573 3644 3866 3699 haberetur

2276 3734 2597 3803 incognitus,
2619 3733 2843 3789 Andreze
2865 3736 3149 3799 monacho,
3175 3737 3263 3805 qui
3288 3734 3353 3788 ad
3375 3744 3619 3791 sanctum
3644 3735 3863 3790 Paulum

2276 3824 2513 3879 inclusus
2537 3824 2727 3891 fuerat,
2754 3841 2840 3880 res
2863 3834 2918 3881 et
2947 3828 3161 3881 chartas
3182 3832 3316 3897 quas
3336 3826 3546 3889 detulit,
3573 3836 3631 3881 ut
3652 3843 3715 3883 re
3740 3845 3863 3883 vera

2276 3916 2402 3971 olim
2433 3924 2583 3977 noto,
2617 3917 2935 3973 innocenter
2963 3918 3234 3988 deposuit,
3265 3919 3493 3974 credens
3536 3919 3682 3989 quod
3715 3936 3864 3974 mens

2279 4006 2446 4076 ipsius
2497 4008 2675 4077 (sicut
2698 4017 2753 4062 et
2777 4024 2873 4061 nos
2899 4016 3024 4063 ante
3056 4009 3476 4078 putaveramus)
3524 4026 3647 4063 eum
3677 4010 3864 4065 habitu

2276 4098 2647 4151 coneordaret.
2681 4098 2785 4153 Sed
2837 4099 2925 4153 ille
2974 4108 3134 4154 tantm
3163 4101 3444 4169 pravitatis
3474 4103 3724 4155 inventus
3754 4112 3864 4166 est,

2277 4198 2335 4242 ut
2363 4190 2406 4242 si
2427 4188 2543 4257 ejus
2564 4190 2802 4244 stultitiae
2826 4192 2926 4245 sub
2956 4192 3265 4247 inclusionis
3294 4192 3474 4261 specie
3503 4192 3664 4262 paulo
3689 4193 3865 4247 adhuc

2276 4280 2506 4350 amplius
2538 4281 2790 4341 licuisset,
2818 4281 3105 4335 multorum
3149 4283 3354 4337 animas
3380 4283 3595 4336 malitia:
3622 4298 3735 4336 sum
3766 4281 3863 4336 fal-

592 4373 755 4436 dona,
785 4384 880 4438 per
909 4367 1300 4423 confessionem
1331 4367 1522 4433 detego
1552 4365 1792 4418 vulnera.
1840 4364 1904 4418 Et
1952 4367 2075 4435 quia
2119 4367 2170 4420 in
2204 4391 2253 4448 υ
2276 4372 2434 4425 sitatc
2464 4371 2757 4440 deciperet,
2787 4380 2840 4426 et
2862 4389 3212 4442 quaecumque
3258 4373 3526 4443 potuisset
3573 4389 3683 4427 non
3726 4373 3861 4428 levia

594 4463 699 4516 hoc
728 4470 835 4514 tam
877 4473 1073 4527 magno
1105 4458 1338 4510 humano
1377 4469 1592 4523 genere,
1638 4469 1737 4509 nec
1784 4454 1933 4523 parvi
1980 4454 2175 4509 desunt

592 4554 682 4623 qui
708 4551 864 4604 dictis
884 4551 1017 4603 meis
1038 4548 1271 4603 debeant
1300 4545 1509 4605 instrui,
1541 4561 1640 4599 nec
1665 4545 1839 4612 magni
1868 4545 1932 4598 de
1966 4554 2059 4598 unt
2083 4546 2173 4614 qui

592 4641 821 4708 cognitae
851 4654 985 4693 merae
1015 4638 1244 4692 debeant
1294 4634 1587 4690 infirmitati
1638 4635 1895 4699 roisereri,
1937 4651 2033 4704 per
2062 4637 2174 4690 haec

595 4741 651 4785 ut
684 4746 821 4801 aque
851 4731 969 4783 aliis
999 4728 1249 4782 fratribus
1278 4737 1534 4797 quantum
1576 4742 1794 4796 possum
1824 4743 2004 4782 Curam
2039 4744 2172 4782 con-

592 4825 727 4887 iero,
754 4825 819 4876 ab
841 4823 959 4877 aliis
979 4838 1158 4891 spero.
1188 4819 1295 4874 Illis
1318 4820 1423 4873 dixi
1446 4819 1764 4888 exponendo
1787 4819 1925 4887 quod
1952 4820 2169 4887 faciant,

591 4912 706 4965 istis
735 4912 918 4981 aperio
946 4908 1250 4964 confitendo
1304 4909 1441 4973 quod
1482 4917 1717 4977 parcant.
1751 4908 1856 4963 Illis
1885 4910 2168 4962 verborum

590 5002 981 5056 medicamenta
1007 5016 1113 5055 non
1137 5001 1413 5062 subtraho,
1441 5000 1555 5053 istis
1584 5000 1961 5052 lacerationem
1985 5001 2171 5054 vulne-

589 5107 709 5147 rum
758 5108 865 5146 non
914 5091 1207 5146 abscondo.
1254 5090 1416 5159 Igitur
1444 5105 1625 5160 qna‘so
1671 5097 1729 5142 ut
1773 5090 2015 5158 quisquis
2068 5091 2170 5146 hoc

663 5230 687 5258 ⁸
729 5221 869 5290 Lege
900 5220 1161 5274 ducentos
1180 5220 1363 5287 viginti
1394 5220 1628 5288 quinque
1654 5236 1665 5271 :
1702 5235 1822 5272 nam
1842 5218 2067 5288 Gregor.
2100 5222 2165 5275 IV

590 5308 676 5344 an.
702 5292 801 5345 δεῖ
827 5291 1013 5344 sedere
1036 5292 1214 5358 cmpit.
1243 5292 1345 5361 Aut
1368 5291 1669 5358 legendum,
1694 5299 1813 5342 ante
1833 5306 1921 5344 an.
1952 5294 2060 5361 fere
2081 5290 2168 5345 50.

592 5361 645 5415 Ι·ι
682 5361 835 5426 Reg..
859 5370 974 5431 post
994 5377 1159 5414 annos
1185 5360 1389 5412 multos.

662 5432 685 5467 ι’
716 5427 985 5490 ΡΙιιι-ξθιὶη
1011 5434 1102 5482 sub
1123 5431 1305 5482 altaris
1324 5427 1723 5482 suinominibns.
1744 5427 1895 5484 IItmc
1928 5444 2166 5486 errorem

586 5509 937 5555 correxerunt
973 5499 1301 5553 Bollandiani
1327 5518 1340 5551 :
1368 5510 1512 5553 certe
1552 5497 1702 5552 facile
1740 5515 1806 5552 ex
1837 5498 1960 5554 Mss.
1985 5502 2170 5554 redar-

584 5570 873 5633 ειιυιιιιιηη.
902 5568 1163 5624 Ctetermn
1192 5578 1386 5638 praeter
1408 5569 1543 5621 hanc.
1562 5569 1981 5629 translationem.
2004 5570 2163 5625 aliam

594 5641 709 5707 lege
750 5639 961 5695 Sxeulo
987 5655 1039 5693 tv
1070 5638 1267 5693 Bened.
1288 5678 1303 5707 ,
1326 5639 1519 5693 Christi
1561 5654 1725 5706 nouo,
1770 5653 1878 5708 quo
1908 5655 2071 5695 sacra:
2099 5641 2156 5697 S.

2275 4462 2524 4517 scandala
2551 4471 2853 4530 generaret.
2880 4461 3012 4517 Nam
3036 4464 3176 4518 inter
3192 4464 3293 4517 alia
3318 4479 3435 4533 qua:
3456 4463 3594 4517 idem
3620 4464 3862 4519 Andreas

2277 4551 2507 4618 pessime
2537 4551 2789 4618 cogitavit
2816 4560 2869 4605 et
2901 4551 3047 4621 fecit,
3074 4568 3191 4607 eam
3229 4568 3443 4622 quoque
3470 4568 3630 4622 quam
3663 4554 3733 4608 ad
3768 4571 3862 4610 nos

2279 4640 2517 4707 misistis,
2548 4642 2672 4694 dttm
2721 4642 2861 4711 apud
2912 4643 3082 4711 ipsum
3131 4658 3159 4695 a
3198 4644 3421 4713 praefato
3467 4644 3674 4698 lectore
3718 4654 3860 4699 esset

2278 4729 2553 4800 deposita,
2587 4732 2851 4785 infalsavit
2899 4734 3219 4802 epistolam,
3268 4742 3326 4786 ut
3371 4734 3696 4803 quicumque
3742 4751 3860 4788 eam

2279 4819 2497 4888 legeret,
2527 4838 2620 4873 vos
2645 4837 2743 4877 nec
2771 4822 3033 4876 catholica
3065 4840 3161 4877 nec
3193 4833 3337 4877 recta
3361 4837 3551 4893 sapere
3581 4824 3862 4877 evidenter

2279 4918 2546 4977 argueret.
2597 4909 2670 4964 Ex
2702 4926 2804 4980 qua
2834 4928 2891 4967 re
2920 4914 3144 4980 contigit
3184 4922 3240 4966 nt
3268 4913 3393 4966 dum
3437 4913 3715 4968 veritatem
3746 4925 3863 4967 slu-

2278 5001 2427 5055 diose
2456 5018 2623 5071 quam
2638 5018 2838 5067 remus,
2871 5002 2986 5072 ejus
3014 5020 3132 5072 quae
3164 5005 3363 5058 latebat
3395 5004 3645 5073 iniquitas
3674 5006 3861 5072 vulga-

2277 5102 2461 5146 retur:
2494 5102 2549 5148 et
2580 5102 2725 5147 tanta
2774 5094 2826 5147 in
2856 5109 2922 5149 eo
2966 5105 3177 5163 reperta
3218 5104 3368 5157 sunt,
3400 5102 3599 5163 quanta
3644 5110 3751 5149 nec
3797 5094 3862 5149 de

2276 5225 2521 5280 Doctor-is
2552 5229 2789 5296 reliquiae
2817 5229 3142 5284 monasterio
3172 5228 3230 5282 S.
3262 5229 3495 5283 Mrtlardi
3526 5228 3744 5293 Suess.,
3773 5245 3858 5284 ca-

2280 5307 2372 5365 put
2401 5312 2526 5350 vero
2556 5298 2763 5352 benedit
2784 5310 2823 5352 t.
2855 5301 3102 5354 ccenohio
3128 5298 3184 5353 S.
3217 5299 3358 5353 I’etri
3385 5300 3490 5353 vivi
3530 5298 3863 5356 Senoneusis

2276 5368 2502 5420 cessisse
2537 5367 2857 5422 referuntur.
3582 5408 3590 5415 .

2350 5447 2370 5473 ο
2417 5435 2871 5511 ΡΙυ-ιρριιξτῖοιηυη
2901 5439 3117 5491 nomine
3152 5439 3385 5504 intellige
3416 5456 3635 5495 erucem
3666 5450 3859 5511 pecto-

2271 5505 2438 5577 ralem
2466 5505 2721 5577 Reliquiis
2744 5507 3014 5573 refertam,
3044 5525 3201 5577 quam
3230 5511 3427 5577 gestari,
3456 5505 3861 5568 solitam'relert

2271 5574 2497 5646 Gregor.
2530 5574 2621 5632 lib}
2647 5594 2739 5647 κη,
2764 5594 2848 5649 ep.
2881 5577 2943 5645 7;
2976 5574 3116 5633 nunc
3144 5574 3368 5645 lib.'.vtv,
3398 5596 3482 5652 ep.
3516 5581 3601 5635 1‘2.
3629 5581 3858 5639 Manu.
