3992 6314
588 170 683 224 251

1165 166 1228 220 S.
1275 163 1602 218 GliEGOlill
1646 161 1860 216 MAGM
1902 160 2081 224 VITA,
2125 157 2328 214 AUCT.
2369 157 2630 212 JOANNE
2675 157 2987 213 DlAlLONO.
3033 159 3160 214 LIB.
3205 157 3290 212 IV.

3774 163 3871 217 232

583 304 771 363 postea
801 288 1046 355 contigit,
1076 284 1360 350 cardiaco;
1392 284 1539 337 vultu
1571 281 1742 344 milis;
1777 280 2024 334 manibus
2053 278 2172 347 pul-
2201 281 2246 336 Α
2280 275 2422 328 tertii
2472 291 2639 346 usque
2677 277 2744 330 ad
2789 279 2976 331 horam
3010 279 3227 332 tertiam
3257 292 3378 332 cum
3411 276 3616 345 ingenti
3665 276 3871 346 fragore

580 381 763 443 chris;
795 377 1054 432 teretibus
1081 375 1262 443 digitis
1290 385 1344 428 et
1373 372 1640 426 habilibus
1689 370 1755 422 ad
1801 367 2168 422 scribendum.

585 469 848 524 Przcterea
877 466 1090 537 planeta
1121 480 1282 533 super
1308 461 1644 534 daln'iaticam
1674 466 1956 523 castanea,
1991 456 2170 510 Evan-

581 563 779 629 geliutn
819 559 872 612 in
903 557 1133 617 sinistra,
1167 544 1358 606 modus
1405 549 1582 603 crucis
1630 549 1683 601 in
1729 547 1964 611 dextra;
2009 545 2170 615 pallio

580 650 836 704 mediocri
864 665 891 701 a
921 649 1110 702 dextro
1134 643 1380 697 videlicet
1400 640 1622 693 humero
1644 637 1744 692 sub
1767 644 1988 706 pectore
2011 651 2173 707 super

576 742 916 795 stomachum
947 735 1243 792 circulatim
1274 732 1539 806 deducto,
1573 729 1768 785 deinde
1813 744 2026 784 sursum
2076 745 2171 796 per

577 830 854 884 sinistrum
881 829 1159 880 humerum
1189 831 1312 893 post
1339 830 1546 890 tergum
1570 821 1838 890 deposito,
1861 821 2015 889 cujus
2044 837 2170 890 pars

575 916 745 968 altera
767 929 929 983 super
953 911 1200 968 eumdem
1221 912 1502 965 lmmerum
1527 909 1748 964 veniens
1770 910 1984 978 propria
2010 913 2170 966 recti-

576 1006 782 1072 tudine,
810 1020 920 1058 non
949 1019 1047 1074 per
1073 1003 1305 1058 medium
1331 1001 1598 1070 corporis,
1620 1000 1714 1055 sed
1743 1015 1809 1054 ex
1841 1000 2005 1054 latere
2030 1015 2168 1070 pen-

575 1094 698 1159 det;
726 1094 868 1148 circa
897 1096 1156 1148 verticem
1186 1107 1315 1146 vero
1345 1091 1540 1146 tabula:
1567 1089 1991 1153 similitudinem,
2024 1091 2170 1160 quod

576 1185 805 1240 viventis
826 1185 1033 1252 insigne
1059 1191 1165 1247 est,
1194 1181 1498 1252 pneferens,
1524 1196 1630 1234 non
1654 1195 1934 1234 coronam.
1963 1179 2040 1234 Ex
2059 1196 2168 1250 quo

577 1275 1010 1330 manifestissime
1030 1274 1355 1337 declaratur,
1387 1271 1510 1341 quia
1539 1268 1828 1339 Gregorius
1857 1269 1982 1324 dum
2011 1271 2166 1326 advi-

576 1375 751 1428 veret,
782 1381 932 1421 suam
963 1363 1363 1418 similitudinem
1393 1361 1610 1430 depingi
1657 1361 1947 1416 salubriter
1975 1362 2166 1428 voluit,

578 1459 631 1514 in
655 1476 760 1529 qua
791 1466 974 1529 posset
1002 1473 1031 1512 a
1059 1458 1168 1512 suis
1190 1454 1489 1519 monachis,
1514 1469 1622 1508 non
1652 1469 1749 1522 pro
1778 1452 2024 1507 elationis
2045 1453 2165 1522 glo-

581 1552 681 1612 ria.
710 1550 806 1606 sed
827 1565 926 1618 pro
947 1546 1171 1613 cognitae
1193 1541 1541 1598 districtionis
1570 1540 1803 1607 cautela,
1834 1538 2168 1608 frequentius

577 1640 792 1694 intueri.
821 1637 920 1692 Ubi
955 1633 1257 1704 ltujusmodi
1283 1631 1552 1686 distichon
1582 1631 1695 1700 ipse
1719 1629 1945 1684 dictavit
1970 1648 1984 1684 :

702 1747 894 1794 Christe
921 1749 1095 1804 potens
1118 1741 1355 1804 Domine,
1383 1740 1532 1804 nostri
1562 1739 1761 1804 largitor
1786 1740 2007 1802 honoris,

709 1801 946 1855 lnilultmn
970 1803 1174 1851 officium
1199 1802 1339 1848 solita
1377 1801 1560 1861 pietate
1587 1803 1824 1858 guberna.

647 1887 736 1941 85.
782 1885 877 1940 Ubi
901 1885 1062 1940 etiam
1088 1893 1330 1952 tempore
1357 1881 1497 1936 Petri
1521 1881 1908 1947 archidiaconi,
1930 1878 1998 1937 et
2018 1893 2044 1920 ει
2073 1882 2169 1938 Jo-

577 1982 731 2036 annis
761 1978 1043 2048 hegumeni
1066 2019 1082 2044 ,
1123 1974 1441 2029 Saturninus
1472 1974 1766 2028 monachus
1793 1973 1982 2028 dextra
2014 1974 2172 2029 lzeva-

576 2087 684 2141 que
727 2071 868 2124 beati
905 2053 1150 2135 Gregorii
1181 2063 1385 2133 effigies
1410 2071 1721 2118 sanctorum
1762 2051 2128 2132 apostolorum
2153 2103 2168 2128 ,

578 2158 1032 2230 quemadmodum
1056 2155 1217 2210 modo
1242 2153 1510 2218 videntur,
1533 2151 1794 2221 depinxit.
1825 2150 1943 2217 Quo
1965 2152 2172 2207 scilicet

579 2251 700 2304 loco
747 2260 1129 2315 nonnunquam
1160 2241 1411 2296 divinitus
1441 2241 1663 2294 candela
1690 2241 2034 2295 succenditur
2058 2281 2071 2302 ,
2115 2249 2171 2296 ct

581 2341 634 2393 in
665 2338 903 2407 ejusdem
932 2332 1289 2389 similitudinis
1315 2328 1492 2397 effigie
1519 2344 1618 2398 pro
1648 2328 1908 2396 regimine
1937 2329 2018 2381 sui
2049 2344 2169 2382 mo-

581 2428 798 2482 nasterii
825 2441 966 2495 saepe
989 2426 1179 2479 beatus
1198 2421 1488 2492 Gregorius
1510 2427 1881 2488 praesentatur.

648 2515 739 2568 86.
781 2513 912 2568 Nam
945 2521 1003 2567 ut
1032 2527 1200 2581 pauca
1250 2511 1317 2565 de
1364 2509 1544 2564 multis
1573 2508 1919 2576 contingam,
1972 2507 2170 2564 Leonis

579 2607 766 2672 Quarti
799 2603 1062 2674 pontificis
1091 2611 1354 2670 tempore,
1386 2615 1507 2654 cum
1539 2599 1811 2666 Megistus,
1851 2598 1878 2636 ι)
1909 2597 2172 2654 Ostiensis

577 2699 864 2768 episcopus
894 2703 948 2750 et
974 2695 1287 2765 apostolica:
1315 2691 1457 2746 sedis
1490 2689 1947 2754 hibliothecarius,
1993 2691 2168 2745 eidem

578 2785 910 2841 monasterio
955 2791 1240 2854 praeesset,
1288 2780 1526 2836 Joannes
1575 2781 1874 2852 presbyter,
1927 2781 2168 2850 ejusdem

577 2879 915 2950 praepositus,
949 2892 1071 2932 cum
1095 2876 1326 2946 quadam
1356 2874 1551 2933 femina
1583 2873 1813 2944 turpiter
1834 2875 2021 2931 vivens
2038 2917 2053 2943 ,
2076 2891 2170 2932 ve-

578 2968 980 3024 hementissimo
1006 2966 1256 3036 podagrae
1278 2964 1465 3020 dolore
1490 2972 1772 3034 correptus
1797 2974 1900 3030 est,
1927 2966 2018 3036 qui
2047 2981 2164 3021 me-

577 3058 821 3112 dicorunt
848 3070 1007 3108 manu
1033 3055 1361 3108 cauteriatus
1388 3068 1485 3122 per
1513 3055 1809 3108 exustionis
1835 3055 2033 3108 vulnus
2057 3055 2165 3108 cal-

576 3161 692 3202 cem
721 3145 887 3214 ctepit
915 3143 1205 3199 eflundere.
1237 3142 1408 3208 Quam
1438 3142 1759 3210 restringere
1785 3143 1942 3196 nullis
1962 3144 2165 3196 artibus

577 3232 892 3304 praevalens,
938 3231 992 3284 in
1035 3239 1240 3284 tantam
1269 3231 1702 3300 desperationem
1733 3231 2020 3299 perduitus
2049 3240 2160 3296 cst,

577 3329 638 3375 ut
666 3322 733 3375 ab
762 3336 833 3374 on
853 3321 906 3373 ni
932 3319 1071 3374 illius
1101 3319 1310 3374 femina:
1335 3318 1643 3373 visitatione
1672 3318 1978 3386 desisteret,
1999 3327 2054 3373 et
2077 3321 2162 3374 illa

577 3413 680 3467 sibi
711 3413 937 3466 alterum
967 3412 1066 3464 sub
1093 3411 1283 3465 eodem
1315 3409 1554 3464 facinore
1581 3409 1878 3479 copularet.
1908 3408 2014 3464 Sed
2045 3419 2164 3478 post

579 3518 778 3556 annum
825 3502 1106 3571 presbyter
1133 3501 1199 3554 ad
1229 3501 1504 3569 pristinam
1552 3501 1838 3554 sanitatem
1868 3507 2162 3564 revertens,

576 3601 900 3664 quamquam
933 3592 1264 3661 propositum
1295 3591 1396 3646 sibi
1425 3590 1610 3646 fuisset
1636 3598 1693 3644 ut
1717 3590 1940 3645 ulterius
1962 3591 2165 3645 nullam

516 3719 526 3729 ι
574 3685 934 3752 contingeret,
966 3680 1034 3736 ad
1067 3681 1309 3735 eamdem
1341 3689 1520 3735 tamen
1550 3680 1715 3735 misso
1746 3681 1954 3746 nuntio,
1985 3680 2164 3736 futuro

574 3776 661 3829 die
708 3774 984 3827 Dominico
1012 3786 1072 3826 se
1099 3772 1275 3826 redire
1303 3771 1575 3841 professus
1624 3779 1723 3826 est.
1773 3770 1891 3837 Quo
1922 3781 2161 3842 recepto,

576 3866 663 3918 ubi
694 3882 792 3918 suo
823 3863 1092 3919 desiderio
1139 3871 1320 3916 votum
1365 3877 1578 3931 quoque
1608 3862 1934 3918 mulierculae
1963 3879 2164 3919 conve-

575 3957 690 4010 nire
709 3954 924 4022 gavisus
945 3963 1048 4018 est,
1071 3953 1137 4007 ad
1159 3953 1351 4008 balnea
1381 3953 1662 4022 processit.
1687 3951 1841 4007 Unde
1864 3961 2163 4020 revertens,

575 4055 782 4099 tantum
806 4046 870 4099 la:
896 4045 1002 4098 itiie
1029 4043 1337 4114 potionibus
1361 4048 1415 4096 et
1441 4041 1782 4095 cantionibus
1809 4055 1868 4095 se
1897 4041 2162 4106 dissolvit,

576 4145 633 4189 ut
660 4138 986 4205 subrepente
1014 4149 1205 4188 somno
1235 4134 1496 4186 inti-resse
1525 4131 1802 4186 nocturnis
1830 4147 1952 4186 cum
1983 4132 2164 4185 fratri-

576 4229 677 4281 bus
708 4241 977 4294 nunquam
1007 4224 1269 4294 potuisset
1299 4223 1508 4276 officiis.
1544 4220 1744 4276 Eadem
1773 4229 1931 4276 nocte
1954 4223 2163 4276 cui-lam

575 4317 890 4387 presbytero
935 4323 992 4368 ct
1037 4314 1301 4368 monacho
1338 4314 1528 4367 beatus
1556 4310 1848 4381 Gregorius
1877 4313 1931 4366 in
1959 4315 2162 4368 somnis

574 4420 862 4475 apparens,
894 4404 971 4458 ait
997 4421 1009 4456 :
1034 4404 1204 4472 Surge
1225 4444 1240 4471 ,
1271 4410 1327 4457 et
1355 4403 1440 4458 dic
1466 4404 1756 4472 praeposito
1802 4411 1861 4457 ut
1893 4403 2163 4472 pmniten-
2191 4393 2243 4453 Ι)

574 4497 703 4552 tiam
732 4508 895 4562 agens
918 4532 933 4556 ,
965 4493 1234 4564 peculium
1267 4507 1422 4548 suum
1445 4532 1460 4557 ,
1511 4492 1656 4561 quod
1705 4506 1829 4547 eum
1875 4507 2164 4564 aggregare

573 4604 680 4644 non
714 4587 900 4656 puduit
930 4599 1026 4654 pro
1055 4592 1276 4654 peceato
1305 4583 1652 4638 conscientia:
1678 4598 1808 4648 sum,
1849 4583 2120 4653 dispergat
2145 4601 2159 4636 ε

579 4679 737 4748 178
772 4676 896 4745 quia
941 4674 1028 4728 die
1077 4675 1231 4727 teria
1277 4672 1510 4727 funditus
1539 4673 1908 4741 exstinguetur
1953 4689 1984 4726 a
2029 4672 2160 4728 vita.

571 4768 724 4835 and
755 4767 1071 4836 prmpositus
1101 4777 1161 4820 ut
1188 4763 1414 4834 audivit,
1444 4765 1796 4820 vehementer
1823 4767 2062 4836 expavit.
2096 4765 2165 4822 Et

570 4861 695 4929 quia
739 4858 984 4927 Gregorii
1022 4857 1275 4912 mandato
1305 4857 1611 4912 incredulus
1639 4874 1758 4914 esse
1790 4876 1892 4914 non
1924 4869 2156 4930 poterat,

573 4949 940 5020 plenitentiam
969 4949 1154 5018 coepit,
1179 4957 1478 5017 cunctaque
1507 4963 1601 5004 sua
1626 4965 1789 5004 sanus
1811 4950 2156 5020 distribuens,

572 5051 720 5096 tanto
749 5041 914 5096 febris
943 5041 1135 5095 ardore
1162 5049 1443 5110 correptus
1471 5049 1572 5105 est,
1606 5049 1682 5106 ut,
1714 5057 1744 5094 a
1773 5041 2009 5096 diluculo
2052 5041 2158 5096 diei

572 5157 822 5211 triculum
870 5171 966 5210 seu
996 5156 1362 5221 stomachum,
1393 5155 1626 5210 maxime
1655 5171 1718 5211 os
1747 5157 2049 5212 ventriculi.
2083 5157 2159 5216 De

571 5227 675 5284 hoc
701 5227 892 5281 morbo
920 5225 1174 5280 Horatius
1204 5228 1296 5280 lib.
1331 5241 1394 5288 ιι,
1426 5227 1580 5280 satir.
1611 5225 1666 5279 3.

756 5315 863 5378 lion
890 5324 966 5366 est
985 5318 1251 5374 cardiacus,
1273 5314 1526 5369 Craterum
1551 5316 1738 5365 dixisse
1775 5323 1969 5378 putato,

757 5377 848 5426 ilic
880 5391 1032 5440 aeger.

641 5470 668 5498 ³
707 5459 780 5515 ita
810 5459 936 5516 Mss.
968 5461 1036 5514 At
1059 5461 1182 5515 editi
1213 5459 1370 5515 Joan.
1403 5458 1703 5513 llEconomt’.
1755 5459 2004 5515 Fortasse
2032 5477 2154 5518 cum

570 5531 628 5586 S.
646 5530 869 5586 Andrea:
885 5535 1262 5586 monasterium
1280 5531 1476 5584 Gnecis
1495 5531 1769 5586 monachis
1784 5532 2050 5596 cessisset,
2063 5534 2154 5600 qui

589 5617 695 5658 unc
718 5603 814 5664 ipsi
831 5611 1057 5664 praei-rat
1076 5617 1296 5656 nomine
1318 5603 1507 5656 (ἰιτυςο
1546 5602 1824 5658 dicrbatur
1852 5604 2146 5673 ἡγθύμενος,

2278 381 2387 435 pra:
2417 366 2572 421 incen
2595 367 2664 420 lio
2687 366 2920 436 linguam
2948 367 3015 422 ab
3043 384 3138 422 ore
3168 367 3458 437 projiciens
3489 367 3740 421 ultimum
3779 368 3871 423 lla-

2277 463 2389 508 tum
2420 456 2782 526 protraheret.
2815 457 2985 522 Quem
3018 456 3324 533 presbyteri
3345 464 3452 510 tam
3483 456 3694 510 duriter
3729 456 3876 512 labo-

2275 559 2396 596 rare
2417 544 2680 608 videntes,
2703 544 2971 613 deputatis
3001 545 3016 598 i
3039 544 3110 600 lic
3133 544 3430 611 monachis,
3456 543 3550 614 qui
3575 558 3701 601 cum
3732 543 3874 612 psal-

2273 635 2466 691 modiis
2494 639 2612 704 ejus
2641 638 2845 690 exitum
2876 637 3357 701 commendarent,
3391 637 3490 706 ipsi
3523 650 3623 706 pro
3655 649 3722 690 eo
3753 651 3871 689 om-

2274 724 2538 793 nipotenti
2559 725 2670 779 Deo
2692 725 3016 779 studuerunt
3042 725 3312 779 solemnes
3339 724 3544 779 hostias
3566 722 3868 778 immolare.

2272 812 2378 868 Sed
2410 814 2658 868 monachi
2687 814 3038 884 psalmodiam
3065 815 3400 877 deserentes,
3432 828 3540 866 non
3571 813 3873 868 timuerunt

2273 901 2414 956 inter
2441 918 2498 958 se
2528 903 2779 958 morienti
2811 902 2961 956 fratri
2991 902 3310 967 detrahere;
3341 917 3466 956 eum
3494 916 3623 956 ecce
3651 901 3871 971 presby-

2274 991 2372 1045 teri
2401 1008 2430 1044 a
2463 992 2745 1046 missarum
2771 990 3049 1046 soleniniis
3079 991 3220 1044 circa
3255 989 3439 1042 horam
3470 988 3756 1056 septimam
3787 1005 3872 1042 re-

2270 1089 2534 1148 meantes,
2562 1078 2825 1134 Joannem
2854 1080 3248 1149 presbyterum,
3279 1093 3440 1146 quem
3484 1077 3871 1132 incredibiliter

2269 1185 2393 1223 cum
2425 1176 2598 1222 morte
2637 1168 2930 1222 luctantem
2961 1167 3330 1234 reliquerant,
3370 1165 3551 1228 levius
3581 1179 3642 1218 se
3671 1164 3871 1218 halwre

2269 1261 2446 1314 mirati
2486 1267 2648 1325 sunt,
2693 1274 2926 1329 cumque
2957 1259 3269 1312 nominatim
3300 1259 3531 1312 clamar-
3563 1266 3866 1323 emperunt.

2271 1352 2397 1406 Mox
2428 1351 2516 1406 ille
2545 1351 2734 1405 oculos
2759 1392 2775 1419 ,
2826 1349 3180 1415 sttbriileir’o,
3222 1347 3539 1402 concutiens
3567 1363 3579 1399 :
3611 1365 3629 1396 ι
3661 1345 3868 1404 Pareat,

2282 1443 2478 1512 inquit,
2509 1443 2664 1497 vobis
2695 1442 2971 1507 Dominus,
3002 1440 3196 1494 fratres
3224 1458 3236 1492 :
3269 1455 3436 1509 quare.
3465 1454 3553 1493 me
3581 1438 3870 1492 sollicitare

2267 1534 2552 1589 voluistis?
2600 1532 2703 1598 Qui
2753 1533 2822 1585 ab
2872 1533 2990 1600 ijso
3037 1529 3200 1599 hujus
3243 1529 3347 1584 dici
3397 1529 3663 1599 principio
3702 1544 3870 1595 usque

2201 1646 2244 1704 Β
2272 1643 2360 1679 nu:
2385 1643 2416 1680 c
2441 1641 2623 1680 coratn
2654 1625 2868 1678 Christo
2898 1622 3201 1692 pne-identi
3229 1639 3317 1675 mu
3344 1622 3410 1675 tis
3439 1622 3679 1674 millibus
3709 1635 3870 1688 ange-

2275 1719 2451 1772 lorum
2481 1733 2604 1772 cutn
2633 1717 2848 1770 diabolo
2879 1714 2945 1768 ad
2969 1715 3030 1784 ju
3072 1715 3232 1768 icium
3261 1713 3404 1778 steti,
3437 1722 3512 1778 ct,
3562 1711 3867 1779 adjuvanti.

2273 1809 2374 1864 bus
2405 1796 2490 1862 me
2518 1807 2721 1863 sanctis
2749 1806 2961 1860 Andrea
2989 1814 3044 1859 et
3071 1803 3364 1872 Gregorio,
3394 1820 3410 1852 r
3428 1802 3604 1856 uni-tis
3631 1823 3642 1850 i
3659 1801 3751 1871 jus
3780 1801 3869 1854 ob-

2267 1897 2592 1967 jectizinibus
2619 1897 2756 1950 bene
2784 1893 3057 1963 respondi.
3091 1892 3287 1945 Sciatis
3315 1906 3494 1944 autem
3528 1890 3658 1957 quia
3690 1904 3869 1940 mona-

2271 1986 2422 2042 sterii
2469 1984 2762 2040 sextarium
2788 1983 3062 2051 ,modiunt
3088 2022 3102 2046 ,
3154 1981 3369 2046 libram,
3408 1977 3863 2033 consuetudicm

2272 2077 2740 2146 eleemosynaruu't
2770 2081 2826 2127 et
2855 2071 3139 2138 luminum,
3187 2085 3509 2138 omnemque
3553 2083 3866 2122 mensuram

2272 2167 2639 2223 curiosissime
2679 2166 2894 2220 Christo
2937 2165 3199 2234 quam-nti
3237 2179 3407 2232 usque
3453 2162 3520 2214 ad
3569 2160 3866 2215 scabcltuin

2273 2259 2468 2328 pedum
2516 2257 2633 2326 ejus
2673 2256 2904 2327 portavi.
2934 2255 3043 2310 Sed
3074 2256 3142 2310 de
3169 2271 3275 2309 una
3305 2254 3634 2322 obiectione,
3671 2251 3864 2311 fate0r,

2278 2361 2298 2388 ε
2331 2348 2612 2404 convictus
2639 2346 2809 2402 metui
2835 2347 2904 2401 de
2932 2361 3038 2415 qua
3071 2346 3317 2412 nimium,
3343 2345 3482 2398 sicut
3512 2343 3748 2410 vidstis,
3779 2343 3865 2393 Ia-

2271 2438 2514 2494 borando
2542 2447 2767 2492 vexatus
2794 2452 2936 2502 sum,
2971 2446 3026 2490 et
3052 2450 3137 2489 me
3163 2451 3193 2488 a
3219 2435 3336 2488 .buc
3364 2435 3596 2487 liberare
3629 2448 3733 2485 non
3767 2451 3864 2501 ιςοο

2275 2531 2372 2585 ιιιί.
2404 2529 2650 2599 Cumque
2676 2530 2870 2586 fratres
2897 2528 2965 2584 de
2993 2543 3056 2584 ea
3088 2528 3448 2596 requirerent,
3477 2526 3555 2579 ait
3580 2542 3592 2577 :
3619 2525 3733 2580 Non
3765 2543 3862 2580 au-

2271 2619 2374 2675 deo
2404 2620 2606 2682 dicere,
2639 2620 2766 2688 qula
2793 2618 3008 2688 quando
3039 2633 3134 2672 vos
3163 2633 3248 2670 me
3277 2615 3572 2679 clamaSIis,
3603 2626 3656 2669 et
3683 2633 3711 2669 a
3738 2633 3762 2670 s
3783 2636 3866 2670 in-

2271 2718 2360 2764 cto
2400 2709 2663 2779 Gregorio
2693 2708 2868 2764 redire
2909 2708 3089 2778 jussus
3135 2723 3274 2772 sum,
3328 2715 3386 2759 ut
3424 2707 3578 2760 vobis
3607 2707 3768 2760 eiiain
3799 2708 3866 2764 de

2227 2856 2230 2859 _
2273 2800 2536 2856 mensuris
2564 2809 2620 2855 et
2646 2799 3120 2855 consuetudinibus
3148 2798 3461 2853 monasterii
3492 2813 3748 2868 ponerem
3781 2815 3867 2853 ra-

2272 2893 2495 2956 tionem,
2525 2893 2771 2948 diabolus
2798 2901 3021 2962 questus
3050 2901 3152 2958 est,
3187 2900 3398 2961 putans,
3426 2892 3571 2960 quod
3597 2908 3685 2946 me
3711 2893 3867 2948 l'ater

2270 2981 2337 3034 ad
2367 2981 2733 3052 paenitentiam
2760 2981 3070 3036 remisisset.
3118 2979 3460 3051 Quapropter
3487 2983 3705 3035 beatum
3733 2978 3868 3035 Grc-

2270 3072 2479 3139 gorium
2510 3073 2701 3126 vadem
2733 3070 2879 3137 dedi,
2913 3085 2978 3124 ne
3006 3080 3331 3126 commotam
3359 3071 3684 3126 calumniam
3713 3073 3867 3127 cuili-

2269 3164 2362 3213 bet
2384 3161 2702 3213 revelareni.
2730 3157 2840 3213 filis
2865 3158 3032 3226 magis
3055 3159 3478 3229 imminentibus,
3503 3169 3560 3216 et
3587 3175 3649 3217 se
3677 3177 3776 3231 pro
3798 3177 3866 3217 eo

2269 3257 2654 3317 i-epiecaturos
2702 3247 2986 3304 Dominum
3027 3249 3483 3320 promittentibus,
3535 3259 3596 3306 ut
3641 3267 3865 3307 causam

2269 3339 2525 3394 fratribus
2551 3341 2839 3407 revelaret,
2861 3339 3238 3396 defunctorum
3266 3343 3622 3413 quorumdam
3649 3345 3864 3431 domos,

2269 3441 2325 3484 et
2354 3430 2645 3484 viventium
2690 3431 2880 3485 merita
2909 3432 3236 3502 proferebat,
3268 3433 3454 3490 dicens
3478 3451 3492 3488 :
3516 3432 3622 3490 Iste
3649 3430 3864 3505 dignus,

2268 3523 2358 3577 ille
2388 3523 2635 3590 indignus
2663 3533 2764 3578 est.
2798 3523 2881 3577 [lu
2913 3540 3004 3578 sus
3033 3525 3412 3595 interrogatus,
3448 3527 3517 3581 ad
3546 3531 3864 3595 monachos,

2269 3615 2359 3682 qui
2403 3615 2610 3683 pridem
2639 3629 2821 3670 secum
2869 3625 3259 3683 remanserant,
3305 3633 3600 3673 conversus
3644 3628 3748 3685 est,
3778 3621 3866 3675 di-

2269 3720 2398 3758 cens
2425 3722 2440 3760 :
2467 3703 2658 3758 Omnia
2689 3706 2741 3759 in
2771 3706 2965 3774 quibus
2991 3707 3122 3761 mihi
3151 3708 3480 3779 detraxistis,
3515 3709 3734 3776 fratres,
3763 3727 3866 3766 au-

2267 3797 2394 3862 divi,
2437 3811 2760 3867 quatnquam
2799 3801 3131 3870 respondere
3161 3803 3515 3873 nequiverim,
3546 3813 3603 3859 et
3633 3805 3865 3875 impedi-

2269 3901 2510 3946 mentum
2557 3893 2686 3948 mihi
2720 3911 2826 3949 non
2872 3895 3145 3950 modicum
3175 3897 3488 3964 generastis,
3520 3899 3648 3967 quia
3696 3909 3804 3954 tam
3833 3917 3864 3954 a

2267 3983 2420 4035 vobis
2447 3997 2611 4051 quam
2641 3998 2670 4035 a
2699 3983 2916 4039 diabolo
2962 3985 3061 4039 sub
3108 4001 3218 4039 uno
3267 3993 3510 4056 tempore
3553 3999 3864 4053 accusatus,

2268 4071 2573 4126 nesciebam
2603 4071 2690 4125 cui
2721 4072 2964 4141 primitus
2990 4074 3271 4129 calumniae
3311 4074 3721 4144 responderem.
3757 4078 3865 4131 Sed

2267 4162 2312 4216 si
2357 4161 2574 4230 quando
2622 4165 2917 4230 quemlibet
2945 4163 3262 4232 migrantem
3293 4165 3550 4231 videritis,
3594 4169 3865 4236 compati-

2267 4253 2393 4305 mmi
2425 4252 2558 4307 sorti
2586 4253 2883 4322 communi,
2913 4263 2968 4308 et
2993 4255 3160 4309 nolite
3187 4255 3254 4309 de
3282 4271 3350 4311 eo
3372 4256 3640 4324 judicare,
3670 4259 3765 4326 qui
3795 4259 3868 4313 ad

2270 4351 2378 4394 tam
2425 4340 2652 4395 districti
2698 4341 2897 4410 judicis
2925 4345 3049 4397 cum
3078 4343 3423 4398 crimin’atore
3469 4359 3568 4397 suo
3593 4345 3862 4411 judicium

2268 4431 2435 4485 vadit.
2460 4453 2478 4482 ρ
2515 4431 2610 4485 llis
2639 4433 2887 4501 expletis,
2918 4443 3141 4488 Cunctos
3161 4433 3315 4503 jubet
3344 4435 3658 4502 abscedere,
3687 4440 3862 4491 solum

2267 4522 2642 4592 presbyterum
2684 4521 2776 4590 qui
2805 4523 2906 4576 sibi
2935 4532 3162 4577 mortem
3195 4524 3649 4593 pnenuntiaverat
3674 4541 3864 4581 secum

2268 4621 2477 4668 tenens.
2499 4613 2598 4680 Qui
2618 4614 2764 4668 solus
2783 4630 3067 4669 remanere
3089 4631 3400 4684 pavescens,
3425 4617 3654 4670 alterum
3677 4634 3863 4674 secum

2267 4703 2508 4766 retinuit,
2540 4704 2786 4757 hortatus
2817 4711 2872 4756 ut
2900 4719 3116 4757 causam
3147 4720 3244 4773 pro
3273 4720 3377 4772 qua
3402 4702 3725 4761 conflixerat
3751 4709 3861 4761 ωι-

2267 4802 2376 4850 tem
2408 4794 2505 4849 sibi
2539 4794 2773 4864 pandere
2819 4809 2927 4848 non
2979 4798 3210 4849 timeret.
3265 4792 3331 4847 Ai.
3378 4795 3466 4849 ille
3511 4798 3670 4866 179
3700 4799 3864 4852 vehe-

2265 4895 2476 4942 menter
2506 4887 2800 4956 ingemuit,
2842 4895 2897 4941 et
2924 4902 3186 4942 converso
3229 4887 3295 4941 ad
3342 4889 3604 4956 pa-ietem
3655 4893 3862 4962 capite,

2263 4979 2568 5047 clamabat,
2599 4979 2820 5033 dicens:
2859 4997 2876 5030 ι
2905 4979 2948 5032 υ
2977 4977 3188 5031 Andri-a
3209 5019 3224 5042 ,
3258 4979 3470 5033 Andrea
3496 5019 3512 5043 ,
3564 4980 3670 5037 hoc
3717 4999 3866 5040 anno

2262 5084 2474 5141 pereas,
2505 5069 2593 5139 qui
2631 5084 2717 5124 me
2753 5084 2918 5139 pravo
2949 5069 3173 5124 consido
3202 5057 3267 5122 ad
3299 5071 3597 5134 pericu'um
3630 5087 3862 5143 compu-

2266 5179 2368 5237 hoc
2392 5192 2734 5251 estpraases,
2782 5183 3064 5253 pnefettus
3119 5185 3449 5239 monasterii.
3506 5184 3647 5240 Infra
3694 5202 3747 5241 c.
3792 5185 3870 5242 88

2265 5253 2432 5321 liquet
2463 5255 2604 5308 hunc
2631 5254 3005 5320 hegumennm,
3037 5268 3130 5308 seu
3175 5268 3540 5312 utconontum.
3574 5265 3633 5310 ut
3660 5258 3870 5314 habent

2270 5321 2490 5392 Excusi,
2520 5325 2850 5392 monasterio
2881 5323 3096 5392 pra-filis
3125 5339 3176 5378 e.

2340 5397 2362 5431 ιι
2401 5390 2567 5464 Utic.,
2598 5390 2895 5448 Hostiensis
2922 5395 3170 5464 episcopi.

2336 5475 2358 5502 ι·
2390 5462 2622 5539 _Excu.~i,
2645 5462 3116 5539 _ai_ls_tipulai,itibus
3157 5462 3337 5520 Germ.
3358 5505 3373 5535 ,
3403 5464 3559 5524 Colb.
3605 5473 3663 5524 et
3689 5464 3866 5539 Reg.,

2259 5536 2514 5590 convictus
2544 5534 2722 5588 erubui
2745 5536 2806 5589 dc
2835 5552 2933 5590 me.
