3992 6372
147 344 241 402 235

712 344 771 400 Β.
812 340 1139 398 GREGORII
1184 339 1391 396 MAGNI
1436 337 1623 409 \‘lTA,
1667 338 1867 395 AUCT.
1911 334 2172 393 JOANNE
2210 331 2525 390 DlAGONO.
2569 329 2698 385 LIB.
2737 329 2822 385 IV.

3318 330 3418 385 258

146 455 264 513 listi.
293 473 314 508 ι
367 453 409 508 Ε
434 452 655 521 vestigio
685 451 967 507 Zacharias
997 451 1257 515 medicus,
1288 453 1379 522 qui
1410 469 1551 509 anno
1581 470 1719 527 pne-
1754 461 1802 513 Λ
1827 454 2086 508 cebantur
2112 492 2128 518 ,
2161 459 2188 488 ι
2217 449 2429 518 penitus
2471 444 2747 501 interdixit
2772 462 2785 497 :
2808 459 2928 499 cum
2974 443 3215 508 ejusdem
3267 446 3428 515 180

145 544 296 599 terito
324 544 388 596 ad
420 560 567 607 suos,
596 542 841 596 videlicet
865 538 1217 607 Sarracenos,
1249 546 1607 611 apostatando
1635 561 1723 600 re-

144 652 321 690 versus
346 644 445 698 est,
477 633 663 698 adfuit,
691 633 954 701 lactisque
978 635 1330 703 temporibus,
1358 635 1537 704 iurare
1564 637 1729 707 cmpit

142 727 505 797 presbyterum
522 740 587 778 ex
603 724 789 779 eadem
812 723 1118 778 valetudine
1140 724 1360 779 minime
1381 726 1723 781 moriturum.

142 815 305 882 Quem
335 815 614 883 languidus
646 824 701 867 ut
725 813 950 878 audivit,
983 831 1107 868 cum
1154 816 1353 884 ingenti
1385 817 1725 871 animadver-

141 907 288 959 sione
330 904 545 974 repulit,
591 904 781 958 dicens
808 921 820 955 :
850 922 868 954 ι
900 902 1137 967 Fratres,
1185 903 1293 971 jam
1325 919 1487 958 omne
1532 918 1727 975 corpus

141 1010 314 1048 meum
344 1004 427 1049 est
454 1001 757 1057 mortumn,
805 993 857 1046 in
905 993 1163 1045 extremis
1206 991 1445 1047 faucibus
1481 992 1725 1060 Spiritum

139 1084 454 1151 permissum
510 1082 759 1143 retineo,
821 1081 1081 1135 continuo
1137 1082 1462 1144 moriturus;
1520 1089 1725 1133 tantum

140 1172 370 1238 psallite,
403 1178 463 1224 ut
506 1170 777 1224 revideam
823 1171 1044 1237 angelos
1088 1185 1223 1236 quos
1264 1168 1529 1231 videbam,
1563 1177 1616 1221 et
1648 1169 1727 1221 in-

137 1284 308 1323 nuens
337 1266 487 1321 vobis
513 1263 816 1321 ostendam.
839 1280 858 1313 ι
890 1261 1094 1327 Quibus
1124 1258 1421 1320 orantibus,
1452 1266 1597 1311 totus
1626 1274 1735 1311 cm-

136 1357 208 1427 pit
258 1366 516 1419 tremere,
563 1353 884 1422 pallescere,
931 1364 1143 1405 sursum
1190 1347 1558 1402 desideranter
1586 1346 1729 1414 aspi-

133 1460 259 1499 cere
287 1464 299 1497 :
330 1461 453 1500 cum
508 1445 690 1499 subito
738 1442 956 1510 spiritus
1006 1440 1295 1494 adventare
1349 1436 1685 1506 conspiciens
1713 1478 1728 1503 ,

133 1535 399 1590 revolutis
430 1534 742 1589 terribiliter
767 1531 968 1595 oculis,
1001 1528 1274 1583 monachis
1306 1527 1493 1590 innuit,
1536 1534 1589 1579 et
1637 1525 1731 1579 ab«

132 1623 367 1688 seessit;
400 1637 605 1691 eosque
650 1631 798 1676 tanto
852 1628 1057 1672 terrore
1106 1616 1380 1686 perculsos
1422 1616 1642 1679 dimisit,
1676 1622 1733 1669 ut

134 1714 327 1767 multis
354 1714 603 1769 noctibus
630 1712 727 1767 soli
751 1711 935 1778 jacere
967 1706 1261 1761 timuerint.

1827 539 2262 609 Quadragesiniaz
2291 546 2535 607 tempore
2559 536 2746 590 beatus
2777 534 3069 605 Gregorius
3097 536 3273 590 eidem
3298 548 3428 605 pre—

1824 633 2041 702 sbytero
2089 631 2175 685 cui
2223 645 2387 699 supra
2434 636 2490 681 et
2538 628 2804 682 monacho
2834 628 2884 681 in
2914 628 3118 683 somnis
3146 627 3425 713 apparuit,

1826 723 2011 777 dicens
2038 740 2047 773 :
2074 721 2225 776 Vade
2276 730 2331 775 et
2373 719 2459 775 die
2488 719 2789 787 hegumeno
2816 736 2827 772 :
2851 716 2985 783 Quia
3016 718 3263 772 diminuit
3289 732 3415 772 con-

1834 813 2196 875 suetudinem,
2243 827 2403 880 quam
2449 824 2550 878 ego
2595 809 2868 870 constitui,
2919 807 3176 862 Dominus
3214 821 3429 877 quoque

1830 903 1947 971 ejus
1980 902 2094 956 dies
2123 901 2402 955 diminuet.
2435 898 2591 964 Quod
2619 898 2949 966 hegumenus
2974 906 3033 949 ut
3062 896 3284 957 audivit,
3318 895 3431 964 pri—

1827 1010 1915 1048 mo
1944 992 2161 1060 quidem
2191 991 2536 1055 contremuit,
2573 998 2695 1057 post
2720 1006 2849 1043 vero
2880 998 3033 1063 tanto
3061 988 3236 1042 minus
3259 986 3433 1041 credi-

1824 1084 1921 1147 dit,
1953 1090 2157 1151 quanto
2182 1082 2344 1135 vitam
2374 1096 2524 1134 suam
2557 1080 2766 1147 longius
2795 1079 3164 1146 cognoscebat
3194 1076 3438 1132 extendi.

1830 1174 1895 1228 Et
1922 1189 2048 1228 ecce
2077 1174 2175 1227 sub
2208 1172 2337 1241 ipsis
2364 1171 2499 1224 albis
2528 1170 2873 1224 Paschalibus
2902 1170 2955 1222 in
2986 1170 3227 1223 oratorio
3253 1169 3425 1223 sancti

1828 1265 2073 1321 Severini
2119 1280 2241 1320 cum
2289 1262 2541 1317 fratribus
2581 1277 2691 1326 ves;
2715 1261 2903 1314 ertinis
2930 1260 3188 1313 assistens
3216 1259 3430 1321 oﬂiciis,

1830 1356 2017 1410 ardere
2047 1355 2307 1424 parietem
2337 1353 2485 1418 vidit,
2514 1367 2674 1420 quem
2703 1350 3431 1416 lratribusexstinguereim~

1832 1447 2057 1520 peravit.
2109 1445 2192 1512 Qu
2214 1447 2312 1500 bus
2368 1445 2510 1498 hunc
2558 1442 2888 1497 vinolentum
2921 1438 3284 1505 credentibus,
3317 1439 3433 1507 ipse

1835 1540 2055 1595 tandem
2105 1538 2333 1593 ferulam
2360 1552 2518 1606 quam
2551 1536 2770 1590 tenebat
2799 1532 3106 1604 projiciens,
3137 1546 3431 1600 manusque

1793 1642 1797 1647 ‘
1834 1646 1931 1702 per
1958 1632 2216 1701 parietem
2246 1628 2653 1685 circumducens
2682 1626 2981 1681 conabatur
3010 1623 3140 1677 foris
3184 1620 3431 1676 ﬂammas

1838 1725 2179 1793 exstinguere
2204 1764 2219 1789 ,
2257 1736 2390 1790 quas
2432 1719 2716 1774 constabat
2744 1716 2927 1769 intima
2970 1714 3085 1782 ejus
3115 1712 3410 1783 depa<cere

194 1801 296 1853 ⁸⁷·
342 1800 544 1855 anm“
575 1800 661 1855 die
684 1800 823 1853 ³ί⁰¹¹ί
848 1804 1036 1888 905‘”
1071 1793 1464 1888 ξἐρτθῒιθηεξιιη
1497 1799 1730 1888 εἶδεν-⁸ο·
1767 1813 1811 1871 Β
1838 1818 2080 1888 Denique
2126 1817 2191 1871 ad
2237 1814 2528 1885 hoSpitium
2557 1812 2793 1875 rediens,
2846 1817 3010 1862 tantae
3039 1806 3200 1861 febris
3239 1803 3434 1859 ardore

134 1892 375 1958 demque
397 1898 694 1953 momento,
717 1887 930 1958 quando
953 1886 1233 1956 presbyter
1257 1884 1493 1938 moriens
1509 1882 1736 1936 Andron:

137 1986 441 2056 peticulum
474 1984 646 2038 fuerat
690 1982 1036 2051 imprecatus,
1085 1979 1226 2033 idem
1275 1977 1538 2043 Andreas,
1586 1975 1736 2029 fundi

72 2131 88 2142 ,
137 2078 452 2144 Barbiliani,
483 2077 645 2147 positi
673 2076 879 2130 scilicet
918 2073 1003 2128 via
1048 2071 1299 2138 Ostiensi,
1332 2071 1651 2137 conductor,
1683 2074 1735 2124 in

138 2168 399 2223 lectulum
429 2165 661 2231 decidit;
701 2166 751 2218 in
782 2180 891 2232 quo
921 2178 1017 2233 per
1046 2163 1272 2217 multum
1304 2162 1562 2230 temporis
1602 2176 1737 2216 con-

138 2258 602 2324 tinuo'languore
647 2262 967 2323 correptus,
1016 2253 1091 2306 ita
1142 2259 1287 2305 totus
1328 2250 1627 2313 emarcuit,
1681 2256 1741 2302 ut

140 2363 308 2400 omne
356 2362 553 2414 corpus
600 2343 715 2413 ejus
764 2341 1125 2413 particulatim
1174 2338 1448 2393 videretur
1497 2335 1735 2425 dissolvi.

140 2436 395 2504 Cumque
420 2432 775 2489 defluentibus
803 2433 1054 2487 carnibus
1081 2430 1324 2485 consumi
1353 2436 1573 2499 posset,
1603 2428 1741 2481 mori

144 2537 328 2580 autem
379 2540 487 2578 non
537 2532 748 2593 posset,
796 2537 952 2585 uxor,
1000 2536 1117 2592 qua:
1164 2519 1410 2575 fmtorem
1458 2518 1737 2574 vulnerum

146 2618 357 2686 virique
387 2617 657 2672 cruciatus
683 2616 791 2685 jam
821 2616 1085 2671 sustinere
1124 2631 1228 2670 non
1256 2622 1493 2685 poterat,
1526 2613 1742 2669 intelle—

148 2709 217 2761 xit
249 2707 393 2760 tanti
425 2706 697 2775 langnoais
727 2706 1066 2759 incommoda
1116 2706 1234 2760 sine
1281 2704 1475 2758 divina:
1525 2701 1747 2758 ultionis

148 2800 424 2855 sententia
471 2800 614 2853 hunc
659 2799 961 2853 nullatenus
1002 2799 1306 2854 incurrisse.
1353 2798 1522 2865 Quem
1571 2795 1750 2853 ﬂendo

149 2891 361 2944 curavit
399 2889 689 2957 inquirere,
726 2898 782 2942 ut
824 2889 1082 2957 quoniam
1114 2904 1142 2942 a
1174 2889 1437 2944 moriente
1464 2889 1752 2961 prmposito

150 2981 350 3036 frustra
384 2978 566 3035 vocari
598 2994 703 3033 non
749 2987 981 3047 poterat,
1012 2980 1140 3045 quid
1170 2995 1288 3033 cum
1320 2980 1437 3049 ipso
1464 2979 1753 3033 commise-

152 3081 228 3128 rat
267 3071 557 3126 monachis
586 3069 872 3133 revelaret,
922 3069 968 3124 si
1018 3070 1157 3125 forte
1188 3069 1447 3124 Dominus
1477 3068 1592 3137 ejus
1623 3085 1753 3122 con-

1838 1924 2132 1965 succensus
2159 1916 2261 1971 est,
2286 1914 2345 1961 ut
2370 1904 2651 1975 pervenire
2680 1903 2745 1956 ad
2775 1901 2918 1955 diem
2943 1899 3227 1970 septimum
3260 1896 3431 1950 nulla-

1839 2007 1996 2053 tenus
2040 1998 2322 2067 potuisset.
2357 1994 2493 2061 Quia
2535 2008 2664 2062 ergo
2702 1992 2825 2046 dum
2867 1989 3200 2044 consuluisse
3230 1986 3436 2057 putavit

1839 2104 1899 2142 se
1926 2087 2247 2153 monachis,
2300 2082 2623 2155 pauperibus
2672 2081 2924 2135 nocuisse
2970 2095 3074 2132 non
3125 2077 3340 2140 timuit,
3373 2090 3436 2129 ac

1841 2193 1936 2247 per
1979 2178 2081 2230 hoc
2107 2191 2217 2243 quo
2257 2190 2317 2227 se
2359 2175 2578 2243 placare
2624 2184 2785 2240 posse
2827 2167 3145 2235 Gregorium
3191 2163 3435 2230 credidit,

1840 2277 2060 2338 prorsus
2081 2264 2305 2319 offendit
2330 2281 2343 2318 ε
2367 2262 2562 2317 frustra
2590 2261 2831 2313 ﬂammas
2854 2256 3074 2326 parietis
3096 2256 3436 2323 exstinguere

1841 2360 2028 2424 voluit,
2058 2358 2183 2426 quia
2214 2356 2519 2412 tenacitatis
2546 2368 2658 2409 suae
2689 2350 2933 2405 ﬂammas
2963 2348 3309 2417 exstinguere
3346 2360 3437 2402 re-

1842 2450 2066 2506 cusavit.

1915 2540 2003 2593 89.
2046 2537 2245 2593 Eodem
2274 2535 2623 2592 nihilominus
2645 2542 2889 2601 tempore
2916 2539 3035 2602 post
3055 2527 3296 2585 absidem
3324 2543 3437 2583 ora-

1846 2632 1972 2687 torii
2016 2638 2213 2685 sanctte
2260 2628 2437 2683 Marim
2462 2639 2678 2695 semper
2708 2624 2937 2692 Virginis
2967 2621 3209 2676 oratorio
3238 2628 3440 2674 sanctm

1847 2721 2131 2786 Barbarae,
2183 2718 2274 2773 ubi
2319 2716 2612 2787 Gregorius
2662 2713 2847 2769 laudes
2894 2711 3124 2765 Domino
3162 2708 3441 2763 celebrare

1848 2809 2095 2873 solebat,
2129 2805 2443 2875 conjuncti,
2475 2804 2687 2859 daemon
2718 2800 2984 2871 apparuit,
3027 2798 3236 2866 sibique
3264 2795 3320 2850 in
3349 2810 3443 2848 an-

1853 2910 1958 2966 tro,
1987 2907 2131 2969 quod
2162 2898 2273 2952 illic
2302 2894 2558 2959 cernitur,
2588 2893 2884 2963 hospitium
2914 2890 3139 2952 faciens,
3170 2887 3446 2951 nocturnis

1855 2991 2003 3047 horis
2032 2998 2183 3044 tanto
2207 2987 2506 3057 crepitabat
2536 2984 2769 3053 fragore,
2796 2992 2853 3037 ut
2882 2981 3062 3036 omnia
3092 2979 3441 3034 fundamenta

1854 3080 2161 3135 monasterii
2187 3086 2467 3149 putaretur
2486 3075 2810 3131 convellere.
2847 3073 3241 3140 Nonnunquam
3275 3085 3445 3140 equos

155 3165 449 3220 fessionem
478 3163 765 3233 recipiens,
798 3176 919 3216 eum
951 3176 978 3215 a
1013 3163 1173 3217 tantis
1203 3162 1528 3216 cruciatibus
1558 3160 1749 3215 llb0t3~
1777 3171 1824 3235 ο
1855 3173 1923 3228 de
1940 3170 2165 3226 stabulis
2193 3169 2440 3223 amemus
2462 3165 2780 3221 audiebatur
2800 3172 2912 3219 ιοιει
2937 3171 3093 3219 nocte
3123 3161 3443 3225 discum-ere,
3504 3166 3510 3173 '

156 3264 256 3311 ret.
294 3256 365 3309 At
396 3254 485 3310 ille
507 3296 522 3323 ,
564 3268 896 3322 cognoscens
928 3253 1128 3307 malum
1169 3253 1310 3321 quod
1356 3252 1557 3308 fecerat
1586 3252 1755 3307 latere

156 3362 265 3401 non
302 3359 491 3417 posse,
531 3343 844 3398 monasterii
889 3343 1184 3397 monachos
1211 3341 1495 3397 convocari
1527 3341 1755 3409 rigavit,

157 3440 351 3506 eisque
381 3436 662 3491 confessus
691 3442 773 3489 est
801 3450 920 3489 cum
962 3432 1151 3487 eodem
1183 3432 1471 3502 prteposit»
1502 3431 1755 3501 quasdam

1857 3272 2086 3329 quorum
2136 3257 2273 3312 duos
2318 3254 2617 3325 praecipitio
2669 3252 2990 3308 deniersisse
3038 3251 3295 3321 probatus
3344 3258 3444 3305 est.

1857 3350 2101 3419 Cumque
2147 3362 2347 3417 pavore
2377 3345 2511 3399 tanti
2540 3344 2748 3401 sonitus
2776 3342 3071 3398 monachos
3108 3357 3138 3396 a
3184 3341 3415 3397 triclinio
3435 3379 3450 3403 ,

1859 3439 1915 3494 in
1942 3453 2051 3508 quo
2090 3437 2154 3491 ad
2200 3451 2387 3490 auram
2418 3442 2641 3506 propter
2682 3433 2949 3489 fervorem
2980 3432 3243 3489 caumatis
3265 3432 3451 3502 jacere

160 3531 482 3587 monasterii
513 3528 781 3583 chartulas
808 3527 1072 3597 rapuisse,
1104 3541 1168 3581 ac
1192 3525 1423 3592 rece,.tis
1452 3524 1637 3593 pretiis
1667 3538 1731 3578 ex

1840 3518 2126 3593 solebant,
2157 3528 2371 3599 penitus
2399 3527 2700 3591 avertisset,
2735 3542 2873 3582 unus
2902 3541 3088 3580 eorum
3121 3524 3356 3581 conlisus
3400 3527 3453 3580 in

161 3622 368 3676 ιε’·ηθὶε
400 3620 725 3683 tradidisse.
764 3631 932 3682 εθαυθ
970 3624 1176 3671 εενῐυηὶ
1218 3616 1451 3670 εκίεῑθΐθ
1490 3614 1615 3682 (illia
1662 3628 1760 3684 pro
1864 3622 2058 3675 virtute
2105 3619 2200 3673 Dei
2247 3618 2633 3689 omnipotentis
2661 3625 2787 3672 ante
2815 3616 3056 3671 foramen
3104 3616 3452 3680 decumbens,

162 3715 269 3768 hoc
319 3711 528 3780 ῧπὲῖίίο
574 3709 711 3764 mori
759 3723 867 3762 ηοη
910 3716 1093 3777 90553t
1121 3720 1403 3775 quousque
1446 3704 1551 3759 hoc
1579 3719 1760 3760 00mm
1864 3714 2111 3771 oratione
2138 3712 2299 3775 facta,
2329 3714 2495 3781 coepit
2519 3712 2777 3767 dormire.
2807 3710 2904 3765 Cui
2935 3711 3145 3764 dmmon
3189 3711 3243 3764 in
3273 3710 3457 3764 simili-

163 3803 425 3857 omnibus
467 3800 751 3854 revelaret.
791 3796 946 3864 Quod
988 3795 1238 3852 videlicet
1280 3810 1466 3851 verum
1498 3792 1656 3849 fuisse
1687 3794 1765 3848 rci
1866 3808 2048 3864 tudine
2074 3807 2203 3862 caui
2235 3807 2482 3875 apparuit
2506 3848 2521 3872 ,
2554 3819 2784 3873 eumque
2829 3803 3094 3870 unguibus
3122 3811 3207 3858 εει
3236 3815 3457 3870 εδει-εδ-

165 3895 346 3947 exitus
375 3890 659 3945 evidenter
686 3887 946 3944 ostendit.
978 3886 1111 3941 Nam
1144 3901 1269 3941 mox
1299 3895 1357 3941 ut
1384 3894 1589 3939 tantum
1631 3884 1764 3939 faci—
1867 3912 1959 3953 sus
2018 3896 2344 3964 discerpere.
2392 3895 2511 3960 Quo
2556 3894 2852 3947 monachus
2906 3893 3154 3948 οτηιίοηθ
3200 3890 3417 3962 repulso
3445 3934 3460 3959 ,

169 4001 272 4038 nus
302 3982 517 4038 cunctis
546 3980 796 4046 innotuit,
839 3979 884 4034 is
922 3978 1011 4047 qui
1049 3977 1247 4033 dudum
1280 3978 1416 4031 mori
1444 3975 1631 4031 volens
1660 3991 1737 4030 n01

1870 3985 2161 4042 identidem
2205 3984 2385 4055 sopori
2416 3998 2475 4039 se
2506 3982 2744 4049 tradidit,
2790 3997 2910 4036 cum
2941 3981 3119 4037 subito
3148 3983 3362 4037 daemon
3408 3981 3463 4038 in

169 4081 416 4144 poterat,
450 4071 592 4126 inter
620 4070 782 4125 verba
812 4085 921 4124 sure
950 4068 1304 4124 confessionis
1333 4064 1553 4123 efﬂavit.
1598 4067 1737 4133 Quer

1870 4075 2220 4133 similitudine
2246 4073 2523 4143 cujusdam
2552 4070 2825 4141 Ethiopis
2861 4072 3048 4126 lancea
3079 4072 3334 4126 minando
3365 4086 3463 4141 ap-

169 4166 381 4219 idcirco
433 4163 574 4217 Deus
625 4162 967 4231 omnipotens
1016 4160 1107 4215 diu
1156 4160 1383 4215 cruciari
1413 4158 1600 4223 voluit,
1633 4158 1770 4211 mori
1872 4166 2075 4238 paruit,
2104 4165 2287 4220 dicens
2314 4182 2328 4218 :
2351 4163 2465 4232 Ego
2494 4178 2529 4232 q
2554 4161 2708 4217 :idem
2737 4163 2863 4217 hinc
2882 4161 3041 4227 vado,
3071 4161 3164 4217 sel
3198 4171 3248 4216 te
3277 4162 3466 4216 vulne-

169 4264 385 4320 autem,
408 4252 584 4307 donec
609 4261 817 4307 reatum
851 4267 1005 4305 suum
1036 4249 1384 4305 confiteretur
1413 4291 1426 4314 ,
1476 4264 1583 4303 non
1613 4263 1737 4317 poss

1875 4267 2051 4313 ratum
2079 4256 2307 4311 dimitto.
2341 4255 2459 4322 Quo
2486 4254 2647 4320 dicto,
2679 4254 2920 4308 lanceam
2951 4252 2978 4291 δ
3003 4252 3247 4319 vibravit,
3280 4268 3467 4307 mona-

170 4346 451 4415 permisit,
479 4351 539 4398 ut
565 4343 813 4413 exemplo
851 4342 931 4396 sui
976 4343 1243 4396 cruciatus
1285 4339 1615 4405 ostenderet,
1646 4338 1735 4408 qui

1877 4349 2146 4419 chumque
2174 4347 2313 4403 sicut
2342 4346 2655 4410 videbatur,
2700 4345 2753 4399 in
2797 4343 3002 4398 somnis
3042 4343 3323 4413 percussit.
3368 4343 3469 4409 Qui

170 4445 598 4506 consumptores
642 4449 820 4489 rerum
860 4432 1103 4501 Gregorii
1141 4432 1207 4486 de
1248 4429 1548 4500 semetipsis
1590 4429 1737 4497 utiqu

1880 4440 2044 4497 tantis
2073 4440 2397 4496 clamoribus
2448 4437 2673 4507 ejulavit
2695 4479 2711 4503 ,
2758 4444 3013 4506 tanquam
3043 4436 3086 4491 si
3116 4452 3305 4492 revera
3345 4451 3471 4505 per-

172 4542 409 4596 sperare
448 4526 783 4582 debuissent.

1840 4547 1853 4596 ι
1880 4548 2069 4589 cassus
2097 4530 2397 4594 exstiterit;
2445 4528 2959 4597 accurrentibusque
2988 4528 3267 4582 monachis
3291 4571 3305 4592 ,
3349 4527 3471 4581 licet

250 4618 353 4673 88-
396 4618 564 4688 Ipsius
585 4632 801 4686 quoque
823 4615 1088 4686 pontiﬁcis
1114 4624 1374 4684 tempore.
1404 4614 1642 4683 eiusdem
1676 4612 1778 4667 Pa-
1882 4623 2127 4695 pavidus,
2159 4621 2303 4691 quod
2334 4620 2540 4675 viderat
2570 4619 2846 4678 indicavit.
2876 4627 2928 4673 et
2954 4617 3209 4686 deinceps
3238 4617 3308 4670 ibi
3338 4618 3474 4671 ulte.

175 4710 280 4764 tris
313 4708 650 4763 monasterio
680 4706 1002 4760 Athanasius
1036 4704 1265 4775 pi‘azfuit,
1304 4705 1377 4757 vir
1405 4704 1619 4771 quidem
1648 4702 1737 4757 clla

1885 4714 1996 4769 rius
2025 4711 2349 4766 daemonium
2379 4726 2486 4765 non
2516 4708 2762 4764 accessit.

173 4802 353 4855 ritate
399 4799 724 4869 conspicuus
754 4797 916 4852 etsui
951 4796 1258 4851 monasterii
1289 4794 1629 4850 cautissimus
1658 4808 1774 4848 exe-
1958 4803 2045 4858 90,
2090 4802 2367 4869 Benedic“
2396 4815 2610 4869 quoque
2640 4799 2910 4869 pumilicis
2952 4806 3193 4865 ιρηιρογθ
3216 4839 3229 4859 ,
3276 4793 3476 4847 Lucida

173 4905 370 4948 ουιοτ-
394 4892 498 4959 Qui
528 4907 648 4947 cum
677 4892 947 4946 δωνῖεηιῖδ
975 4890 1166 4960 inopia}
1199 4898 1409 4959 tempus
1448 4895 1782 4957 aglloscereli
1890 4898 2133 4953 Ficulino
2181 4896 2437 4967 episcopo
2481 4894 2657 4949 eidem
2708 4893 3037 4947 monasterio
3084 4891 3432 4960 prteminente
3461 4929 3476 4950 ,

174 5005 247 5042 ne
278 4987 569 5041 monachis
595 4985 887 5040 necessitas
915 4984 1155 5039 fortassis
1184 4985 1532 5049 incumberet,
1556 4982 1737 5052 quadr:

1893 5005 2015 5045 cum
2062 4988 2367 5058 pestilentia
2398 4986 2631 5042 faucium
2664 4984 2947 5039 multitudo
2976 4983 3216 5051 quotidie
3244 4981 3475 5036 maxima

176 5082 335 5149 ginta
373 5094 691 5150 pauperum,
721 5094 855 5147 quos
885 5078 1075 5132 beatus
1103 5076 1395 5146 Gregorius
1437 5077 1580 5146 pasci
1619 5075 1787 5130 semel
1894 5079 2186 5149 deperiret,
2219 5078 2356 5132 idem
2387 5076 2704 5137 monachus.
2737 5074 3013 5143 prteclusis
3043 5073 3306 5137 faucibus,
3334 5072 3481 5127 venit

177 5172 231 5225 in
267 5185 429 5225 armo
456 5170 791 5233 decreverat,
821 5167 1167 5223 refectionem
1195 5168 1468 5223 subdux't.
1498 5166 1651 5232 Quod
1690 5168 1737 5221 in

1899 5171 1965 5228 ad
1995 5179 2243 5231 mortem,
2276 5169 2361 5223 cui
2391 5169 2692 5238 dcsperanti
2724 5167 2913 5219 beatus
2937 5162 3226 5230 Gregorius
3255 5163 3306 5216 in
3332 5176 3480 5217 som-

177 5278 338 5333 pune
371 5277 432 5316 se
459 5260 650 5316 fecisse
682 5261 1036 5331 perpendens,
1073 5262 1233 5314 etiam
1266 5259 1543 5313 duodecim
1588 5273 1791 5328 panpe-
1903 5261 1984 5316 nis
2015 5259 2283 5328 apparuit,
2315 5257 2435 5313 dice
2474 5274 2537 5313 s:
2569 5257 2659 5311 Vis
2688 5270 2850 5309 sanus
2879 5251 3025 5307 fieri?
3055 5253 3121 5305 At
3154 5252 3243 5308 ille
3272 5267 3486 5321 respon-

177 5367 307 5406 rum
344 5352 635 5421 prandium
664 5351 997 5420 totidemque
1023 5350 1271 5404 denarios
1316 5351 1405 5419 qui
1453 5350 1538 5403 die
1579 5349 1794 5419 deposi-
1902 5352 1979 5405 dit
2007 5365 2064 5405 se
2092 5342 2248 5403 velle.
2281 5349 2348 5403 Et
2374 5351 2564 5404 beatus
2592 5347 2922 5414 Gregorius:
2953 5364 2971 5396 ‹
3000 5346 3055 5400 Si
3094 5344 3244 5409 mibi,
3292 5344 3486 5413 inquit,

180 5443 365 5499 tionis
407 5442 549 5497 beati
579 5441 823 5510 Gregorii
853 5457 950 5512 pro
979 5441 1491 5496 commemoratione
1517 5439 1797 5494 duodecim
1903 5442 2214 5512 promiseris
2236 5455 2299 5495 ea
2328 5455 2449 5509 qua:
2478 5440 2571 5495 tibi
2600 5439 2787 5493 dixero
2817 5437 2932 5492 fore
2957 5437 3248 5502 dicturum,
3273 5437 3489 5493 scitote

181 5536 253 5590 ab
284 5550 367 5591 eo
403 5534 673 5603 quondam
700 5535 1065 5595 invitatorum,
1089 5548 1317 5601 quorum
1347 5533 1536 5585 tertius
1561 5532 1800 5586 decimus
1902 5548 2022 5588 esse
2052 5532 2383 5597 sanandum;
2412 5532 2493 5585 sin
2525 5546 2673 5599 vero,
2704 5530 2860 5592 citius
2883 5532 3224 5586 moriturum.
3248 5530 3489 5599 Cumque

181 5625 459 5694 angelum
489 5640 550 5681 se
576 5639 694 5680 esse
721 5623 992 5695 professus
1012 5632 1111 5690 est,
1140 5622 1653 5680 consuetudinaliter
1677 5636 1803 5693 pas-
1903 5626 1992 5681 ille
2012 5640 2072 5680 se
2092 5624 2361 5679 dicturum
2387 5632 2500 5679 tota
2526 5623 2846 5680 certitudine
2867 5623 3228 5694 promitteret,
3251 5622 3488 5680 audivit:

268 5821 300 5851 ⁸
344 5808 416 5867 ιιι
442 5786 688 5878 vulgatis,
716 5810 917 5880 penitus
946 5808 1227 5877 intercipit.
1976 5808 2004 5847 δ
2043 5807 2242 5879 Bigot.,
2267 5807 2493 5864 libravit.

504 5901 777 5963 Panos.
823 5898 1079 5961 LXXV.
2976 5898 3016 5959 8
