3992 6306
590 266 695 320 235

1184 267 1239 324 S.
1282 267 1608 324 GRECOBII
1648 266 1858 322 MAGNI
1901 266 2083 331 VITA,
2129 264 2330 320 AUCT.
2372 264 2632 319 JOANNE
2673 261 2986 320 DIACONO.
3030 263 3155 318 LIB.
3199 263 3284 318 IV.

3759 268 3858 326 956

588 385 686 450 lto,
719 385 1040 440 denuntians
1082 385 1251 448 Salue,
1297 384 1512 449 Joanui,
1558 378 1864 441 Benedicto,
1908 377 2160 440 Martino,
2193 382 2238 438 Α
2269 376 2378 430 Deo
2419 374 2581 431 fuisse
2638 373 2911 444 placabilis
2968 374 3178 431 cunctis
3228 374 3534 432 videntibus
3588 389 3862 436 monstra-

587 472 852 530 Palumbo
872 484 927 529 et
951 475 1180 529 Antonio
1204 474 1500 534 monachis,
1526 469 1812 524 Laurentio
1835 483 1988 533 coco,
2013 465 2173 520 Gem-

589 581 742 622 moso
772 567 1129 638 carpentario,
1152 567 1387 634 Accepto
1414 563 1623 633 pistori,
1642 561 1885 625 Andreae,
1905 559 2171 626 Romano,

589 667 643 712 et
666 658 832 714 Leoni
854 659 1019 724 laicis,
1046 658 1298 725 quoniam
1322 671 1351 708 a
1371 655 1605 710 crastino
1641 653 1957 722 incipientes
1988 664 2175 706 omnes

591 763 614 787 υ
641 751 824 806 dietim
853 765 913 805 se
940 748 1220 803 moriendo
1249 748 1663 816 subsequentur.
1701 746 1853 815 181
1886 742 2014 798 Post
2041 757 2175 811 quo-

586 857 704 895 rum
735 842 1014 896 decessum
1046 839 1300 893 denuntia
1325 879 1340 904 ,
1394 837 1653 892 Lucidum
1684 839 1994 906 episcopum
2021 876 2035 900 ,
2081 836 2172 902 qui

589 942 736 986 tenet
770 932 819 985 id
849 933 1251 996 monasterium,
1281 931 1368 985 die
1398 930 1628 1000 septimo
1655 930 1994 984 moriturum.
2027 946 2043 979 ι
2081 926 2174 983 His

584 1022 758 1085 dIt'lIS,
789 1023 1113 1088 monachum
1145 1022 1378 1076 oscitare
1407 1021 1722 1090 prmcipiens
1745 1061 1760 1086 ,
1800 1019 1936 1074 duos
1978 1018 2173 1086 digitos

586 1113 638 1165 in
663 1112 868 1168 faucem
895 1114 1143 1182 conjecit,
1171 1114 1470 1181 vulnusque
1491 1113 1849 1181 disrumpens,
1877 1121 1934 1165 ut
1953 1126 2173 1167 excrea-

583 1213 669 1258 ret
695 1204 942 1272 injunxit.
974 1204 1069 1259 Ille
1101 1205 1352 1267 tussiens,
1387 1212 1591 1272 partem
1615 1202 1880 1271 coagulati
1901 1201 2172 1269 sanguinis

584 1295 638 1347 in
671 1295 886 1350 modum
931 1295 1124 1364 lapidis
1165 1309 1226 1348 re
1254 1310 1380 1347 vera
1411 1293 1668 1363 projcrit;
1700 1300 1754 1346 et
1784 1295 1850 1346 ab
1881 1293 2008 1361 ipsis
2036 1307 2173 1360 pene

583 1385 772 1438 mortis
815 1385 994 1453 januis
1041 1385 1316 1448 liberatus,
1351 1386 1540 1438 eadem
1595 1391 1750 1437 nocte
1781 1391 1970 1438 contra
2019 1398 2168 1452 spem

583 1478 822 1531 omnium
871 1478 1273 1532 matutinalibus
1321 1477 1535 1546 hymnis
1563 1475 1821 1529 interfuit.
1858 1474 2170 1529 Mirantibus

583 1566 856 1634 fratribus,
879 1567 1124 1622 sanitatis
1145 1583 1254 1622 sua:
1281 1566 1497 1621 modum
1521 1565 1771 1627 innotuit,
1797 1580 1933 1634 quos
1955 1565 2170 1632 quando

582 1667 636 1711 et
663 1658 892 1726 qualiter
919 1673 986 1712 ex
1016 1657 1329 1712 monasterii
1357 1656 1556 1710 familia
1589 1655 1879 1710 morituros
1905 1655 2167 1724 praevide-

579 1748 667 1812 rit,
701 1747 992 1813 indicavit;
1035 1747 1103 1802 de
1142 1748 1255 1801 sola
1300 1747 1512 1800 interim
1543 1747 1780 1815 episcopi
1811 1754 1982 1800 morte
2009 1745 2167 1799 dubi-

579 1839 741 1894 tando
788 1840 1064 1895 conticuit.
1096 1839 1163 1892 Et
1207 1854 1238 1895 e
1281 1840 1509 1908 vestigio
1555 1839 1608 1894 in
1657 1847 1972 1894 cunctorum
2003 1840 2162 1893 morti

577 1930 953 1997 deputatorum
982 1929 1201 1984 auribus
1229 1929 1416 1985 volans
1461 1928 1599 1982 fama
1643 1928 1921 1993 discurrit;
1953 1937 2007 1982 et
2035 1928 2161 1981 dum

577 2033 642 2071 ex
673 2019 935 2072 relatione
964 2019 1215 2073 monachi
1246 2033 1305 2073 se
1335 2018 1625 2073 morituros
1654 2026 1802 2072 certo
1830 2017 1918 2071 die
1957 2031 2160 2085 cogno—

575 2116 808 2170 scerent,
838 2108 1107 2178 dispositis
1137 2109 1248 2164 suis
1277 2108 1495 2174 reculis,
1526 2109 1598 2163 ita
1629 2124 1688 2163 se
1718 2109 1770 2161 in
1801 2115 2030 2167 ntortem
2073 2122 2160 2162 se-

580 2199 687 2252 cuti
712 2206 855 2265 sunt,
880 2201 1020 2254 sicut
1045 2198 1254 2253 fuerant
1276 2199 1328 2252 in
1355 2199 1567 2253 somnio
1597 2199 1877 2253 nominati.

650 2287 736 2342 9i.
777 2289 1017 2358 Cumque
1047 2289 1326 2358 presbyter
1352 2288 1646 2343 monachus
1674 2286 1874 2341 Lucido
1905 2287 2160 2357 episcOpo

577 2385 686 2429 tam
717 2377 893 2430 dirum
936 2377 1182 2430 nuntium
1211 2376 1453 2430 revelare
1484 2375 1732 2442 timeret,
1776 2385 1952 2429 tacere
1981 2384 2159 2430 autem

575 2465 789 2533 penitus
810 2480 916 2519 non
941 2465 1182 2528 auderet,
1206 2463 1537 2517 monasterio
1557 2477 1615 2516 se
1637 2461 1851 2515 tandem
1874 2463 2155 2531 proripuit,

575 2561 628 2605 et
654 2553 718 2606 ad
750 2553 964 2607 domum
1005 2553 1247 2622 episcom
1278 2567 1382 2605 non
1413 2551 1570 2620 longe
1627 2565 1657 2604 a
1714 2548 1929 2604 flumine
1958 2550 2156 2614 Tiberi,

575 2638 837 2708 bregione
858 2641 1106 2696 videlicet
1131 2641 1283 2710 juxta
1300 2641 1574 2694 basilicam
1591 2648 1913 2694 sanctorum
1947 2637 2070 2712 Cyii
2105 2649 2160 2694 et

573 2729 791 2784 Joannis
853 2733 1120 2799 positam,
1156 2731 1450 2784 ‘somnium
1505 2730 1847 2783 nuntiaturus
1909 2730 2152 2784 accessit.

572 2819 742 2885 Quem
765 2821 988 2884 scilicet,
1023 2820 1112 2874 ubi
1141 2835 1262 2875 cum
1295 2819 1549 2890 pontifice
1578 2820 1631 2874 in
1662 2820 1862 2889 palatio
1892 2820 2158 2889 prandere

572 2910 841 2976 cognovit,
860 2918 1177 2979 exspectans
1189 2909 1526 2974 redeuntem,
1551 2909 1972 2964 sacerdotalibus
1991 2910 2155 2963 vesti-

572 2998 764 3052 mentis
793 2998 1056 3064 indutum,
1089 2999 1272 3053 colore
1301 2996 1578 3066 fulgidum,
1611 2996 1917 3052 valetudine
1943 3011 2157 3066 quoque

572 3088 942 3153 sanissimum,
992 3089 1228 3143 salutare
1273 3087 1523 3145 curavit.’
1552 3088 1648 3141 Cui
1698 3088 1982 3158 episcopus
2029 3087 2103 3140 ait
2139 3105 2151 3139 :
2188 3125 2233 3186 Ο

577 3196 594 3227 ι
625 3176 740 3230 Jam
765 3177 980 3230 nuncin
1007 3184 1120 3231 tota
1142 3177 1272 3232 urbe
1299 3193 1398 3247 pro
1423 3177 1604 3231 divino
1632 3190 1652 3216 ε
1679 3178 1911 3246 haberis,
1943 3181 2067 3250 quia
2089 3180 2155 3236 de

574 3266 655 3318 his
670 3280 806 3334 quos
824 3267 1114 3322 morituros
1134 3267 1520 3335 prtenuntiasti,
1551 3268 1698 3322 solus
1719 3285 1857 3324 unus
1878 3270 2152 3325 remansit.

575 3355 640 3409 At
679 3357 812 3410 ille:
849 3356 1061 3410 Utinam
1103 3357 1240 3412 sicut
1267 3366 1321 3410 et
1361 3357 1450 3411 ille
1480 3372 1638 3426 quem
1676 3358 1854 3414 vivere
1884 3367 2038 3430 putas
2067 3358 2159 3414 de-

573 3446 783 3499 functus
823 3455 932 3511 est,
985 3446 1064 3501 sic
1097 3446 1212 3516 ipse
1256 3447 1348 3515 qui
1392 3447 1535 3500 hunc
1562 3447 1713 3516 sequi
1751 3449 2035 3518 przcdictus
2075 3459 2157 3505 est

577 3533 805 3588 exiliret.
839 3553 857 3586 ι
903 3533 1141 3603 Cumque
1179 3536 1466 3605 episcopus
1492 3535 1559 3591 de
1597 3552 1662 3590 eo
1694 3543 1804 3592 tota
1846 3538 2158 3596 curiositate

575 3621 905 3689 requireret.
949 3631 1005 3676 et
1043 3623 1338 3678 monachus
1371 3623 1553 3679 dicere
1583 3624 1898 3694 paipitaret,
1943 3627 2154 3684 tandem

570 3707 661 3760 ubi
694 3708 782 3762 die
811 3718 964 3763 sexto
988 3726 1045 3766 se
1075 3710 1390 3765 moriturum
1415 3712 1687 3780 cognovit,
1716 3713 1974 3783 expalluit
1997 3724 2159 3784 atque

570 3799 926 3863 contremuit;
960 3802 1354 3871 resumptisque
1376 3801 1594 3868 viribus,
1623 3812 1812 3858 contra
1833 3806 2156 3862 monachum

571 3884 841 3953 frent‘luit;
884 3903 1044 3956 quem
1085 3889 1259 3944 redire
1307 3891 1575 3946 volentem
1605 3893 1846 3948 retinuit.
1897 3893 2155 3950 Interiora

568 3978 796 4033 cubiculi
837 3995 1099 4051 pervagus
1145 3984 1479 4052 penetravit;
1530 3985 1788 4054 paulatim
1829 3987 1929 4042 sibi
1976 3987 2159 4044 fauces

569 4065 756 4122 dolere
791 4070 1076 4137 persensit.
1108 4070 1310 4126 Deinde
1338 4072 1438 4126 sibi
1465 4081 1609 4128 tacto
1635 4075 1812 4143 pulsu,
1846 4091 1971 4130 mox
1992 4075 2159 4133 febris

565 4154 716 4222 signa
739 4158 1023 4225 cognovit;
1049 4160 1319 4214 monacho
1340 4161 1600 4228 credidit;
1630 4162 1845 4217 domum
1869 4179 2021 4219 suam
2048 4165 2166 4222 dis-'

566 4245 779 4311 posuit;
821 4247 886 4299 ait
917 4250 1305 4303 monasterium
1337 4251 1424 4306 cui
1455 4260 1712 4320 prmerat,
1745 4254 1945 4309 eisdem
1978 4255 2157 4311 infulis

569 4333 846 4388 redimitus
866 4337 1059 4403 quibus
1081 4353 1110 4390 a
1133 4340 1461 4407 patriarchio
1484 4356 1733 4396 reversus
1765 4341 1953 4409 fuerat,
1988 4347 2152 4399 venit.

569 4417 812 4475 Secunda
838 4422 966 4477 feria
999 4427 1208 4480 cunctis
1233 4435 1341 4481 tam
1365 4429 1596 4483 subitam
1624 4434 2032 4487 conversionem
2055 4436 2154 4489 mi-

569 4510 826 4576 rantibus,
859 4514 1228 4568 monachicum
1249 4515 1488 4571 habitum
1514 4520 1748 4588 suscepit
1774 4537 1788 4586 ;
1820 4528 1874 4575 et
1896 4521 2152 4590 paulatim

568 4599 974 4667 ingravescente
1002 4603 1270 4672 molestia,
1295 4612 1462 4660 sexta:
1492 4607 1637 4661 ferite
1662 4607 1896 4664 diluculo
1922 4609 2151 4665 subdor-

568 4689 736 4744 mivit.
772 4690 848 4747 Ac
876 4691 1053 4747 denuo
1083 4693 1399 4763 suscitatus,
1427 4697 1742 4767 apparuisse
1771 4698 1871 4753 sibi
1912 4710 2151 4754 sanctum

567 4777 836 4832 Andream
865 4781 1198 4850 apostolum,
1228 4798 1392 4852 seque
1420 4785 1562 4840 circa
1593 4785 1780 4841 horam
1813 4789 2025 4842 tertiam
2058 4807 2152 4845 vo.

567 4866 796 4921 candum
825 4883 967 4934 esse,
992 4869 1208 4939 sibique
1237 4880 1560 4942 praeceptum
1590 4874 1860 4942 perhibuit
1883 4915 1896 4936 ,
1941 4886 1998 4930 ut
2026 4879 2150 4946 quia

567 4969 677 5009 sua:
709 4957 896 5012 mortis
924 4960 1332 5027 exspectatione
1375 4962 1618 5032 suspensi
1656 4964 1934 5030 monachi,
1985 4971 2152 5022 sancti

567 5041 792 5098 Fabiani
839 5047 1016 5100 munia
1048 5047 1204 5102 solita
1235 5050 1509 5106 celebrare
1552 5067 1659 5107 non
1699 5062 1980 5122 poterant,
2028 5067 2154 5111 mox

569 5145 766 5202 corpus
795 5151 948 5189 suum
979 5137 1269 5205 sepultum
1300 5139 1600 5206 traderent,
1643 5143 1984 5212 acceptisque
2027 5160 2056 5198 a
2098 5161 2156 5200 se

569 5223 740 5277 cereis
765 5239 828 5276 ac
852 5225 1287 5295 thymiamatibus
1309 5228 1375 5284 ad
1399 5229 1697 5297 peragenda
1719 5231 1979 5285 solemnia
2011 5231 2157 5287 festi-

569 5320 779 5366 narent.
822 5311 966 5368 ﬂora
1000 5314 1179 5382 itaque
1222 5316 1377 5370 tertia
1414 5317 1698 5387 episcopus
1725 5299 1878 5373 laetiis
1907 5318 2154 5388 defungi-

569 5405 685 5461 tur,
721 5409 777 5453 ut
809 5400 862 5454 in
893 5401 1009 5471 ipsa
1051 5403 1230 5458 vultus
1259 5403 1374 5472 ejus
1417 5405 1599 5460 laetitia
1620 5448 1634 5475 ,
1666 5408 1948 5462 conversio
1993 5409 2155 5478 ipsius

643 5565 666 5632 ξι
701 5555 854 5632 hist,
885 5557 1065 5632 diatim
1088 5600 1100 5613 .
1223 5571 1338 5632 post
1361 5579 1573 5632 quorum
1599 5564 1896 5617 discessum.

639 5622 666 5661 ³³
701 5622 862 5708 ρμίοη
894 5630 1088 5708 regiam
1113 5630 1195 5682 rid
1221 5622 1343 5708 licet
1366 5622 1520 5708 juxta
1541 5633 1836 5708 :brisilicam.

644 5704 664 5730 θ
700 5695 894 5763 Bignt.,
928 5695 1105 5752 Germ.
1136 5708 1189 5753 et
1217 5695 1380 5768 Iiegﬁ
1403 5703 1688 5757 habeberis.

2275 477 2441 520 retur.

2348 553 2437 609 92.
2468 555 2670 610 Eodem
2722 565 2964 624 tempore
3006 569 3294 624 germanus
3324 556 3565 625 ejusdem
3614 562 3864 618 monachi

2277 646 2472 699 mentis
2503 646 2763 699 insaniam
2793 661 2983 715 passus
3008 654 3110 710 est,
3145 647 3216 700 ita
3247 656 3305 700 ut
3334 649 3567 702 humana
3596 653 3866 708 consortia

2275 731 2505 802 fugiens,
2539 735 2710 788 multo
2739 741 2984 804 tempore
3013 749 3278 804 pervagus
3308 751 3402 805 per
3430 747 3651 808 cryptas
3679 740 3866 794 solita-

2274 821 2411 887 rias,
2463 829 2516 876 et
2562 838 2781 878 emnosa
2823 832 3171 880 monumenta
3213 825 3559 882 discurreret.
3591 827 3760 898 Cujus
3789 831 3869 883 in-

2275 910 2438 963 sania:
2481 910 2649 966 frater
2697 913 2919 967 nimium
2962 914 3278 979 condolens,
3325 917 3566 985 quotidie
3618 931 3866 975 sanctum

2276 997 2593 1067 Gregorium
2623 1002 2856 1070 profusis
2882 1003 3132 1072 lacrymis
3161 1005 3505 1073 precabatur,
3536 1016 3595 1063 ut
3622 1010 3724 1063 sibi
3757 1009 3866 1062 fra-

2278 1097 2337 1142 tr.
2362 1106 2411 1142 m
2440 1092 2698 1161 sospitem
2728 1093 2957 1150 reddere
2985 1094 3314 1162 dignaretur.
3340 1095 3528 1164 Itaque
3559 1101 3715 1170 182
3743 1115 3866 1154 eum

2277 1187 2438 1234 nocte
2491 1181 2719 1249 quadam
2777 1191 2901 1252 post
2950 1185 3254 1252 hujusmodi
3309 1183 3464 1240 fletus
3519 1187 3863 1255 quiesceret,

2274 1269 2461 1324 beatus
2488 1270 2781 1340 Gregorius
2809 1274 3060 1342 apparuit
3079 1274 3130 1328 ei
3149 1273 3333 1329 dicens
3363 1292 3375 1327 :
3414 1293 3432 1325 ι
3460 1274 3664 1330 Videns
3692 1277 3867 1348 laery-

2273 1371 2387 1410 mas
2419 1366 2566 1424 tuas,
2611 1361 2826 1430 suscepi
2855 1362 3155 1416 orationem
3186 1371 3367 1429 tuam;
3399 1371 3456 1417 et
3494 1380 3623 1419 ecce
3651 1379 3867 1433 germa-

2271 1461 2395 1500 num
2445 1457 2591 1501 tuum
2635 1448 2729 1503 tibi
2770 1449 2931 1504 hodie
2959 1466 3149 1505 sanum
3177 1451 3452 1507 reducam.
3503 1451 3569 1506 Et
3609 1455 3715 1509 hoc
3765 1455 3864 1510 tibi

2270 1533 2496 1601 signum,
2520 1536 2662 1603 quia,
2695 1538 2875 1591 statim
2905 1546 2962 1591 ut
2980 1538 3094 1593 dies
3116 1539 3369 1604 illuxerit,
3393 1541 3542 1606 jussu
3567 1543 3856 1611 pontificis,

2271 1622 2552 1692 presbyter
2579 1625 2667 1692 qui
2697 1625 2784 1685 hic
2812 1625 3050 1682 inclusus
3077 1636 3160 1683 est
3186 1630 3519 1684 extrahetur.
3554 1650 3573 1682 ι
3604 1632 3704 1698 Qui
3734 1649 3859 1686 sur-

2199 1747 2242 1804 Β
2269 1723 2399 1778 gens
2437 1714 2735 1768 matutinali
2785 1723 3028 1786 tempore
3069 1716 3324 1772 fratribus
3366 1719 3641 1774 indicavit.
3696 1720 3858 1777 Forte

2271 1807 2396 1854 tunc
2438 1801 2580 1854 idem
2612 1804 2891 1873 presbyter
2929 1804 3236 1875 Campanus
3274 1809 3340 1861 de
3367 1806 3532 1862 locod
3563 1809 3654 1878 qui
3694 1807 3855 1863 Clau-

2265 1897 2433 1944 strum
2482 1906 2592 1944 non
2637 1892 2797 1961 longe
2837 1909 2867 1946 a
2917 1893 3205 1950 Terracina
3237 1904 3492 1962 vocatur,
3536 1913 3566 1951 a
3614 1898 3728 1952 suis
3757 1914 3856 1967 pro

2263 1978 2498 2046 quodam
2522 1979 2750 2035 crimine
2779 1991 3084 2050 accusatus,
3114 1983 3166 2037 in
3197 1984 3385 2038 eodem
3415 1986 3747 2040 monasterio
3772 1993 3854 2040 te-

2265 2069 2526 2130 nebatur;
2565 2080 2622 2125 et
2657 2074 2985 2142 temporibus
3015 2074 3196 2128 multis
3227 2073 3524 2130 labentibus
3553 2091 3583 2131 a
3615 2076 3731 2130 suis
3760 2092 3855 2131 ac-

2263 2160 2601 2215 cusatoribus
2623 2203 2637 2226 ,
2666 2161 2776 2230 jam
2808 2172 3178 2233 contemptus,
3211 2180 3240 2218 a
3263 2166 3466 2220 cunctis
3495 2181 3714 2234 quoque
3740 2168 3855 2222 suis

2263 2245 2436 2300 fuerat
2471 2247 2524 2302 in
2555 2250 2882 2307 oblivionem
2911 2252 3201 2319 deductus,
3233 2269 3354 2307 cum
3388 2255 3592 2308 nullum
3624 2255 3852 2324 propin-

2262 2349 2458 2403 quum,
2501 2339 2704 2392 nullum
2747 2341 2801 2395 in
2832 2341 2976 2398 Urbe
3004 2343 3278 2411 cognitum
3309 2345 3509 2399 habere
3540 2346 3805 2414 potuisset
3829 2384 3846 2406 ,

2261 2439 2352 2506 qui
2381 2440 2449 2492 de
2479 2451 2546 2492 eo
2575 2435 2812 2505 pontifici
2842 2434 3228 2504 suggessisset;
3269 2444 3322 2488 et
3350 2436 3599 2489 monachi
3631 2437 3849 2504 quidem

2235 2585 2238 2588 _
2262 2542 2362 2595 pro
2393 2541 2458 2580 eo
2487 2532 2815 2594 satagerent,
2842 2523 2937 2577 sed
2964 2520 3276 2592 proficiendi
3307 2522 3511 2576 aditum
3540 2539 3648 2578 neu
3679 2524 3852 2580 habe-

2263 2626 2402 2675 rent.
2434 2616 2674 2688 pontifex
2703 2615 2959 2670 divinitus
2986 2613 3304 2669 recordatus
3327 2614 3588 2682 ejusdem,
3613 2614 3851 2669 diluculo

2262 2707 2403 2760 hunc
2431 2706 2496 2760 ab
2527 2704 2796 2774 ergastulo
2823 2703 2981 2772 jussit
3007 2703 3238 2768 extrahi,
3272 2702 3608 2773 liberumque
3630 2703 3847 2759 dimitti.

2262 2795 2370 2850 Nec
2394 2793 2562 2850 multo
2584 2802 2705 2864 post
2730 2793 2974 2848 monachi
3000 2792 3165 2847 frater
3191 2800 3262 2845 ita
3293 2807 3452 2846 sanus
3475 2807 3724 2848 reversus
3744 2805 3848 2856 est,

2263 2891 2318 2935 ut
2356 2883 2626 2936 videretur
2671 2883 2931 2936 hactenus
2961 2881 3012 2935 in
3041 2880 3278 2949 ejusdem
3313 2879 3483 2936 Patris
3512 2886 3846 2938 monasterio

2263 2979 2411 3025 tanto
2438 2971 2641 3025 fidelius
2670 2970 2996 3037 deservisse,
3027 2979 3226 3039 quanto
3258 2985 3316 3024 se
3345 2971 3484 3025 illius
3510 2973 3842 3028 adminiculo

2264 3062 2504 3115 meminit
2529 3061 2597 3116 ad
2624 3061 2901 3132 pristinam
2932 3062 3217 3115 sanitatem
3249 3076 3534 3116 remeasse.

2334 3151 2420 3203 93.
2455 3150 2780 3205 Reverendte
2800 3164 3014 3221 quoque
3037 3150 3312 3211 memoria:
3341 3150 3546 3205 Nieolai
3571 3155 3847 3222 pontificis

2263 3246 2526 3307 tempore,
2557 3239 2796 3307 regimen
2826 3237 3063 3307 ejusdem
3087 3239 3399 3293 monasterii
3425 3238 3688 3294 Zacharia
3716 3242 3849 3295 civi-

2263 3328 2387 3383 tatis
2410 3327 2704 3396 Anagninte
2726 3328 2970 3397 praesule,
2999 3328 3137 3383 sicut
3159 3327 3316 3382 hodie
3343 3337 3613 3397 superest,
3646 3345 3847 3398 procu-

2261 3426 2446 3484 rante,
2479 3417 2699 3472 fundum
2729 3416 3088 3472 Barbilianum
3108 3455 3122 3480 ,
3157 3416 3308 3486 cujus
3331 3419 3576 3487 superius
3607 3417 3846 3475 feceram

2261 3524 2325 3561 m.
2349 3509 2610 3572 ntionem,
2640 3523 2738 3577 pro
2762 3507 3056 3562 incolarum
3081 3506 3371 3562 sceleribus
3392 3508 3603 3562 dmmnn
3629 3522 3850 3579 aggres-

2260 3613 2352 3651 sus
2382 3605 2494 3662 est;
2523 3605 2578 3651 et
2601 3596 2652 3649 in
2676 3595 3023 3650 similitudine
3045 3596 3254 3650 taurelli
3277 3596 3343 3651 de
3365 3598 3530 3667 pratis
3556 3601 3849 3668 mugiendo

2261 3686 2326 3738 ad
2375 3685 2594 3740 domum
2647 3700 2964 3748 recurrens,
3016 3685 3350 3740 invisibiliter
3395 3690 3505 3742 su’s
3559 3692 3851 3745 corniculis

2262 3781 2432 3834 virum
2462 3781 2796 3834 sentiebatur
2823 3788 2984 3836 noctu
3013 3789 3316 3851 percutere,
3346 3781 3620 3850 bovesque
3650 3797 3680 3834 a
3711 3797 3850 3851 prte-

2259 3873 2422 3942 sepiis
2460 3872 2779 3937 extrahens,
2828 3887 2924 3940 per
2963 3871 3246 3940 contiguos
3275 3886 3494 3940 campos
3524 3879 3579 3925 et
3608 3872 3847 3940 compita

2260 3981 2417 4019 cursu
2442 3964 2781 4020 velocissimo
2813 3963 3053 4032 fatigare.
3083 3960 3323 4032 Cumque
3345 3963 3447 4017 hoc
3475 3961 3675 4017 diutius
3702 3960 3848 4016 facc-

2259 4063 2360 4117 ret,
2389 4055 2687 4124 crebroque
2715 4053 2931 4108 rusticis
2960 4053 3153 4108 noxius
3181 4052 3501 4118 immineret,
3535 4051 3848 4120 hujusmodi

2259 4145 2695 4215 percussionibus
2741 4144 3001 4198 Saxulum
3050 4142 3333 4211 quemdam
3380 4141 3618 4210 ejusdem
3664 4144 3847 4214 prtedii

2260 4235 2642 4290 conductorem
2672 4234 2959 4302 afiligendo
2989 4237 3320 4308 disperdidit.
3352 4236 3552 4292 Deinde
3581 4237 3847 4293 bubulco:

2261 4341 2567 4396 aggressus,
2619 4335 2764 4382 tanta
2815 4329 2961 4384 catde
3005 4329 3338 4400 perdomuit,
3389 4339 3447 4384 ut
3493 4331 3634 4384 intra
3683 4331 3845 4383 trium

2261 4419 2526 4472 mensium
2550 4419 2783 4487 spatium
2807 4420 3076 4473 nemiuem
3101 4421 3204 4474 illic
3227 4430 3422 4490 prazter
3441 4438 3601 4475 unum
3629 4431 3845 4475 tantum

2189 4496 2236 4554 Ι)
2266 4517 2288 4544 ε
2321 4506 2583 4562 Ursellum
2615 4508 2861 4575 nomine,
2910 4525 3066 4580 quem
3098 4511 3344 4565 similiter
3371 4510 3668 4578 affligebat,
3716 4513 3848 4566 reli-

2256 4600 2451 4668 querit.
2481 4600 2581 4666 Qui
2619 4601 2841 4655 Romam
2869 4603 3121 4667 veniens,
3157 4602 3281 4656 dum
3315 4613 3472 4657 tantae
3497 4603 3666 4658 cladis
3697 4606 3846 4674 peri-

2255 4690 2435 4744 culum
2461 4687 2710 4746 fratribus
2736 4691 3012 4758 indicaret,
3047 4693 3350 4762 interrupto
3379 4709 3627 4749 sermone
3654 4709 3844 4748 mona-

2258 4781 2407 4835 sterii
2437 4782 2606 4851 portis
2635 4795 2881 4850 egressus
2905 4791 3009 4847 est,
3042 4792 3096 4838 et
3117 4783 3620 4853 obstupescentibus
3649 4798 3848 4838 umna-

2257 4873 2372 4928 chis
2427 4873 2642 4927 nonnisi
2695 4889 2853 4928 mane
2906 4873 3049 4928 facto
3097 4889 3343 4929 reversus
3396 4885 3496 4930 est.
3553 4875 3597 4928 A
3648 4876 3849 4945 quibus

2262 4963 2474 5017 curiose
2505 4962 2796 5028 discussus,
2829 4978 3061 5032 quonam
3093 4980 3151 5019 sc
3181 4964 3384 5033 pridem
3411 4975 3516 5019 tam
3545 4964 3722 5019 subita
3754 4981 3848 5020 ve-

2260 5053 2478 5107 locitate
2506 5055 2840 5125 proriperet,
2889 5056 3167 5112 confessus
3197 5067 3310 5120 est,
3356 5058 3539 5112 dicens
3583 5075 3596 5111 :
3647 5076 3668 5108 ‹
3706 5057 3849 5114 Dum

2260 5143 2410 5197 vobis
2438 5144 2696 5199 insaniam
2722 5145 2976 5200 daemonis
3006 5147 3319 5211 revelarem,
3352 5149 3609 5203 taurellus
3650 5149 3850 5214 adfuit,

2259 5235 2726 5303 anterioribusque
2773 5235 2994 5304 pedibus
3042 5251 3126 5289 me
3165 5237 3565 5306 complectens,
3616 5253 3682 5291 ac
3733 5240 3852 5294 suis

2258 5323 2542 5377 corniculis
2585 5323 2844 5388 tundens,
2889 5333 3014 5376 ante
3061 5338 3118 5376 se
3155 5326 3315 5393 coepit
3347 5325 3580 5392 minare,
3631 5335 3686 5381 et
3731 5335 3851 5382 tota

2259 5420 2418 5468 nocte
2459 5428 2546 5467 me
2573 5413 2752 5468 subire
2791 5428 2976 5468 muros
3007 5415 3184 5481 coegit
3221 5423 3275 5468 et
3315 5415 3555 5470 arbores.
3601 5417 3851 5488 Cumque

2351 5571 2373 5608 δ
2389 5567 2548 5634 Utie.,
2575 5569 2644 5622 ad
2663 5580 2860 5625 austro.

2328 5638 2538 5711 {Regq
2571 5639 2777 5702 Cornu,
2827 5641 2964 5694 Utic.
2998 5650 3052 5696 et
3082 5641 3280 5711 Digot.,
3324 5657 3538 5697 caucam
3581 5647 3830 5703 anulum

2255 5707 2430 5775 Colb.,
2463 5724 2638 5763 cocum
2663 5711 2917 5764 ursulum.
