3992 6314
148 270 252 325 257

760 276 817 334 S.
857 274 1179 332 GREGORII
1224 272 1435 330 MAGNI
1480 272 1658 337 Vl'l‘A,
1701 268 1901 324 AUCT.
1943 268 2201 322 JUANNE
2244 268 2554 324 DIACONO.
2600 271 2721 325 LIB.
2761 271 2847 325 IV.

3312 272 3413 325 9.39

151 388 445 444 novissime
474 404 570 459 per
594 398 804 458 pontem
844 403 929 443 me
959 395 1249 443 conaretur
1274 387 1585 456 demergere
1608 427 1624 451 ,
1663 386 1729 439 de
1759 387 1803 442 Α
1832 389 2116 435 mentanea
2140 384 2402 435 sententia
2422 381 2767 448 liberaberis;
2796 379 2891 437 sed
2918 396 3096 451 neque
3124 395 3204 448 tu,
3237 398 3409 451 neque

153 480 526 548 complexibus
569 480 731 547 ipsius
769 478 958 537 exilui,
1010 493 1242 546 eumque
1285 485 1401 533 toto
1451 476 1736 531 conamine

155 570 380 636 fugiens,
406 570 471 625 ad
486 578 669 638 portas
690 584 822 638 quas
844 567 1157 639 Euthymius
1180 570 1512 637 hegumenus
1536 568 1739 621 fecerat

157 662 468 715 morastrrii
513 660 667 728 hujus
708 660 957 727 perveni;
1005 674 1139 727 quas
1180 660 1393 713 clausas
1436 659 1734 721 inveniens,

159 752 412 805 ambabus
454 751 697 807 manibus
738 750 929 803 ambos
957 748 1074 816 ejus
1103 749 1334 802 annulus
1364 746 1694 817 apprehendi
1722 764 1734 810 ;

153 853 204 898 et
225 844 352 897 dum
378 844 445 897 ab
467 844 545 897 eis
566 856 651 897 me
680 842 977 896 luctaretur
1000 840 1276 905 divellere,
1308 839 1524 908 quidam
1556 838 1737 892 calvus

152 934 393 1002 pontifex
446 933 664 1001 obliquo
719 932 887 985 latere
938 945 998 985 se
1053 931 1195 983 inter
1243 938 1520 998 portarum
1572 927 1735 982 rimas

152 1024 453 1087 excutiens,
487 1022 654 1077 ferula
680 1030 842 1091 caput
869 1020 1079 1074 taurelli
1109 1020 1388 1088 percussit,
1423 1030 1651 1083 eumque
1680 1016 1731 1068 in

148 1114 327 1182 fugam
351 1114 701 1182 compellens,
727 1127 815 1166 me
841 1114 906 1165 ab
937 1111 1076 1165 illius
1098 1120 1124 1147 ⁸
1152 1108 1581 1180 percussionibus
1604 1108 1733 1160 libe-

147 1206 311 1260 ravit.
343 1225 359 1256 ι
422 1205 737 1273 Ergodum
788 1203 976 1259 incola:
1026 1202 1390 1271 deperissent,
1447 1207 1501 1253 et
1556 1198 1733 1252 nullus

147 1294 350 1350 ibidem
380 1295 655 1349 habitator
679 1294 987 1357 accederet,
1018 1305 1083 1346 ac
1108 1306 1205 1359 per
1234 1291 1336 1344 hoc
1364 1290 1607 1347 monachi
1635 1302 1732 1357 pro

143 1387 487 1441 desolatione
514 1386 619 1439 loci
645 1392 968 1451 satagerent,
998 1382 1203 1435 cuidam
1234 1395 1419 1434 eorum
1445 1378 1733 1445 Gregorius

142 1479 201 1532 in
230 1480 442 1533 somnis
486 1478 642 1547 183
680 1490 943 1546 apparens
969 1473 1149 1539 jubet,
1190 1482 1248 1524 ut
1287 1472 1331 1524 si
1374 1470 1668 1523 daemonem
1699 1486 1729 1523 a

140 1568 474 1623 monasterii
514 1566 675 1619 fundo
709 1566 1002 1618 voluissent
1043 1560 1347 1627 depellere,
1397 1559 1464 1613 ab
1494 1558 1730 1612 oratorio

137 1667 353 1714 sanctae
400 1658 638 1710 Martium
683 1668 851 1721 usque
895 1652 961 1705 ad
1000 1650 1294 1704 oratorium
1320 1657 1522 1704 sanctae
1552 1649 1731 1703 Maria:

1838 474 2028 541 aliquis
2048 474 2135 527 hic
2153 483 2327 527 tecum
2350 474 2652 542 degentium
2676 488 2823 528 suam
2848 473 3076 541 patriam
3098 472 3410 526 revidebit.»

1838 564 1960 618 Mox
1987 564 2369 633 Theulgaudus
2396 564 2592 618 lectulo
2614 580 2671 617 se
2698 563 2977 632 proripuit,
3009 570 3065 617 et
3084 563 3258 631 primo
3280 562 3416 627 suis,

1836 655 2028 709 deinde
2054 665 2313 709 monastex
2330 656 2361 708 ii
2380 656 2674 718 monachis,
2699 662 2969 723 postremo
3011 654 3417 721 quibuscunque

1837 749 2011 816 potuit
2054 750 2320 801 somnium
2364 749 2640 801 revelavit.
2686 746 2752 798 Et
2782 746 2903 813 quia
2943 745 3082 799 aliud
3122 744 3414 812 hospitium

1835 839 1993 893 citius
2014 852 2042 889 a
2068 838 2323 905 pontifice
2351 838 2642 905 impetrare
2668 852 2775 890 non
2801 836 2992 903 potuit,
3023 834 3160 903 apud
3188 832 3417 887 Sabinos

1835 926 2161 989 consedens,
2203 928 2391 981 eodem
2422 942 2564 982 anno
2593 943 2713 981 cum
2754 927 2865 981 suis
2893 926 3141 981 omnibus
3171 924 3278 976 vita
3309 921 3417 990 pri-

1833 1024 1985 1071 vatus
2013 1025 2110 1070 PSL

1904 1104 1990 1159 95.
2022 1106 2221 1159 Eodem
2251 1123 2466 1176 qucque
2498 1115 2742 1175 tempore
2772 1107 2977 1177 Suppa,
3009 1106 3189 1160 Piceni
3216 1118 3417 1167 comes,

1834 1202 1903 1255 ibi
1934 1203 2208 1270 applicuit,
2241 1204 2330 1270 qui
2363 1206 2640 1258 monachis
2667 1205 2885 1273 quidem
2918 1205 3199 1271 plurimam
3232 1201 3257 1238 δ
3288 1201 3419 1268 dap-

1831 1294 2080 1348 silitatem
2111 1294 2363 1358 ostendit,
2397 1295 2527 1347 etin
2557 1296 2718 1347 rebus
2750 1303 2856 1345 tam
2887 1292 3207 1345 venerabilis
3232 1304 3420 1341 mona-

1832 1385 1981 1438 sterii
2025 1385 2426 1452 usurpationem
2469 1399 2690 1438 suorum
2722 1382 3013 1451 prohibuit.
3066 1379 3233 1448 Hujus
3262 1377 3418 1429 fami-

1833 1476 1978 1529 liaris
2000 1477 2211 1543 quidam
2232 1519 2245 1540 ,
2289 1478 2505 1530 nomine
2536 1476 2824 1539 Faraldus,
2856 1477 3120 1538 existens,
3155 1470 3419 1537 siquando

1833 1564 2016 1633 Suppo
2060 1564 2124 1618 ad
2165 1566 2420 1633 palatium
2468 1566 2850 1632 processisset,
2900 1562 3213 1617 fornicarias
3260 1560 3419 1623 illuc,

1835 1654 2224 1708 detestantibus
2278 1654 2591 1721 monachis,
2644 1669 2750 1708 non
2796 1654 3084 1708 verebatur
3132 1649 3420 1714 inducere,

138 1750 348 1804 ibidem
392 1750 444 1800 in
481 1748 695 1800 domum
745 1741 1073 1795 Dominicam
1114 1739 1497 1806 constitutum,
1548 1740 1739 1797 fratres
1775 1754 1810 1808 Β
1843 1754 2004 1812 atque
2048 1760 2170 1799 cum
2210 1746 2288 1801 eis
2328 1746 2747 1800 comessationes
2778 1753 2833 1800 et.
2872 1744 3186 1799 saltationes
3215 1741 3423 1796 illicitas

137 1855 269 1895 cum
299 1837 499 1890 litaniis
528 1847 718 1901 aquam
741 1836 1053 1900 spargentes
1081 1830 1445 1883 exorcizatam
1476 1830 1735 1899 procede-

140 1939 288 1983 rent.
322 1926 439 1992 Qno
470 1922 610 1977 facto
642 1923 713 1973 ita
742 1920 952 1973 daimon
994 1919 1060 1972 ab
1084 1920 1230 1972 omni
1271 1921 1580 1975 monasterii
1610 1938 1736 1990 pos-

138 2018 388 2072 sessione
416 2014 660 2083 repulsus
701 2021 814 2075 est,
858 2020 915 2065 ut
944 2020 1129 2079 postea
1159 2026 1255 2079 per
1292 2012 1508 2065 conlinii
1540 2013 1737 2067 limites

138 2125 267 2173 ore,
302 2106 515 2160 naribus
538 2114 701 2171 atque
730 2103 899 2156 oculis
926 2101 1167 2154 ﬂammas
1193 2101 1409 2169 ejicere,
1436 2117 1737 2170 porcosque

140 2213 344 2267 cogere
386 2213 415 2251 a
455 2196 672 2250 subulco
708 2202 922 2247 notatus
950 2192 1047 2256 sit,
1081 2191 1175 2246 sed
1206 2193 1343 2246 intra
1384 2192 1514 2247 fines
1542 2209 1735 2247 mona-

138 2289 298 2343 sterii
326 2302 594 2356 nunquam
624 2287 824 2338 intrare
850 2285 1161 2353 permissus.

221 2380 310 2433 94.
365 2379 483 2432 Alio
513 2390 727 2446 quoque
776 2382 1018 2442 tempore
1046 2372 1427 2441 Theutgaudus
1468 2377 1735 2445 quondam

141 2470 486 2526 Trevirensis
513 2468 817 2537 episcopus,
844 2465 937 2533 qui
965 2480 1086 2518 cum
1117 2464 1399 2531 Guntario,
1432 2468 1736 2537 Agrippina:

140 2562 392 2616 Colonia:
438 2560 723 2629 episcopo,
772 2571 801 2610 a
846 2554 1155 2610 reverenda:
1203 2557 1474 2610 memoria:
1516 2557 1737 2613 Nicolao

141 2654 321 2706 fuerat
363 2648 684 2705 sacerdotali
734 2647 973 2715 privatus
1019 2643 1227 2709 officio,
1279 2646 1602 2701 liberalitate
1632 2646 1739 2700 lla-

141 2742 320 2796 driani
372 2737 639 2809 pontificis
684 2738 737 2790 in
783 2734 977 2789 eodem
1026 2735 1358 2789 monasterio
1402 2736 1735 2789 mansionem

143 2835 408 2901 suscepit.
441 2829 539 2885 Cui
584 2830 773 2883 beatus
797 2827 1091 2894 Gregorius
1119 2827 1171 2880 in
1207 2828 1411 2881 somnis
1441 2842 1735 2896 apparens,

147 2926 449 2981 niaximum
481 2933 741 2977 terrorem
766 2935 871 2988 quo
911 2918 978 2973 de
1016 2934 1114 2973 suo
1143 2920 1469 2973 monasterio
1500 2919 1740 2973 concitus

145 3017 507 3088 egrederetur
554 3012 794 3069 incussit.
842 3010 935 3064 ll'e
981 3010 1321 3079 perpendens
1358 3011 1530 3065 visum
1579 3012 1739 3064 fuis.-e

148 3106 556 3179 pha‘ntaslicum
579 3147 593 3169 ,
622 3105 869 3159 oratione
896 3102 1035 3157 facta
1077 3118 1265 3157 rursus
1292 3102 1527 3156 dormire
1554 3104 1733 3170 cmpit.
1770 3119 1815 3179 ρ

148 3201 245 3255 Cui
279 3198 575 3265 Gregorius
604 3194 897 3264 pontificali
922 3193 1103 3247 habitu
1134 3193 1411 3246 redimitus
1431 3208 1696 3263 apparens
1726 3212 1736 3245 :

154 3314 174 3346 ι
203 3292 423 3352 Nonne,
450 3289 644 3358 inquit,
668 3287 773 3341 dixi
800 3286 916 3350 tibi,
944 3293 1049 3338 uta
1075 3285 1402 3338 monasterio
1432 3300 1575 3347 meo,
1600 3284 1743 3352 quod

150 3385 200 3437 in
248 3382 415 3436 rebus
462 3395 615 3448 prepa
635 3378 698 3431 iis
739 3391 833 3445 per
878 3374 1271 3429 invocationem
1320 3375 1489 3428 sancti
1518 3373 1745 3427 Andreae

150 3472 389 3545 apostoli
419 3470 650 3524 Domino
679 3466 922 3521 dedicavi
943 3507 957 3527 ,
992 3464 1272 3519 recederes
1294 3504 1309 3527 ,
1350 3463 1474 3532 quia
1501 3463 1743 3517 diverso-

152 3565 297 3621 rium
346 3561 461 3616 ﬁeri
508 3560 654 3612 nullo
696 3556 855 3611 modo
902 3555 1176 3609 licuisset?
1208 3573 1225 3605 ι
1270 3552 1510 3621 Cumque
1540 3552 1745 3607 Theut-

154 3654 365 3725 gaudus
392 3648 696 3721 bospitandi
726 3647 827 3702 sibi
856 3647 1121 3701 licentiam
1146 3646 1443 3714 suscepisse
1465 3659 1523 3699 se
1553 3661 1582 3698 a
1608 3661 1745 3714 pon-

156 3750 307 3802 tifice
335 3743 738 3813 respondisset,
768 3738 1060 3808 Gregorius
1087 3738 1161 3791 ait
1186 3756 1197 3789 :
1233 3736 1299 3790 Et
1327 3746 1381 3789 tu
1407 3737 1497 3805 qui
1527 3737 1704 3806 petisti
1732 3778 1745 3801 ,

157 3848 213 3895 et
244 3838 338 3892 ille
364 3836 454 3905 qui
486 3833 649 3898 dedit,
683 3832 895 3901 utrique
925 3840 1113 3886 contra
1142 3830 1308 3884 Deum
1340 3829 1565 3891 feci~tis,
1599 3828 1752 3897 cujus

160 3926 459 3982 vindictam
503 3924 662 3979 citius
711 3922 1009 3976 incnrretis.
1059 3919 1327 3987 Evigilans
1375 3919 1752 3986 Theutgaudus

160 4016 466 4081 intremuit,
501 4023 556 4068 et
577 4011 713 4068 facta
744 4012 989 4067 oratione
1013 4012 1193 4080 sopori
1224 4026 1282 4065 se
1310 4011 1533 4065 reddere
1561 4011 1751 4079 voluit,

161 4126 286 4165 cum
314 4113 543 4176 repente
563 4103 891 4159 venientium
914 4103 1148 4157 sonitum
1169 4102 1390 4155 audiens
1405 4102 1754 4156 vehementer

162 4201 415 4271 expavit,
468 4211 635 4265 seque
681 4195 916 4250 dormire
962 4194 1252 4248 simulavit.
1306 4196 1754 4263 Appropinquans

162 4307 300 4359 ergo
354 4289 648 4356 Gregorius
695 4296 940 4341 sanctum
989 4285 1258 4339 Andream
1311 4286 1610 4353 apostolum
1661 4300 1757 4355 per

164 4385 449 4436 dexteram
476 4387 685 4441 tenens,
715 4377 967 4447 prmcepit
987 4376 1318 4430 subdiacouo
1341 4375 1431 4440 qui
1452 4390 1511 4429 se
1533 4377 1765 4445 prmibar

1839 1834 2132 1889 celebrare.
2164 1834 2416 1904 Idemque
2440 1836 2610 1890 noctis
2634 1836 2894 1905 principio
2917 1820 3187 1889 secessum
3214 1840 3422 1902 petens,

1839 1939 1869 1977 a
1898 1924 2173 1993 spiritibus
2204 1926 2491 1979 immundis
2529 1928 2579 1979 in
2618 1941 2743 1980 aere
2784 1941 2881 1995 per
2908 1925 3130 1995 capillos
3159 1936 3426 1991 appensus

1840 2021 1955 2077 est;
1984 2028 2221 2082 cumque
2258 2015 2415 2085 184
2440 2024 2551 2069 tota
2582 2024 2739 2070 nocte
2762 2015 3001 2085 pendens
3020 2014 3165 2068 vocis
3190 2012 3425 2067 oﬂicium

1841 2121 1946 2158 non
1984 2106 2236 2174 haberet,
2280 2108 2684 2162 matutinalibus
2724 2108 2872 2162 horis
2917 2108 3106 2161 beatus
3135 2105 3425 2172 Gregorius

1838 2197 1885 2250 ei
1915 2197 2203 2251 videndum
2234 2215 2292 2254 se
2321 2201 2565 2269 prasbuit,
2599 2201 2783 2254 dicens
2818 2218 2830 2252 :
2872 2220 2888 2250 ι
2928 2199 3143 2253 inimice
3170 2198 3284 2260 Dei,
3317 2214 3424 2252 non

1837 2286 2110 2341 Sufficiunt
2139 2289 2231 2342 tibi
2264 2289 2365 2342 alia
2391 2290 2529 2343 mala
2560 2305 2678 2358 qua:
2704 2290 2757 2343 in
2792 2304 2914 2343 meo
2943 2287 3273 2342 monasterio
3303 2301 3426 2354 per-

1838 2378 2096 2433 vicaciter
2125 2380 2396 2448 operaris,
2445 2380 2665 2449 insuper
2692 2380 2933 2436 scenicas
2972 2377 3343 2433 meretriculas
3371 2375 3425 2428 in

1838 2467 2076 2520 claustro
2122 2469 2442 2524 monachico
2488 2478 2744 2538 tanquam
2792 2469 2844 2523 in
2892 2470 3100 2523 theatro
3142 2466 3423 2522 conducis.

1839 2559 2010 2614 Crede
2049 2560 2197 2625 mihi,
2250 2562 2353 2615 hoc
2397 2576 2539 2616 anno
2581 2562 2802 2630 peribis.
2838 2580 2857 2612 ι
2903 2560 3053 2615 Tunc
3092 2560 3178 2613 ille
3220 2558 3426 2624 magnis

1840 2652 2005 2719 erepit
2032 2652 2238 2707 viribus
2274 2652 2647 2721 paenitentiam
2677 2652 3012 2722 supplicare,
3043 2658 3098 2705 et
3136 2650 3202 2703 de
3231 2658 3428 2703 caetero

1842 2744 2056 2812 plenam
2082 2746 2477 2799 correctionem
2501 2746 2838 2814 promittere.
2856 2743 3125 2798 Continuo
3139 2741 3428 2810 Gregorius

1838 2832 1999 2901 jussit
2036 2848 2157 2887 eum
2203 2834 2434 2899 dimitti;
2486 2835 2577 2902 qui
2618 2834 2685 2887 ad
2729 2842 2930 2887 terram
2973 2832 3254 2897 decidens,
3305 2832 3429 2900 quia

1843 2923 2038 2989 corrigi
2086 2922 2285 2986 noluit,
2336 2924 2526 2978 eodem
2578 2939 2718 2977 anno
2757 2938 2940 2977 veram
2984 2922 3146 2978 fuisse
3188 2921 3431 2992 Gregorii

1842 3012 2165 3066 sententiam
2191 3013 2469 3066 moriendo
2496 3013 2760 3082 probavit.

1917 3102 2005 3156 96.
2039 3102 2292 3171 Ejusdem
2324 3105 2537 3159 comitis
2585 3105 2747 3159 homo
2787 3105 2883 3158 sub
2927 3105 3033 3159 alio
3071 3112 3308 3172 tempore
3348 3101 3431 3154 ln-

1845 3192 2027 3246 dulfus
2056 3201 2279 3248 vocatus
2309 3202 2411 3248 est.
2445 3193 2542 3247 Cui
2572 3194 2695 3247 dmn
2729 3209 2892 3250 cocus
2933 3209 3031 3263 pro
3061 3192 3433 3264 comparandis

1845 3283 2003 3352 lignis
2030 3283 2282 3338 denarios
2306 3294 2532 3354 peteret,
2565 3285 2712 3338 milio
2734 3285 2896 3339 modo
2918 3284 3093 3354 potuit
3115 3284 3432 3353 impetrare;

1846 3375 1943 3429 sed
1974 3375 2179 3429 nefario
2203 3375 2325 3445 jure
2359 3378 2596 3446 percepit
2622 3376 2927 3441 licentiam,
2967 3387 2988 3413 ε
3020 3385 3075 3430 ut
3104 3376 3349 3443 attegias,
3380 3382 3435 3428 et

1848 3465 2131 3529 fenestras,
2165 3473 2219 3519 et
2243 3466 2403 3520 vicini
2432 3467 2732 3520 dormitorii
2760 3467 2970 3521 tabulas
2999 3480 3280 3534 aggressus
3308 3465 3436 3519 diri-

1849 3569 2001 3630 peret
2021 3602 2034 3626 ,
2077 3577 2369 3631 earumque
2399 3563 2609 3629 ignibus
2636 3564 2733 3617 sibi
2776 3563 3056 3631 prandium
3086 3570 3431 3632 prmpararet.

1851 3656 1983 3709 Cum
2015 3656 2261 3722 sequenti
2291 3664 2450 3708 nocte
2482 3655 2620 3708 idem
2651 3654 2887 3708 lndnlfus
2916 3654 2985 3706 ad
3015 3669 3285 3707 secessum
3312 3668 3437 3721 per-

1851 3759 2011 3814 gens,
2053 3761 2149 3800 cur
2176 3744 2488 3798 monasterii
2519 3745 2728 3797 tabulas
2758 3752 2864 3797 tam
2892 3743 3196 3812 petulanter
3227 3741 3438 3796 incendi

1854 3840 2229 3909 praecepisset,
2271 3854 2299 3891 a
2345 3837 2579 3905 quodam
2623 3852 2752 3890 sene
2791 3837 3061 3890 discussus
3099 3846 3199 3888 est.
3240 3834 3307 3886 At
3352 3834 3441 3888 ille

1855 3945 2005 3983 more
2032 3928 2234 3982 Gallico
2264 3935 2510 3982 sanctum
2539 3941 2722 3980 senem
2754 3925 3080 3993 increpitans
3102 3922 3128 3961 ἀ
3150 3923 3350 3988 follem,
3375 3925 3443 3976 ab

1804 4071 1809 4077 .
1856 4039 1923 4077 eo
1952 4022 2167 4090 quidem
2193 4020 2339 4087 virga
2372 4018 2865 4087 leniter-percussus
2887 4023 2999 4081 est;
3033 4016 3126 4070 sed
3152 4017 3232 4069 vir
3254 4030 3443 4083 super-

1859 4115 1956 4167 bus
1988 4119 2138 4164 tanto
2166 4110 2406 4178 pondere
2436 4108 2617 4176 lapsus
2646 4116 2746 4172 est,
2781 4118 2838 4162 ut
2864 4109 3152 4162 semivivus
3182 4109 3326 4161 humi
3354 4107 3445 4159 de-

1859 4203 2155 4256 cumberet.
2186 4201 2387 4255 Eodem
2411 4207 2686 4252 momento
2706 4200 2804 4253 sub
2828 4198 3012 4253 eadem
3036 4198 3215 4267 specie
3232 4198 3443 4250 cuidam

1860 4293 2059 4348 clerico
2090 4290 2219 4345 foris
2238 4292 2529 4346 dormienti
2563 4290 2699 4345 idem
2728 4306 2889 4344 senex
2922 4290 3187 4358 apparuit,
3222 4289 3441 4343 dicens:

1869 4402 1885 4433 ι
1918 4382 2120 4450 Surge,
2153 4390 2207 4435 et
2234 4381 2316 4435 dic
2337 4381 2520 4435 comiti
2545 4389 2600 4433 ut
2625 4381 2690 4434 ab
2724 4382 2825 4435 hoc
2854 4394 2973 4434 meo
3002 4380 3328 4433 monasterio
3350 4422 3362 4444 ,
3398 4380 3448 4433 in

165 4488 295 4526 cum
323 4470 556 4531 lumine,
588 4467 771 4521 dicens
798 4484 810 4518 :
848 4486 865 4516 ι
903 4465 1126 4535 Corripe
1154 4465 1323 4518 illum.
1354 4465 1456 4531 Qui
1483 4466 1607 4520 dum
1636 4482 1746 4520 cor-

1866 4492 1971 4545 quo
2016 4476 2371 4530 diversorium
2406 4475 2517 4528 fieri
2563 4475 2783 4529 omnino
2821 4492 2927 4529 non
2960 4475 3110 4539 licet,
3160 4482 3446 4542 antequam

166 4570 358 4630 reptus
389 4560 442 4613 in
471 4558 672 4613 lectulo
702 4556 896 4611 clausis
924 4556 1091 4610 oculis
1118 4557 1435 4621 resedisset,
1466 4556 1760 4626 Gregorius

168 4653 251 4705 ait
278 4670 291 4703 :
324 4650 521 4719 Aspice
551 4649 603 4701 in
635 4663 754 4702 nos.
796 4646 1022 4700 lntuitus
1050 4662 1143 4701 eos
1180 4646 1562 4715 Theutgaudus
1592 4649 1762 4717 magis

169 4744 225 4797 in
236 4742 473 4805 tremuit,
504 4754 735 4807 eumque
755 4738 855 4793 sibi
882 4740 1060 4793 taliter
1080 4740 1496 4794 comminantem
1522 4740 1759 4794 audivit:

170 4835 312 4901 Quia
342 4832 584 4887 secundo
626 4830 984 4884 commonitus
1005 4872 1019 4896 ,
1060 4831 1237 4885 verbis
1267 4831 1375 4885 oris
1415 4832 1517 4885 mei
1546 4832 1766 4887 credere

169 4928 395 4984 noluisti
418 4965 433 4990 ,
486 4932 541 4979 et
576 4940 660 4978 me
691 4933 778 4977 tua
812 4923 1174 4977 inobedientia
1206 4924 1341 4977 adeo
1370 4926 1676 4993 provocasti
1707 4933 1764 4980 ut

170 5035 323 5074 nunc
356 5018 665 5088 apostolum
709 5017 801 5069 Dei
849 5017 952 5071 huc
999 5016 1221 5085 fatigare
1261 5018 1582 5082 studuerim,
1628 5020 1765 5073 scito

172 5125 517 5179 cognoscens
545 5108 669 5179 quia
698 5108 800 5160 nisi
844 5108 1002 5162 hodie
1041 5109 1107 5161 ab
1137 5108 1241 5163 hoc
1281 5110 1607 5164 monasterio
1646 5125 1768 5165 meo

172 5201 496 5267 recesseris,
528 5199 705 5253 futura
734 5198 1069 5253 hebdomada
1100 5213 1219 5253 cum
1250 5199 1352 5253 tuis
1384 5199 1629 5256 omnibus
1658 5201 1769 5256 vita

174 5294 504 5365 privaberis.
534 5290 612 5362 ξεί
639 5305 769 5346 vero
794 5291 1113 5355 recesseris,
1161 5292 1228 5347 ab
1266 5292 1367 5346 hac
1404 5291 1620 5362 quidem
1650 5308 1770 5348 mo-

256 5444 285 5470 ⁸
317 5433 502 5495 Iidem,
531 5439 758 5502 excepto
783 5432 939 5499 Reg,
964 5431 1418 5502 persecutionibus.

258 5503 658 5574 biDapst'lt'tas,
713 5502 1191 5574 dapsilisauvoccs
1239 5512 1372 5574 sunt
1426 5503 1778 5574 scriptoribus

178 5573 381 5628 mediae
409 5571 643 5626 maxime
670 5574 841 5625 :etatis
867 5572 1157 5641 familiares
1185 5591 1196 5624 :
1229 5571 1518 5641 Dapsilitos
1538 5571 1779 5628 liberali-

183 5652 380 5766 tatrérp,
413 5642 631 5710 dapsilis
658 5642 862 5710 largum
892 5640 1174 5708 significat.
1209 5644 1281 5698 [τε
1308 5640 1389 5699 his
1411 5646 1524 5699 fuse
1547 5645 1779 5712 ()angius

183 5730 243 5766 in
343 5728 512 5766 ossar.

183 5730 243 5767 In
275 5728 512 5767 utossar.

1865 4582 1951 4620 me
1974 4566 2039 4619 ad
2064 4566 2392 4619 iracundiam
2418 4571 2694 4634 provocet,
2722 4564 2899 4617 salvus
2922 4563 3154 4616 recedat.
3185 4561 3324 4615 Ecce
3350 4576 3451 4627 ego

1866 4655 2109 4709 familiari
2141 4655 2256 4723 ejus
2284 4655 2414 4708 mihi
2444 4654 2715 4718 obnoxio,
2758 4669 2917 4721 quem
2948 4651 3197 4705 videlicet
3226 4664 3451 4718 permis-

1866 4761 1983 4800 sum
2014 4752 2141 4799 anto
2170 4760 2435 4799 Secessum
2465 4744 2677 4807 dimisi,
2723 4728 3014 4811 congruam
3060 4739 3321 4793 medelam
3354 4737 3455 4790 dif-

1868 4837 2107 4890 fundam.
2132 4854 2149 4886 ι
2186 4834 2353 4901 Quem
2377 4836 2495 4904 quis
2525 4842 2667 4888 esset
2694 4834 2921 4887 clericus
2948 4832 3250 4898 requirens,
3280 4828 3453 4897 ipsum

1872 4949 1931 4987 se
1972 4947 2092 4987 esse
2140 4932 2433 5000 perhibuit,
2479 4931 2567 4998 qui
2608 4945 2674 4983 ex
2718 4929 2924 4999 pictura
2957 4941 3075 4995 quae
3106 4924 3219 4991 ejus
3258 4921 3456 4976 lectulo

1873 5021 2223 5092 praeminebat
2249 5020 2467 5089 agnosci
2496 5019 2652 5073 facile
2687 5018 2969 5087 potuisset.
3001 5014 3193 5068 Statim
3230 5010 3459 5065 clericus

1874 5123 2098 5177 surgens
2135 5110 2311 5162 lumen
2342 5108 2604 5176 arripuit,
2656 5112 2710 5160 et
2750 5121 2814 5160 ex
2847 5105 3067 5173 picturae
3108 5099 3459 5154 similitudine

1876 5209 2118 5254 sanctum
2144 5198 2411 5253 Andream
2448 5197 2749 5266 apostolum
2778 5195 2878 5249 sibi
2914 5192 3223 5262 apparuisse
3253 5202 3457 5257 cogno-

1877 5290 1973 5343 vit.
2018 5289 2203 5359 Itaque
2231 5290 2297 5344 ad
2330 5289 2593 5343 ludulfum
2634 5287 2903 5356 jaccntem
2932 5283 3198 5356 perrexit,
3241 5290 3294 5336 et
3335 5294 3460 5333 eum

1958 5428 2139 5483 cSari.
2169 5428 2375 5509 Germ?
2408 5428 2563 5498 Reg,
2589 5429 2768 5509 Golb.,
2799 5427 2936 5509 Utic.
2966 5436 3015 5481 et
3042 5422 3462 5509 Bigmu‘t‘regiqs

1886 5503 2157 5572 fenestras.
2192 5499 2415 5572 Attegite
2440 5492 2558 5572 sunt
2582 5499 2820 5572 mdfeula:
2841 5492 3133 5572 etcasulm.
3165 5493 3291 5545 Vide
3323 5492 3461 5571 Can-

1886 5563 2050 5639 gium.
2085 5563 2353 5622 Juvenalis
2386 5569 2499 5623 Sat.
2534 5570 2600 5621 Μ
2644 5587 2655 5620 :
2698 5568 2857 5639 Dirue
2887 5566 3189 5639 Maurorum
3217 5563 3458 5639 attegias.

1959 5639 1983 5676 ά
2019 5640 2131 5692 Vox
2162 5639 2358 5691 Gallica
2396 5640 2468 5708 fol
2500 5642 2579 5694 vel
2613 5638 2729 5709 μα’,
2770 5638 2921 5707 cujus
2949 5635 3237 5704 antiquitas
3263 5631 3338 5687 exi
3359 5631 3463 5684 hoc

1890 5709 2009 5764 loco
2038 5710 2297 5764 demonst'
2314 5719 2452 5763 atur.
