3992 6328
566 251 663 302 Υῦθ

1171 250 1226 308 S.
1268 246 1593 305 GREGORII
1633 247 1844 304 MAGNI
1886 246 2065 313 Vl'l‘A,
2106 244 2307 300 AUCT.
2349 243 2609 301 JOANNE
2652 241 2960 298 DIACONO.
3002 240 3133 297 LIB.
3167 240 3254 297 IV.

3748 239 3852 300 240

573 365 888 419 semivivum
916 363 1025 433 jam
1050 363 1268 433 reperit.
1302 363 1472 430 Quem
1507 363 1715 430 magnis
1741 360 2027 429 ejulatibus
2054 360 2166 415 cla-
2196 365 2244 422 Α
2269 362 2360 428 qui
2386 360 2694 415 monasterii
2721 360 2803 413 sui
2824 361 3056 413 claustra
3084 358 3244 413 solito
3268 374 3421 415 more
3440 357 3794 428 perlustrans,
3819 372 3853 412 a

571 471 724 510 mare
755 455 1020 524 incipiens
1040 495 1056 523 ,
1086 462 1194 508 tam
1222 454 1474 509 comitem
1504 467 1661 519 quam
1692 458 1917 506 cunctos
1948 451 2041 519 qui
2066 449 2166 505 sub

571 544 783 599 eisdem
817 545 1066 601 domibus
1096 545 1434 598 dormiebant
1469 541 1757 597 miserabili
1785 540 2168 599 vociferatione

580 638 764 693 venire
787 640 987 706 coegit,
1011 646 1063 691 et
1086 638 1136 690 in
1163 636 1348 691 faciem
1368 636 1595 705 jacentis
1620 651 1812 703 aquam
1834 635 2165 698 suffundens,

580 744 675 799 per
701 729 1093 783 invocationem
1120 726 1294 780 sancti
1325 727 1552 782 Andrea:
1575 728 1804 796 apostoli
1831 727 2042 781 tandem
2070 727 2164 780 ali-

580 820 792 889 quando
830 818 976 886 loqui
1016 817 1181 883 lecit;
1231 826 1395 885 atque
1432 828 1624 873 cuncta
1652 832 1770 886 quae
1798 818 1898 871 sibi
1929 817 2167 871 revelata

581 905 791 961 fuerant
833 922 955 959 cum
998 920 1064 960 eo
1107 906 1311 975 pariter
1337 903 1535 959 Comiti
1578 905 1854 961 revelavit.
1901 903 2037 971 Qui,
2080 905 2168 960 die

580 996 751 1060 facto,
779 996 1076 1051 monachos
1106 996 1381 1061 evocavit,
1413 996 1539 1064 quid
1564 1003 1755 1051 contra
1784 1006 2027 1049 sanctum
2060 994 2169 1048 An-

580 1090 761 1143 dream
783 1087 1114 1142 commiserit
1134 1086 1568 1155 querelabundus
1588 1086 1859 1156 inquirere
1887 1087 2068 1155 etrapit.
2101 1087 2169 1139 At

583 1178 656 1232 illi
684 1178 920 1233 deletum
950 1177 1323 1232 dormitorium
1349 1192 1603 1232 cocorum
1633 1177 1881 1231 manibus
1918 1192 1978 1230 os
2005 1175 2170 1231 ende-

583 1268 981 1338 runt.Cumque
1004 1269 1114 1323 Deo
1141 1269 1368 1323 devotus
1396 1282 1580 1322 comes
1606 1282 1701 1322 eos
1724 1267 1884 1321 vellet
1903 1266 2167 1336 supplicio

584 1360 908 1429 subjugare,
957 1357 1185 1414 confessi
1228 1367 1352 1414 sunt
1386 1374 1445 1412 se
1488 1355 1617 1411 illud
1657 1357 1940 1412 aedilicium
1978 1356 2167 1411 lndulli

582 1450 910 1519 jussionibus
958 1448 1240 1502 delevisse.
1297 1445 1402 1500 Pro
1450 1446 1603 1514 cujus
1653 1446 1995 1515 reparatione
2040 1446 2165 1500 dum

585 1555 767 1595 comes
788 1538 1065 1603 monachis
1080 1547 1356 1605 argentum
1366 1537 1625 1591 voluisset
1646 1527 1902 1602 tribuere,
1924 1536 2163 1607 Sergius,

582 1632 837 1699 magister
857 1628 1105 1695 militum,
1129 1626 1352 1691 restitit,
1386 1625 1705 1697 promittens
1731 1625 1862 1679 illud
1883 1641 1943 1683 se
1970 1642 2069 1696 pro
2098 1642 2164 1683 eo

2273 457 2330 503 te
2358 464 2515 504 suum
2553 448 2756 503 fontem
2809 449 3009 517 repe-it
3052 450 3388 519 diasipatum,
3432 457 3485 503 et
3512 462 3611 503 uos
3638 462 3709 503 ex
3744 447 3854 518 ejus

2269 538 2589 607 tegminibus
2618 550 2723 595 tua:
2762 540 3119 594 meretricu'te
3154 541 3369 594 turnum
3397 554 3461 594 ac
3488 539 3853 594 necessarium

2272 630 2499 686 vidimus
2521 640 2855 701 coopertum.
2889 630 3045 696 Quod
3075 632 3358 702 presbyter
3386 640 3445 686 ut
3472 630 3699 696 audiat,
3734 645 3845 684 eru-

2268 721 2494 776 bescens
2537 721 2834 787 intremuit,
2864 735 3160 789 eorumque
3190 720 3444 775 violentia
3468 734 3531 775 se
3560 730 3583 758 ι
3626 719 3680 773 in
3711 726 3857 773 certe

2269 826 2427 865 mona
2441 843 2447 846 ν
2460 811 2582 867 terii
2598 810 2771 867 teneri
2791 811 3144 879 consipiciens,
3162 810 3450 880 quemdam
3467 809 3858 865 subdiaconum

2270 900 2338 954 ab
2368 900 2566 954 intimis
2605 901 2971 969 egredientem
3015 910 3177 971 atque
3219 901 3564 957 cubiculariis
3590 900 3859 955 dicentem

2269 991 2473 1045 audivit
2503 1009 2516 1044 :
2550 990 2835 1046 Extendite
2861 1007 3007 1059 eum,
3045 1000 3100 1045 et
3137 1007 3261 1046 cum
3290 991 3680 1062 quinquaginta
3710 991 3737 1026 ά
3772 1005 3861 1044 ru-

2268 1081 2434 1138 bricis
2456 1090 2721 1151 ventrem,
2743 1081 3076 1152 totidemque
3094 1082 3314 1139 dorsum
3334 1081 3678 1138 fornicatoris
3697 1091 3863 1150 atque

2268 1174 2514 1243 sacrilegi
2538 1174 2837 1245 presbyteri
2869 1174 3169 1230 verberate.
3194 1173 3432 1241 Quarum
3462 1173 3745 1230 doloribus
3773 1189 3856 1228 re-

2267 1278 2397 1319 vera
2434 1264 2715 1334 presbyter
2744 1263 2856 1333 jam
2911 1262 3219 1319 febricitans
3247 1264 3538 1330 excitatus,
3570 1263 3638 1318 ad
3666 1279 3863 1318 mona-

2266 1354 2488 1409 sterium
2536 1355 2746 1411 caballo
2776 1354 3079 1424 impositus,
3124 1353 3313 1409 dextra
3360 1355 3598 1423 laevaque
3625 1353 3692 1408 ab
3743 1352 3863 1408 aliis

2267 1454 2604 1504 sustentatus
2618 1448 2937 1514 recucurrit,
2951 1447 3224 1502 reatussui
3252 1447 3576 1503 sententiam
3606 1444 3863 1501 fratribus

2274 1538 2551 1606 indicavit,
2580 1547 2636 1593 et
2657 1538 3015 1594 invisibilibus
3038 1538 3354 1595 verberibus
3372 1538 3471 1593 sub
3492 1537 3655 1593 febris
3679 1539 3862 1608 specie

2267 1628 2517 1696 laniatus,
2548 1628 2680 1683 nihil
2705 1628 2850 1683 aliud
2890 1627 3074 1683 dicere
3099 1637 3336 1699 poterat,
3367 1628 3470 1683 nisi
3505 1645 3519 1682 :
3556 1638 3580 1665 ι’
3609 1628 3859 1693 Domine,

581 1721 839 1775 continuo
870 1718 1058 1773 melius
1085 1717 1429 1771 refectui-um.
1462 1716 1586 1771 Mox
1620 1732 1801 1771 comes
1834 1717 2106 1773 humiliter
2134 1734 2164 1772 a
2196 1730 2241 1788 Β
2270 1718 2489 1785 reficio;
2522 1721 2767 1785 Domine,
2798 1716 3004 1775 reficio.
3034 1719 3278 1802 Cumque
3306 1722 3735 1790 interrogaretur
3762 1737 3861 1776 cur

578 1810 889 1868 monasterii
929 1810 1165 1864 claustro
1202 1807 1498 1874 secedens,
1540 1808 1608 1862 ad
1646 1808 1863 1863 domum
1897 1810 2038 1863 Petri
2069 1808 2161 1863 filii

577 1902 851 1973 quondam
878 1899 1058 1956 Caroli
1085 1914 1206 1954 cum
1240 1898 1489 1954 omnibus
1525 1900 1636 1955 suis
1663 1900 1956 1965 concessit;
1991 1915 2166 1970 neque

576 1995 803 2049 ulterius
846 1994 898 2047 in
950 1991 1141 2048 eodem
1189 1990 1520 2047 monasterio
1569 1991 1856 2061 hOSpitium
1905 1992 2003 2047 sibi
2049 1993 2163 2047 dari

575 2088 863 2141 concess-t.
912 2081 1148 2137 lndullus
1194 2096 1324 2136 vero
1369 2080 1422 2135 in
1467 2081 1629 2137 domo
1673 2080 1915 2151 ejusdem
1966 2080 2163 2151 Sergii,

575 2175 817 2246 magistri
859 2174 1113 2237 militum,
1163 2172 1453 2228 derelictus
1494 2173 1761 2243 disperiit,
1809 2173 2017 2242 sibique
2042 2190 2166 2229 san-

574 2266 1063 2337 ctum-apostolmn
1092 2264 1437 2335 prmvaluisse
1487 2280 1586 2320 suo
1628 2265 1795 2335 ipsius
1843 2265 2164 2321 detrimento

575 2361 912 2416 monstravit.

652 2453 811 2523 135
846 2451 938 2505 97.
962 2450 1141 2520 Nuper
1166 2449 1475 2505 Dominicus
1495 2446 1711 2515 quidam
1736 2447 2034 2519 presbyter,
2066 2449 2167 2503 Za-

577 2540 761 2596 charta
801 2538 1075 2609 episeopo,
1124 2538 1191 2592 de
1230 2552 1337 2607 quo
1367 2534 1619 2605 praefatus
1662 2550 1799 2602 sum,
1850 2534 2164 2604 Cregoriani

578 2630 888 2686 monasterii
920 2645 1101 2685 curam
1129 2635 1368 2699 gerente,
1397 2626 1714 2697 prtepositus
1743 2627 1948 2681 exstitit
1977 2643 2164 2681 mona-

572 2722 751 2785 sterii;
794 2721 884 2790 qui
936 2720 1115 2776 carnis
1163 2718 1451 2787 fragilitate
1488 2725 1793 2787 corruptus,
1838 2716 2162 2787 Eupraxiam

570 2813 856 2881 quamdam
900 2808 1364 2866 sanctimonialem
1396 2823 1425 2861 a
1457 2807 1787 2863 monas:erio
1831 2809 2000 2864 sancti
2048 2808 2160 2863 An-

570 2902 710 2958 drea:
747 2902 997 2972 apostoli,
1028 2901 1171 2970 quod
1197 2900 1496 2971 appellamr
1524 2911 1551 2937 ι
1582 2899 1763 2956 Clivus
1788 2901 1999 2969 Scauri,
2028 2903 2159 2957 diri-

569 2992 684 3061 puit
708 2991 797 3046 vel
841 2990 1113 3056 subduxit,
1147 2997 1204 3045 ct
1232 2990 1285 3043 in
1313 2990 1533 3059 regione
1563 2999 1770 3060 septem
1799 2991 2006 3048 viarmn
2039 2993 2161 3049 loco

2271 1811 2375 1865 hoc
2405 1819 2513 1864 tam
2543 1808 2853 1881 frequenter
2880 1817 3170 1880 repeteret,
3200 1810 3416 1867 dicebat
3457 1825 3518 1867 se
3551 1811 3652 1867 sub
3688 1812 3862 1867 conti-

2272 1916 2380 1955 nuo
2409 1900 2634 1956 verbere
2662 1913 2909 1970 gemere;
2940 1901 3125 1969 sicque
3153 1912 3309 1959 sexto
3334 1900 3421 1957 die
3448 1901 3550 1957 sub
3580 1902 3682 1956 hac
3706 1901 3861 1955 mise-

2270 1988 2426 2065 rabili
2455 2002 2588 2044 voce
2615 1987 2900 2044 defunctus
2946 1996 3047 2043 est.
3079 1988 3354 2060 Siquidem
3402 1989 3647 2059 plurimis
3695 1989 3861 2044 docu-

2270 2079 2466 2135 mentis
2484 2079 2770 2148 probatum
2798 2086 2883 2132 est
2909 2078 2961 2132 in
2992 2077 3181 2133 eodem
3213 2078 3503 2134 venerabili
3525 2079 3862 2133 monasterio

2268 2168 2640 2227 fornicationis
2663 2169 2985 2239 contagione
3013 2167 3247 2240 pollutos
3285 2168 3375 2224 diu
3404 2169 3702 2225 subsistere
3734 2184 3827 2223 om

2270 2262 2398 2316 nino
2419 2276 2527 2316 non
2553 2275 2735 2330 posse.

2341 2362 2429 2417 98.
2461 2361 2580 2429 Quo
2611 2362 2817 2416 scilicet
2847 2362 3103 2417 hactenus
3134 2362 3266 2421 libra
3295 2362 3583 2431 omnisque
3612 2377 3857 2417 mensura

2266 2467 2429 2522 quam
2458 2453 2598 2507 idem
2629 2453 2824 2507 beatus
2849 2450 3141 2521 Gregorius
3166 2453 3395 2507 instituit
3423 2468 3545 2507 cum
3572 2453 3757 2508 modio
3784 2468 3860 2509 re-

2266 2551 2535 2608 servatur,
2575 2543 2642 2597 de
2663 2543 2815 2609 cujus
2840 2557 3092 2597 mensura
3119 2543 3159 2598 si
3192 2543 3312 2613 quis
3342 2543 3408 2597 ad
3438 2558 3577 2613 opus
3599 2554 3861 2598 monaste-

2270 2633 2333 2687 rii
2355 2647 2520 2703 panes
2544 2631 2671 2685 velit
2690 2632 2927 2697 eﬂicere,
2952 2632 3165 2701 triginta
3193 2642 3247 2688 et
3273 2633 3512 2703 quinque
3534 2632 3688 2697 fiunt,
3716 2632 3732 2671 ί
3758 2634 3861 2689 sin-

2264 2722 2375 2790 guli
2413 2720 2677 2776 duntaxat
2704 2721 2863 2775 trium
2897 2722 3185 2789 librarum;
3226 2723 3271 2780 si
3312 2725 3432 2793 quis
3469 2739 3604 2779 vero
3634 2724 3700 2779 ad
3728 2741 3863 2795 opus

2267 2810 2521 2878 alterius,
2551 2810 2619 2864 ad
2654 2811 2906 2865 eumdem
2950 2826 3231 2865 numerum
3274 2826 3547 2881 nunquam
3584 2814 3860 2883 pertingit.

2265 2899 2421 2966 Quod
2447 2915 2570 2955 cum
2620 2899 2876 2969 prmfatus
2921 2898 3208 2956 Zacharias
3251 2902 3536 2972 episcojus
3567 2919 3667 2972 pro
3712 2911 3863 2958 certo

2263 2990 2427 3046 vellet
2447 2990 2741 3057 addiscere,
2766 3006 2866 3053 pro
2886 2990 3209 3045 celebranda
3231 2993 3387 3062 186
3409 2992 3705 3047 festivitate
3719 2993 3862 3047 beati

570 3081 660 3150 qui
690 3081 884 3136 dicitur
912 3080 1127 3150 Vipera,
1153 3080 1459 3136 collocavit.
1489 3079 1586 3134 Cui
1611 3095 1734 3136 cum
1750 3092 2002 3153 corrupta
2031 3099 2153 3140 san-
2188 3108 2232 3170 ο
2265 3079 2492 3135 Andreae
2517 3081 2747 3150 apostoli
2778 3080 2967 3136 decem
3012 3081 3314 3137 modiorum
3358 3082 3519 3138 tritici
3551 3098 3861 3138 mensuram

571 3172 918 3240 etimonialis,
961 3172 1085 3240 quia
1113 3172 1361 3226 latrinam
1391 3180 1447 3228 et
1474 3172 1685 3228 furnum
1709 3176 2018 3244 contiguum
2049 3194 2157 3234 non

571 3262 827 3326 habebat,
856 3261 1047 3316 crebro
1075 3261 1349 3317 videretur
1377 3278 1495 3319 esse
1522 3263 1771 3331 molesta,
1793 3266 1975 3322 infelix
2005 3285 2157 3340 pres—

570 3352 726 3422 byter
754 3359 1030 3422 peccatum
1070 3359 1295 3422 peccato
1342 3362 1689 3423 eonnectens,
1719 3366 1779 3413 ut
1806 3363 2159 3419 meretricula:

571 3441 787 3511 placere
829 3441 1112 3511 potuisset,
1163 3442 1380 3499 beatum
1408 3443 1725 3516 Gregorium
1755 3464 1863 3505 non
1892 3455 2159 3510 recusavit

570 3530 865 3587 offendere.
902 3531 1067 3601 Cujus
1094 3532 1376 3599 mirabilis,
1424 3536 1588 3593 immo
1627 3539 1965 3596 saluberrimi
1993 3542 2159 3602 fontis

567 3621 709 3691 ligna
733 3621 759 3659 δ
787 3621 1099 3691 tegulasque
1120 3622 1396 3694 diripiens,
1421 3640 1692 3683 secessum
1714 3638 1768 3683 et
1789 3630 2002 3686 furnum
2030 3647 2153 3703 pro-

568 3713 771 3767 stituta:
800 3712 1012 3767 femina:
1038 3728 1147 3768 non
1175 3715 1387 3770 erubuit
1430 3714 1713 3773 fabricare.
1765 3720 1967 3788 Quibus
1996 3738 2153 3793 pera.

566 3803 689 3870 etis,
721 3819 843 3858 cum
868 3805 1116 3873 sequenti
1142 3814 1303 3862 nocte
1324 3806 1433 3876 jam
1460 3809 1701 3865 securior
1727 3825 1758 3865 a
1788 3814 2023 3881 querelis
2050 3817 2155 3873 las-

566 3893 698 3946 civm
740 3892 978 3947 mulieris
1024 3893 1077 3947 in
1127 3893 1315 3949 eadem
1345 3895 1509 3952 domo
1532 3897 1811 3967 dormiret,
1841 3902 1973 3958 vidit
2017 3904 2154 3963 duos

565 3982 821 4050 quosdam
852 3981 1115 4038 terribiles
1145 3983 1501 4040 cubicularios
1530 4003 1588 4043 se
1618 3989 1792 4059 ligatis
1814 3992 2058 4050 manibus
2082 3995 2151 4051 ad

563 4074 873 4130 venerabile
902 4074 1286 4130 monasterium
1335 4076 1671 4133 reducentes.
1724 4078 1873 4146 Quos
1918 4083 2151 4141 interro-

562 4177 713 4233 gans,
744 4163 899 4233 cujus
926 4173 1197 4235 praecepto
1240 4166 1341 4221 sibi
1372 4167 1499 4222 talia
1522 4167 1782 4237 facerent,
1814 4172 2017 4229 audivit
2044 4176 2150 4233 hoc

563 4252 867 4308 Romanum
899 4256 1203 4323 pontificem
1234 4259 1574 4330 praecepisse.
1627 4260 1787 4317 Forte
1818 4272 1947 4322 tunc
1985 4266 2149 4323 Joan-

565 4359 680 4411 nes,
706 4356 905 4399 sanctm
933 4347 1075 4403 sedis
1103 4350 1415 4418 apostolica:
1445 4353 1710 4421 pontifex,
1737 4365 1924 4412 contra
1954 4357 2145 4415 Sarra-

2263 3168 2556 3239 pistoribus
2583 3168 2763 3234 dedit;
2804 3184 2833 3224 e
2860 3170 3052 3240 quibus
3082 3185 3179 3240 pro
3211 3171 3456 3225 undecim
3487 3172 3683 3228 modiis
3724 3173 3861 3228 mul-

2262 3257 2558 3328 tiplicatos,
2582 3257 3089 3328 obstupescentibus
3119 3258 3320 3314 eisdem
3347 3261 3659 3330 pistoribus,
3694 3276 3862 3331 panes

2261 3348 2485 3417 recepit.
2516 3346 2619 3414 Qui
2666 3348 2850 3417 utique
2876 3348 3107 3405 sollicite
3142 3349 3289 3419 prius
3338 3350 3762 3419 dinumerantes,
3816 3353 3862 3407 si

2260 3434 2567 3504 superﬂuos
2600 3435 2805 3505 aliquot
2846 3435 3194 3503 invenissent,
3243 3438 3344 3493 sibi
3394 3440 3754 3509 proculdubio
3783 3458 3862 3497 re-

2261 3531 2560 3577 servarent.

2330 3615 2418 3671 99.
2466 3617 2608 3674 Sane
2636 3635 2797 3689 quam
2844 3621 3153 3693 frequenter
3191 3625 3379 3681 beatus
3408 3626 3702 3697 Gregorius
3750 3642 3859 3687 tam

2258 3705 2366 3761 illic
2409 3722 2572 3777 quam
2602 3709 2655 3764 in
2698 3711 3065 3781 apostolorum
3111 3714 3366 3781 basilicis,
3423 3732 3635 3774 necnon
3685 3721 3739 3775 in
3772 3739 3860 3792 pa—

2256 3805 2512 3863 triarchio
2557 3822 2699 3863 nunc
2727 3808 3020 3865 exhortans
3048 3811 3319 3875 innoxios.
3352 3830 3494 3871 nunc
3524 3831 3655 3871 vero
3676 3818 3858 3875 deter-

2254 3918 2381 3959 rens
2411 3914 2436 3952 Β
2463 3906 2748 3971 obnoxios,
2774 3906 2826 3961 in
2855 3907 2969 3977 ipsa
2999 3923 3109 3963 sua:
3137 3910 3457 3978 cognitionis
3484 3912 3661 3983 effigie
3696 3931 3857 3987 appa~

2254 3999 2452 4060 rescat,
2480 3992 2606 4061 quia
2642 4009 2784 4049 nunc
2811 4010 3033 4052 narrare
3062 4012 3170 4052 non
3197 4000 3374 4066 valeo,
3407 4000 3496 4055 hic
3536 4002 3695 4072 hujus
3728 4022 3858 4076 ope-

2252 4079 2354 4146 ris,
2387 4081 2807 4139 adminiculante
2853 4085 3101 4152 Domino,
3136 4088 3423 4143 terminum
3452 4092 3625 4161 facio,
3653 4105 3709 4149 et
3736 4097 3856 4152 rdi-

2251 4182 2358 4238 qua
2379 4168 2617 4239 ejusdem
2641 4170 2815 4228 Patris
2837 4173 3097 4231 miracula
3129 4186 3252 4246 post
3278 4193 3364 4237 me
3390 4179 3728 4239 doctioribus
3748 4201 3855 4241 me-

2251 4264 2514 4320 moranda
2534 4266 2802 4337 relinquo.
2828 4267 2997 4340 Cujus
3017 4272 3266 4328 nimirum
3280 4275 3583 4331 venerabile
3598 4278 3853 4333 meritum

2249 4367 2533 4425 quousque
2560 4358 2743 4413 mundi
2768 4358 2926 4428 hujus
2965 4363 3139 4418 orbita
3168 4364 3420 4431 volvitur;
3454 4375 3512 4421 ut
3533 4383 3655 4423 cum
3681 4370 3853 4425 Paulo

563 4451 821 4491 cenorum
849 4436 1093 4493 incursus
1120 4438 1299 4494 littora
1332 4443 1681 4510 peragrabat;
1714 4446 1866 4515 cujus
1889 4448 2143 4506 absentia:

563 4525 748 4546 κω---
790 4527 1069 4546 __--L__.-_
1467 4531 1480 4543 .
1742 4534 1757 4546 .
1890 4537 1942 4546 ..
2059 4539 2071 4546 .

2268 4441 2368 4497 riro
2397 4443 2753 4502 disertissimo
2790 4446 2983 4515 fatear,
3018 4467 3236 4522 semper
3276 4455 3507 4526 accipiet
3542 4458 3852 4514 incremen-

561 4525 752 4594 ligatus
790 4527 1072 4600 presbyter
1099 4529 1431 4596 recordatus,
1465 4531 1797 4604 increpando
1824 4537 2099 4607 subjunxit
2126 4558 2140 4595 :

559 4616 819 4671 Dominus
858 4634 993 4687 papa
1030 4619 1202 4689 pridie
1231 4630 1419 4676 contra
1444 4622 1776 4681 Sarracenos
1801 4630 2059 4697 perrexit,
2091 4640 2147 4688 et

558 4722 653 4761 vos
682 4708 953 4776 quomodo
984 4708 1162 4765 dicitis
1188 4711 1330 4780 quod
1362 4711 1475 4781 ipse
1500 4728 1586 4768 me
1610 4714 1760 4784 ligari
1786 4718 2024 4787 jusserit,
2053 4724 2146 4792 qui

555 4812 677 4851 cum
720 4806 909 4866 postea
957 4815 1062 4854 non
1094 4800 1334 4857 vidistis?
1362 4803 1431 4856 At
1462 4802 1537 4857 illi
1563 4804 1813 4861 dixerunt
1847 4826 1860 4861 :
1892 4808 1945 4865 Si
1976 4809 2145 4867 Joan—

554 4903 648 4943 nes
681 4903 817 4958 papa
848 4890 972 4943 hinc
1000 4890 1148 4957 abiit,
1180 4901 1397 4949 sanctus
1425 4892 1714 4964 Gregorius
1744 4898 1832 4955 hic
1862 4904 2142 4973 remansit,

587 5036 661 5109 ἣξει
684 5027 852 5109 Abest
875 5030 1043 5084 Clivus
1066 5031 1257 5086 Scauri
1274 5048 1305 5089 a
1329 5036 1598 5091 nonnullis
1624 5036 1749 5094 Mss.
1784 5038 1839 5093 In
1861 5040 2141 5109 German.,

557 5096 769 5152 Gtibbus
794 5098 1004 5155 Scauri.

625 5168 651 5205 ι)
688 5167 965 5242 Uticensis,
1002 5171 1321 5242 tabulasque.

580 5307 609 5320 η
628 5248 651 5276 ο
687 5240 885 5306 Cortis,
915 5250 1081 5320 court,
1111 5240 1313 5320 courtil.
1347 5245 1502 5320 Smpe
1531 5248 1848 5320 inantiquis
1876 5250 2141 5320 diploma-

553 5308 695 5392 tibus
736 5312 1041 5392 prtesertiyl
1066 5308 1339 5370 occurrit.
1390 5308 1545 5387 Apud
1594 5308 1890 5375 Martialem
1933 5308 2141 5392 legitur

553 5376 647 5432 lib.
678 5376 773 5446 vn,
805 5380 944 5448 epig.
975 5380 1065 5436 30.

805 5447 977 5498 Raucae
1003 5462 1096 5499 cori
1112 5453 1153 5501 is
1174 5465 1290 5502 aves
1314 5463 1366 5504 et
1391 5468 1479 5505 ova
1508 5464 1729 5507 matrum.

553 5504 857 5592 ‘Aliquando
895 5504 1553 5592 sluztiituraprofamiliaet
1581 5504 1741 5592 domo
1769 5522 1935 5576 etiam
1967 5524 2134 5592 regia.

554 5575 612 5630 In
642 5578 887 5657 capitulis
909 5579 1085 5635 Caroli
1112 5575 1261 5657 Calvi
1289 5601 1408 5655 cap.
1436 5586 1506 5640 M
1536 5606 1547 5639 :
1572 5590 1690 5655 quin
1709 5575 1879 5657 potius
1904 5575 2138 5648 [tabentis

553 5645 1033 5727 undesuf/icienter
1060 5661 1109 5705 et
1137 5645 1483 5711 Ironeste'cum
1506 5645 1783 5715 domestica
1812 5672 1952 5717 certe
1971 5645 2136 5718 vestra

560 5724 763 5775 possitis
795 5724 973 5771 t'tt'cre.
1007 5787 1027 5808 θ

2252 4542 2364 4590 tum
2399 4555 2411 4590 :
2445 4538 2571 4605 quia
2603 4538 2769 4609 ipsius
2798 4542 2915 4597 sine
2962 4544 3125 4601 dubio
3164 4550 3349 4618 gratia:
3387 4549 3714 4609 adscribitur
3763 4555 3852 4610 vel

2251 4626 2399 4695 quod
2428 4628 2722 4700 Anglorum
2755 4631 2993 4690 Ecclesia
3026 4653 3163 4691 nova
3194 4654 3412 4711 semper
3439 4643 3629 4699 sobole
3660 4648 3851 4702 fecun-

2252 4718 2431 4788 datur,
2466 4721 2548 4805 vel
2588 4734 2731 4793 quoii
2766 4724 2907 4783 illius
2932 4727 3194 4787 doctrinis
3225 4729 3249 4769 δ
3282 4749 3380 4803 per
3408 4736 3595 4791 urbem
3627 4739 3848 4795 univer-

2252 4824 2371 4865 sum
2401 4812 2552 4866 multi
2590 4828 2690 4883 per
2718 4825 2996 4885 peccatum
3025 4819 3259 4891 elongati
3288 4823 3356 4878 ad
3392 4825 3590 4882 Christi
3623 4828 3850 4884 clemen-

2254 4898 2384 4953 tiam
2407 4910 2771 4972 revertuntur,
2807 4907 2890 4960 vcl
2914 4907 3055 4977 quod
3076 4910 3201 4964 boni
3229 4914 3427 4982 quique
3449 4916 3616 4986 ipsius
3648 4919 3851 4974 suasio-

2324 5036 2348 5127 ἐξ
2364 5038 2486 5127 ΑΡρι·
2511 5043 2746 5127 rubricas
2770 5042 2995 5127 fortasse
3012 5048 3102 5127 hic
3125 5050 3373 5127 intelligit
3394 5055 3621 5127 verbera
3652 5060 3849 5127 quibus

2254 5119 2669 5166 cruentarentur
2700 5126 2886 5169 ventrr
2910 5126 2964 5169 et
2992 5120 3209 5175 dorsqu
3238 5121 3528 5178 fornicarii.

2325 5189 2355 5261 0A
2382 5178 2587 5261 Bigot.,
2620 5182 2843 5261 Domine
2870 5186 3073 5261 deﬁcio.
3107 5189 3277 5256 Quam
3308 5193 3594 5249 lectionem
3640 5200 3847 5252 contir-

2250 5257 2363 5330 mat
2407 5253 2645 5318 ejusdem
2687 5253 2981 5325 presbyteri
3024 5253 3301 5330 responsio
3336 5281 3349 5316 :
3381 5280 3436 5318 se
3474 5264 3569 5319 sub
3597 5271 3847 5325 continuo

2250 5318 2454 5391 verbere
2482 5318 2702 5391 gemere:

2247 5388 2680 5526 Ttiulsitan'fgerm.’
2710 5394 2840 5465 λθ
2865 5405 2921 5452 et
2940 5397 3139 5469 uiget"
3172 5403 3500 5473 “ngillatim.
3537 5404 3708 5473 Utic.,
3733 5409 3847 5464 sin-

2320 5528 2548 5613 Kdlicnet
2567 5548 2725 5613 supra
2747 5549 2864 5613 cap.
2891 5538 2977 5599 96.
3007 5538 3258 5613 obnoxius
3280 5544 3574 5613 opponitur
3599 5547 3844 5612 innoxio,

2243 5598 2733 5739 ggtsiiigzelqteum
2759 5598 2849 5675 qui
2876 5619 3095 5679 propter
3115 5598 3331 5681 culpam
3350 5598 3414 5670 ac
3433 5598 3845 5690 reﬂat—ttmvpéni

2316 5740 2341 5774 ⁸³
2372 5738 2533 5796 Abest
2564 5756 2594 5796 a
2616 5742 2764 5812 5155.,
2796 5763 2889 5815 per
2916 5748 3091 5804 orbem
3119 5753 3433 5809 universum
