3992 6348
131 323 212 381 ul

627 322 684 380 S.
723 318 1049 380 GREGOBII
1086 317 1299 375 MAGNI
1336 317 1517 385 VITA,
1562 318 1652 373 EX
1695 316 1856 374 EJUS
1892 314 2196 373 SGRIPTIS
2234 311 2624 369 ADORNATA.
2666 312 2793 368 LIB.
2839 314 2875 367 Ι.

3276 316 3384 371 212

130 434 267 491 nibus
291 432 606 490 inﬂammati
633 430 905 488 coalestem
936 430 1163 501 patriam
1194 429 1561 485 desideranter
1600 430 1685 485 in-
1716 435 1760 490 Α
1791 427 2111 497 Gregorius,
2152 429 2444 485 comitante
2482 444 2663 485 secum
2691 430 3038 486 dextrorsum
3068 430 3383 485 reverenda:
3430 438 3436 445 '

128 525 353 596 quirunt.

188 616 305 670 {00.
340 615 503 679 Ecce,
537 623 773 669 stuotose
803 613 1140 683 pontiﬁcum,
1169 612 1428 682 jussionis
1465 620 1571 665 tute
1595 610 1706 665 vir—

127 717 230 763 tute
267 716 506 772 coactus,
546 704 668 757 dum
702 704 947 773 quaedam
976 710 1249 772 gestorum
1284 702 1429 758 beati
1455 700 1705 772 Gregorii

129 795 525 868 praadecessoris
550 796 648 862 tui,
669 793 947 849 Saxonum
980 793 1236 849 videlicet
1251 794 1428 863 gentis
1453 794 1704 865 apostoli,

127 884 379 940 drﬁorare
400 884 665 947 desidero,
694 884 867 938 virum
891 883 1147 953 descripsi
1170 884 1496 939 rhetoricum
1527 884 1703 953 scrip-

128 985 202 1029 tor
231 976 464 1043 ignarus.
505 974 611 1030 Sed
655 975 921 1045 deprecor
958 980 1018 1028 ut
1054 989 1118 1028 ea
1147 974 1457 1029 curiositate
1485 987 1590 1041 qua
1618 986 1705 1027 me

124 1066 312 1121 dudum
336 1067 449 1121 lucc
469 1066 763 1135 decerpere
779 1064 1038 1134 iusseras,
1063 1064 1130 1118 ad
1157 1065 1416 1127 omnium,
1445 1064 1581 1117 sicut
1602 1077 1705 1119 cu:-

125 1159 265 1229 pisti,
305 1157 470 1214 facias
500 1158 783 1229 pervenire
806 1158 1050 1213 notitiam
1077 1174 1090 1209 :
1121 1165 1181 1211 ut
1211 1156 1263 1211 in
1293 1171 1357 1210 eo
1380 1154 1520 1223 quod
1549 1169 1704 1210 sacro

120 1262 305 1306 sancto
333 1260 514 1307 vestro
548 1252 751 1321 judicio
780 1252 1048 1322 placuisse
1085 1265 1171 1305 me
1197 1249 1423 1319 gaudeo,
1446 1248 1576 1303 nulli
1605 1262 1702 1319 pe-

122 1345 263 1398 nitus
291 1344 668 1414 dijudicandus
704 1344 952 1411 addicar,
993 1344 1120 1413 quin
1150 1342 1329 1412 potius
1369 1341 1705 1410 judicaturus

120 1435 382 1490 inveniar.
415 1435 693 1504 Siquidem
722 1435 1027 1505 nuperrime
1043 1434 1258 1505 quando
1284 1433 1427 1487 hunc
1454 1441 1704 1501 quartum

118 1524 347 1589 librum,
406 1534 738 1595 cooperante
780 1524 1045 1589 Domino,
1092 1522 1342 1578 claudere
1383 1522 1700 1591 gestiebam,

118 1622 278 1669 nocte
315 1631 422 1686 qua
455 1616 747 1671 Dominicae
777 1613 1200 1669 Resurrectionis
1229 1611 1346 1667 dies
1380 1611 1706 1677 venerabilis

117 1705 495 1771 illucescebat,
523 1708 576 1761 in
598 1707 797 1761 somnis
822 1705 1153 1769 describens,
1177 1703 1392 1774 quidam
1413 1704 1513 1760 sub
1529 1703 1707 1773 efﬁgie

117 1794 400 1863 cujusdam
458 1796 649 1850 veteris
702 1793 1031 1849 insidiatoris
1089 1793 1265 1863 palam
1313 1792 1603 1849 videndum
1645 1808 1706 1850 se

116 1883 367 1956 pmbnit,
392 1892 446 1937 et
468 1883 843 1939 candidissima
877 1882 1054 1949 tunica
1081 1883 1348 1952 simulque
1366 1883 1703 1949 tenuissima,

118 1973 273 2042 cujus
320 1973 568 2027 nimirum
611 1972 832 2027 raritate
877 1972 1100 2040 nigredo
1150 1972 1467 2029 subterioris
1513 1974 1707 2029 tunica}

117 2062 499 2126 tran~lncebat,
541 2060 948 2116 sacerdotaliter
990 2063 1273 2132 insignitus
1320 2079 1446 2119 mox
1486 2065 1708 2134 propius

116 2153 351 2220 adstitit,
377 2161 428 2207 et
464 2150 662 2206 inﬂatis
682 2152 860 2209 buccis
884 2154 1051 2207 risum
1074 2155 1355 2209 continere
1377 2169 1483 2210 non
1508 2155 1702 2224 potuit.

115 2244 206 2301 Cui
238 2244 374 2299 dum
404 2244 642 2299 curulem
673 2258 974 2315 praeparare
1012 2245 1328 2315 cogitarem,
1362 2247 1503 2301 hunc
1541 2262 1704 2317 supra

117 2337 343 2394 modum
375 2337 786 2392 cachinnantem
816 2338 1172 2407 conspiciens,
1205 2338 1531 2409 compellare
1557 2338 1707 2393 vide-

115 2431 208 2487 bar
232 2431 595 2500 quamobrem
625 2438 890 2485 noctnmo
918 2430 1131 2485 silentio
1155 2439 1263 2485 tam
1293 2431 1597 2502 petulanter
1623 2431 1707 2486 vir

116 2522 281 2578 ofﬁcii
304 2521 567 2591 gravioris
595 2528 977 2592 perstreperet.
1007 2520 1078 2574 At
1107 2520 1214 2586 ille,
1247 2521 1391 2591 quia,
1422 2521 1613 2591 inquit,
1649 2530 1705 2576 tu

115 2610 312 2666 scribis
332 2610 402 2665 de
424 2611 652 2666 mortuis
676 2624 808 2679 quos
829 2609 1075 2664 viventes
1107 2610 1393 2678 aliquando
1429 2625 1705 2680 nunquam

116 2699 215 2755 vidi
248 2700 314 2753 ti.
375 2698 619 2770 Cumque
665 2712 765 2767 ego
792 2706 966 2753 -tanto
1021 2713 1107 2754 me
1155 2700 1401 2756 veracius
1447 2700 1703 2767 scribere,

117 2799 318 2860 quanto
365 2790 694 2860 incognitum
745 2789 916 2855 facie,
970 2805 1080 2844 non
1138 2799 1318 2845 autem
1376 2791 1707 2859 incognitum

117 2884 375 2949 lectione,
408 2885 525 2941 sine
553 2884 664 2939 ullo
705 2892 730 2919 ο
778 2882 964 2937 livoris
992 2882 1077 2937 vel
1117 2881 1441 2937 adulationis
1461 2883 1590 2937 vitio
1617 2897 1707 2937 re-

121 2978 385 3044 tulissnn,
414 2975 693 3046 respondit
725 2992 737 3029 :
771 2974 873 3041 Tu,
930 2975 1069 3029 sicut
1097 2975 1275 3037 video,
1306 2973 1451 3042 quod
1492 2974 1707 3028 voluisti

120 3068 284 3123 feciin
308 3084 324 3134 ;
358 3074 417 3120 at
445 3080 545 3135 ego
572 3080 693 3135 quae
718 3067 894 3121 facere
917 3073 1144 3137 potuero
1170 3079 1279 3120 non
1308 3065 1550 3120 cessabo.
1583 3064 1709 3121 Haec

121 3157 317 3220 dicens,
352 3156 589 3211 lucerna:
620 3154 862 3209 ﬂammas
897 3155 1051 3224 cujus
1078 3154 1280 3209 lumine
1324 3153 1465 3209 forte
1489 3153 1710 3210 fruebar

118 3262 337 3317 prorsus
366 3245 664 3311 exstinxit;
695 3251 749 3299 et
776 3243 1028 3315 lychnum
1056 3250 1228 3299 totum
1252 3244 1468 3312 quidem
1497 3244 1704 3299 exstin-

120 3349 276 3404 guere
307 3349 421 3389 non
447 3334 655 3404 potuit;
689 3347 776 3387 me
804 3342 983 3387 tamen
1012 3333 1065 3387 in
1093 3333 1327 3387 tenebris
1355 3334 1707 3388 constitutum

120 3426 185 3481 ita
215 3426 534 3499 perterruit,
580 3432 636 3479 ut
666 3432 911 3494 putarem
943 3428 1029 3479 me
1056 3424 1245 3493 gladiis
1274 3427 1341 3480 ab
1370 3440 1436 3481 eo
1465 3426 1712 3498 protinus

122 3516 368 3586 iugulari.
399 3516 532 3570 Cum
562 3522 687 3586 post
725 3513 1003 3585 paululum
1031 3514 1335 3585 desperanti
1366 3516 1494 3572 mihi
1521 3518 1712 3573 beatus

190 3638 217 3667 ι
251 3626 427 3694 Utic.,
460 3631 677 3701 favoris.

1805 519 2079 574 memoria:
2124 534 2261 590 papa
2314 521 2467 590 187
2518 519 2768 585 Nicolao,
2812 520 3181 576 sinistrorsum
3234 536 3383 582 vero,

1806 612 1944 668 sicut
1972 614 2099 668 mihi
2148 612 2450 677 videbatur,
2482 610 2642 667 Petro
2681 626 2779 667 suo
2812 611 3061 675 diacono,
3093 611 3263 664 multo
3306 610 3383 664 lu-

1806 704 1952 759 mine
1988 702 2313 759 clariticatus
2368 704 2636 773 apparuit,
2677 702 2861 758 dicens
2909 720 2923 755 :
2973 701 3193 758 Modica:
3241 701 3387 769 ﬁdei,

1806 808 1977 863 quare
2005 793 2301 849 dubitasti?
2334 792 2431 849 Cui
2461 796 2587 848 dum
2617 806 2715 862 ego
2758 792 2921 862 priori
2951 807 3148 862 pavore
3176 791 3391 861 percul—

1806 899 1898 939 sus
1926 885 2259 955 respondere
2305 900 2414 940 non
2444 899 2677 953 possem,
2724 883 3020 939 benevolus
3066 883 3194 936 mihi
3236 890 3392 952 pater

1804 975 2056 1031 Nicolaus
2096 976 2353 1031 latentem
2393 975 2759 1031 adversarium
2790 982 2915 1045 post
2958 973 3243 1039 cortinam,
3274 987 3391 1042 qua:

1806 1078 1933 1123 tunc
1952 1082 2131 1122 meum
2147 1067 2401 1123 lectulum
2418 1066 2804 1131 circumdabat,
2832 1066 3003 1133 digito
3019 1063 3388 1121 manifestans:

1801 1160 1927 1230 quia
1951 1199 1968 1226 ,
2023 1159 2236 1229 inquit,
2287 1158 2375 1213 hic
2413 1158 2627 1213 invidus
2667 1159 2902 1212 lucernae
2940 1158 3106 1227 ipsius
3148 1156 3395 1210 ﬁammas

1804 1255 2062 1318 quantum
2093 1248 2147 1301 in
2178 1262 2237 1302 se
2268 1246 2367 1300 luit
2396 1246 2673 1301 exstinxit.
2706 1244 2828 1299 Mox
2858 1244 3150 1313 Gregorius
3179 1260 3393 1299 manum

1804 1337 2035 1405 diaconi,
2080 1352 2185 1408 qua
2225 1348 2474 1405 magnam
2516 1335 2689 1390 facem
2721 1344 2905 1389 tenere
2928 1334 3231 1400 videbatur,
3262 1336 3396 1389 arri-

1803 1426 1980 1497 piens,
2009 1426 2233 1496 ejusque
2261 1424 2491 1482 ﬁammis
2520 1440 2583 1481 os
2612 1425 2913 1495 faciemque
2942 1424 3233 1495 petulantis
3258 1440 3395 1479 exu-

1804 1533 1951 1584 rens,
1994 1518 2061 1573 ad
2089 1519 2256 1574 instar
2295 1516 2572 1587 Ethiopis
2601 1516 2923 1586 denigravit.
2965 1516 3080 1584 Qua
3110 1516 3394 1572 exustione

1806 1607 1875 1664 ab
1920 1623 2016 1664 ore
2058 1608 2355 1679 petulantis
2395 1607 2710 1679 parvissima
2759 1607 2990 1663 scintilla
3040 1605 3391 1673 descendens,

1807 1700 2127 1758 candentem
2157 1702 2393 1759 tunicam
2424 1702 2568 1757 dicto
2598 1702 2757 1758 citius
2791 1700 3173 1769 conflagravit;
3209 1701 3398 1770 sicque

1740 1833 1781 1892 Β
1811 1795 2134 1865 nigerrimus
2165 1803 2310 1852 totus
2337 1794 2607 1865 apparuit.
2636 1794 2879 1863 Cumque
2919 1794 3175 1849 diaconus
3196 1791 3398 1848 diceret

1810 1886 1941 1942 satis
1992 1886 2356 1942 adversarium
2404 1885 2778 1954 denigratum,
2827 1884 3016 1940 beatus
3059 1882 3397 1952 Gregorius:

1808 1979 1941 2048 Nos,
1970 1981 2065 2047 ait,
2098 1980 2247 2035 illum
2274 1994 2382 2035 non
2411 1978 2809 2049 deuigravimus
2828 1988 2850 2047 ,'
2871 1978 2963 2034 sed
2997 1977 3205 2046 nigrum
3236 1974 3399 2031 fuisse

1811 2072 2245 2127 monstravimus.
2295 2072 2454 2141 188
2483 2069 2685 2125 Deinde
2725 2068 3082 2125 infortunium
3112 2081 3293 2122 meum
3318 2066 3399 2122 di-

1808 2164 1978 2219 versis
2006 2163 2470 2219 consolationibus
2492 2162 2829 2230 exbortatus,
2861 2159 3115 2217 abcessit.
3137 2159 3201 2214 Et
3227 2159 3398 2215 facem

1807 2257 2025 2326 quidem
2054 2270 2242 2311 secum
2291 2254 2505 2320 detulit,
2558 2253 2654 2308 sed
2686 2262 2835 2307 tanto
2868 2251 3069 2307 lumine
3115 2252 3291 2306 locum
3342 2252 3396 2305 iu

1807 2363 1916 2419 quo
1945 2346 2278 2402 dormiebam
2306 2359 2495 2400 revera
2525 2343 2818 2412 fulgentem
2847 2341 3067 2406 dimisit,
3117 2350 3176 2395 ut
3200 2355 3397 2410 exper-

1807 2442 2067 2512 gefactus,
2098 2453 2297 2511 pueros
2322 2447 2446 2492 ante
2484 2450 2572 2491 me
2599 2435 2930 2491 dormientes
2958 2432 3199 2489 crebrius
3230 2432 3397 2486 incla-

1808 2546 2046 2598 marem;
2078 2544 2178 2586 nec
2205 2536 2330 2583 ante
2351 2526 2642 2597 quidquam
2664 2524 2764 2582 sub
2791 2524 2941 2594 gravi
2962 2537 3157 2594 sopore
3181 2536 3427 2592 quoquo—

1807 2620 1970 2677 modo
2012 2618 2429 2689 responderent,
2476 2623 2571 2672 aut
2616 2629 2838 2684 surgere
2867 2614 3191 2684 potuissent,
3239 2627 3399 2681 quam

1808 2711 2011 2767 relictae
2036 2708 2175 2765 lucis
2218 2708 2376 2778 ecpia
2414 2706 2673 2778 paulatim
2712 2720 2771 2761 se
2801 2704 3143 2769 subtrahens,
3187 2703 3400 2771 penitus

1810 2802 2126 2859 eﬁluxisset.
2161 2799 2231 2852 At
2252 2798 2318 2853 de
2345 2798 2429 2853 bis
2449 2797 2592 2853 Deus
2615 2796 2810 2851 viderit
2836 2813 2847 2847 :
2878 2808 2979 2862 ego
3007 2802 3188 2847 tamen
3214 2793 3400 2846 divina:

1811 2894 1927 2965 spei
1956 2891 2150 2947 ﬁducia
2180 2890 2497 2956 roboratus,
2539 2887 2665 2957 quia
2710 2885 3045 2942 Gaudericus
3067 2928 3083 2954 ,
3121 2885 3404 2955 episcopus

1812 2986 2139 3049 Veliternus,
2170 2981 2497 3052 expostulat,
2542 2978 2613 3035 ad
2642 2978 2962 3035 clementem
2986 2977 3243 3032 Romamn
3264 2977 3405 3032 sedis

1812 3076 2129 3141 antistitem,
2173 3072 2504 3140 suﬁragante
2544 3070 2794 3135 Domino,
2826 3069 3009 3126 stilum
3039 3077 3354 3123 convertam
3390 3088 3402 3121 :

1810 3177 2078 3240 quatenus
2123 3166 2216 3236 qui
2254 3165 2526 3222 continuis
2571 3161 2878 3219 infortuniis
2907 3169 3184 3228 tenuatus,
3216 3160 3410 3217 amicis

1811 3261 1967 3326 meis,
2001 3274 2032 3314 a
2052 3259 2246 3328 quibus
2274 3265 2566 3331 utcumque
2592 3264 2892 3325 sustentor,
2921 3254 3175 3311 meritum
3203 3267 3401 3323 repen-

1813 3354 1943 3409 dere
1972 3364 2203 3420 nequeo,
2232 3349 2423 3406 saltem
2453 3348 2616 3408 verba
2657 3362 2778 3420 quae
2806 3347 2962 3403 valeo
2992 3345 3215 3402 minime
3244 3343 3415 3401 dene~

1817 3459 1974 3517 83858
2000 3457 2320 3515 cognoscat.

132 3758 3415 3806 Ἥ

1477 3864 2087 3976 SANGTI

573 3942 2791 4278 ςΒΕρόῇἶΙῶΑΡᾳΈ
2881 4073 2977 4274 1

1538 4380 2070 4534 VITA,

947 4573 1031 4625 EX
1062 4573 1213 4625 EJUS
1247 4572 1638 4625 POTISSIHUM
1672 4573 1955 4626 SCRIPTIS
1989 4576 2226 4629 RECENS
2258 4574 2625 4629 ADORNATA.

1630 4684 1949 4702 -ι-

1293 4760 1672 4862 LIBER

1743 4763 2274 4903 PRIMUS,

697 4907 859 4986 Ejus
892 4903 1223 4967 historiam
1252 4903 1327 4966 ab
1362 4910 1509 4966 ortu
1539 4905 1623 4967 ad
1646 4923 1945 4970 summum
1974 4911 2413 4989 pontiﬁcatum
2442 4910 2873 4990 complectens.

666 5091 895 5150 CAPUT
935 5077 1226 5150 PRIMUM.

1764 5099 1816 5161 D
1840 5094 2016 5151 lucem
2055 5094 2231 5151 editus
2257 5101 2361 5162 est,
2409 5080 2721 5165 parcntibus
2776 5110 2883 5151 non
2930 5094 3107 5150 minus
3133 5096 3423 5166 splendore

118 5188 577 5265 Al_cum1*g_l._:
666 5187 1000 5265 §:Glr_e§orii_
1018 5198 1193 5265 genus.
1208 5185 1728 5265 ggrdiapusfjusga:
1829 5193 1857 5223 ι
1885 5185 2117 5255 generis,
2142 5200 2304 5254 quam
2333 5200 2541 5239 morum
2569 5185 2881 5255 integritate
2922 5199 2987 5239 ac
3031 5185 3320 5241 sancti-tate
3351 5186 3418 5241 il-

180 5260 285 5301 lel'.
312 5277 384 5286 —
412 5253 462 5299 2.
489 5248 643 5300 Mater
661 5255 831 5298 sancta
852 5247 1109 5298 Silviaf—
1132 5250 1178 5296 5.
1208 5247 1432 5309 Majores,
1453 5248 1608 5309 inter_
1605 5257 1729 5309 quos

177 5321 398 5363 saltans
424 5311 561 5360 Felix
582 5310 837 5372 mpm—4.
853 5311 1046 5372 ἀπήιε,
1072 5309 1202 5372 inter
1224 5306 1346 5370 quas
1366 5313 1547 5372 sanctae
1570 5306 1721 5356 Tbar-

1830 5283 2104 5340 lustribus.
2134 5281 2439 5338 Gordianus
2468 5282 2585 5352 ejus
2627 5290 2782 5353 pater
2825 5283 3085 5338 senatorii
3112 5282 3316 5337 ordinis
3344 5282 3426 5337 vir

180 5368 1451 5453 Eii"!fEfEmiEi'litff’fff‘Tﬂ'391’335‘6‘
1476 5368 1708 5453 (ὲυὲῗὲἒέ

1833 5383 2198 5441 nobilissimus
2228 5398 2292 5438 ac
2315 5381 2631 5449 ditissimus,
2659 5382 2994 5453 regionarius
3030 5382 3161 5447 fuit;
3187 5382 3296 5438 boc
3319 5392 3423 5445 est,

178 5440 248 5486 sit
272 5444 457 5486 ortus.
473 5462 530 5471 —
551 5437 598 5484 7.
622 5433 764 5496 Ejus,
784 5446 964 5496 nomen
989 5433 1105 5496 quid
1130 5432 1391 5496 signiticet.
1410 5456 1477 5467 —-
1495 5429 1543 5479 8.
1563 5429 1732 5479 Sancti

180 5511 337 5563 pueri
366 5497 637 5546 institutio.
661 5493 792 5545 '—9.
816 5494 877 5546 Et
914 5493 1088 5545 studia.
1122 5493 1233 5557 (An.
1263 5493 1395 5554 549.)

1836 5496 1898 5544 ιιι
1925 5501 1991 5543 ex
2019 5485 2242 5541 Joannis
2268 5483 2489 5540 Diaconi
2519 5484 2554 5539 ι.
2586 5500 2661 5554 tv,
2682 5500 2731 5540 c.
2754 5485 2844 5551 85,
2869 5486 3179 5541 narratione
3202 5484 3428 5556 conjicit

196 5601 375 5672 199
409 5598 468 5654 1.
498 5599 789 5672 Gregorius
817 5605 1179 5669 cognomento
1208 5595 1431 5669 Magnus
1462 5594 1648 5651 Romae
1678 5594 1735 5650 in
1838 5587 2293 5647 eminentissimus
2334 5584 2627 5642 Annalium
2669 5585 3171 5663 Ecclesiasticornm
3201 5602 3417 5658 parens,

194 5719 224 5751 ³
254 5710 590 5783 Aniciorum
635 5710 906 5783 videlicet,
950 5719 1010 5768 ut
1048 5710 1350 5768 communis
1378 5706 1485 5765 fert
1513 5707 1740 5780 opinio;

126 5801 211 5852 τι,
238 5798 381 5854 pap.
428 5779 551 5837 165.

1758 5718 1860 5762 nee
1891 5701 2295 5760 abnuituoster
2322 5676 2660 5756 Mabillonius
2705 5700 2758 5756 in
2807 5702 3056 5758 Annalib.
3105 5700 3439 5761 BenedJib.
