  <div class='ocr_page' id='page_1' title='image "/cluster/home/n/w/nwhite01/storage/ocr_20150623/75/uva.x000827087/129.png"; bbox 0 0 3992 6300; ppageno 0'>
   <div class='ocr_carea' id='block_1_1' title="bbox 573 286 678 342">
    <p class='ocr_par' dir='ltr' id='par_1_1' title="bbox 573 286 678 342">
     <span class='ocr_line' id='line_1_1' title="bbox 573 286 678 342; baseline 0.01 -2"><span class='ocrx_word' id='word_1_1' title='bbox 573 286 678 342; x_wconf 68' lang='grc'><strong>245</strong></span> 
     </span>
    </p>
   </div>
   <div class='ocr_carea' id='block_1_2' title="bbox 1036 267 3329 341">
    <p class='ocr_par' dir='ltr' id='par_1_2' title="bbox 1036 267 3329 341">
     <span class='ocr_line' id='line_1_2' title="bbox 1036 267 3329 341; baseline -0.007 -4"><span class='ocrx_word' id='word_1_2' title='bbox 1036 285 1090 337; x_wconf 91' lang='lat' dir='ltr'><strong>S.</strong></span> <span class='ocrx_word' id='word_1_3' title='bbox 1134 278 1460 341; x_wconf 80' lang='lat' dir='ltr'><strong>GREGORH</strong></span> <span class='ocrx_word' id='word_1_4' title='bbox 1503 276 1713 333; x_wconf 77' lang='lat' dir='ltr'><strong>MAGNI</strong></span> <span class='ocrx_word' id='word_1_5' title='bbox 1757 273 1935 341; x_wconf 80' lang='lat' dir='ltr'><strong>VlTA,</strong></span> <span class='ocrx_word' id='word_1_6' title='bbox 1979 272 2071 329; x_wconf 78' lang='lat' dir='ltr'><strong>EX</strong></span> <span class='ocrx_word' id='word_1_7' title='bbox 2116 267 2278 328; x_wconf 86' lang='lat' dir='ltr'><strong>EJUS</strong></span> <span class='ocrx_word' id='word_1_8' title='bbox 2332 267 2639 327; x_wconf 78' lang='lat' dir='ltr'><strong>SCRIPTlS</strong></span> <span class='ocrx_word' id='word_1_9' title='bbox 2681 268 3078 325; x_wconf 79' lang='lat' dir='ltr'><strong>ADOllNATA.</strong></span> <span class='ocrx_word' id='word_1_10' title='bbox 3121 268 3246 325; x_wconf 87' lang='lat' dir='ltr'><strong>LIB.</strong></span> <span class='ocrx_word' id='word_1_11' title='bbox 3293 270 3329 323; x_wconf 87' lang='grc' dir='ltr'><strong>Ι.</strong></span> 
     </span>
    </p>
   </div>
   <div class='ocr_carea' id='block_1_3' title="bbox 3734 268 3834 325">
    <p class='ocr_par' dir='ltr' id='par_1_3' title="bbox 3734 268 3834 325">
     <span class='ocr_line' id='line_1_3' title="bbox 3734 268 3834 325; baseline -0.01 -2"><span class='ocrx_word' id='word_1_12' title='bbox 3734 268 3834 325; x_wconf 59' lang='grc' dir='ltr'><strong>2η</strong></span> 
     </span>
    </p>
   </div>
   <div class='ocr_carea' id='block_1_4' title="bbox 532 385 3835 465">
    <p class='ocr_par' dir='ltr' id='par_1_4' title="bbox 532 385 3835 465">
     <span class='ocr_line' id='line_1_4' title="bbox 532 385 3835 465; baseline -0.005 -9"><span class='ocrx_word' id='word_1_13' title='bbox 532 404 533 407; x_wconf 66' lang='grc'><em>“</em></span> <span class='ocrx_word' id='word_1_14' title='bbox 569 404 635 457; x_wconf 83' lang='lat' dir='ltr'><strong>ad</strong></span> <span class='ocrx_word' id='word_1_15' title='bbox 662 414 859 455; x_wconf 89' lang='lat' dir='ltr'><strong>annum</strong></span> <span class='ocrx_word' id='word_1_16' title='bbox 879 397 1004 464; x_wconf 69' lang='lat' dir='ltr'><strong>MM,</strong></span> <span class='ocrx_word' id='word_1_17' title='bbox 1023 413 1159 452; x_wconf 89' lang='lat' dir='ltr'><strong>unus</strong></span> <span class='ocrx_word' id='word_1_18' title='bbox 1186 411 1252 451; x_wconf 85' lang='lat' dir='ltr'><strong>ex</strong></span> <span class='ocrx_word' id='word_1_19' title='bbox 1270 403 1476 465; x_wconf 79' lang='lat' dir='ltr'><strong>septem</strong></span> <span class='ocrx_word' id='word_1_20' title='bbox 1502 389 1740 445; x_wconf 88' lang='lat' dir='ltr'><strong>diaconis</strong></span> <span class='ocrx_word' id='word_1_21' title='bbox 1758 385 2138 448; x_wconf 89' lang='lat' dir='ltr'><strong>cardinalibus,</strong></span> <span class='ocrx_word' id='word_1_22' title='bbox 2171 388 2213 443; x_wconf 82' lang='grc' dir='ltr'><strong>Α</strong></span> <span class='ocrx_word' id='word_1_23' title='bbox 2246 385 2370 453; x_wconf 84' lang='lat' dir='ltr'><strong>plex</strong></span> <span class='ocrx_word' id='word_1_24' title='bbox 2396 385 2483 439; x_wconf 85' lang='lat' dir='ltr'><strong>hic</strong></span> <span class='ocrx_word' id='word_1_25' title='bbox 2509 400 2697 441; x_wconf 85' lang='lat' dir='ltr'><strong>sensus</strong></span> <span class='ocrx_word' id='word_1_26' title='bbox 2725 386 2893 455; x_wconf 87' lang='lat' dir='ltr'><strong>aptari</strong></span> <span class='ocrx_word' id='word_1_27' title='bbox 2919 394 3113 456; x_wconf 91' lang='lat' dir='ltr'><strong>potest,</strong></span> <span class='ocrx_word' id='word_1_28' title='bbox 3143 385 3367 450; x_wconf 80' lang='lat' dir='ltr'><strong>scil&#39;cct,</strong></span> <span class='ocrx_word' id='word_1_29' title='bbox 3394 393 3487 438; x_wconf 91' lang='lat' dir='ltr'><strong>aut</strong></span> <span class='ocrx_word' id='word_1_30' title='bbox 3516 386 3835 453; x_wconf 74' lang='lat' dir='ltr'><strong>Gregorium</strong></span> 
     </span>
    </p>
   </div>
   <div class='ocr_carea' id='block_1_5' title="bbox 566 476 2145 563">
    <p class='ocr_par' dir='ltr' id='par_1_5' title="bbox 566 476 2145 563">
     <span class='ocr_line' id='line_1_5' title="bbox 566 476 2145 563; baseline -0.011 -17"><span class='ocrx_word' id='word_1_31' title='bbox 566 495 661 563; x_wconf 85' lang='lat' dir='ltr'><strong>qui</strong></span> <span class='ocrx_word' id='word_1_32' title='bbox 687 492 813 547; x_wconf 86' lang='lat' dir='ltr'><strong>dicti</strong></span> <span class='ocrx_word' id='word_1_33' title='bbox 844 502 970 545; x_wconf 90' lang='lat' dir='ltr'><strong>sunt</strong></span> <span class='ocrx_word' id='word_1_34' title='bbox 996 487 1306 558; x_wconf 88' lang='lat' dir='ltr'><strong>regionarii,</strong></span> <span class='ocrx_word' id='word_1_35' title='bbox 1332 483 1473 554; x_wconf 88' lang='lat' dir='ltr'><strong>quod</strong></span> <span class='ocrx_word' id='word_1_36' title='bbox 1519 480 1684 537; x_wconf 80' lang='lat' dir='ltr'><strong>certis</strong></span> <span class='ocrx_word' id='word_1_37' title='bbox 1713 479 1872 535; x_wconf 86' lang='lat' dir='ltr'><strong>Urbis</strong></span> <span class='ocrx_word' id='word_1_38' title='bbox 1912 476 2145 546; x_wconf 83' lang='lat' dir='ltr'><strong>regioni-</strong></span> 
     </span>
    </p>
   </div>
   <div class='ocr_carea' id='block_1_6' title="bbox 564 569 2143 655">
    <p class='ocr_par' dir='ltr' id='par_1_6' title="bbox 564 569 2143 655">
     <span class='ocr_line' id='line_1_6' title="bbox 564 569 2143 655; baseline -0.013 -13"><span class='ocrx_word' id='word_1_39' title='bbox 564 589 665 642; x_wconf 91' lang='lat' dir='ltr'><strong>bus</strong></span> <span class='ocrx_word' id='word_1_40' title='bbox 706 584 1122 655; x_wconf 71' lang='lat' dir='ltr'><strong>pmticerentur.</strong></span> <span class='ocrx_word' id='word_1_41' title='bbox 1155 580 1222 632; x_wconf 85' lang='lat' dir='ltr'><strong>At</strong></span> <span class='ocrx_word' id='word_1_42' title='bbox 1243 592 1371 633; x_wconf 86' lang='lat' dir='ltr'><strong>vero</strong></span> <span class='ocrx_word' id='word_1_43' title='bbox 1400 590 1504 629; x_wconf 91' lang='lat' dir='ltr'><strong>non</strong></span> <span class='ocrx_word' id='word_1_44' title='bbox 1535 588 1601 628; x_wconf 91' lang='lat' dir='ltr'><strong>ex</strong></span> <span class='ocrx_word' id='word_1_45' title='bbox 1631 571 1760 628; x_wconf 88' lang='lat' dir='ltr'><strong>solis</strong></span> <span class='ocrx_word' id='word_1_46' title='bbox 1789 569 2027 625; x_wconf 92' lang='lat' dir='ltr'><strong>diaconis</strong></span> <span class='ocrx_word' id='word_1_47' title='bbox 2054 582 2143 623; x_wconf 88' lang='lat' dir='ltr'><strong>re-</strong></span> 
     </span>
    </p>
   </div>
   <div class='ocr_carea' id='block_1_7' title="bbox 564 660 2147 747">
    <p class='ocr_par' dir='ltr' id='par_1_7' title="bbox 564 660 2147 747">
     <span class='ocr_line' id='line_1_7' title="bbox 564 660 2147 747; baseline -0.011 -14"><span class='ocrx_word' id='word_1_48' title='bbox 564 678 791 747; x_wconf 82' lang='lat' dir='ltr'><strong>gionarii</strong></span> <span class='ocrx_word' id='word_1_49' title='bbox 822 673 1300 734; x_wconf 76' lang='lat' dir='ltr'><strong>constituebantur,</strong></span> <span class='ocrx_word' id='word_1_50' title='bbox 1334 667 1428 724; x_wconf 92' lang='lat' dir='ltr'><strong>sed</strong></span> <span class='ocrx_word' id='word_1_51' title='bbox 1451 666 1613 722; x_wconf 90' lang='lat' dir='ltr'><strong>etiam</strong></span> <span class='ocrx_word' id='word_1_52' title='bbox 1638 683 1705 721; x_wconf 86' lang='lat' dir='ltr'><strong>ex</strong></span> <span class='ocrx_word' id='word_1_53' title='bbox 1732 660 2072 720; x_wconf 88' lang='lat' dir='ltr'><strong>subdiaconis</strong></span> <span class='ocrx_word' id='word_1_54' title='bbox 2092 674 2147 717; x_wconf 91' lang='lat' dir='ltr'><strong>et</strong></span> 
     </span>
    </p>
   </div>
   <div class='ocr_carea' id='block_1_8' title="bbox 566 756 2144 834">
    <p class='ocr_par' dir='ltr' id='par_1_8' title="bbox 566 756 2144 834">
     <span class='ocr_line' id='line_1_8' title="bbox 566 756 2144 834; baseline -0.009 -12"><span class='ocrx_word' id='word_1_55' title='bbox 566 784 634 822; x_wconf 85' lang='lat' dir='ltr'><strong>ex</strong></span> <span class='ocrx_word' id='word_1_56' title='bbox 666 765 909 828; x_wconf 88' lang='lat' dir='ltr'><strong>notariis,</strong></span> <span class='ocrx_word' id='word_1_57' title='bbox 943 772 1255 834; x_wconf 86' lang='lat' dir='ltr'><strong>posteaque,</strong></span> <span class='ocrx_word' id='word_1_58' title='bbox 1279 758 1541 828; x_wconf 82' lang='lat' dir='ltr'><strong>Gregorio</strong></span> <span class='ocrx_word' id='word_1_59' title='bbox 1572 758 1761 826; x_wconf 84' lang='lat' dir='ltr'><strong>Magno</strong></span> <span class='ocrx_word' id='word_1_60' title='bbox 1792 756 2144 817; x_wconf 87' lang='lat' dir='ltr'><strong>concedente,</strong></span> 
     </span>
    </p>
   </div>
   <div class='ocr_carea' id='block_1_9' title="bbox 564 853 2143 927">
    <p class='ocr_par' dir='ltr' id='par_1_9' title="bbox 564 853 2143 927">
     <span class='ocr_line' id='line_1_9' title="bbox 564 853 2143 927; baseline -0.006 -10"><span class='ocrx_word' id='word_1_61' title='bbox 564 878 631 917; x_wconf 81' lang='lat' dir='ltr'><strong>ex</strong></span> <span class='ocrx_word' id='word_1_62' title='bbox 660 859 1046 917; x_wconf 81' lang='lat' dir='ltr'><strong>defensoribus.</strong></span> <span class='ocrx_word' id='word_1_63' title='bbox 1076 856 1296 927; x_wconf 65' lang='lat' dir='ltr'><strong>(Regist.</strong></span> <span class='ocrx_word' id='word_1_64' title='bbox 1327 858 1363 911; x_wconf 88' lang='grc' dir='ltr'><strong>ι.</strong></span> <span class='ocrx_word' id='word_1_65' title='bbox 1396 872 1509 923; x_wconf 83' lang='lat' dir='ltr'><strong>vni,</strong></span> <span class='ocrx_word' id='word_1_66' title='bbox 1539 874 1619 924; x_wconf 89' lang='lat' dir='ltr'><strong>ep.</strong></span> <span class='ocrx_word' id='word_1_67' title='bbox 1647 854 1758 924; x_wconf 75' lang='grc'><strong>14.)</strong></span> <span class='ocrx_word' id='word_1_68' title='bbox 1788 853 1963 908; x_wconf 86' lang='lat' dir='ltr'><strong>Verba</strong></span> <span class='ocrx_word' id='word_1_69' title='bbox 1988 853 2143 907; x_wconf 90' lang='lat' dir='ltr'><strong>Joan.</strong></span> 
     </span>
    </p>
   </div>
   <div class='ocr_carea' id='block_1_10' title="bbox 566 943 2148 1016">
    <p class='ocr_par' dir='ltr' id='par_1_10' title="bbox 566 943 2148 1016">
     <span class='ocr_line' id='line_1_10' title="bbox 566 943 2148 1016; baseline -0.007 -10"><span class='ocrx_word' id='word_1_70' title='bbox 566 951 784 1007; x_wconf 88' lang='lat' dir='ltr'><strong>Diaconi</strong></span> <span class='ocrx_word' id='word_1_71' title='bbox 815 948 1061 1013; x_wconf 80' lang='lat' dir='ltr'><strong>referam,</strong></span> <span class='ocrx_word' id='word_1_72' title='bbox 1094 956 1153 1003; x_wconf 89' lang='lat' dir='ltr'><strong>ut</strong></span> <span class='ocrx_word' id='word_1_73' title='bbox 1199 946 1326 1016; x_wconf 91' lang='lat' dir='ltr'><strong>quid</strong></span> <span class='ocrx_word' id='word_1_74' title='bbox 1374 964 1436 1001; x_wconf 82' lang='lat' dir='ltr'><strong>ex</strong></span> <span class='ocrx_word' id='word_1_75' title='bbox 1480 946 1583 1000; x_wconf 87' lang='lat' dir='ltr'><strong>illis</strong></span> <span class='ocrx_word' id='word_1_76' title='bbox 1628 944 2031 1012; x_wconf 88' lang='lat' dir='ltr'><strong>intelligendum</strong></span> <span class='ocrx_word' id='word_1_77' title='bbox 2078 943 2148 997; x_wconf 88' lang='lat' dir='ltr'><strong>sit</strong></span> 
     </span>
    </p>
   </div>
   <div class='ocr_carea' id='block_1_11' title="bbox 563 1034 2147 1112">
    <p class='ocr_par' dir='ltr' id='par_1_11' title="bbox 563 1034 2147 1112">
     <span class='ocr_line' id='line_1_11' title="bbox 563 1034 2147 1112; baseline -0.007 -18"><span class='ocrx_word' id='word_1_78' title='bbox 563 1041 799 1112; x_wconf 89' lang='lat' dir='ltr'><strong>prudens</strong></span> <span class='ocrx_word' id='word_1_79' title='bbox 818 1039 994 1094; x_wconf 84' lang='lat' dir='ltr'><strong>lector</strong></span> <span class='ocrx_word' id='word_1_80' title='bbox 1015 1044 1213 1092; x_wconf 79' lang='lat' dir='ltr'><strong>statuat</strong></span> <span class='ocrx_word' id='word_1_81' title='bbox 1244 1054 1257 1089; x_wconf 88' lang='lat'><strong>:</strong></span> <span class='ocrx_word' id='word_1_82' title='bbox 1291 1035 1357 1089; x_wconf 83' lang='lat' dir='ltr'><strong>In</strong></span> <span class='ocrx_word' id='word_1_83' title='bbox 1386 1037 1531 1106; x_wconf 88' lang='lat' dir='ltr'><strong>cujus</strong></span> <span class='ocrx_word' id='word_1_84' title='bbox 1552 1034 1854 1090; x_wconf 80' lang='lat' dir='ltr'><strong>venerabilis</strong></span> <span class='ocrx_word' id='word_1_85' title='bbox 1882 1042 2147 1087; x_wconf 86' lang='lat' dir='ltr'><strong>monaste-</strong></span> 
     </span>
    </p>
   </div>
   <div class='ocr_carea' id='block_1_12' title="bbox 563 1125 2148 1204">
    <p class='ocr_par' dir='ltr' id='par_1_12' title="bbox 563 1125 2148 1204">
     <span class='ocr_line' id='line_1_12' title="bbox 563 1125 2148 1204; baseline -0.007 -17"><span class='ocrx_word' id='word_1_86' title='bbox 563 1133 629 1187; x_wconf 90' lang='lat' dir='ltr'><strong>rii</strong></span> <span class='ocrx_word' id='word_1_87' title='bbox 659 1130 737 1204; x_wconf 91' lang='lat' dir='ltr'><strong>(S.</strong></span> <span class='ocrx_word' id='word_1_88' title='bbox 774 1128 1020 1199; x_wconf 76' lang='lat' dir='ltr'><strong>Andreze)</strong></span> <span class='ocrx_word' id='word_1_89' title='bbox 1045 1129 1197 1193; x_wconf 83' lang='lat' dir='ltr'><strong>atrio,</strong></span> <span class='ocrx_word' id='word_1_90' title='bbox 1224 1129 1373 1198; x_wconf 90' lang='lat' dir='ltr'><strong>jussu</strong></span> <span class='ocrx_word' id='word_1_91' title='bbox 1398 1127 1650 1197; x_wconf 83' lang='lat' dir='ltr'><strong>Gregorii,</strong></span> <span class='ocrx_word' id='word_1_92' title='bbox 1668 1127 1825 1196; x_wconf 73' lang='lat' dir='ltr'><strong>juxta</strong></span> <span class='ocrx_word' id='word_1_93' title='bbox 1851 1125 2148 1196; x_wconf 87' lang='lat' dir='ltr'><strong>nymphium</strong></span> 
     </span>
    </p>
   </div>
   <div class='ocr_carea' id='block_1_13' title="bbox 564 1214 2145 1287">
    <p class='ocr_par' dir='ltr' id='par_1_13' title="bbox 564 1214 2145 1287">
     <span class='ocr_line' id='line_1_13' title="bbox 564 1214 2145 1287; baseline -0.008 -10"><span class='ocrx_word' id='word_1_94' title='bbox 564 1224 681 1277; x_wconf 68' lang='lat' dir='ltr'><strong>dum</strong></span> <span class='ocrx_word' id='word_1_95' title='bbox 700 1221 886 1276; x_wconf 70' lang='lat' dir='ltr'><strong>iconiae</strong></span> <span class='ocrx_word' id='word_1_96' title='bbox 906 1220 1193 1274; x_wconf 75' lang='lat' dir='ltr'><strong>veterrima:</strong></span> <span class='ocrx_word' id='word_1_97' title='bbox 1221 1218 1566 1287; x_wconf 77' lang='lat' dir='ltr'><strong>artiﬁcialiter</strong></span> <span class='ocrx_word' id='word_1_98' title='bbox 1591 1216 1826 1283; x_wconf 77' lang='lat' dir='ltr'><strong>depictte,</strong></span> <span class='ocrx_word' id='word_1_99' title='bbox 1842 1231 1999 1285; x_wconf 84' lang='lat' dir='ltr'><strong>usque</strong></span> <span class='ocrx_word' id='word_1_100' title='bbox 2019 1214 2145 1265; x_wconf 90' lang='lat' dir='ltr'><strong>hac-</strong></span> 
     </span>
    </p>
   </div>
   <div class='ocr_carea' id='block_1_14' title="bbox 567 1304 2149 1379">
    <p class='ocr_par' dir='ltr' id='par_1_14' title="bbox 567 1304 2149 1379">
     <span class='ocr_line' id='line_1_14' title="bbox 567 1304 2149 1379; baseline -0.008 -12"><span class='ocrx_word' id='word_1_101' title='bbox 567 1323 713 1368; x_wconf 84' lang='lat' dir='ltr'><strong>tenus</strong></span> <span class='ocrx_word' id='word_1_102' title='bbox 742 1312 1008 1375; x_wconf 80' lang='lat' dir='ltr'><strong>videntur;</strong></span> <span class='ocrx_word' id='word_1_103' title='bbox 1038 1311 1092 1363; x_wconf 90' lang='lat' dir='ltr'><strong>in</strong></span> <span class='ocrx_word' id='word_1_104' title='bbox 1131 1324 1343 1379; x_wconf 84' lang='lat' dir='ltr'><strong>quorum</strong></span> <span class='ocrx_word' id='word_1_105' title='bbox 1386 1308 1548 1359; x_wconf 83' lang='lat' dir='ltr'><strong>altera</strong></span> <span class='ocrx_word' id='word_1_106' title='bbox 1582 1304 1640 1357; x_wconf 85' lang='grc' dir='ltr'><strong>Β.</strong></span> <span class='ocrx_word' id='word_1_107' title='bbox 1680 1305 1861 1358; x_wconf 82' lang='lat' dir='ltr'><strong>Petrus</strong></span> <span class='ocrx_word' id='word_1_108' title='bbox 1886 1304 2149 1372; x_wconf 81' lang='lat' dir='ltr'><strong>apostolus</strong></span> 
     </span>
    </p>
   </div>
   <div class='ocr_carea' id='block_1_15' title="bbox 566 1397 2146 1473">
    <p class='ocr_par' dir='ltr' id='par_1_15' title="bbox 566 1397 2146 1473">
     <span class='ocr_line' id='line_1_15' title="bbox 566 1397 2146 1473; baseline -0.008 -13"><span class='ocrx_word' id='word_1_109' title='bbox 566 1406 751 1461; x_wconf 83' lang='lat' dir='ltr'><strong>sedens</strong></span> <span class='ocrx_word' id='word_1_110' title='bbox 791 1405 1106 1473; x_wconf 76' lang='lat' dir='ltr'><strong>conspicitur</strong></span> <span class='ocrx_word' id='word_1_111' title='bbox 1144 1408 1367 1454; x_wconf 86' lang='lat' dir='ltr'><strong>stantem</strong></span> <span class='ocrx_word' id='word_1_112' title='bbox 1416 1397 1737 1451; x_wconf 84' lang='lat' dir='ltr'><strong>Gordianum</strong></span> <span class='ocrx_word' id='word_1_113' title='bbox 1780 1397 2146 1466; x_wconf 86' lang='lat' dir='ltr'><strong>regionarium,</strong></span> 
     </span>
    </p>
   </div>
   <div class='ocr_carea' id='block_1_16' title="bbox 567 1486 2151 1560">
    <p class='ocr_par' dir='ltr' id='par_1_16' title="bbox 567 1486 2151 1560">
     <span class='ocr_line' id='line_1_16' title="bbox 567 1486 2151 1560; baseline -0.009 -10"><span class='ocrx_word' id='word_1_114' title='bbox 567 1495 801 1550; x_wconf 83' lang='lat' dir='ltr'><strong>videlicet</strong></span> <span class='ocrx_word' id='word_1_115' title='bbox 824 1492 1038 1546; x_wconf 83' lang='lat' dir='ltr'><strong>Patrem</strong></span> <span class='ocrx_word' id='word_1_116' title='bbox 1059 1489 1315 1560; x_wconf 84' lang='lat' dir='ltr'><strong>Gregorii,</strong></span> <span class='ocrx_word' id='word_1_117' title='bbox 1345 1504 1501 1541; x_wconf 82' lang='lat' dir='ltr'><strong>manu</strong></span> <span class='ocrx_word' id='word_1_118' title='bbox 1524 1487 1740 1539; x_wconf 74' lang='lat' dir='ltr'><strong>dextera</strong></span> <span class='ocrx_word' id='word_1_119' title='bbox 1768 1501 1861 1552; x_wconf 91' lang='lat' dir='ltr'><strong>per</strong></span> <span class='ocrx_word' id='word_1_120' title='bbox 1884 1486 2151 1537; x_wconf 76' lang='lat' dir='ltr'><strong>dexteram</strong></span> 
     </span>
    </p>
   </div>
   <div class='ocr_carea' id='block_1_17' title="bbox 567 1574 2150 1654">
    <p class='ocr_par' dir='ltr' id='par_1_17' title="bbox 567 1574 2150 1654">
     <span class='ocr_line' id='line_1_17' title="bbox 567 1574 2150 1654; baseline -0.008 -16"><span class='ocrx_word' id='word_1_121' title='bbox 567 1585 872 1654; x_wconf 83' lang='lat' dir='ltr'><strong>suscepisse.</strong></span> <span class='ocrx_word' id='word_1_122' title='bbox 905 1580 1062 1650; x_wconf 88' lang='lat' dir='ltr'><strong>Cujus</strong></span> <span class='ocrx_word' id='word_1_123' title='bbox 1108 1577 1364 1632; x_wconf 84' lang='lat' dir='ltr'><strong>Gordiani</strong></span> <span class='ocrx_word' id='word_1_124' title='bbox 1410 1575 1634 1640; x_wconf 88' lang='lat' dir='ltr'><strong>habitus,</strong></span> <span class='ocrx_word' id='word_1_125' title='bbox 1690 1574 1920 1627; x_wconf 87' lang='lat' dir='ltr'><strong>castanei</strong></span> <span class='ocrx_word' id='word_1_126' title='bbox 1963 1574 2150 1627; x_wconf 85' lang='lat' dir='ltr'><strong>coloris</strong></span> 
     </span>
    </p>
   </div>
   <div class='ocr_carea' id='block_1_18' title="bbox 568 1662 2150 1743">
    <p class='ocr_par' dir='ltr' id='par_1_18' title="bbox 568 1662 2150 1743">
     <span class='ocr_line' id='line_1_18' title="bbox 568 1662 2150 1743; baseline -0.007 -18"><span class='ocrx_word' id='word_1_127' title='bbox 568 1673 777 1743; x_wconf 70' lang='lat' dir='ltr'><strong>planetu</strong></span> <span class='ocrx_word' id='word_1_128' title='bbox 805 1678 901 1734; x_wconf 89' lang='lat' dir='ltr'><strong>est,</strong></span> <span class='ocrx_word' id='word_1_129' title='bbox 934 1668 1025 1722; x_wconf 85' lang='lat' dir='ltr'><strong>sub</strong></span> <span class='ocrx_word' id='word_1_130' title='bbox 1064 1668 1274 1737; x_wconf 74' lang='lat' dir='ltr'><strong>planetu</strong></span> <span class='ocrx_word' id='word_1_131' title='bbox 1304 1663 1606 1727; x_wconf 86' lang='lat' dir='ltr'><strong>dalmatica,</strong></span> <span class='ocrx_word' id='word_1_132' title='bbox 1629 1665 1683 1716; x_wconf 87' lang='lat' dir='ltr'><strong>in</strong></span> <span class='ocrx_word' id='word_1_133' title='bbox 1710 1662 1924 1733; x_wconf 79' lang='lat' dir='ltr'><strong>pedibus</strong></span> <span class='ocrx_word' id='word_1_134' title='bbox 1952 1662 2150 1731; x_wconf 83' lang='lat' dir='ltr'><strong>caligas</strong></span> 
     </span>
    </p>
   </div>
   <div class='ocr_carea' id='block_1_19' title="bbox 2250 476 3841 548">
    <p class='ocr_par' dir='ltr' id='par_1_19' title="bbox 2250 476 3841 548">
     <span class='ocr_line' id='line_1_19' title="bbox 2250 476 3841 548; baseline 0.004 -20"><span class='ocrx_word' id='word_1_135' title='bbox 2250 476 2318 529; x_wconf 89' lang='lat' dir='ltr'><strong>ab</strong></span> <span class='ocrx_word' id='word_1_136' title='bbox 2356 476 2591 546; x_wconf 89' lang='lat' dir='ltr'><strong>antiquis</strong></span> <span class='ocrx_word' id='word_1_137' title='bbox 2639 486 2857 532; x_wconf 89' lang='lat' dir='ltr'><strong>senatus</strong></span> <span class='ocrx_word' id='word_1_138' title='bbox 2888 478 3116 533; x_wconf 86' lang='lat' dir='ltr'><strong>Romani</strong></span> <span class='ocrx_word' id='word_1_139' title='bbox 3154 478 3486 548; x_wconf 87' lang='lat' dir='ltr'><strong>proceribus,</strong></span> <span class='ocrx_word' id='word_1_140' title='bbox 3531 479 3635 533; x_wconf 89' lang='lat' dir='ltr'><strong>illis</strong></span> <span class='ocrx_word' id='word_1_141' title='bbox 3683 480 3841 534; x_wconf 79' lang='lat' dir='ltr'><strong>nimi-</strong></span> 
     </span>
    </p>
   </div>
   <div class='ocr_carea' id='block_1_20' title="bbox 2250 569 3840 639">
    <p class='ocr_par' dir='ltr' id='par_1_20' title="bbox 2250 569 3840 639">
     <span class='ocr_line' id='line_1_20' title="bbox 2250 569 3840 639; baseline 0.003 -18"><span class='ocrx_word' id='word_1_142' title='bbox 2250 584 2367 622; x_wconf 88' lang='lat' dir='ltr'><strong>rum</strong></span> <span class='ocrx_word' id='word_1_143' title='bbox 2389 569 2602 636; x_wconf 84' lang='lat' dir='ltr'><strong>vigente</strong></span> <span class='ocrx_word' id='word_1_144' title='bbox 2631 569 2903 639; x_wconf 87' lang='lat' dir='ltr'><strong>republica</strong></span> <span class='ocrx_word' id='word_1_145' title='bbox 2926 584 3105 624; x_wconf 90' lang='lat' dir='ltr'><strong>rerum</strong></span> <span class='ocrx_word' id='word_1_146' title='bbox 3131 569 3379 635; x_wconf 91' lang='lat' dir='ltr'><strong>dominis,</strong></span> <span class='ocrx_word' id='word_1_147' title='bbox 3408 582 3577 638; x_wconf 84' lang='lat' dir='ltr'><strong>genus</strong></span> <span class='ocrx_word' id='word_1_148' title='bbox 3600 569 3840 637; x_wconf 87' lang='lat' dir='ltr'><strong>duxisse,</strong></span> 
     </span>
    </p>
   </div>
   <div class='ocr_carea' id='block_1_21' title="bbox 2250 658 3845 728">
    <p class='ocr_par' dir='ltr' id='par_1_21' title="bbox 2250 658 3845 728">
     <span class='ocr_line' id='line_1_21' title="bbox 2250 658 3845 728; baseline 0.001 -17"><span class='ocrx_word' id='word_1_149' title='bbox 2250 666 2341 711; x_wconf 87' lang='lat' dir='ltr'><strong>aut</strong></span> <span class='ocrx_word' id='word_1_150' title='bbox 2379 658 2495 727; x_wconf 88' lang='lat' dir='ltr'><strong>ejus</strong></span> <span class='ocrx_word' id='word_1_151' title='bbox 2525 668 2704 728; x_wconf 86' lang='lat' dir='ltr'><strong>patres</strong></span> <span class='ocrx_word' id='word_1_152' title='bbox 2754 660 2895 714; x_wconf 91' lang='lat' dir='ltr'><strong>inter</strong></span> <span class='ocrx_word' id='word_1_153' title='bbox 2945 660 3228 728; x_wconf 89' lang='lat' dir='ltr'><strong>primarios</strong></span> <span class='ocrx_word' id='word_1_154' title='bbox 3272 658 3354 715; x_wconf 89' lang='lat' dir='ltr'><strong>sui</strong></span> <span class='ocrx_word' id='word_1_155' title='bbox 3399 659 3657 728; x_wconf 87' lang='lat' dir='ltr'><strong>temporis</strong></span> <span class='ocrx_word' id='word_1_156' title='bbox 3686 674 3845 713; x_wconf 87' lang='lat' dir='ltr'><strong>sena-</strong></span> 
     </span>
    </p>
   </div>
   <div class='ocr_carea' id='block_1_22' title="bbox 2251 749 3841 819">
    <p class='ocr_par' dir='ltr' id='par_1_22' title="bbox 2251 749 3841 819">
     <span class='ocr_line' id='line_1_22' title="bbox 2251 749 3841 819; baseline 0.003 -20"><span class='ocrx_word' id='word_1_157' title='bbox 2251 756 2396 802; x_wconf 89' lang='lat' dir='ltr'><strong>tores</strong></span> <span class='ocrx_word' id='word_1_158' title='bbox 2427 749 2603 802; x_wconf 92' lang='lat' dir='ltr'><strong>locum</strong></span> <span class='ocrx_word' id='word_1_159' title='bbox 2629 749 2947 804; x_wconf 87' lang='lat' dir='ltr'><strong>obtinuisse.</strong></span> <span class='ocrx_word' id='word_1_160' title='bbox 2972 749 3204 803; x_wconf 85' lang='lat' dir='ltr'><strong>Felicem</strong></span> <span class='ocrx_word' id='word_1_161' title='bbox 3232 765 3423 819; x_wconf 90' lang='lat' dir='ltr'><strong>papam</strong></span> <span class='ocrx_word' id='word_1_162' title='bbox 3446 758 3663 803; x_wconf 88' lang='lat' dir='ltr'><strong>atavum</strong></span> <span class='ocrx_word' id='word_1_163' title='bbox 3685 766 3841 803; x_wconf 88' lang='lat' dir='ltr'><strong>suum</strong></span> 
     </span>
    </p>
   </div>
   <div class='ocr_carea' id='block_1_23' title="bbox 2251 837 3841 909">
    <p class='ocr_par' dir='ltr' id='par_1_23' title="bbox 2251 837 3841 909">
     <span class='ocr_line' id='line_1_23' title="bbox 2251 837 3841 909; baseline 0.004 -19"><span class='ocrx_word' id='word_1_164' title='bbox 2251 837 2413 893; x_wconf 88' lang='lat' dir='ltr'><strong>fuisse</strong></span> <span class='ocrx_word' id='word_1_165' title='bbox 2448 847 2674 893; x_wconf 90' lang='lat' dir='ltr'><strong>testatur</strong></span> <span class='ocrx_word' id='word_1_166' title='bbox 2704 840 2818 909; x_wconf 90' lang='lat' dir='ltr'><strong>ipse</strong></span> <span class='ocrx_word' id='word_1_167' title='bbox 2849 841 2939 894; x_wconf 90' lang='lat' dir='ltr'><strong>lib.</strong></span> <span class='ocrx_word' id='word_1_168' title='bbox 2974 856 3024 893; x_wconf 87' lang='lat' dir='ltr'><strong>tv</strong></span> <span class='ocrx_word' id='word_1_169' title='bbox 3053 838 3416 908; x_wconf 82' lang='lat' dir='ltr'><strong>Dialogorum,</strong></span> <span class='ocrx_word' id='word_1_170' title='bbox 3449 855 3499 895; x_wconf 91' lang='lat' dir='ltr'><strong>c.</strong></span> <span class='ocrx_word' id='word_1_171' title='bbox 3532 839 3621 905; x_wconf 77' lang='grc'><strong>16,</strong></span> <span class='ocrx_word' id='word_1_172' title='bbox 3656 850 3709 895; x_wconf 90' lang='lat' dir='ltr'><strong>et</strong></span> <span class='ocrx_word' id='word_1_173' title='bbox 3740 842 3841 896; x_wconf 85' lang='lat' dir='ltr'><strong>bo-</strong></span> 
     </span>
    </p>
   </div>
   <div class='ocr_carea' id='block_1_24' title="bbox 2251 929 2879 999">
    <p class='ocr_par' dir='ltr' id='par_1_24' title="bbox 2251 929 2879 999">
     <span class='ocr_line' id='line_1_24' title="bbox 2251 929 2879 999; baseline 0.006 -17"><span class='ocrx_word' id='word_1_174' title='bbox 2251 930 2361 984; x_wconf 90' lang='lat' dir='ltr'><strong>mil.</strong></span> <span class='ocrx_word' id='word_1_175' title='bbox 2392 930 2461 983; x_wconf 83' lang='lat'><strong>&#39;58</strong></span> <span class='ocrx_word' id='word_1_176' title='bbox 2492 932 2544 984; x_wconf 90' lang='lat' dir='ltr'><strong>in</strong></span> <span class='ocrx_word' id='word_1_177' title='bbox 2572 929 2879 999; x_wconf 82' lang='lat' dir='ltr'><strong>Evangelia.</strong></span> 
     </span>
    </p>
   </div>
   <div class='ocr_carea' id='block_1_25' title="bbox 2321 1019 3844 1092">
    <p class='ocr_par' dir='ltr' id='par_1_25' title="bbox 2321 1019 3844 1092">
     <span class='ocr_line' id='line_1_25' title="bbox 2321 1019 3844 1092; baseline 0.002 -18"><span class='ocrx_word' id='word_1_178' title='bbox 2321 1019 2451 1087; x_wconf 84' lang='lat' dir='ltr'><strong>Quis</strong></span> <span class='ocrx_word' id='word_1_179' title='bbox 2485 1030 2661 1075; x_wconf 91' lang='lat' dir='ltr'><strong>autem</strong></span> <span class='ocrx_word' id='word_1_180' title='bbox 2702 1022 2861 1077; x_wconf 84' lang='lat' dir='ltr'><strong>fuerit</strong></span> <span class='ocrx_word' id='word_1_181' title='bbox 2901 1022 2989 1076; x_wconf 92' lang='lat' dir='ltr'><strong>ille</strong></span> <span class='ocrx_word' id='word_1_182' title='bbox 3036 1021 3206 1088; x_wconf 81' lang='lat' dir='ltr'><strong>Felix,</strong></span> <span class='ocrx_word' id='word_1_183' title='bbox 3260 1023 3447 1078; x_wconf 90' lang='lat' dir='ltr'><strong>tertius</strong></span> <span class='ocrx_word' id='word_1_184' title='bbox 3495 1038 3563 1077; x_wconf 88' lang='lat' dir='ltr'><strong>an</strong></span> <span class='ocrx_word' id='word_1_185' title='bbox 3593 1032 3844 1092; x_wconf 88' lang='lat' dir='ltr'><strong>quartus,</strong></span> 
     </span>
    </p>
   </div>
   <div class='ocr_carea' id='block_1_26' title="bbox 2252 1110 3843 1182">
    <p class='ocr_par' dir='ltr' id='par_1_26' title="bbox 2252 1110 3843 1182">
     <span class='ocr_line' id='line_1_26' title="bbox 2252 1110 3843 1182; baseline 0.004 -19"><span class='ocrx_word' id='word_1_186' title='bbox 2252 1111 2557 1180; x_wconf 80' lang='lat' dir='ltr'><strong>ambigitur.</strong></span> <span class='ocrx_word' id='word_1_187' title='bbox 2589 1110 2825 1167; x_wconf 84' lang='lat' dir='ltr'><strong>Joannes</strong></span> <span class='ocrx_word' id='word_1_188' title='bbox 2863 1113 3130 1168; x_wconf 89' lang='lat' dir='ltr'><strong>Diaconus</strong></span> <span class='ocrx_word' id='word_1_189' title='bbox 3159 1123 3408 1182; x_wconf 90' lang='lat' dir='ltr'><strong>quartum</strong></span> <span class='ocrx_word' id='word_1_190' title='bbox 3441 1113 3602 1169; x_wconf 89' lang='lat' dir='ltr'><strong>fuisse</strong></span> <span class='ocrx_word' id='word_1_191' title='bbox 3628 1117 3843 1179; x_wconf 88' lang='lat' dir='ltr'><strong>asserit,</strong></span> 
     </span>
    </p>
   </div>
   <div class='ocr_carea' id='block_1_27' title="bbox 2251 1201 3845 1276">
    <p class='ocr_par' dir='ltr' id='par_1_27' title="bbox 2251 1201 3845 1276">
     <span class='ocr_line' id='line_1_27' title="bbox 2251 1201 3845 1276; baseline 0.003 -24"><span class='ocrx_word' id='word_1_192' title='bbox 2251 1214 2409 1268; x_wconf 89' lang='lat' dir='ltr'><strong>quem</strong></span> <span class='ocrx_word' id='word_1_193' title='bbox 2440 1201 2601 1254; x_wconf 85' lang='lat' dir='ltr'><strong>virum</strong></span> <span class='ocrx_word' id='word_1_194' title='bbox 2627 1219 2830 1273; x_wconf 71' lang='lat' dir='ltr'><strong>magna:</strong></span> <span class='ocrx_word' id='word_1_195' title='bbox 2859 1205 2913 1256; x_wconf 91' lang='lat' dir='ltr'><strong>in</strong></span> <span class='ocrx_word' id='word_1_196' title='bbox 2944 1203 3133 1257; x_wconf 80' lang='lat' dir='ltr'><strong>Christi</strong></span> <span class='ocrx_word' id='word_1_197' title='bbox 3160 1203 3396 1258; x_wconf 84' lang='lat' dir='ltr'><strong>Ecclesia</strong></span> <span class='ocrx_word' id='word_1_198' title='bbox 3427 1208 3724 1259; x_wconf 74' lang='lat' dir='ltr'><strong>reverentia:</strong></span> <span class='ocrx_word' id='word_1_199' title='bbox 3746 1222 3845 1276; x_wconf 87' lang='lat' dir='ltr'><strong>ap—</strong></span> 
     </span>
    </p>
   </div>
   <div class='ocr_carea' id='block_1_28' title="bbox 2252 1290 3848 1360">
    <p class='ocr_par' dir='ltr' id='par_1_28' title="bbox 2252 1290 3848 1360">
     <span class='ocr_line' id='line_1_28' title="bbox 2252 1290 3848 1360; baseline 0.004 -17"><span class='ocrx_word' id='word_1_200' title='bbox 2252 1290 2447 1359; x_wconf 90' lang='lat' dir='ltr'><strong>pellat;</strong></span> <span class='ocrx_word' id='word_1_201' title='bbox 2484 1292 2665 1360; x_wconf 89' lang='lat' dir='ltr'><strong>aitque</strong></span> <span class='ocrx_word' id='word_1_202' title='bbox 2696 1293 2968 1346; x_wconf 83' lang='lat' dir='ltr'><strong>basilicam</strong></span> <span class='ocrx_word' id='word_1_203' title='bbox 2998 1303 3295 1348; x_wconf 87' lang='lat' dir='ltr'><strong>sanctorum</strong></span> <span class='ocrx_word' id='word_1_204' title='bbox 3320 1293 3519 1349; x_wconf 79' lang='lat' dir='ltr'><strong>Cosma:</strong></span> <span class='ocrx_word' id='word_1_205' title='bbox 3548 1306 3596 1347; x_wconf 90' lang='lat' dir='ltr'><strong>et</strong></span> <span class='ocrx_word' id='word_1_206' title='bbox 3628 1294 3848 1349; x_wconf 83' lang='lat' dir='ltr'><strong>Damia-</strong></span> 
     </span>
    </p>
   </div>
   <div class='ocr_carea' id='block_1_29' title="bbox 2252 1382 3848 1454">
    <p class='ocr_par' dir='ltr' id='par_1_29' title="bbox 2252 1382 3848 1454">
     <span class='ocr_line' id='line_1_29' title="bbox 2252 1382 3848 1454; baseline 0.005 -21"><span class='ocrx_word' id='word_1_207' title='bbox 2252 1382 2306 1434; x_wconf 92' lang='lat' dir='ltr'><strong>ni</strong></span> <span class='ocrx_word' id='word_1_208' title='bbox 2336 1391 2623 1452; x_wconf 85' lang='lat' dir='ltr'><strong>martyrum</strong></span> <span class='ocrx_word' id='word_1_209' title='bbox 2662 1384 2744 1436; x_wconf 83' lang='lat' dir='ltr'><strong>via</strong></span> <span class='ocrx_word' id='word_1_210' title='bbox 2772 1399 2925 1437; x_wconf 88' lang='lat' dir='ltr'><strong>sacra</strong></span> <span class='ocrx_word' id='word_1_211' title='bbox 2959 1385 3115 1453; x_wconf 79' lang='lat' dir='ltr'><strong>juxta</strong></span> <span class='ocrx_word' id='word_1_212' title='bbox 3162 1386 3404 1454; x_wconf 83' lang='lat' dir='ltr'><strong>templum</strong></span> <span class='ocrx_word' id='word_1_213' title='bbox 3453 1386 3659 1441; x_wconf 86' lang='lat' dir='ltr'><strong>Romuli</strong></span> <span class='ocrx_word' id='word_1_214' title='bbox 3690 1405 3848 1441; x_wconf 82' lang='lat' dir='ltr'><strong>venu-</strong></span> 
     </span>
    </p>
   </div>
   <div class='ocr_carea' id='block_1_30' title="bbox 2252 1471 3847 1543">
    <p class='ocr_par' dir='ltr' id='par_1_30' title="bbox 2252 1471 3847 1543">
     <span class='ocr_line' id='line_1_30' title="bbox 2252 1471 3847 1543; baseline 0.004 -18"><span class='ocrx_word' id='word_1_215' title='bbox 2252 1473 2477 1525; x_wconf 84' lang='lat' dir='ltr'><strong>stissime</strong></span> <span class='ocrx_word' id='word_1_216' title='bbox 2501 1471 2809 1529; x_wconf 89' lang='lat' dir='ltr'><strong>fabricasse.</strong></span> <span class='ocrx_word' id='word_1_217' title='bbox 2843 1474 3027 1543; x_wconf 84' lang='lat' dir='ltr'><strong>Neque</strong></span> <span class='ocrx_word' id='word_1_218' title='bbox 3064 1482 3194 1530; x_wconf 82' lang='lat' dir='ltr'><strong>vero</strong></span> <span class='ocrx_word' id='word_1_219' title='bbox 3222 1476 3379 1531; x_wconf 85' lang='lat' dir='ltr'><strong>facile</strong></span> <span class='ocrx_word' id='word_1_220' title='bbox 3410 1477 3461 1530; x_wconf 93' lang='lat' dir='ltr'><strong>in</strong></span> <span class='ocrx_word' id='word_1_221' title='bbox 3493 1478 3731 1531; x_wconf 89' lang='lat' dir='ltr'><strong>animum</strong></span> <span class='ocrx_word' id='word_1_222' title='bbox 3763 1480 3847 1533; x_wconf 83' lang='lat' dir='ltr'><strong>in-</strong></span> 
     </span>
    </p>
   </div>
   <div class='ocr_carea' id='block_1_31' title="bbox 2252 1560 3846 1633">
    <p class='ocr_par' dir='ltr' id='par_1_31' title="bbox 2252 1560 3846 1633">
     <span class='ocr_line' id='line_1_31' title="bbox 2252 1560 3846 1633; baseline 0.004 -18"><span class='ocrx_word' id='word_1_223' title='bbox 2252 1560 2448 1617; x_wconf 90' lang='lat' dir='ltr'><strong>ducere</strong></span> <span class='ocrx_word' id='word_1_224' title='bbox 2476 1575 2760 1633; x_wconf 79' lang='lat' dir='ltr'><strong>possumus</strong></span> <span class='ocrx_word' id='word_1_225' title='bbox 2782 1563 3041 1620; x_wconf 87' lang='lat' dir='ltr'><strong>Joannem</strong></span> <span class='ocrx_word' id='word_1_226' title='bbox 3065 1564 3361 1620; x_wconf 88' lang='lat' dir='ltr'><strong>Diaconum</strong></span> <span class='ocrx_word' id='word_1_227' title='bbox 3386 1576 3587 1622; x_wconf 88' lang='lat' dir='ltr'><strong>temere</strong></span> <span class='ocrx_word' id='word_1_228' title='bbox 3607 1567 3846 1623; x_wconf 86' lang='lat' dir='ltr'><strong>Felicem</strong></span> 
     </span>
    </p>
   </div>
   <div class='ocr_carea' id='block_1_32' title="bbox 2253 1651 3846 1724">
    <p class='ocr_par' dir='ltr' id='par_1_32' title="bbox 2253 1651 3846 1724">
     <span class='ocr_line' id='line_1_32' title="bbox 2253 1651 3846 1724; baseline 0.005 -19"><span class='ocrx_word' id='word_1_229' title='bbox 2253 1651 2318 1706; x_wconf 80' lang='lat' dir='ltr'><strong>IV</strong></span> <span class='ocrx_word' id='word_1_230' title='bbox 2350 1668 2448 1724; x_wconf 90' lang='lat' dir='ltr'><strong>pro</strong></span> <span class='ocrx_word' id='word_1_231' title='bbox 2492 1652 2558 1706; x_wconf 90' lang='lat' dir='ltr'><strong>lll</strong></span> <span class='ocrx_word' id='word_1_232' title='bbox 2608 1654 3007 1723; x_wconf 89' lang='lat' dir='ltr'><strong>pronuntiasse.</strong></span> <span class='ocrx_word' id='word_1_233' title='bbox 3038 1654 3214 1709; x_wconf 82' lang='lat' dir='ltr'><strong>Vitam</strong></span> <span class='ocrx_word' id='word_1_234' title='bbox 3246 1655 3303 1709; x_wconf 93' lang='lat' dir='ltr'><strong>S.</strong></span> <span class='ocrx_word' id='word_1_235' title='bbox 3330 1654 3596 1724; x_wconf 81' lang='lat' dir='ltr'><strong>Gregorii,</strong></span> <span class='ocrx_word' id='word_1_236' title='bbox 3633 1658 3846 1713; x_wconf 88' lang='lat' dir='ltr'><strong>hortatu</strong></span> 
     </span>
    </p>
   </div>
   <div class='ocr_carea' id='block_1_33' title="bbox 568 1739 3847 1827">
    <p class='ocr_par' dir='ltr' id='par_1_33' title="bbox 568 1739 3847 1827">
     <span class='ocr_line' id='line_1_33' title="bbox 568 1739 3847 1827; baseline -0.004 -12"><span class='ocrx_word' id='word_1_237' title='bbox 568 1739 779 1815; x_wconf 76' lang='lat' dir='ltr'><strong>habens.</strong></span> <span class='ocrx_word' id='word_1_238' title='bbox 814 1760 943 1827; x_wconf 73' lang='lat' dir='ltr'><strong>Qua:</strong></span> <span class='ocrx_word' id='word_1_239' title='bbox 972 1773 1102 1813; x_wconf 90' lang='lat' dir='ltr'><strong>sane</strong></span> <span class='ocrx_word' id='word_1_240' title='bbox 1127 1757 1442 1811; x_wconf 89' lang='lat' dir='ltr'><strong>vestimenta</strong></span> <span class='ocrx_word' id='word_1_241' title='bbox 1484 1767 1709 1820; x_wconf 82' lang='lat' dir='ltr'><strong>arguere</strong></span> <span class='ocrx_word' id='word_1_242' title='bbox 1751 1753 2002 1807; x_wconf 88' lang='lat' dir='ltr'><strong>videntur</strong></span> <span class='ocrx_word' id='word_1_243' title='bbox 2030 1752 2148 1806; x_wconf 89' lang='lat' dir='ltr'><strong>dia-</strong></span> <span class='ocrx_word' id='word_1_244' title='bbox 2182 1753 2228 1812; x_wconf 84' lang='grc' dir='ltr'><strong>Β</strong></span> <span class='ocrx_word' id='word_1_245' title='bbox 2254 1742 2475 1797; x_wconf 80' lang='lat' dir='ltr'><strong>Joannis</strong></span> <span class='ocrx_word' id='word_1_246' title='bbox 2502 1759 2653 1814; x_wconf 67' lang='lat' dir='ltr'><strong>papae</strong></span> <span class='ocrx_word' id='word_1_247' title='bbox 2681 1745 2816 1813; x_wconf 83' lang='lat' dir='ltr'><strong>Vlll,</strong></span> <span class='ocrx_word' id='word_1_248' title='bbox 2858 1747 3198 1802; x_wconf 80' lang='lat' dir='ltr'><strong>scribendam</strong></span> <span class='ocrx_word' id='word_1_249' title='bbox 3238 1739 3483 1818; x_wconf 75' lang='lat' dir='ltr'><strong>suscepit</strong></span> <span class='ocrx_word' id='word_1_250' title='bbox 3539 1750 3626 1804; x_wconf 87' lang='lat' dir='ltr'><strong>hic</strong></span> <span class='ocrx_word' id='word_1_251' title='bbox 3686 1749 3847 1804; x_wconf 85' lang='lat' dir='ltr'><strong>Rom.</strong></span> 
     </span>
    </p>
   </div>
   <div class='ocr_carea' id='block_1_34' title="bbox 569 1842 2147 1911">
    <p class='ocr_par' dir='ltr' id='par_1_34' title="bbox 569 1842 2147 1911">
     <span class='ocr_line' id='line_1_34' title="bbox 569 1842 2147 1911; baseline -0.006 -4"><span class='ocrx_word' id='word_1_252' title='bbox 569 1866 787 1907; x_wconf 89' lang='lat' dir='ltr'><strong>conum.</strong></span> <span class='ocrx_word' id='word_1_253' title='bbox 840 1848 947 1904; x_wconf 89' lang='lat' dir='ltr'><strong>Sed</strong></span> <span class='ocrx_word' id='word_1_254' title='bbox 978 1848 1257 1903; x_wconf 81' lang='lat' dir='ltr'><strong>Ferrarius</strong></span> <span class='ocrx_word' id='word_1_255' title='bbox 1286 1846 1378 1900; x_wconf 87' lang='lat' dir='ltr'><strong>lib.</strong></span> <span class='ocrx_word' id='word_1_256' title='bbox 1414 1862 1430 1900; x_wconf 91' lang='grc' dir='ltr'>ι</span> <span class='ocrx_word' id='word_1_257' title='bbox 1456 1845 1522 1899; x_wconf 89' lang='lat' dir='ltr'><strong>de</strong></span> <span class='ocrx_word' id='word_1_258' title='bbox 1552 1844 1632 1899; x_wconf 82' lang='lat' dir='ltr'><strong>Re</strong></span> <span class='ocrx_word' id='word_1_259' title='bbox 1662 1845 1945 1911; x_wconf 86' lang='lat' dir='ltr'><strong>Vestiaria,</strong></span> <span class='ocrx_word' id='word_1_260' title='bbox 1977 1861 2028 1899; x_wconf 91' lang='lat' dir='ltr'><strong>e.</strong></span> <span class='ocrx_word' id='word_1_261' title='bbox 2060 1842 2147 1908; x_wconf 75' lang='lat'><strong>38,</strong></span> 
     </span>
    </p>
   </div>
   <div class='ocr_carea' id='block_1_35' title="bbox 567 1936 2153 2012">
    <p class='ocr_par' dir='ltr' id='par_1_35' title="bbox 567 1936 2153 2012">
     <span class='ocr_line' id='line_1_35' title="bbox 567 1936 2153 2012; baseline -0.006 -13"><span class='ocrx_word' id='word_1_262' title='bbox 567 1950 751 1999; x_wconf 87' lang='lat' dir='ltr'><strong>censet</strong></span> <span class='ocrx_word' id='word_1_263' title='bbox 777 1942 1141 2012; x_wconf 89' lang='lat' dir='ltr'><strong>promiscuum</strong></span> <span class='ocrx_word' id='word_1_264' title='bbox 1172 1948 1299 1995; x_wconf 91' lang='lat' dir='ltr'><strong>tunc</strong></span> <span class='ocrx_word' id='word_1_265' title='bbox 1324 1939 1487 1993; x_wconf 91' lang='lat' dir='ltr'><strong>fuisse</strong></span> <span class='ocrx_word' id='word_1_266' title='bbox 1512 1938 1739 2008; x_wconf 63' lang='lat' dir='ltr'><strong>planetae</strong></span> <span class='ocrx_word' id='word_1_267' title='bbox 1764 1953 1826 2000; x_wconf 89' lang='lat' dir='ltr'><strong>ac</strong></span> <span class='ocrx_word' id='word_1_268' title='bbox 1853 1936 2153 1991; x_wconf 79' lang='lat' dir='ltr'><strong>dalmaticae</strong></span> 
     </span>
    </p>
   </div>
   <div class='ocr_carea' id='block_1_36' title="bbox 568 2026 2154 2101">
    <p class='ocr_par' dir='ltr' id='par_1_36' title="bbox 568 2026 2154 2101">
     <span class='ocr_line' id='line_1_36' title="bbox 568 2026 2154 2101; baseline -0.004 -13"><span class='ocrx_word' id='word_1_269' title='bbox 568 2048 754 2099; x_wconf 84' lang='lat' dir='ltr'><strong>usum;</strong></span> <span class='ocrx_word' id='word_1_270' title='bbox 803 2033 963 2101; x_wconf 87' lang='lat' dir='ltr'><strong>idque</strong></span> <span class='ocrx_word' id='word_1_271' title='bbox 1008 2030 1310 2087; x_wconf 87' lang='lat' dir='ltr'><strong>luculenter</strong></span> <span class='ocrx_word' id='word_1_272' title='bbox 1365 2030 1626 2099; x_wconf 88' lang='lat' dir='ltr'><strong>probatur</strong></span> <span class='ocrx_word' id='word_1_273' title='bbox 1669 2044 1737 2083; x_wconf 88' lang='lat' dir='ltr'><strong>ex</strong></span> <span class='ocrx_word' id='word_1_274' title='bbox 1782 2028 1899 2097; x_wconf 91' lang='lat' dir='ltr'><strong>ipso</strong></span> <span class='ocrx_word' id='word_1_275' title='bbox 1947 2026 2154 2082; x_wconf 90' lang='lat' dir='ltr'><strong>Joanne</strong></span> 
     </span>
    </p>
   </div>
   <div class='ocr_carea' id='block_1_37' title="bbox 568 2119 2157 2187">
    <p class='ocr_par' dir='ltr' id='par_1_37' title="bbox 568 2119 2157 2187">
     <span class='ocr_line' id='line_1_37' title="bbox 568 2119 2157 2187; baseline -0.001 -10"><span class='ocrx_word' id='word_1_276' title='bbox 568 2123 739 2187; x_wconf 90' lang='lat' dir='ltr'><strong>Diae.,</strong></span> <span class='ocrx_word' id='word_1_277' title='bbox 764 2123 890 2177; x_wconf 89' lang='lat' dir='ltr'><strong>dum</strong></span> <span class='ocrx_word' id='word_1_278' title='bbox 916 2124 1056 2177; x_wconf 84' lang='lat' dir='ltr'><strong>inter</strong></span> <span class='ocrx_word' id='word_1_279' title='bbox 1083 2123 1400 2177; x_wconf 87' lang='lat' dir='ltr'><strong>vestimenta</strong></span> <span class='ocrx_word' id='word_1_280' title='bbox 1432 2120 1487 2175; x_wconf 91' lang='lat' dir='ltr'><strong>S.</strong></span> <span class='ocrx_word' id='word_1_281' title='bbox 1521 2121 1699 2176; x_wconf 74' lang='lat' dir='ltr'><strong>Silvia:</strong></span> <span class='ocrx_word' id='word_1_282' title='bbox 1726 2120 1907 2174; x_wconf 84' lang='lat' dir='ltr'><strong>Matris</strong></span> <span class='ocrx_word' id='word_1_283' title='bbox 1936 2119 1996 2173; x_wconf 92' lang='lat' dir='ltr'><strong>B.</strong></span> <span class='ocrx_word' id='word_1_284' title='bbox 2022 2119 2157 2175; x_wconf 91' lang='lat' dir='ltr'><strong>Gre-</strong></span> 
     </span>
    </p>
   </div>
   <div class='ocr_carea' id='block_1_38' title="bbox 568 2212 2155 2284">
    <p class='ocr_par' dir='ltr' id='par_1_38' title="bbox 568 2212 2155 2284">
     <span class='ocr_line' id='line_1_38' title="bbox 568 2212 2155 2284; baseline -0.001 -15"><span class='ocrx_word' id='word_1_285' title='bbox 568 2214 725 2284; x_wconf 84' lang='lat' dir='ltr'><strong>gorii,</strong></span> <span class='ocrx_word' id='word_1_286' title='bbox 759 2214 1033 2284; x_wconf 90' lang='lat' dir='ltr'><strong>planetam</strong></span> <span class='ocrx_word' id='word_1_287' title='bbox 1071 2220 1337 2278; x_wconf 88' lang='lat' dir='ltr'><strong>recenset,</strong></span> <span class='ocrx_word' id='word_1_288' title='bbox 1371 2220 1429 2267; x_wconf 85' lang='lat' dir='ltr'><strong>ut</strong></span> <span class='ocrx_word' id='word_1_289' title='bbox 1470 2213 1607 2267; x_wconf 86' lang='lat' dir='ltr'><strong>infra</strong></span> <span class='ocrx_word' id='word_1_290' title='bbox 1654 2212 1915 2267; x_wconf 90' lang='lat' dir='ltr'><strong>dicemus.</strong></span> <span class='ocrx_word' id='word_1_291' title='bbox 1945 2212 2060 2279; x_wconf 91' lang='lat' dir='ltr'><strong>Qua</strong></span> <span class='ocrx_word' id='word_1_292' title='bbox 2089 2212 2155 2267; x_wconf 90' lang='lat' dir='ltr'><strong>de</strong></span> 
     </span>
    </p>
   </div>
   <div class='ocr_carea' id='block_1_39' title="bbox 570 2302 2156 2374">
    <p class='ocr_par' dir='ltr' id='par_1_39' title="bbox 570 2302 2156 2374">
     <span class='ocr_line' id='line_1_39' title="bbox 570 2302 2156 2374; baseline -0.001 -14"><span class='ocrx_word' id='word_1_293' title='bbox 570 2322 631 2361; x_wconf 90' lang='lat' dir='ltr'><strong>re</strong></span> <span class='ocrx_word' id='word_1_294' title='bbox 654 2306 912 2374; x_wconf 83' lang='lat' dir='ltr'><strong>legendus</strong></span> <span class='ocrx_word' id='word_1_295' title='bbox 939 2304 1276 2361; x_wconf 87' lang='lat' dir='ltr'><strong>doctissimus</strong></span> <span class='ocrx_word' id='word_1_296' title='bbox 1304 2304 1537 2361; x_wconf 87' lang='lat' dir='ltr'><strong>Joannes</strong></span> <span class='ocrx_word' id='word_1_297' title='bbox 1574 2304 1913 2359; x_wconf 86' lang='lat' dir='ltr'><strong>Mabillonius</strong></span> <span class='ocrx_word' id='word_1_298' title='bbox 1934 2305 1987 2359; x_wconf 91' lang='lat' dir='ltr'><strong>in</strong></span> <span class='ocrx_word' id='word_1_299' title='bbox 2014 2302 2156 2359; x_wconf 64' lang='lat' dir='ltr'><strong>Prae-</strong></span> 
     </span>
    </p>
   </div>
   <div class='ocr_carea' id='block_1_40' title="bbox 570 2393 2154 2467">
    <p class='ocr_par' dir='ltr' id='par_1_40' title="bbox 570 2393 2154 2467">
     <span class='ocr_line' id='line_1_40' title="bbox 570 2393 2154 2467; baseline 0.001 -19"><span class='ocrx_word' id='word_1_300' title='bbox 570 2394 669 2453; x_wconf 75' lang='lat' dir='ltr'><strong>fat.</strong></span> <span class='ocrx_word' id='word_1_301' title='bbox 698 2394 766 2449; x_wconf 90' lang='lat' dir='ltr'><strong>ad</strong></span> <span class='ocrx_word' id='word_1_302' title='bbox 787 2393 941 2449; x_wconf 87' lang='lat' dir='ltr'><strong>Tom.</strong></span> <span class='ocrx_word' id='word_1_303' title='bbox 972 2394 993 2448; x_wconf 88' lang='grc' dir='ltr'>Ι</span> <span class='ocrx_word' id='word_1_304' title='bbox 1019 2394 1140 2449; x_wconf 88' lang='lat' dir='ltr'><strong>Act.</strong></span> <span class='ocrx_word' id='word_1_305' title='bbox 1179 2394 1300 2461; x_wconf 81' lang='lat'><strong>55.,</strong></span> <span class='ocrx_word' id='word_1_306' title='bbox 1334 2395 1359 2467; x_wconf 86' lang='lat'><strong>§</strong></span> <span class='ocrx_word' id='word_1_307' title='bbox 1393 2410 1535 2451; x_wconf 85' lang='lat' dir='ltr'><strong>cvm.</strong></span> <span class='ocrx_word' id='word_1_308' title='bbox 1568 2394 1948 2464; x_wconf 83' lang='lat' dir='ltr'><strong>Regionarium</strong></span> <span class='ocrx_word' id='word_1_309' title='bbox 1976 2404 2154 2451; x_wconf 84' lang='lat' dir='ltr'><strong>tamen</strong></span> 
     </span>
    </p>
   </div>
   <div class='ocr_carea' id='block_1_41' title="bbox 570 2486 2151 2553">
    <p class='ocr_par' dir='ltr' id='par_1_41' title="bbox 570 2486 2151 2553">
     <span class='ocr_line' id='line_1_41' title="bbox 570 2486 2151 2553; baseline 0.001 -10"><span class='ocrx_word' id='word_1_310' title='bbox 570 2487 739 2543; x_wconf 82' lang='lat' dir='ltr'><strong>luisse</strong></span> <span class='ocrx_word' id='word_1_311' title='bbox 770 2486 1118 2553; x_wconf 78' lang='lat' dir='ltr'><strong>Gorilianum,</strong></span> <span class='ocrx_word' id='word_1_312' title='bbox 1151 2498 1205 2543; x_wconf 92' lang='lat' dir='ltr'><strong>et</strong></span> <span class='ocrx_word' id='word_1_313' title='bbox 1232 2489 1369 2543; x_wconf 88' lang='lat' dir='ltr'><strong>inter</strong></span> <span class='ocrx_word' id='word_1_314' title='bbox 1396 2489 1672 2545; x_wconf 88' lang='lat' dir='ltr'><strong>ministros</strong></span> <span class='ocrx_word' id='word_1_315' title='bbox 1701 2492 1930 2545; x_wconf 62' lang='lat' dir='ltr'><strong>basilicae</strong></span> <span class='ocrx_word' id='word_1_316' title='bbox 1960 2490 2016 2545; x_wconf 91' lang='lat' dir='ltr'><strong>S.</strong></span> <span class='ocrx_word' id='word_1_317' title='bbox 2051 2490 2151 2544; x_wconf 81' lang='lat' dir='ltr'><strong>Pe-</strong></span> 
     </span>
    </p>
   </div>
   <div class='ocr_carea' id='block_1_42' title="bbox 572 2577 2155 2650">
    <p class='ocr_par' dir='ltr' id='par_1_42' title="bbox 572 2577 2155 2650">
     <span class='ocr_line' id='line_1_42' title="bbox 572 2577 2155 2650; baseline 0.003 -19"><span class='ocrx_word' id='word_1_318' title='bbox 572 2579 658 2644; x_wconf 91' lang='lat' dir='ltr'><strong>tri,</strong></span> <span class='ocrx_word' id='word_1_319' title='bbox 692 2588 781 2632; x_wconf 90' lang='lat' dir='ltr'><strong>aut</strong></span> <span class='ocrx_word' id='word_1_320' title='bbox 810 2577 1056 2633; x_wconf 64' lang='lat' dir='ltr'><strong>Ecclesia:</strong></span> <span class='ocrx_word' id='word_1_321' title='bbox 1086 2578 1240 2634; x_wconf 83' lang='lat' dir='ltr'><strong>Rom.</strong></span> <span class='ocrx_word' id='word_1_322' title='bbox 1267 2589 1601 2650; x_wconf 89' lang='lat' dir='ltr'><strong>cooptatum,</strong></span> <span class='ocrx_word' id='word_1_323' title='bbox 1643 2581 2014 2640; x_wconf 75' lang='lat' dir='ltr'><strong>demonstrant</strong></span> <span class='ocrx_word' id='word_1_324' title='bbox 2042 2590 2155 2641; x_wconf 88' lang='lat' dir='ltr'><strong>tum</strong></span> 
     </span>
    </p>
   </div>
   <div class='ocr_carea' id='block_1_43' title="bbox 571 2666 2155 2737">
    <p class='ocr_par' dir='ltr' id='par_1_43' title="bbox 571 2666 2155 2737">
     <span class='ocr_line' id='line_1_43' title="bbox 571 2666 2155 2737; baseline 0.003 -15"><span class='ocrx_word' id='word_1_325' title='bbox 571 2666 726 2723; x_wconf 87' lang='lat' dir='ltr'><strong>Joan.</strong></span> <span class='ocrx_word' id='word_1_326' title='bbox 782 2669 997 2723; x_wconf 84' lang='lat' dir='ltr'><strong>Diaconi</strong></span> <span class='ocrx_word' id='word_1_327' title='bbox 1032 2669 1217 2735; x_wconf 90' lang='lat' dir='ltr'><strong>verba,</strong></span> <span class='ocrx_word' id='word_1_328' title='bbox 1248 2680 1357 2723; x_wconf 91' lang='lat' dir='ltr'><strong>tum</strong></span> <span class='ocrx_word' id='word_1_329' title='bbox 1390 2670 1450 2724; x_wconf 88' lang='grc' dir='ltr'><strong>Β.</strong></span> <span class='ocrx_word' id='word_1_330' title='bbox 1490 2670 1637 2725; x_wconf 79' lang='lat' dir='ltr'><strong>Petri</strong></span> <span class='ocrx_word' id='word_1_331' title='bbox 1675 2670 1895 2737; x_wconf 88' lang='lat' dir='ltr'><strong>efﬁgies,</strong></span> <span class='ocrx_word' id='word_1_332' title='bbox 1923 2670 2155 2726; x_wconf 88' lang='lat' dir='ltr'><strong>Gordia-</strong></span> 
     </span>
    </p>
   </div>
   <div class='ocr_carea' id='block_1_44' title="bbox 577 2757 2153 2831">
    <p class='ocr_par' dir='ltr' id='par_1_44' title="bbox 577 2757 2153 2831">
     <span class='ocr_line' id='line_1_44' title="bbox 577 2757 2153 2831; baseline 0.001 -17"><span class='ocrx_word' id='word_1_333' title='bbox 577 2776 704 2814; x_wconf 91' lang='lat' dir='ltr'><strong>num</strong></span> <span class='ocrx_word' id='word_1_334' title='bbox 743 2757 926 2811; x_wconf 86' lang='lat' dir='ltr'><strong>dextra</strong></span> <span class='ocrx_word' id='word_1_335' title='bbox 971 2774 1129 2812; x_wconf 89' lang='lat' dir='ltr'><strong>manu</strong></span> <span class='ocrx_word' id='word_1_336' title='bbox 1159 2760 1513 2828; x_wconf 83' lang='lat' dir='ltr'><strong>suseipicntis.</strong></span> <span class='ocrx_word' id='word_1_337' title='bbox 1561 2759 1633 2813; x_wconf 58' lang='lat' dir='ltr'><strong>Et</strong></span> <span class='ocrx_word' id='word_1_338' title='bbox 1663 2759 1849 2815; x_wconf 89' lang='lat' dir='ltr'><strong>eadem</strong></span> <span class='ocrx_word' id='word_1_339' title='bbox 1876 2762 2046 2817; x_wconf 88' lang='lat' dir='ltr'><strong>veteri</strong></span> <span class='ocrx_word' id='word_1_340' title='bbox 2071 2762 2153 2831; x_wconf 87' lang='lat' dir='ltr'><strong>pi-</strong></span> 
     </span>
    </p>
   </div>
   <div class='ocr_carea' id='block_1_45' title="bbox 573 2844 2151 2919">
    <p class='ocr_par' dir='ltr' id='par_1_45' title="bbox 573 2844 2151 2919">
     <span class='ocr_line' id='line_1_45' title="bbox 573 2844 2151 2919; baseline 0.003 -22"><span class='ocrx_word' id='word_1_341' title='bbox 573 2856 722 2899; x_wconf 85' lang='lat' dir='ltr'><strong>ctura</strong></span> <span class='ocrx_word' id='word_1_342' title='bbox 764 2844 918 2900; x_wconf 88' lang='lat' dir='ltr'><strong>Joan.</strong></span> <span class='ocrx_word' id='word_1_343' title='bbox 967 2846 1184 2902; x_wconf 53' lang='lat' dir='ltr'><strong>Discon.</strong></span> <span class='ocrx_word' id='word_1_344' title='bbox 1237 2848 1346 2919; x_wconf 74' lang='lat' dir='ltr'><strong>(Cf.</strong></span> <span class='ocrx_word' id='word_1_345' title='bbox 1394 2848 1547 2904; x_wconf 82' lang='lat' dir='ltr'><strong>Paul.</strong></span> <span class='ocrx_word' id='word_1_346' title='bbox 1591 2848 1777 2911; x_wconf 87' lang='lat' dir='ltr'><strong>Diac.;</strong></span> <span class='ocrx_word' id='word_1_347' title='bbox 1805 2849 1963 2903; x_wconf 85' lang='lat' dir='ltr'><strong>Joan.</strong></span> <span class='ocrx_word' id='word_1_348' title='bbox 1997 2849 2151 2904; x_wconf 83' lang='lat' dir='ltr'><strong>Diae.</strong></span> 
     </span>
    </p>
   </div>
   <div class='ocr_carea' id='block_1_46' title="bbox 571 2936 2150 3014">
    <p class='ocr_par' dir='ltr' id='par_1_46' title="bbox 571 2936 2150 3014">
     <span class='ocr_line' id='line_1_46' title="bbox 571 2936 2150 3014; baseline 0.005 -25"><span class='ocrx_word' id='word_1_349' title='bbox 571 2936 660 2990; x_wconf 86' lang='lat' dir='ltr'><strong>lib.</strong></span> <span class='ocrx_word' id='word_1_350' title='bbox 694 2953 730 3003; x_wconf 87' lang='lat' dir='ltr'><strong>l,</strong></span> <span class='ocrx_word' id='word_1_351' title='bbox 779 2954 835 2991; x_wconf 91' lang='lat' dir='ltr'><strong>n.</strong></span> <span class='ocrx_word' id='word_1_352' title='bbox 886 2938 946 3003; x_wconf 81' lang='lat' dir='ltr'><strong>l;</strong></span> <span class='ocrx_word' id='word_1_353' title='bbox 979 2938 1120 2993; x_wconf 86' lang='lat' dir='ltr'><strong>Beda</strong></span> <span class='ocrx_word' id='word_1_354' title='bbox 1150 2940 1184 2994; x_wconf 87' lang='grc' dir='ltr'><strong>ι.</strong></span> <span class='ocrx_word' id='word_1_355' title='bbox 1220 2956 1277 3006; x_wconf 85' lang='grc' dir='ltr'><strong>ιι,</strong></span> <span class='ocrx_word' id='word_1_356' title='bbox 1310 2940 1452 2995; x_wconf 83' lang='lat' dir='ltr'><strong>Hist.</strong></span> <span class='ocrx_word' id='word_1_357' title='bbox 1484 2958 1532 2996; x_wconf 90' lang='lat' dir='ltr'><strong>c.</strong></span> <span class='ocrx_word' id='word_1_358' title='bbox 1567 2942 1629 3009; x_wconf 81' lang='lat' dir='ltr'><strong>l;</strong></span> <span class='ocrx_word' id='word_1_359' title='bbox 1660 2943 1723 2998; x_wconf 91' lang='lat' dir='ltr'><strong>S.</strong></span> <span class='ocrx_word' id='word_1_360' title='bbox 1769 2941 1923 3014; x_wconf 85' lang='lat' dir='ltr'><strong>Greg.</strong></span> <span class='ocrx_word' id='word_1_361' title='bbox 1957 2943 2150 2997; x_wconf 89' lang='lat' dir='ltr'><strong>Turon.</strong></span> 
     </span>
    </p>
   </div>
   <div class='ocr_carea' id='block_1_47' title="bbox 572 3026 2150 3101">
    <p class='ocr_par' dir='ltr' id='par_1_47' title="bbox 572 3026 2150 3101">
     <span class='ocr_line' id='line_1_47' title="bbox 572 3026 2150 3101; baseline 0.004 -21"><span class='ocrx_word' id='word_1_362' title='bbox 572 3026 661 3081; x_wconf 89' lang='lat' dir='ltr'><strong>lib.</strong></span> <span class='ocrx_word' id='word_1_363' title='bbox 702 3044 737 3082; x_wconf 67' lang='grc' dir='ltr'><strong>ι</strong></span> <span class='ocrx_word' id='word_1_364' title='bbox 765 3027 905 3082; x_wconf 83' lang='lat' dir='ltr'><strong>Ilist.</strong></span> <span class='ocrx_word' id='word_1_365' title='bbox 963 3046 1008 3081; x_wconf 88' lang='lat' dir='ltr'><strong>c.</strong></span> <span class='ocrx_word' id='word_1_366' title='bbox 1038 3028 1088 3098; x_wconf 84' lang='lat' dir='ltr'><strong>i)</strong></span> <span class='ocrx_word' id='word_1_367' title='bbox 1121 3031 1306 3084; x_wconf 84' lang='lat' dir='ltr'><strong>tribuit</strong></span> <span class='ocrx_word' id='word_1_368' title='bbox 1333 3030 1606 3088; x_wconf 85' lang='lat' dir='ltr'><strong>Gordiano</strong></span> <span class='ocrx_word' id='word_1_369' title='bbox 1633 3042 1891 3087; x_wconf 90' lang='lat' dir='ltr'><strong>staturam</strong></span> <span class='ocrx_word' id='word_1_370' title='bbox 1916 3034 2150 3101; x_wconf 89' lang='lat' dir='ltr'><strong>longam,</strong></span> 
     </span>
    </p>
   </div>
   <div class='ocr_carea' id='block_1_48' title="bbox 2256 1831 3848 1907">
    <p class='ocr_par' dir='ltr' id='par_1_48' title="bbox 2256 1831 3848 1907">
     <span class='ocr_line' id='line_1_48' title="bbox 2256 1831 3848 1907; baseline 0.004 -21"><span class='ocrx_word' id='word_1_371' title='bbox 2256 1831 2511 1887; x_wconf 66' lang='lat' dir='ltr'><strong>Ecclesia:</strong></span> <span class='ocrx_word' id='word_1_372' title='bbox 2550 1834 2841 1904; x_wconf 82' lang='lat' dir='ltr'><strong>diaconus,</strong></span> <span class='ocrx_word' id='word_1_373' title='bbox 2891 1852 3052 1907; x_wconf 87' lang='lat' dir='ltr'><strong>quam</strong></span> <span class='ocrx_word' id='word_1_374' title='bbox 3103 1846 3293 1907; x_wconf 87' lang='lat' dir='ltr'><strong>postea</strong></span> <span class='ocrx_word' id='word_1_375' title='bbox 3356 1838 3602 1905; x_wconf 81' lang='lat' dir='ltr'><strong>ejusdem</strong></span> <span class='ocrx_word' id='word_1_376' title='bbox 3651 1838 3848 1893; x_wconf 90' lang='lat' dir='ltr'><strong>summi</strong></span> 
     </span>
    </p>
   </div>
   <div class='ocr_carea' id='block_1_49' title="bbox 2256 1923 3849 1999">
    <p class='ocr_par' dir='ltr' id='par_1_49' title="bbox 2256 1923 3849 1999">
     <span class='ocr_line' id='line_1_49' title="bbox 2256 1923 3849 1999; baseline 0.003 -22"><span class='ocrx_word' id='word_1_377' title='bbox 2256 1923 2525 1996; x_wconf 85' lang='lat' dir='ltr'><strong>pontiﬁcis</strong></span> <span class='ocrx_word' id='word_1_378' title='bbox 2547 1928 2870 1984; x_wconf 87' lang='lat' dir='ltr'><strong>auctoritate</strong></span> <span class='ocrx_word' id='word_1_379' title='bbox 2894 1930 3297 1999; x_wconf 87' lang='lat' dir='ltr'><strong>comprobatam</strong></span> <span class='ocrx_word' id='word_1_380' title='bbox 3322 1929 3630 1999; x_wconf 81' lang='lat' dir='ltr'><strong>publicavit.</strong></span> <span class='ocrx_word' id='word_1_381' title='bbox 3658 1930 3849 1983; x_wconf 82' lang='lat' dir='ltr'><strong>Omnia</strong></span> 
     </span>
    </p>
   </div>
   <div class='ocr_carea' id='block_1_50' title="bbox 2257 2022 3850 2092">
    <p class='ocr_par' dir='ltr' id='par_1_50' title="bbox 2257 2022 3850 2092">
     <span class='ocr_line' id='line_1_50' title="bbox 2257 2022 3850 2092; baseline 0.001 -18"><span class='ocrx_word' id='word_1_382' title='bbox 2257 2028 2440 2074; x_wconf 87' lang='lat' dir='ltr'><strong>vetera</strong></span> <span class='ocrx_word' id='word_1_383' title='bbox 2459 2030 2805 2075; x_wconf 86' lang='lat' dir='ltr'><strong>monumenta</strong></span> <span class='ocrx_word' id='word_1_384' title='bbox 2828 2022 3156 2092; x_wconf 86' lang='lat' dir='ltr'><strong>inspexerat,</strong></span> <span class='ocrx_word' id='word_1_385' title='bbox 3181 2039 3505 2077; x_wconf 89' lang='lat' dir='ltr'><strong>summorum</strong></span> <span class='ocrx_word' id='word_1_386' title='bbox 3528 2022 3850 2091; x_wconf 84' lang='lat' dir='ltr'><strong>pontiﬁcum</strong></span> 
     </span>
    </p>
   </div>
   <div class='ocr_carea' id='block_1_51' title="bbox 2256 2112 3850 2181">
    <p class='ocr_par' dir='ltr' id='par_1_51' title="bbox 2256 2112 3850 2181">
     <span class='ocr_line' id='line_1_51' title="bbox 2256 2112 3850 2181; baseline -0.001 -16"><span class='ocrx_word' id='word_1_387' title='bbox 2256 2112 2555 2176; x_wconf 76' lang='lat' dir='ltr'><strong>catalogos,</strong></span> <span class='ocrx_word' id='word_1_388' title='bbox 2577 2122 2720 2179; x_wconf 92' lang='lat' dir='ltr'><strong>acta,</strong></span> <span class='ocrx_word' id='word_1_389' title='bbox 2743 2112 2911 2166; x_wconf 91' lang='lat' dir='ltr'><strong>diaria</strong></span> <span class='ocrx_word' id='word_1_390' title='bbox 2927 2114 3219 2168; x_wconf 89' lang='lat' dir='ltr'><strong>evolverat.</strong></span> <span class='ocrx_word' id='word_1_391' title='bbox 3247 2113 3487 2167; x_wconf 89' lang='lat' dir='ltr'><strong>Stantem</strong></span> <span class='ocrx_word' id='word_1_392' title='bbox 3512 2115 3706 2175; x_wconf 84' lang='lat' dir='ltr'><strong>adhuc,</strong></span> <span class='ocrx_word' id='word_1_393' title='bbox 3723 2127 3850 2181; x_wconf 86' lang='lat' dir='ltr'><strong>qua-</strong></span> 
     </span>
    </p>
   </div>
   <div class='ocr_carea' id='block_1_52' title="bbox 2257 2204 3851 2279">
    <p class='ocr_par' dir='ltr' id='par_1_52' title="bbox 2257 2204 3851 2279">
     <span class='ocr_line' id='line_1_52' title="bbox 2257 2204 3851 2279; baseline -0.001 -16"><span class='ocrx_word' id='word_1_394' title='bbox 2257 2210 2359 2264; x_wconf 91' lang='lat' dir='ltr'><strong>lem</strong></span> <span class='ocrx_word' id='word_1_395' title='bbox 2391 2204 2536 2264; x_wconf 80' lang='lat' dir='ltr'><strong>Felix</strong></span> <span class='ocrx_word' id='word_1_396' title='bbox 2566 2223 2702 2279; x_wconf 86' lang='lat' dir='ltr'><strong>papa</strong></span> <span class='ocrx_word' id='word_1_397' title='bbox 2733 2222 2851 2260; x_wconf 87' lang='lat' dir='ltr'><strong>eam</strong></span> <span class='ocrx_word' id='word_1_398' title='bbox 2875 2213 3269 2271; x_wconf 78' lang='lat' dir='ltr'><strong>construxerat,</strong></span> <span class='ocrx_word' id='word_1_399' title='bbox 3302 2216 3611 2259; x_wconf 90' lang='lat' dir='ltr'><strong>sanctorum</strong></span> <span class='ocrx_word' id='word_1_400' title='bbox 3639 2207 3851 2262; x_wconf 69' lang='lat' dir='ltr'><strong>Cosma:</strong></span> 
     </span>
    </p>
   </div>
   <div class='ocr_carea' id='block_1_53' title="bbox 2255 2296 3849 2362">
    <p class='ocr_par' dir='ltr' id='par_1_53' title="bbox 2255 2296 3849 2362">
     <span class='ocr_line' id='line_1_53' title="bbox 2255 2296 3849 2362; baseline -0.002 -9"><span class='ocrx_word' id='word_1_401' title='bbox 2255 2308 2311 2354; x_wconf 90' lang='lat' dir='ltr'><strong>et</strong></span> <span class='ocrx_word' id='word_1_402' title='bbox 2338 2299 2579 2353; x_wconf 90' lang='lat' dir='ltr'><strong>Damiani</strong></span> <span class='ocrx_word' id='word_1_403' title='bbox 2609 2298 2904 2362; x_wconf 89' lang='lat' dir='ltr'><strong>basilicam,</strong></span> <span class='ocrx_word' id='word_1_404' title='bbox 2937 2296 3182 2351; x_wconf 76' lang='lat' dir='ltr'><strong>sollicitis</strong></span> <span class='ocrx_word' id='word_1_405' title='bbox 3212 2296 3380 2351; x_wconf 89' lang='lat' dir='ltr'><strong>oculis</strong></span> <span class='ocrx_word' id='word_1_406' title='bbox 3412 2296 3753 2357; x_wconf 69' lang='lat' dir='ltr'><strong>lustraverat,</strong></span> <span class='ocrx_word' id='word_1_407' title='bbox 3797 2305 3849 2352; x_wconf 92' lang='lat' dir='ltr'><strong>et</strong></span> 
     </span>
    </p>
   </div>
   <div class='ocr_carea' id='block_1_54' title="bbox 2260 2386 3851 2458">
    <p class='ocr_par' dir='ltr' id='par_1_54' title="bbox 2260 2386 3851 2458">
     <span class='ocr_line' id='line_1_54' title="bbox 2260 2386 3851 2458; baseline -0.003 -13"><span class='ocrx_word' id='word_1_408' title='bbox 2260 2406 2325 2445; x_wconf 88' lang='lat' dir='ltr'><strong>ex</strong></span> <span class='ocrx_word' id='word_1_409' title='bbox 2364 2390 2633 2444; x_wconf 89' lang='lat' dir='ltr'><strong>nonnullis</strong></span> <span class='ocrx_word' id='word_1_410' title='bbox 2661 2387 3010 2458; x_wconf 84' lang='lat' dir='ltr'><strong>proculdubio</strong></span> <span class='ocrx_word' id='word_1_411' title='bbox 3039 2387 3125 2440; x_wconf 85' lang='lat' dir='ltr'><strong>vel</strong></span> <span class='ocrx_word' id='word_1_412' title='bbox 3154 2386 3592 2455; x_wconf 88' lang='lat' dir='ltr'><strong>inscriptionibus</strong></span> <span class='ocrx_word' id='word_1_413' title='bbox 3622 2388 3706 2441; x_wconf 84' lang='lat' dir='ltr'><strong>vel</strong></span> <span class='ocrx_word' id='word_1_414' title='bbox 3729 2388 3851 2441; x_wconf 83' lang='lat' dir='ltr'><strong>aliis</strong></span> 
     </span>
    </p>
   </div>
   <div class='ocr_carea' id='block_1_55' title="bbox 2256 2476 3848 2548">
    <p class='ocr_par' dir='ltr' id='par_1_55' title="bbox 2256 2476 3848 2548">
     <span class='ocr_line' id='line_1_55' title="bbox 2256 2476 3848 2548; baseline -0.004 -13"><span class='ocrx_word' id='word_1_415' title='bbox 2256 2482 2418 2536; x_wconf 90' lang='lat' dir='ltr'><strong>certis</strong></span> <span class='ocrx_word' id='word_1_416' title='bbox 2448 2480 2775 2548; x_wconf 85' lang='lat' dir='ltr'><strong>argumentis</strong></span> <span class='ocrx_word' id='word_1_417' title='bbox 2804 2476 3493 2548; x_wconf 85' lang='lat' dir='ltr'><strong>deprebeiiderat,Felicem</strong></span> <span class='ocrx_word' id='word_1_418' title='bbox 3535 2478 3848 2546; x_wconf 83' lang='lat' dir='ltr'><strong>pontiﬁcem</strong></span> 
     </span>
    </p>
   </div>
   <div class='ocr_carea' id='block_1_56' title="bbox 2262 2568 3849 2639">
    <p class='ocr_par' dir='ltr' id='par_1_56' title="bbox 2262 2568 3849 2639">
     <span class='ocr_line' id='line_1_56' title="bbox 2262 2568 3849 2639; baseline -0.003 -15"><span class='ocrx_word' id='word_1_419' title='bbox 2262 2569 2509 2639; x_wconf 88' lang='lat' dir='ltr'><strong>Gregorii</strong></span> <span class='ocrx_word' id='word_1_420' title='bbox 2532 2577 2748 2623; x_wconf 90' lang='lat' dir='ltr'><strong>atavum</strong></span> <span class='ocrx_word' id='word_1_421' title='bbox 2768 2569 2927 2623; x_wconf 81' lang='lat' dir='ltr'><strong>fuisse</strong></span> <span class='ocrx_word' id='word_1_422' title='bbox 2949 2576 3200 2636; x_wconf 74' lang='lat' dir='ltr'><strong>quartum</strong></span> <span class='ocrx_word' id='word_1_423' title='bbox 3224 2568 3461 2635; x_wconf 86' lang='lat' dir='ltr'><strong>nomine,</strong></span> <span class='ocrx_word' id='word_1_424' title='bbox 3478 2582 3585 2621; x_wconf 89' lang='lat' dir='ltr'><strong>non</strong></span> <span class='ocrx_word' id='word_1_425' title='bbox 3608 2568 3849 2621; x_wconf 89' lang='lat' dir='ltr'><strong>tertium.</strong></span> 
     </span>
    </p>
   </div>
   <div class='ocr_carea' id='block_1_57' title="bbox 2262 2657 3853 2729">
    <p class='ocr_par' dir='ltr' id='par_1_57' title="bbox 2262 2657 3853 2729">
     <span class='ocr_line' id='line_1_57' title="bbox 2262 2657 3853 2729; baseline -0.002 -15"><span class='ocrx_word' id='word_1_426' title='bbox 2262 2661 2329 2714; x_wconf 87' lang='lat' dir='ltr'><strong>Et</strong></span> <span class='ocrx_word' id='word_1_427' title='bbox 2356 2677 2486 2716; x_wconf 88' lang='lat' dir='ltr'><strong>sane</strong></span> <span class='ocrx_word' id='word_1_428' title='bbox 2515 2670 2639 2715; x_wconf 91' lang='lat' dir='ltr'><strong>ante</strong></span> <span class='ocrx_word' id='word_1_429' title='bbox 2669 2659 2884 2713; x_wconf 89' lang='lat' dir='ltr'><strong>Baronii</strong></span> <span class='ocrx_word' id='word_1_430' title='bbox 2916 2659 3349 2714; x_wconf 88' lang='lat' dir='ltr'><strong>emendationem</strong></span> <span class='ocrx_word' id='word_1_431' title='bbox 3382 2659 3432 2712; x_wconf 92' lang='lat' dir='ltr'><strong>in</strong></span> <span class='ocrx_word' id='word_1_432' title='bbox 3464 2657 3853 2729; x_wconf 81' lang='lat' dir='ltr'><strong>Martyrologio</strong></span> 
     </span>
    </p>
   </div>
   <div class='ocr_carea' id='block_1_58' title="bbox 2259 2749 3853 2821">
    <p class='ocr_par' dir='ltr' id='par_1_58' title="bbox 2259 2749 3853 2821">
     <span class='ocr_line' id='line_1_58' title="bbox 2259 2749 3853 2821; baseline -0.003 -16"><span class='ocrx_word' id='word_1_433' title='bbox 2259 2753 2413 2807; x_wconf 72' lang='lat' dir='ltr'><strong>liom.</strong></span> <span class='ocrx_word' id='word_1_434' title='bbox 2448 2752 2724 2821; x_wconf 83' lang='lat' dir='ltr'><strong>legebatur</strong></span> <span class='ocrx_word' id='word_1_435' title='bbox 2754 2751 2905 2806; x_wconf 79' lang='lat' dir='ltr'><strong>Felix</strong></span> <span class='ocrx_word' id='word_1_436' title='bbox 2952 2750 3043 2815; x_wconf 88' lang='lat' dir='ltr'><strong>IV,</strong></span> <span class='ocrx_word' id='word_1_437' title='bbox 3077 2750 3397 2818; x_wconf 90' lang='lat' dir='ltr'><strong>aliundeque</strong></span> <span class='ocrx_word' id='word_1_438' title='bbox 3446 2758 3664 2804; x_wconf 87' lang='lat' dir='ltr'><strong>constat</strong></span> <span class='ocrx_word' id='word_1_439' title='bbox 3704 2749 3853 2802; x_wconf 82' lang='lat' dir='ltr'><strong>basi-</strong></span> 
     </span>
    </p>
   </div>
   <div class='ocr_carea' id='block_1_59' title="bbox 2258 2842 3854 2915">
    <p class='ocr_par' dir='ltr' id='par_1_59' title="bbox 2258 2842 3854 2915">
     <span class='ocr_line' id='line_1_59' title="bbox 2258 2842 3854 2915; baseline 0 -17"><span class='ocrx_word' id='word_1_440' title='bbox 2258 2842 2417 2900; x_wconf 85' lang='lat' dir='ltr'><strong>licam</strong></span> <span class='ocrx_word' id='word_1_441' title='bbox 2478 2854 2787 2900; x_wconf 87' lang='lat' dir='ltr'><strong>sanctorum</strong></span> <span class='ocrx_word' id='word_1_442' title='bbox 2836 2853 3129 2915; x_wconf 75' lang='lat' dir='ltr'><strong>martyrum</strong></span> <span class='ocrx_word' id='word_1_443' title='bbox 3162 2844 3227 2898; x_wconf 87' lang='lat' dir='ltr'><strong>de</strong></span> <span class='ocrx_word' id='word_1_444' title='bbox 3273 2860 3376 2914; x_wconf 76' lang='lat' dir='ltr'><strong>qua</strong></span> <span class='ocrx_word' id='word_1_445' title='bbox 3408 2845 3643 2913; x_wconf 86' lang='lat' dir='ltr'><strong>loquitur</strong></span> <span class='ocrx_word' id='word_1_446' title='bbox 3670 2855 3854 2898; x_wconf 89' lang='lat' dir='ltr'><strong>noster</strong></span> 
     </span>
    </p>
   </div>
   <div class='ocr_carea' id='block_1_60' title="bbox 2257 2935 3853 3006">
    <p class='ocr_par' dir='ltr' id='par_1_60' title="bbox 2257 2935 3853 3006">
     <span class='ocr_line' id='line_1_60' title="bbox 2257 2935 3853 3006; baseline 0.002 -18"><span class='ocrx_word' id='word_1_447' title='bbox 2257 2936 2533 2999; x_wconf 85' lang='lat' dir='ltr'><strong>diaconus,</strong></span> <span class='ocrx_word' id='word_1_448' title='bbox 2560 2951 2667 2990; x_wconf 88' lang='lat' dir='ltr'><strong>non</strong></span> <span class='ocrx_word' id='word_1_449' title='bbox 2696 2952 2725 2988; x_wconf 93' lang='lat' dir='ltr'><strong>a</strong></span> <span class='ocrx_word' id='word_1_450' title='bbox 2755 2935 2932 2990; x_wconf 90' lang='lat' dir='ltr'><strong>Felice</strong></span> <span class='ocrx_word' id='word_1_451' title='bbox 2955 2936 3136 3000; x_wconf 88' lang='lat' dir='ltr'><strong>tertio,</strong></span> <span class='ocrx_word' id='word_1_452' title='bbox 3160 2935 3253 2991; x_wconf 87' lang='lat' dir='ltr'><strong>sed</strong></span> <span class='ocrx_word' id='word_1_453' title='bbox 3282 2951 3312 2990; x_wconf 92' lang='lat' dir='ltr'><strong>a</strong></span> <span class='ocrx_word' id='word_1_454' title='bbox 3344 2944 3537 3006; x_wconf 89' lang='lat' dir='ltr'><strong>quarto</strong></span> <span class='ocrx_word' id='word_1_455' title='bbox 3568 2937 3727 3006; x_wconf 86' lang='lat' dir='ltr'><strong>hujus</strong></span> <span class='ocrx_word' id='word_1_456' title='bbox 3755 2952 3853 2991; x_wconf 32' lang='lat' dir='ltr'><strong>nos</strong></span> 
     </span>
    </p>
   </div>
   <div class='ocr_carea' id='block_1_61' title="bbox 2256 3026 3279 3098">
    <p class='ocr_par' dir='ltr' id='par_1_61' title="bbox 2256 3026 3279 3098">
     <span class='ocr_line' id='line_1_61' title="bbox 2256 3026 3279 3098; baseline 0.002 -17"><span class='ocrx_word' id='word_1_457' title='bbox 2256 3028 2416 3082; x_wconf 87' lang='lat' dir='ltr'><strong>minis</strong></span> <span class='ocrx_word' id='word_1_458' title='bbox 2444 3028 2718 3098; x_wconf 83' lang='lat' dir='ltr'><strong>pontiﬁce,</strong></span> <span class='ocrx_word' id='word_1_459' title='bbox 2752 3026 2915 3082; x_wconf 87' lang='lat' dir='ltr'><strong>fuisse</strong></span> <span class='ocrx_word' id='word_1_460' title='bbox 2943 3030 3279 3083; x_wconf 63' lang='lat' dir='ltr'><strong>aediﬁcatam.</strong></span> 
     </span>
    </p>
   </div>
   <div class='ocr_carea' id='block_1_62' title="bbox 573 3110 3857 3191">
    <p class='ocr_par' dir='ltr' id='par_1_62' title="bbox 573 3110 3857 3191">
     <span class='ocr_line' id='line_1_62' title="bbox 573 3110 3857 3191; baseline 0.001 -22"><span class='ocrx_word' id='word_1_461' title='bbox 573 3116 765 3171; x_wconf 87' lang='lat' dir='ltr'><strong>faciem</strong></span> <span class='ocrx_word' id='word_1_462' title='bbox 788 3116 1089 3182; x_wconf 87' lang='lat' dir='ltr'><strong>diductam,</strong></span> <span class='ocrx_word' id='word_1_463' title='bbox 1122 3119 1320 3175; x_wconf 87' lang='lat' dir='ltr'><strong>virides</strong></span> <span class='ocrx_word' id='word_1_464' title='bbox 1364 3121 1568 3187; x_wconf 90' lang='lat' dir='ltr'><strong>oculos,</strong></span> <span class='ocrx_word' id='word_1_465' title='bbox 1604 3122 1825 3176; x_wconf 75' lang='lat' dir='ltr'><strong>barbam</strong></span> <span class='ocrx_word' id='word_1_466' title='bbox 1868 3123 2156 3191; x_wconf 84' lang='lat' dir='ltr'><strong>modicam,</strong></span> <span class='ocrx_word' id='word_1_467' title='bbox 2190 3110 2236 3175; x_wconf 89' lang='lat' dir='ltr'>C</span> <span class='ocrx_word' id='word_1_468' title='bbox 2338 3117 2488 3181; x_wconf 83' lang='lat' dir='ltr'><strong>Hanc</strong></span> <span class='ocrx_word' id='word_1_469' title='bbox 2514 3117 2734 3172; x_wconf 89' lang='lat' dir='ltr'><strong>Joannis</strong></span> <span class='ocrx_word' id='word_1_470' title='bbox 2764 3119 3085 3171; x_wconf 87' lang='lat' dir='ltr'><strong>sententiam</strong></span> <span class='ocrx_word' id='word_1_471' title='bbox 3118 3120 3376 3173; x_wconf 84' lang='lat' dir='ltr'><strong>eminent.</strong></span> <span class='ocrx_word' id='word_1_472' title='bbox 3409 3118 3554 3172; x_wconf 89' lang='lat' dir='ltr'><strong>card.</strong></span> <span class='ocrx_word' id='word_1_473' title='bbox 3591 3117 3857 3172; x_wconf 85' lang='lat' dir='ltr'><strong>Baronius</strong></span> 
     </span>
    </p>
   </div>
   <div class='ocr_carea' id='block_1_63' title="bbox 576 3209 1036 3278">
    <p class='ocr_par' dir='ltr' id='par_1_63' title="bbox 576 3209 1036 3278">
     <span class='ocr_line' id='line_1_63' title="bbox 576 3209 1036 3278; baseline 0.002 -15"><span class='ocrx_word' id='word_1_474' title='bbox 576 3209 776 3263; x_wconf 89' lang='lat' dir='ltr'><strong>vultum</strong></span> <span class='ocrx_word' id='word_1_475' title='bbox 799 3223 1036 3278; x_wconf 64' lang='lat' dir='ltr'><strong>gravem.</strong></span> 
     </span>
    </p>
   </div>
   <div class='ocr_carea' id='block_1_64' title="bbox 645 3299 2153 3377">
    <p class='ocr_par' dir='ltr' id='par_1_64' title="bbox 645 3299 2153 3377">
     <span class='ocr_line' id='line_1_64' title="bbox 645 3299 2153 3377; baseline 0.004 -25"><span class='ocrx_word' id='word_1_476' title='bbox 645 3299 698 3353; x_wconf 75' lang='grc'><strong>2.</strong></span> <span class='ocrx_word' id='word_1_477' title='bbox 728 3300 892 3354; x_wconf 88' lang='lat' dir='ltr'><strong>Silvia</strong></span> <span class='ocrx_word' id='word_1_478' title='bbox 921 3310 1093 3357; x_wconf 89' lang='lat' dir='ltr'><strong>mater</strong></span> <span class='ocrx_word' id='word_1_479' title='bbox 1117 3300 1360 3371; x_wconf 87' lang='lat' dir='ltr'><strong>Gregorii</strong></span> <span class='ocrx_word' id='word_1_480' title='bbox 1390 3302 1594 3359; x_wconf 89' lang='lat' dir='ltr'><strong>mundo</strong></span> <span class='ocrx_word' id='word_1_481' title='bbox 1624 3304 1925 3361; x_wconf 87' lang='lat' dir='ltr'><strong>valedicens</strong></span> <span class='ocrx_word' id='word_1_482' title='bbox 1957 3306 2153 3377; x_wconf 87' lang='lat' dir='ltr'><strong>(utrum</strong></span> 
     </span>
    </p>
   </div>
   <div class='ocr_carea' id='block_1_65' title="bbox 574 3391 2156 3469">
    <p class='ocr_par' dir='ltr' id='par_1_65' title="bbox 574 3391 2156 3469">
     <span class='ocr_line' id='line_1_65' title="bbox 574 3391 2156 3469; baseline 0.007 -25"><span class='ocrx_word' id='word_1_483' title='bbox 574 3391 692 3446; x_wconf 82' lang='lat' dir='ltr'><strong>viro</strong></span> <span class='ocrx_word' id='word_1_484' title='bbox 715 3391 1021 3457; x_wconf 90' lang='lat' dir='ltr'><strong>demortuo,</strong></span> <span class='ocrx_word' id='word_1_485' title='bbox 1051 3408 1118 3446; x_wconf 91' lang='lat' dir='ltr'><strong>an</strong></span> <span class='ocrx_word' id='word_1_486' title='bbox 1147 3393 1322 3449; x_wconf 91' lang='lat' dir='ltr'><strong>adhuc</strong></span> <span class='ocrx_word' id='word_1_487' title='bbox 1346 3397 1656 3466; x_wconf 90' lang='lat' dir='ltr'><strong>superstite,</strong></span> <span class='ocrx_word' id='word_1_488' title='bbox 1690 3398 1976 3469; x_wconf 86' lang='lat' dir='ltr'><strong>incertum)</strong></span> <span class='ocrx_word' id='word_1_489' title='bbox 2001 3399 2156 3467; x_wconf 82' lang='lat' dir='ltr'><strong>juxta</strong></span> 
     </span>
    </p>
   </div>
   <div class='ocr_carea' id='block_1_66' title="bbox 576 3483 2156 3556">
    <p class='ocr_par' dir='ltr' id='par_1_66' title="bbox 576 3483 2156 3556">
     <span class='ocr_line' id='line_1_66' title="bbox 576 3483 2156 3556; baseline 0.004 -19"><span class='ocrx_word' id='word_1_490' title='bbox 576 3493 786 3554; x_wconf 89' lang='lat' dir='ltr'><strong>portam</strong></span> <span class='ocrx_word' id='word_1_491' title='bbox 813 3483 1045 3538; x_wconf 83' lang='lat' dir='ltr'><strong>basilicae</strong></span> <span class='ocrx_word' id='word_1_492' title='bbox 1083 3484 1139 3539; x_wconf 94' lang='lat' dir='ltr'><strong>S.</strong></span> <span class='ocrx_word' id='word_1_493' title='bbox 1176 3483 1327 3539; x_wconf 88' lang='lat' dir='ltr'><strong>Pauli</strong></span> <span class='ocrx_word' id='word_1_494' title='bbox 1362 3487 1612 3556; x_wconf 87' lang='lat' dir='ltr'><strong>apostoli,</strong></span> <span class='ocrx_word' id='word_1_495' title='bbox 1641 3503 1911 3544; x_wconf 89' lang='lat' dir='ltr'><strong>secessum</strong></span> <span class='ocrx_word' id='word_1_496' title='bbox 1942 3490 2042 3544; x_wconf 91' lang='lat' dir='ltr'><strong>sibi</strong></span> <span class='ocrx_word' id='word_1_497' title='bbox 2066 3492 2156 3546; x_wconf 85' lang='lat' dir='ltr'><strong>do-</strong></span> 
     </span>
    </p>
   </div>
   <div class='ocr_carea' id='block_1_67' title="bbox 576 3574 2155 3643">
    <p class='ocr_par' dir='ltr' id='par_1_67' title="bbox 576 3574 2155 3643">
     <span class='ocr_line' id='line_1_67' title="bbox 576 3574 2155 3643; baseline 0.003 -15"><span class='ocrx_word' id='word_1_498' title='bbox 576 3574 736 3641; x_wconf 88' lang='lat' dir='ltr'><strong>legit;</strong></span> <span class='ocrx_word' id='word_1_499' title='bbox 764 3590 870 3641; x_wconf 86' lang='lat' dir='ltr'><strong>quo</strong></span> <span class='ocrx_word' id='word_1_500' title='bbox 919 3574 972 3628; x_wconf 92' lang='lat' dir='ltr'><strong>in</strong></span> <span class='ocrx_word' id='word_1_501' title='bbox 1008 3574 1126 3630; x_wconf 93' lang='lat' dir='ltr'><strong>loco</strong></span> <span class='ocrx_word' id='word_1_502' title='bbox 1162 3574 1319 3643; x_wconf 87' lang='lat' dir='ltr'><strong>vulgo</strong></span> <span class='ocrx_word' id='word_1_503' title='bbox 1348 3576 1493 3631; x_wconf 90' lang='lat' dir='ltr'><strong>dicto</strong></span> <span class='ocrx_word' id='word_1_504' title='bbox 1522 3576 1666 3632; x_wconf 88' lang='lat' dir='ltr'><strong>Cella</strong></span> <span class='ocrx_word' id='word_1_505' title='bbox 1708 3595 1837 3633; x_wconf 85' lang='lat' dir='ltr'><strong>nova</strong></span> <span class='ocrx_word' id='word_1_506' title='bbox 1882 3579 2155 3633; x_wconf 86' lang='lat' dir='ltr'><strong>conditum</strong></span> 
     </span>
    </p>
   </div>
   <div class='ocr_carea' id='block_1_68' title="bbox 575 3665 2151 3736">
    <p class='ocr_par' dir='ltr' id='par_1_68' title="bbox 575 3665 2151 3736">
     <span class='ocr_line' id='line_1_68' title="bbox 575 3665 2151 3736; baseline 0.003 -15"><span class='ocrx_word' id='word_1_507' title='bbox 575 3666 871 3721; x_wconf 91' lang='lat' dir='ltr'><strong>oratorium</strong></span> <span class='ocrx_word' id='word_1_508' title='bbox 890 3665 1004 3735; x_wconf 89' lang='lat' dir='ltr'><strong>ejus</strong></span> <span class='ocrx_word' id='word_1_509' title='bbox 1033 3667 1235 3722; x_wconf 89' lang='lat' dir='ltr'><strong>nomini</strong></span> <span class='ocrx_word' id='word_1_510' title='bbox 1255 3667 1514 3736; x_wconf 91' lang='lat' dir='ltr'><strong>dicatum,</strong></span> <span class='ocrx_word' id='word_1_511' title='bbox 1543 3669 1716 3725; x_wconf 87' lang='lat' dir='ltr'><strong>adhuc</strong></span> <span class='ocrx_word' id='word_1_512' title='bbox 1739 3687 1831 3725; x_wconf 90' lang='lat' dir='ltr'><strong>sua</strong></span> <span class='ocrx_word' id='word_1_513' title='bbox 1860 3680 2016 3725; x_wconf 74' lang='lat' dir='ltr'><strong>:etate</strong></span> <span class='ocrx_word' id='word_1_514' title='bbox 2044 3680 2151 3726; x_wconf 87' lang='lat' dir='ltr'><strong>ste-</strong></span> 
     </span>
    </p>
   </div>
   <div class='ocr_carea' id='block_1_69' title="bbox 576 3755 2158 3818">
    <p class='ocr_par' dir='ltr' id='par_1_69' title="bbox 576 3755 2158 3818">
     <span class='ocr_line' id='line_1_69' title="bbox 576 3755 2158 3818; baseline 0.006 -9"><span class='ocrx_word' id='word_1_515' title='bbox 576 3755 703 3812; x_wconf 90' lang='lat' dir='ltr'><strong>tisse</strong></span> <span class='ocrx_word' id='word_1_516' title='bbox 736 3765 962 3811; x_wconf 90' lang='lat' dir='ltr'><strong>testatur</strong></span> <span class='ocrx_word' id='word_1_517' title='bbox 987 3756 1143 3812; x_wconf 86' lang='lat' dir='ltr'><strong>Joan.</strong></span> <span class='ocrx_word' id='word_1_518' title='bbox 1167 3758 1456 3814; x_wconf 90' lang='lat' dir='ltr'><strong>Diaconus.</strong></span> <span class='ocrx_word' id='word_1_519' title='bbox 1486 3761 1649 3816; x_wconf 81' lang='lat' dir='ltr'><strong>Silvia</strong></span> <span class='ocrx_word' id='word_1_520' title='bbox 1679 3764 1820 3816; x_wconf 91' lang='lat' dir='ltr'><strong>enim</strong></span> <span class='ocrx_word' id='word_1_521' title='bbox 1848 3764 1897 3817; x_wconf 88' lang='lat' dir='ltr'><strong>in</strong></span> <span class='ocrx_word' id='word_1_522' title='bbox 1929 3763 2158 3818; x_wconf 87' lang='lat' dir='ltr'><strong>Sancto-</strong></span> 
     </span>
    </p>
   </div>
   <div class='ocr_carea' id='block_1_70' title="bbox 574 3847 2158 3924">
    <p class='ocr_par' dir='ltr' id='par_1_70' title="bbox 574 3847 2158 3924">
     <span class='ocr_line' id='line_1_70' title="bbox 574 3847 2158 3924; baseline 0.004 -23"><span class='ocrx_word' id='word_1_523' title='bbox 574 3863 690 3901; x_wconf 89' lang='lat' dir='ltr'><strong>rum</strong></span> <span class='ocrx_word' id='word_1_524' title='bbox 722 3847 902 3901; x_wconf 89' lang='lat' dir='ltr'><strong>alhttm</strong></span> <span class='ocrx_word' id='word_1_525' title='bbox 950 3857 1031 3901; x_wconf 90' lang='lat' dir='ltr'><strong>est</strong></span> <span class='ocrx_word' id='word_1_526' title='bbox 1070 3847 1261 3914; x_wconf 78' lang='lat' dir='ltr'><strong>relata,</strong></span> <span class='ocrx_word' id='word_1_527' title='bbox 1295 3847 1519 3918; x_wconf 88' lang='lat' dir='ltr'><strong>ejusque</strong></span> <span class='ocrx_word' id='word_1_528' title='bbox 1550 3867 1746 3906; x_wconf 88' lang='lat' dir='ltr'><strong>nomen</strong></span> <span class='ocrx_word' id='word_1_529' title='bbox 1777 3852 2158 3924; x_wconf 64' lang='lat' dir='ltr'><strong>Martyrologio</strong></span> 
     </span>
    </p>
   </div>
   <div class='ocr_carea' id='block_1_71' title="bbox 574 3934 2157 4010">
    <p class='ocr_par' dir='ltr' id='par_1_71' title="bbox 574 3934 2157 4010">
     <span class='ocr_line' id='line_1_71' title="bbox 574 3934 2157 4010; baseline 0.006 -21"><span class='ocrx_word' id='word_1_530' title='bbox 574 3934 822 3991; x_wconf 82' lang='lat' dir='ltr'><strong>Romano</strong></span> <span class='ocrx_word' id='word_1_531' title='bbox 852 3938 1167 4010; x_wconf 88' lang='lat' dir='ltr'><strong>inscriptum</strong></span> <span class='ocrx_word' id='word_1_532' title='bbox 1197 3939 1389 4007; x_wconf 87' lang='lat' dir='ltr'><strong>legitur</strong></span> <span class='ocrx_word' id='word_1_533' title='bbox 1424 3941 1489 3994; x_wconf 90' lang='lat' dir='ltr'><strong>ad</strong></span> <span class='ocrx_word' id='word_1_534' title='bbox 1518 3941 1657 3996; x_wconf 91' lang='lat' dir='ltr'><strong>diem</strong></span> <span class='ocrx_word' id='word_1_535' title='bbox 1687 3944 1898 3998; x_wconf 89' lang='lat' dir='ltr'><strong>tertiam</strong></span> <span class='ocrx_word' id='word_1_536' title='bbox 1931 3944 2157 3998; x_wconf 84' lang='lat' dir='ltr'><strong>Novem-</strong></span> 
     </span>
    </p>
   </div>
   <div class='ocr_carea' id='block_1_72' title="bbox 575 4023 2157 4102">
    <p class='ocr_par' dir='ltr' id='par_1_72' title="bbox 575 4023 2157 4102">
     <span class='ocr_line' id='line_1_72' title="bbox 575 4023 2157 4102; baseline 0.005 -23"><span class='ocrx_word' id='word_1_537' title='bbox 575 4023 703 4079; x_wconf 89' lang='lat' dir='ltr'><strong>bris.</strong></span> <span class='ocrx_word' id='word_1_538' title='bbox 754 4027 809 4080; x_wconf 89' lang='lat' dir='ltr'><strong>S.</strong></span> <span class='ocrx_word' id='word_1_539' title='bbox 854 4028 1076 4082; x_wconf 87' lang='lat' dir='ltr'><strong>Silviatn</strong></span> <span class='ocrx_word' id='word_1_540' title='bbox 1132 4030 1183 4083; x_wconf 93' lang='lat' dir='ltr'><strong>in</strong></span> <span class='ocrx_word' id='word_1_541' title='bbox 1230 4027 1286 4084; x_wconf 92' lang='lat' dir='ltr'><strong>S.</strong></span> <span class='ocrx_word' id='word_1_542' title='bbox 1334 4030 1558 4084; x_wconf 64' lang='lat' dir='ltr'><strong>Andreae</strong></span> <span class='ocrx_word' id='word_1_543' title='bbox 1599 4034 1860 4087; x_wconf 87' lang='lat' dir='ltr'><strong>asceterio</strong></span> <span class='ocrx_word' id='word_1_544' title='bbox 1891 4035 2157 4102; x_wconf 82' lang='lat' dir='ltr'><strong>depictam</strong></span> 
     </span>
    </p>
   </div>
   <div class='ocr_carea' id='block_1_73' title="bbox 574 4116 2155 4191">
    <p class='ocr_par' dir='ltr' id='par_1_73' title="bbox 574 4116 2155 4191">
     <span class='ocr_line' id='line_1_73' title="bbox 574 4116 2155 4191; baseline 0.006 -22"><span class='ocrx_word' id='word_1_545' title='bbox 574 4116 726 4184; x_wconf 89' lang='lat' dir='ltr'><strong>jussu</strong></span> <span class='ocrx_word' id='word_1_546' title='bbox 755 4118 812 4171; x_wconf 90' lang='lat' dir='ltr'><strong>S.</strong></span> <span class='ocrx_word' id='word_1_547' title='bbox 854 4117 1097 4187; x_wconf 85' lang='lat' dir='ltr'><strong>Gregorii</strong></span> <span class='ocrx_word' id='word_1_548' title='bbox 1130 4119 1295 4173; x_wconf 71' lang='lat' dir='ltr'><strong>refert</strong></span> <span class='ocrx_word' id='word_1_549' title='bbox 1342 4120 1586 4175; x_wconf 87' lang='lat' dir='ltr'><strong>laudatus</strong></span> <span class='ocrx_word' id='word_1_550' title='bbox 1625 4122 1856 4191; x_wconf 89' lang='lat' dir='ltr'><strong>scriptor</strong></span> <span class='ocrx_word' id='word_1_551' title='bbox 1891 4141 1901 4175; x_wconf 94' lang='lat'><strong>:</strong></span> <span class='ocrx_word' id='word_1_552' title='bbox 1938 4122 2155 4191; x_wconf 87' lang='lat' dir='ltr'><strong>Sedens,</strong></span> 
     </span>
    </p>
   </div>
   <div class='ocr_carea' id='block_1_74' title="bbox 576 4205 2158 4275">
    <p class='ocr_par' dir='ltr' id='par_1_74' title="bbox 576 4205 2158 4275">
     <span class='ocr_line' id='line_1_74' title="bbox 576 4205 2158 4275; baseline 0.007 -18"><span class='ocrx_word' id='word_1_553' title='bbox 576 4205 779 4273; x_wconf 87' lang='lat' dir='ltr'><strong>inquit,</strong></span> <span class='ocrx_word' id='word_1_554' title='bbox 812 4207 1015 4271; x_wconf 86' lang='lat' dir='ltr'><strong>depicta</strong></span> <span class='ocrx_word' id='word_1_555' title='bbox 1059 4219 1133 4261; x_wconf 89' lang='lat' dir='ltr'><strong>est</strong></span> <span class='ocrx_word' id='word_1_556' title='bbox 1163 4207 1347 4275; x_wconf 87' lang='lat' dir='ltr'><strong>Silvia,</strong></span> <span class='ocrx_word' id='word_1_557' title='bbox 1381 4210 1602 4265; x_wconf 88' lang='lat' dir='ltr'><strong>candido</strong></span> <span class='ocrx_word' id='word_1_558' title='bbox 1631 4211 1881 4265; x_wconf 83' lang='lat' dir='ltr'><strong>velamine</strong></span> <span class='ocrx_word' id='word_1_559' title='bbox 1920 4230 1951 4266; x_wconf 79' lang='grc' dir='ltr'><strong>ιι</strong></span> <span class='ocrx_word' id='word_1_560' title='bbox 1980 4214 2158 4268; x_wconf 73' lang='lat' dir='ltr'><strong>dextro</strong></span> 
     </span>
    </p>
   </div>
   <div class='ocr_carea' id='block_1_75' title="bbox 578 4295 2155 4373">
    <p class='ocr_par' dir='ltr' id='par_1_75' title="bbox 578 4295 2155 4373">
     <span class='ocr_line' id='line_1_75' title="bbox 578 4295 2155 4373; baseline 0.006 -27"><span class='ocrx_word' id='word_1_561' title='bbox 578 4295 786 4349; x_wconf 84' lang='lat' dir='ltr'><strong>humero</strong></span> <span class='ocrx_word' id='word_1_562' title='bbox 811 4296 982 4349; x_wconf 88' lang='lat' dir='ltr'><strong>taliter</strong></span> <span class='ocrx_word' id='word_1_563' title='bbox 1000 4309 1179 4351; x_wconf 82' lang='lat' dir='ltr'><strong>contra</strong></span> <span class='ocrx_word' id='word_1_564' title='bbox 1201 4300 1280 4351; x_wconf 85' lang='lat' dir='ltr'><strong>sin</strong></span> <span class='ocrx_word' id='word_1_565' title='bbox 1289 4301 1467 4353; x_wconf 84' lang='lat' dir='ltr'><strong>istram</strong></span> <span class='ocrx_word' id='word_1_566' title='bbox 1485 4304 1709 4355; x_wconf 86' lang='lat' dir='ltr'><strong>revoluto</strong></span> <span class='ocrx_word' id='word_1_567' title='bbox 1727 4303 1885 4373; x_wconf 74' lang='lat'><strong>200</strong></span> <span class='ocrx_word' id='word_1_568' title='bbox 1906 4312 2155 4370; x_wconf 86' lang='lat' dir='ltr'><strong>contecta,</strong></span> 
     </span>
    </p>
   </div>
   <div class='ocr_carea' id='block_1_76' title="bbox 577 4387 2154 4462">
    <p class='ocr_par' dir='ltr' id='par_1_76' title="bbox 577 4387 2154 4462">
     <span class='ocr_line' id='line_1_76' title="bbox 577 4387 2154 4462; baseline 0.008 -24"><span class='ocrx_word' id='word_1_569' title='bbox 577 4396 632 4439; x_wconf 89' lang='lat' dir='ltr'><strong>ut</strong></span> <span class='ocrx_word' id='word_1_570' title='bbox 660 4387 751 4439; x_wconf 88' lang='lat' dir='ltr'><strong>sub</strong></span> <span class='ocrx_word' id='word_1_571' title='bbox 772 4404 830 4441; x_wconf 86' lang='lat' dir='ltr'><strong>eo</strong></span> <span class='ocrx_word' id='word_1_572' title='bbox 850 4404 1033 4442; x_wconf 75' lang='lat' dir='ltr'><strong>manus</strong></span> <span class='ocrx_word' id='word_1_573' title='bbox 1058 4399 1301 4461; x_wconf 80' lang='lat' dir='ltr'><strong>tanquam</strong></span> <span class='ocrx_word' id='word_1_574' title='bbox 1333 4390 1395 4444; x_wconf 83' lang='lat' dir='ltr'><strong>de</strong></span> <span class='ocrx_word' id='word_1_575' title='bbox 1414 4395 1620 4460; x_wconf 90' lang='lat' dir='ltr'><strong>planeta</strong></span> <span class='ocrx_word' id='word_1_576' title='bbox 1635 4392 1901 4446; x_wconf 85' lang='lat' dir='ltr'><strong>subducat.</strong></span> <span class='ocrx_word' id='word_1_577' title='bbox 1932 4393 2154 4462; x_wconf 82' lang='lat' dir='ltr'><strong>Reliqua</strong></span> 
     </span>
    </p>
   </div>
   <div class='ocr_carea' id='block_1_77' title="bbox 577 4479 2157 4554">
    <p class='ocr_par' dir='ltr' id='par_1_77' title="bbox 577 4479 2157 4554">
     <span class='ocr_line' id='line_1_77' title="bbox 577 4479 2157 4554; baseline 0.006 -22"><span class='ocrx_word' id='word_1_578' title='bbox 577 4479 644 4532; x_wconf 89' lang='lat' dir='ltr'><strong>ad</strong></span> <span class='ocrx_word' id='word_1_579' title='bbox 698 4479 1071 4534; x_wconf 78' lang='lat' dir='ltr'><strong>vestimentum</strong></span> <span class='ocrx_word' id='word_1_580' title='bbox 1116 4490 1169 4533; x_wconf 91' lang='lat' dir='ltr'><strong>et</strong></span> <span class='ocrx_word' id='word_1_581' title='bbox 1226 4490 1473 4535; x_wconf 83' lang='lat' dir='ltr'><strong>ornatum</strong></span> <span class='ocrx_word' id='word_1_582' title='bbox 1511 4482 1627 4551; x_wconf 86' lang='lat' dir='ltr'><strong>ejus</strong></span> <span class='ocrx_word' id='word_1_583' title='bbox 1676 4486 1996 4553; x_wconf 87' lang='lat' dir='ltr'><strong>pertinentia</strong></span> <span class='ocrx_word' id='word_1_584' title='bbox 2045 4486 2157 4554; x_wconf 89' lang='lat' dir='ltr'><strong>lege</strong></span> 
     </span>
    </p>
   </div>
   <div class='ocr_carea' id='block_1_78' title="bbox 576 4570 2157 4643">
    <p class='ocr_par' dir='ltr' id='par_1_78' title="bbox 576 4570 2157 4643">
     <span class='ocr_line' id='line_1_78' title="bbox 576 4570 2157 4643; baseline 0.005 -18"><span class='ocrx_word' id='word_1_585' title='bbox 576 4570 719 4642; x_wconf 86' lang='lat' dir='ltr'><strong>apud</strong></span> <span class='ocrx_word' id='word_1_586' title='bbox 755 4570 1018 4627; x_wconf 88' lang='lat' dir='ltr'><strong>Joannem</strong></span> <span class='ocrx_word' id='word_1_587' title='bbox 1067 4572 1358 4628; x_wconf 85' lang='lat' dir='ltr'><strong>Diaconum</strong></span> <span class='ocrx_word' id='word_1_588' title='bbox 1402 4574 1492 4628; x_wconf 76' lang='lat' dir='ltr'><strong>lib.</strong></span> <span class='ocrx_word' id='word_1_589' title='bbox 1524 4591 1595 4643; x_wconf 83' lang='lat' dir='ltr'><strong>iv,</strong></span> <span class='ocrx_word' id='word_1_590' title='bbox 1626 4592 1674 4629; x_wconf 90' lang='lat' dir='ltr'><strong>c.</strong></span> <span class='ocrx_word' id='word_1_591' title='bbox 1708 4576 1794 4629; x_wconf 74' lang='lat'><strong>85.</strong></span> <span class='ocrx_word' id='word_1_592' title='bbox 1822 4577 1901 4630; x_wconf 89' lang='lat' dir='ltr'><strong>Ad</strong></span> <span class='ocrx_word' id='word_1_593' title='bbox 1934 4576 2157 4633; x_wconf 89' lang='lat' dir='ltr'><strong>formam</strong></span> 
     </span>
    </p>
   </div>
   <div class='ocr_carea' id='block_1_79' title="bbox 577 4650 2170 4740">
    <p class='ocr_par' dir='ltr' id='par_1_79' title="bbox 577 4650 2170 4740">
     <span class='ocr_line' id='line_1_79' title="bbox 577 4650 2170 4740; baseline 0.005 -23"><span class='ocrx_word' id='word_1_594' title='bbox 577 4658 691 4731; x_wconf 83' lang='lat' dir='ltr'><strong>ejus</strong></span> <span class='ocrx_word' id='word_1_595' title='bbox 718 4664 860 4732; x_wconf 88' lang='lat' dir='ltr'><strong>quod</strong></span> <span class='ocrx_word' id='word_1_596' title='bbox 889 4665 1080 4719; x_wconf 89' lang='lat' dir='ltr'><strong>attinet</strong></span> <span class='ocrx_word' id='word_1_597' title='bbox 1114 4684 1125 4718; x_wconf 78' lang='grc' dir='ltr'><strong>ε</strong></span> <span class='ocrx_word' id='word_1_598' title='bbox 1153 4665 1369 4720; x_wconf 81' lang='lat' dir='ltr'><strong>Statura</strong></span> <span class='ocrx_word' id='word_1_599' title='bbox 1413 4669 1460 4721; x_wconf 89' lang='lat' dir='ltr'><strong>ei</strong></span> <span class='ocrx_word' id='word_1_600' title='bbox 1491 4668 1675 4738; x_wconf 83' lang='lat' dir='ltr'><strong>plena,</strong></span> <span class='ocrx_word' id='word_1_601' title='bbox 1711 4670 1884 4740; x_wconf 89' lang='lat' dir='ltr'><strong>inquit</strong></span> <span class='ocrx_word' id='word_1_602' title='bbox 1928 4671 2121 4725; x_wconf 89' lang='lat' dir='ltr'><strong>ibidem</strong></span> <span class='ocrx_word' id='word_1_603' title='bbox 2142 4650 2170 4736; x_wconf 42' lang='lat'><strong>,‘</strong></span> 
     </span>
    </p>
   </div>
   <div class='ocr_carea' id='block_1_80' title="bbox 578 4754 2156 4833">
    <p class='ocr_par' dir='ltr' id='par_1_80' title="bbox 578 4754 2156 4833">
     <span class='ocr_line' id='line_1_80' title="bbox 578 4754 2156 4833; baseline 0.008 -27"><span class='ocrx_word' id='word_1_604' title='bbox 578 4754 738 4825; x_wconf 64' lang='lat' dir='ltr'><strong>facies</strong></span> <span class='ocrx_word' id='word_1_605' title='bbox 754 4754 975 4808; x_wconf 81' lang='lat' dir='ltr'><strong>rotunda</strong></span> <span class='ocrx_word' id='word_1_606' title='bbox 995 4756 1197 4827; x_wconf 81' lang='lat' dir='ltr'><strong>quidem</strong></span> <span class='ocrx_word' id='word_1_607' title='bbox 1219 4767 1266 4811; x_wconf 88' lang='lat' dir='ltr'><strong>et</strong></span> <span class='ocrx_word' id='word_1_608' title='bbox 1288 4759 1530 4823; x_wconf 81' lang='lat' dir='ltr'><strong>candida,</strong></span> <span class='ocrx_word' id='word_1_609' title='bbox 1549 4760 1640 4813; x_wconf 87' lang='lat' dir='ltr'><strong>sed</strong></span> <span class='ocrx_word' id='word_1_610' title='bbox 1660 4763 1801 4815; x_wconf 85' lang='lat' dir='ltr'><strong>senio</strong></span> <span class='ocrx_word' id='word_1_611' title='bbox 1809 4762 1923 4832; x_wconf 83' lang='lat' dir='ltr'><strong>jam</strong></span> <span class='ocrx_word' id='word_1_612' title='bbox 1944 4780 2156 4833; x_wconf 86' lang='lat' dir='ltr'><strong>rugosa,</strong></span> 
     </span>
    </p>
   </div>
   <div class='ocr_carea' id='block_1_81' title="bbox 577 4848 2161 4925">
    <p class='ocr_par' dir='ltr' id='par_1_81' title="bbox 577 4848 2161 4925">
     <span class='ocr_line' id='line_1_81' title="bbox 577 4848 2161 4925; baseline 0.006 -27"><span class='ocrx_word' id='word_1_613' title='bbox 577 4864 729 4917; x_wconf 81' lang='lat' dir='ltr'><strong>quant</strong></span> <span class='ocrx_word' id='word_1_614' title='bbox 751 4848 863 4915; x_wconf 88' lang='lat' dir='ltr'><strong>ipsa</strong></span> <span class='ocrx_word' id='word_1_615' title='bbox 894 4864 1088 4918; x_wconf 81' lang='lat' dir='ltr'><strong>quoque</strong></span> <span class='ocrx_word' id='word_1_616' title='bbox 1115 4860 1347 4903; x_wconf 86' lang='lat' dir='ltr'><strong>senectus</strong></span> <span class='ocrx_word' id='word_1_617' title='bbox 1376 4852 1775 4921; x_wconf 80' lang='lat' dir='ltr'><strong>pulcherrimam</strong></span> <span class='ocrx_word' id='word_1_618' title='bbox 1804 4856 1964 4923; x_wconf 73' lang='lat' dir='ltr'><strong>fuisse</strong></span> <span class='ocrx_word' id='word_1_619' title='bbox 2006 4856 2161 4925; x_wconf 87' lang='lat' dir='ltr'><strong>signi-</strong></span> 
     </span>
    </p>
   </div>
   <div class='ocr_carea' id='block_1_82' title="bbox 577 4938 2153 5014">
    <p class='ocr_par' dir='ltr' id='par_1_82' title="bbox 577 4938 2153 5014">
     <span class='ocr_line' id='line_1_82' title="bbox 577 4938 2153 5014; baseline 0.008 -28"><span class='ocrx_word' id='word_1_620' title='bbox 577 4938 721 5005; x_wconf 76' lang='lat' dir='ltr'><strong>ﬁcat,</strong></span> <span class='ocrx_word' id='word_1_621' title='bbox 745 4938 904 4990; x_wconf 87' lang='lat' dir='ltr'><strong>oculis</strong></span> <span class='ocrx_word' id='word_1_622' title='bbox 934 4938 1133 5007; x_wconf 83' lang='lat' dir='ltr'><strong>glaucis</strong></span> <span class='ocrx_word' id='word_1_623' title='bbox 1153 4950 1201 4991; x_wconf 85' lang='lat' dir='ltr'><strong>et</strong></span> <span class='ocrx_word' id='word_1_624' title='bbox 1229 4940 1531 5010; x_wconf 84' lang='lat' dir='ltr'><strong>grandibus,</strong></span> <span class='ocrx_word' id='word_1_625' title='bbox 1576 4946 1865 5014; x_wconf 77' lang='lat' dir='ltr'><strong>superciliis</strong></span> <span class='ocrx_word' id='word_1_626' title='bbox 1918 4945 2153 5011; x_wconf 82' lang='lat' dir='ltr'><strong>modicis,</strong></span> 
     </span>
    </p>
   </div>
   <div class='ocr_carea' id='block_1_83' title="bbox 577 5028 2159 5103">
    <p class='ocr_par' dir='ltr' id='par_1_83' title="bbox 577 5028 2159 5103">
     <span class='ocr_line' id='line_1_83' title="bbox 577 5028 2159 5103; baseline 0.006 -24"><span class='ocrx_word' id='word_1_627' title='bbox 577 5028 775 5080; x_wconf 80' lang='lat' dir='ltr'><strong>labellis</strong></span> <span class='ocrx_word' id='word_1_628' title='bbox 807 5030 1045 5093; x_wconf 87' lang='lat' dir='ltr'><strong>venustis,</strong></span> <span class='ocrx_word' id='word_1_629' title='bbox 1080 5029 1216 5081; x_wconf 84' lang='lat' dir='ltr'><strong>vultu</strong></span> <span class='ocrx_word' id='word_1_630' title='bbox 1238 5031 1410 5093; x_wconf 78' lang='lat' dir='ltr'><strong>hilari,</strong></span> <span class='ocrx_word' id='word_1_631' title='bbox 1436 5034 1604 5102; x_wconf 78' lang='lat' dir='ltr'><strong>ferens</strong></span> <span class='ocrx_word' id='word_1_632' title='bbox 1627 5036 1679 5086; x_wconf 87' lang='lat' dir='ltr'><strong>in</strong></span> <span class='ocrx_word' id='word_1_633' title='bbox 1706 5036 1873 5103; x_wconf 84' lang='lat' dir='ltr'><strong>capite</strong></span> <span class='ocrx_word' id='word_1_634' title='bbox 1895 5046 2159 5089; x_wconf 86' lang='lat' dir='ltr'><strong>matrona-</strong></span> 
     </span>
    </p>
   </div>
   <div class='ocr_carea' id='block_1_84' title="bbox 576 5118 1838 5193">
    <p class='ocr_par' dir='ltr' id='par_1_84' title="bbox 576 5118 1838 5193">
     <span class='ocr_line' id='line_1_84' title="bbox 576 5118 1838 5193; baseline 0.006 -24"><span class='ocrx_word' id='word_1_635' title='bbox 576 5136 673 5170; x_wconf 76' lang='lat' dir='ltr'><strong>lem</strong></span> <span class='ocrx_word' id='word_1_636' title='bbox 707 5132 729 5153; x_wconf 67' lang='grc'><em>⁸</em></span> <span class='ocrx_word' id='word_1_637' title='bbox 756 5120 981 5172; x_wconf 87' lang='lat' dir='ltr'><strong>mitram.</strong></span> <span class='ocrx_word' id='word_1_638' title='bbox 1012 5118 1116 5189; x_wconf 74' lang='lat' dir='ltr'><strong>(Cf.</strong></span> <span class='ocrx_word' id='word_1_639' title='bbox 1149 5123 1308 5173; x_wconf 88' lang='lat' dir='ltr'><strong>Joan.</strong></span> <span class='ocrx_word' id='word_1_640' title='bbox 1355 5119 1502 5173; x_wconf 81' lang='lat' dir='ltr'><strong>Diae.</strong></span> <span class='ocrx_word' id='word_1_641' title='bbox 1536 5123 1572 5175; x_wconf 83' lang='grc' dir='ltr'><strong>ι.</strong></span> <span class='ocrx_word' id='word_1_642' title='bbox 1607 5140 1643 5188; x_wconf 84' lang='grc' dir='ltr'><strong>ι,</strong></span> <span class='ocrx_word' id='word_1_643' title='bbox 1674 5142 1725 5177; x_wconf 83' lang='grc' dir='ltr'><strong>η.</strong></span> <span class='ocrx_word' id='word_1_644' title='bbox 1761 5126 1838 5193; x_wconf 81' lang='lat'><strong>9.)</strong></span> 
     </span>
    </p>
   </div>
   <div class='ocr_carea' id='block_1_85' title="bbox 646 5210 2159 5279">
    <p class='ocr_par' dir='ltr' id='par_1_85' title="bbox 646 5210 2159 5279">
     <span class='ocr_line' id='line_1_85' title="bbox 646 5210 2159 5279; baseline 0.007 -18"><span class='ocrx_word' id='word_1_645' title='bbox 646 5210 699 5262; x_wconf 80' lang='grc'><strong>5.</strong></span> <span class='ocrx_word' id='word_1_646' title='bbox 744 5211 819 5265; x_wconf 91' lang='lat' dir='ltr'><strong>De</strong></span> <span class='ocrx_word' id='word_1_647' title='bbox 849 5211 1091 5279; x_wconf 86' lang='lat' dir='ltr'><strong>Gregorii</strong></span> <span class='ocrx_word' id='word_1_648' title='bbox 1121 5212 1410 5278; x_wconf 54' lang='lat' dir='ltr'><strong>majoribus</strong></span> <span class='ocrx_word' id='word_1_649' title='bbox 1458 5214 1588 5267; x_wconf 88' lang='lat' dir='ltr'><strong>nihil</strong></span> <span class='ocrx_word' id='word_1_650' title='bbox 1631 5218 1763 5269; x_wconf 83' lang='lat' dir='ltr'><strong>certi</strong></span> <span class='ocrx_word' id='word_1_651' title='bbox 1812 5218 1965 5271; x_wconf 88' lang='lat' dir='ltr'><strong>nobis</strong></span> <span class='ocrx_word' id='word_1_652' title='bbox 1998 5219 2159 5273; x_wconf 85' lang='lat' dir='ltr'><strong>tradi-</strong></span> 
     </span>
    </p>
   </div>
   <div class='ocr_carea' id='block_1_86' title="bbox 579 5303 2162 5375">
    <p class='ocr_par' dir='ltr' id='par_1_86' title="bbox 579 5303 2162 5375">
     <span class='ocr_line' id='line_1_86' title="bbox 579 5303 2162 5375; baseline 0.007 -23"><span class='ocrx_word' id='word_1_653' title='bbox 579 5309 713 5361; x_wconf 88' lang='lat' dir='ltr'><strong>tum.</strong></span> <span class='ocrx_word' id='word_1_654' title='bbox 747 5303 847 5356; x_wconf 82' lang='lat' dir='ltr'><strong>nisi</strong></span> <span class='ocrx_word' id='word_1_655' title='bbox 877 5304 1020 5372; x_wconf 88' lang='lat' dir='ltr'><strong>quod</strong></span> <span class='ocrx_word' id='word_1_656' title='bbox 1047 5306 1112 5358; x_wconf 89' lang='lat' dir='ltr'><strong>de</strong></span> <span class='ocrx_word' id='word_1_657' title='bbox 1147 5305 1465 5359; x_wconf 85' lang='lat' dir='ltr'><strong>senatoribus</strong></span> <span class='ocrx_word' id='word_1_658' title='bbox 1506 5308 1717 5375; x_wconf 82' lang='lat' dir='ltr'><strong>primis,</strong></span> <span class='ocrx_word' id='word_1_659' title='bbox 1753 5319 1809 5362; x_wconf 91' lang='lat' dir='ltr'><strong>ut</strong></span> <span class='ocrx_word' id='word_1_660' title='bbox 1836 5309 1991 5362; x_wconf 70' lang='lat' dir='ltr'><strong>dUCCl</strong></span> <span class='ocrx_word' id='word_1_661' title='bbox 2029 5311 2162 5365; x_wconf 83' lang='lat' dir='ltr'><strong>Gre-</strong></span> 
     </span>
    </p>
   </div>
   <div class='ocr_carea' id='block_1_87' title="bbox 579 5391 2163 5471">
    <p class='ocr_par' dir='ltr' id='par_1_87' title="bbox 579 5391 2163 5471">
     <span class='ocr_line' id='line_1_87' title="bbox 579 5391 2163 5471; baseline 0.004 -24"><span class='ocrx_word' id='word_1_662' title='bbox 579 5392 781 5459; x_wconf 64' lang='lat' dir='ltr'><strong>gorius,</strong></span> <span class='ocrx_word' id='word_1_663' title='bbox 822 5391 1150 5449; x_wconf 85' lang='lat' dir='ltr'><strong>Turonensis</strong></span> <span class='ocrx_word' id='word_1_664' title='bbox 1192 5397 1477 5466; x_wconf 81' lang='lat' dir='ltr'><strong>episcopus</strong></span> <span class='ocrx_word' id='word_1_665' title='bbox 1535 5396 1668 5467; x_wconf 86' lang='lat' dir='ltr'><strong>(Lib.</strong></span> <span class='ocrx_word' id='word_1_666' title='bbox 1721 5416 1751 5452; x_wconf 86' lang='lat' dir='ltr'><strong>x</strong></span> <span class='ocrx_word' id='word_1_667' title='bbox 1802 5400 1940 5453; x_wconf 82' lang='lat' dir='ltr'><strong>llist.</strong></span> <span class='ocrx_word' id='word_1_668' title='bbox 1993 5419 2037 5453; x_wconf 83' lang='lat' dir='ltr'><strong>c.</strong></span> <span class='ocrx_word' id='word_1_669' title='bbox 2086 5402 2163 5471; x_wconf 81' lang='grc'><strong>1),</strong></span> 
     </span>
    </p>
   </div>
   <div class='ocr_carea' id='block_1_88' title="bbox 579 5486 2151 5555">
    <p class='ocr_par' dir='ltr' id='par_1_88' title="bbox 579 5486 2151 5555">
     <span class='ocr_line' id='line_1_88' title="bbox 579 5486 2151 5555; baseline 0.003 -15"><span class='ocrx_word' id='word_1_670' title='bbox 579 5502 792 5540; x_wconf 60' lang='lat' dir='ltr'><strong>cturnus</strong></span> <span class='ocrx_word' id='word_1_671' title='bbox 814 5486 1062 5555; x_wconf 83' lang='lat' dir='ltr'><strong>scriptor,</strong></span> <span class='ocrx_word' id='word_1_672' title='bbox 1106 5486 1263 5541; x_wconf 87' lang='lat' dir='ltr'><strong>fuerit</strong></span> <span class='ocrx_word' id='word_1_673' title='bbox 1292 5489 1569 5545; x_wconf 75' lang='lat' dir='ltr'><strong>oriuodus.</strong></span> <span class='ocrx_word' id='word_1_674' title='bbox 1617 5490 1821 5555; x_wconf 80' lang='lat' dir='ltr'><strong>Quibus</strong></span> <span class='ocrx_word' id='word_1_675' title='bbox 1867 5494 2151 5547; x_wconf 74' lang='lat' dir='ltr'><strong>Vt’l&#39;lllstlll-</strong></span> 
     </span>
    </p>
   </div>
   <div class='ocr_carea' id='block_1_89' title="bbox 661 5641 2149 5709">
    <p class='ocr_par' dir='ltr' id='par_1_89' title="bbox 661 5641 2149 5709">
     <span class='ocr_line' id='line_1_89' title="bbox 661 5641 2149 5709; baseline 0.006 -18"><span class='ocrx_word' id='word_1_676' title='bbox 661 5650 685 5676; x_wconf 77' lang='grc' dir='ltr'><strong>ιι</strong></span> <span class='ocrx_word' id='word_1_677' title='bbox 714 5641 956 5694; x_wconf 73' lang='lat' dir='ltr'><strong>lleinitra</strong></span> <span class='ocrx_word' id='word_1_678' title='bbox 980 5644 1095 5709; x_wconf 64' lang='lat' dir='ltr'><strong>lege</strong></span> <span class='ocrx_word' id='word_1_679' title='bbox 1122 5653 1302 5696; x_wconf 82' lang='lat' dir='ltr'><strong>notam</strong></span> <span class='ocrx_word' id='word_1_680' title='bbox 1326 5644 1392 5696; x_wconf 81' lang='lat' dir='ltr'><strong>ad</strong></span> <span class='ocrx_word' id='word_1_681' title='bbox 1419 5645 1593 5699; x_wconf 88' lang='lat' dir='ltr'><strong>locum</strong></span> <span class='ocrx_word' id='word_1_682' title='bbox 1619 5643 1775 5698; x_wconf 71' lang='lat' dir='ltr'><strong>.loae.</strong></span> <span class='ocrx_word' id='word_1_683' title='bbox 1794 5647 2011 5701; x_wconf 79' lang='lat' dir='ltr'><strong>lliaconi</strong></span> <span class='ocrx_word' id='word_1_684' title='bbox 2037 5648 2149 5700; x_wconf 84' lang='lat' dir='ltr'><strong>latt-</strong></span> 
     </span>
    </p>
   </div>
   <div class='ocr_carea' id='block_1_90' title="bbox 587 5710 2147 5783">
    <p class='ocr_par' dir='ltr' id='par_1_90' title="bbox 587 5710 2147 5783">
     <span class='ocr_line' id='line_1_90' title="bbox 587 5710 2147 5783; baseline 0.001 -14"><span class='ocrx_word' id='word_1_685' title='bbox 587 5715 793 5769; x_wconf 87' lang='lat' dir='ltr'><strong>datum.</strong></span> <span class='ocrx_word' id='word_1_686' title='bbox 824 5710 989 5766; x_wconf 80' lang='lat' dir='ltr'><strong>Milia:</strong></span> <span class='ocrx_word' id='word_1_687' title='bbox 1018 5714 1233 5783; x_wconf 86' lang='lat' dir='ltr'><strong>proprie</strong></span> <span class='ocrx_word' id='word_1_688' title='bbox 1264 5729 1479 5768; x_wconf 72' lang='lat' dir='ltr'><strong>corona:</strong></span> <span class='ocrx_word' id='word_1_689' title='bbox 1504 5724 1627 5770; x_wconf 85' lang='lat' dir='ltr'><strong>sunt</strong></span> <span class='ocrx_word' id='word_1_690' title='bbox 1651 5731 1715 5769; x_wconf 70' lang='lat' dir='ltr'><strong>ex</strong></span> <span class='ocrx_word' id='word_1_691' title='bbox 1745 5718 1921 5773; x_wconf 69' lang='lat' dir='ltr'><strong>lasciis</strong></span> <span class='ocrx_word' id='word_1_692' title='bbox 1949 5728 2001 5772; x_wconf 88' lang='lat' dir='ltr'><strong>et</strong></span> <span class='ocrx_word' id='word_1_693' title='bbox 2023 5734 2147 5772; x_wconf 83' lang='lat' dir='ltr'><strong>ora-</strong></span> 
     </span>
    </p>
   </div>
   <div class='ocr_carea' id='block_1_91' title="bbox 2262 3209 3857 3280">
    <p class='ocr_par' dir='ltr' id='par_1_91' title="bbox 2262 3209 3857 3280">
     <span class='ocr_line' id='line_1_91' title="bbox 2262 3209 3857 3280; baseline -0.001 -16"><span class='ocrx_word' id='word_1_694' title='bbox 2262 3211 2559 3280; x_wconf 70' lang='lat' dir='ltr'><strong>imputznat,</strong></span> <span class='ocrx_word' id='word_1_695' title='bbox 2592 3219 2701 3264; x_wconf 90' lang='lat' dir='ltr'><strong>tum</strong></span> <span class='ocrx_word' id='word_1_696' title='bbox 2735 3211 2785 3263; x_wconf 93' lang='lat' dir='ltr'><strong>in</strong></span> <span class='ocrx_word' id='word_1_697' title='bbox 2815 3210 3071 3265; x_wconf 84' lang='lat' dir='ltr'><strong>Amiotat.</strong></span> <span class='ocrx_word' id='word_1_698' title='bbox 3099 3212 3166 3263; x_wconf 89' lang='lat' dir='ltr'><strong>ad</strong></span> <span class='ocrx_word' id='word_1_699' title='bbox 3193 3210 3541 3280; x_wconf 79' lang='lat' dir='ltr'><strong>Martyrolog.</strong></span> <span class='ocrx_word' id='word_1_700' title='bbox 3580 3209 3741 3263; x_wconf 82' lang='lat' dir='ltr'><strong>Rom.</strong></span> <span class='ocrx_word' id='word_1_701' title='bbox 3767 3211 3857 3263; x_wconf 80' lang='lat' dir='ltr'><strong>die</strong></span> 
     </span>
    </p>
   </div>
   <div class='ocr_carea' id='block_1_92' title="bbox 2259 3300 3857 3367">
    <p class='ocr_par' dir='ltr' id='par_1_92' title="bbox 2259 3300 3857 3367">
     <span class='ocr_line' id='line_1_92' title="bbox 2259 3300 3857 3367; baseline -0.001 -13"><span class='ocrx_word' id='word_1_702' title='bbox 2259 3302 2329 3355; x_wconf 72' lang='lat'><strong>25</strong></span> <span class='ocrx_word' id='word_1_703' title='bbox 2377 3301 2675 3367; x_wconf 85' lang='lat' dir='ltr'><strong>Februarii,</strong></span> <span class='ocrx_word' id='word_1_704' title='bbox 2728 3312 2839 3355; x_wconf 90' lang='lat' dir='ltr'><strong>tum</strong></span> <span class='ocrx_word' id='word_1_705' title='bbox 2893 3304 2945 3355; x_wconf 88' lang='lat' dir='ltr'><strong>iti</strong></span> <span class='ocrx_word' id='word_1_706' title='bbox 2986 3302 3281 3358; x_wconf 86' lang='lat' dir='ltr'><strong>Annalibus</strong></span> <span class='ocrx_word' id='word_1_707' title='bbox 3310 3302 3453 3357; x_wconf 85' lang='lat' dir='ltr'><strong>Eccl.</strong></span> <span class='ocrx_word' id='word_1_708' title='bbox 3485 3303 3551 3353; x_wconf 87' lang='lat' dir='ltr'><strong>ad</strong></span> <span class='ocrx_word' id='word_1_709' title='bbox 3593 3319 3680 3356; x_wconf 74' lang='lat' dir='ltr'><strong>an.</strong></span> <span class='ocrx_word' id='word_1_710' title='bbox 3725 3300 3857 3365; x_wconf 68' lang='lat'><strong>58!,</strong></span> 
     </span>
    </p>
   </div>
   <div class='ocr_carea' id='block_1_93' title="bbox 2260 3391 3861 3462">
    <p class='ocr_par' dir='ltr' id='par_1_93' title="bbox 2260 3391 3861 3462">
     <span class='ocr_line' id='line_1_93' title="bbox 2260 3391 3861 3462; baseline -0.001 -13"><span class='ocrx_word' id='word_1_711' title='bbox 2260 3395 2360 3449; x_wconf 85' lang='lat' dir='ltr'><strong>hac</strong></span> <span class='ocrx_word' id='word_1_712' title='bbox 2388 3394 2684 3462; x_wconf 62' lang='lat' dir='ltr'><strong>praesertim</strong></span> <span class='ocrx_word' id='word_1_713' title='bbox 2728 3393 2958 3458; x_wconf 88' lang='lat' dir='ltr'><strong>ratione,</strong></span> <span class='ocrx_word' id='word_1_714' title='bbox 2994 3392 3138 3461; x_wconf 86' lang='lat' dir='ltr'><strong>quod</strong></span> <span class='ocrx_word' id='word_1_715' title='bbox 3173 3391 3398 3446; x_wconf 84' lang='lat' dir='ltr'><strong>Felicem</strong></span> <span class='ocrx_word' id='word_1_716' title='bbox 3442 3392 3506 3445; x_wconf 88' lang='lat' dir='ltr'><strong>lV</strong></span> <span class='ocrx_word' id='word_1_717' title='bbox 3553 3393 3861 3449; x_wconf 89' lang='lat' dir='ltr'><strong>Samnitem</strong></span> 
     </span>
    </p>
   </div>
   <div class='ocr_carea' id='block_1_94' title="bbox 2262 3480 3858 3553">
    <p class='ocr_par' dir='ltr' id='par_1_94' title="bbox 2262 3480 3858 3553">
     <span class='ocr_line' id='line_1_94' title="bbox 2262 3480 3858 3553; baseline 0.002 -16"><span class='ocrx_word' id='word_1_718' title='bbox 2262 3484 2423 3539; x_wconf 81' lang='lat' dir='ltr'><strong>fuisse</strong></span> <span class='ocrx_word' id='word_1_719' title='bbox 2452 3492 2682 3547; x_wconf 88' lang='lat' dir='ltr'><strong>constet,</strong></span> <span class='ocrx_word' id='word_1_720' title='bbox 2711 3482 3050 3553; x_wconf 83' lang='lat' dir='ltr'><strong>majoresque</strong></span> <span class='ocrx_word' id='word_1_721' title='bbox 3072 3480 3317 3552; x_wconf 85' lang='lat' dir='ltr'><strong>Gregorii</strong></span> <span class='ocrx_word' id='word_1_722' title='bbox 3337 3484 3530 3553; x_wconf 80' lang='lat' dir='ltr'><strong>Magni,</strong></span> <span class='ocrx_word' id='word_1_723' title='bbox 3553 3485 3858 3540; x_wconf 81' lang='lat' dir='ltr'><strong>Romanos.</strong></span> 
     </span>
    </p>
   </div>
   <div class='ocr_carea' id='block_1_95' title="bbox 2266 3573 3860 3643">
    <p class='ocr_par' dir='ltr' id='par_1_95' title="bbox 2266 3573 3860 3643">
     <span class='ocr_line' id='line_1_95' title="bbox 2266 3573 3860 3643; baseline 0.003 -16"><span class='ocrx_word' id='word_1_724' title='bbox 2266 3575 2335 3628; x_wconf 84' lang='lat' dir='ltr'><strong>At</strong></span> <span class='ocrx_word' id='word_1_725' title='bbox 2357 3574 2484 3643; x_wconf 89' lang='lat' dir='ltr'><strong>quid</strong></span> <span class='ocrx_word' id='word_1_726' title='bbox 2530 3582 2678 3628; x_wconf 87' lang='lat' dir='ltr'><strong>vetat</strong></span> <span class='ocrx_word' id='word_1_727' title='bbox 2726 3573 2978 3638; x_wconf 89' lang='lat' dir='ltr'><strong>Felicem,</strong></span> <span class='ocrx_word' id='word_1_728' title='bbox 3038 3574 3136 3627; x_wconf 89' lang='lat' dir='ltr'><strong>etsi</strong></span> <span class='ocrx_word' id='word_1_729' title='bbox 3180 3587 3377 3642; x_wconf 88' lang='lat' dir='ltr'><strong>genere</strong></span> <span class='ocrx_word' id='word_1_730' title='bbox 3426 3575 3749 3637; x_wconf 82' lang='lat' dir='ltr'><strong>Romanum,</strong></span> <span class='ocrx_word' id='word_1_731' title='bbox 3805 3578 3860 3632; x_wconf 93' lang='lat' dir='ltr'><strong>in</strong></span> 
     </span>
    </p>
   </div>
   <div class='ocr_carea' id='block_1_96' title="bbox 2260 3665 3863 3736">
    <p class='ocr_par' dir='ltr' id='par_1_96' title="bbox 2260 3665 3863 3736">
     <span class='ocr_line' id='line_1_96' title="bbox 2260 3665 3863 3736; baseline 0.001 -15"><span class='ocrx_word' id='word_1_732' title='bbox 2260 3666 2591 3721; x_wconf 89' lang='lat' dir='ltr'><strong>Samnitibus</strong></span> <span class='ocrx_word' id='word_1_733' title='bbox 2636 3675 2815 3720; x_wconf 89' lang='lat' dir='ltr'><strong>tamen</strong></span> <span class='ocrx_word' id='word_1_734' title='bbox 2855 3675 3029 3721; x_wconf 89' lang='lat' dir='ltr'><strong>ortum</strong></span> <span class='ocrx_word' id='word_1_735' title='bbox 3058 3667 3211 3720; x_wconf 87' lang='lat' dir='ltr'><strong>esse?</strong></span> <span class='ocrx_word' id='word_1_736' title='bbox 3241 3665 3554 3734; x_wconf 87' lang='lat' dir='ltr'><strong>Quanquam</strong></span> <span class='ocrx_word' id='word_1_737' title='bbox 3579 3668 3696 3736; x_wconf 90' lang='lat' dir='ltr'><strong>ipse</strong></span> <span class='ocrx_word' id='word_1_738' title='bbox 3722 3667 3863 3724; x_wconf 85' lang='lat' dir='ltr'><strong>Gre-</strong></span> 
     </span>
    </p>
   </div>
   <div class='ocr_carea' id='block_1_97' title="bbox 2260 3757 3860 3827">
    <p class='ocr_par' dir='ltr' id='par_1_97' title="bbox 2260 3757 3860 3827">
     <span class='ocr_line' id='line_1_97' title="bbox 2260 3757 3860 3827; baseline 0.001 -15"><span class='ocrx_word' id='word_1_739' title='bbox 2260 3759 2459 3827; x_wconf 89' lang='lat' dir='ltr'><strong>gorius,</strong></span> <span class='ocrx_word' id='word_1_740' title='bbox 2501 3758 2710 3827; x_wconf 90' lang='lat' dir='ltr'><strong>aliquos</strong></span> <span class='ocrx_word' id='word_1_741' title='bbox 2740 3773 2771 3811; x_wconf 91' lang='lat' dir='ltr'><strong>e</strong></span> <span class='ocrx_word' id='word_1_742' title='bbox 2795 3758 2905 3811; x_wconf 85' lang='lat' dir='ltr'><strong>suis</strong></span> <span class='ocrx_word' id='word_1_743' title='bbox 2934 3757 3348 3825; x_wconf 84' lang='lat' dir='ltr'><strong>consanguineis</strong></span> <span class='ocrx_word' id='word_1_744' title='bbox 3376 3757 3647 3812; x_wconf 88' lang='lat' dir='ltr'><strong>Samnites</strong></span> <span class='ocrx_word' id='word_1_745' title='bbox 3686 3758 3860 3813; x_wconf 87' lang='lat' dir='ltr'><strong>fuisse</strong></span> 
     </span>
    </p>
   </div>
   <div class='ocr_carea' id='block_1_98' title="bbox 2260 3848 3853 3917">
    <p class='ocr_par' dir='ltr' id='par_1_98' title="bbox 2260 3848 3853 3917">
     <span class='ocr_line' id='line_1_98' title="bbox 2260 3848 3853 3917; baseline -0.003 -13"><span class='ocrx_word' id='word_1_746' title='bbox 2260 3851 2391 3904; x_wconf 87' lang='lat' dir='ltr'><strong>satis</strong></span> <span class='ocrx_word' id='word_1_747' title='bbox 2417 3850 2638 3903; x_wconf 83' lang='lat' dir='ltr'><strong>innuere</strong></span> <span class='ocrx_word' id='word_1_748' title='bbox 2667 3848 2927 3911; x_wconf 87' lang='lat' dir='ltr'><strong>videatur,</strong></span> <span class='ocrx_word' id='word_1_749' title='bbox 2952 3865 3073 3903; x_wconf 90' lang='lat' dir='ltr'><strong>cum</strong></span> <span class='ocrx_word' id='word_1_750' title='bbox 3100 3849 3194 3915; x_wconf 89' lang='lat' dir='ltr'><strong>ait,</strong></span> <span class='ocrx_word' id='word_1_751' title='bbox 3220 3849 3310 3902; x_wconf 91' lang='lat' dir='ltr'><strong>lib.</strong></span> <span class='ocrx_word' id='word_1_752' title='bbox 3337 3864 3392 3903; x_wconf 87' lang='grc' dir='ltr'><strong>ιιι</strong></span> <span class='ocrx_word' id='word_1_753' title='bbox 3424 3850 3628 3917; x_wconf 81' lang='lat' dir='ltr'><strong>Dialog.</strong></span> <span class='ocrx_word' id='word_1_754' title='bbox 3659 3866 3708 3904; x_wconf 91' lang='lat' dir='ltr'><strong>c.</strong></span> <span class='ocrx_word' id='word_1_755' title='bbox 3736 3850 3807 3903; x_wconf 77' lang='lat'><strong>‘26</strong></span> <span class='ocrx_word' id='word_1_756' title='bbox 3842 3868 3853 3900; x_wconf 91' lang='lat'><strong>:</strong></span> 
     </span>
    </p>
   </div>
   <div class='ocr_carea' id='block_1_99' title="bbox 2263 3939 3860 4011">
    <p class='ocr_par' dir='ltr' id='par_1_99' title="bbox 2263 3939 3860 4011">
     <span class='ocr_line' id='line_1_99' title="bbox 2263 3939 3860 4011; baseline 0 -17"><span class='ocrx_word' id='word_1_757' title='bbox 2263 3940 2448 4010; x_wconf 85' lang='lat' dir='ltr'><strong>Nuper</strong></span> <span class='ocrx_word' id='word_1_758' title='bbox 2470 3943 2523 3994; x_wconf 87' lang='lat' dir='ltr'><strong>in</strong></span> <span class='ocrx_word' id='word_1_759' title='bbox 2572 3941 2779 3994; x_wconf 81' lang='lat' dir='ltr'><strong>Samnii</strong></span> <span class='ocrx_word' id='word_1_760' title='bbox 2833 3942 3098 4010; x_wconf 74' lang='lat' dir='ltr'><strong>provincia</strong></span> <span class='ocrx_word' id='word_1_761' title='bbox 3146 3941 3353 4011; x_wconf 79' lang='lat' dir='ltr'><strong>quidam</strong></span> <span class='ocrx_word' id='word_1_762' title='bbox 3406 3939 3709 3994; x_wconf 69' lang='lat' dir='ltr'><strong>venerabilis</strong></span> <span class='ocrx_word' id='word_1_763' title='bbox 3758 3944 3860 4005; x_wconf 77' lang='lat' dir='ltr'><strong>vir,</strong></span> 
     </span>
    </p>
   </div>
   <div class='ocr_carea' id='block_1_100' title="bbox 2262 4032 3864 4103">
    <p class='ocr_par' dir='ltr' id='par_1_100' title="bbox 2262 4032 3864 4103">
     <span class='ocr_line' id='line_1_100' title="bbox 2262 4032 3864 4103; baseline 0.002 -19"><span class='ocrx_word' id='word_1_764' title='bbox 2262 4032 2483 4085; x_wconf 80' lang='lat' dir='ltr'><strong>Illennas</strong></span> <span class='ocrx_word' id='word_1_765' title='bbox 2508 4034 2734 4093; x_wconf 84' lang='lat' dir='ltr'><strong>nomine,</strong></span> <span class='ocrx_word' id='word_1_766' title='bbox 2760 4032 3046 4085; x_wconf 81' lang='lat' dir='ltr'><strong>solitarium</strong></span> <span class='ocrx_word' id='word_1_767' title='bbox 3092 4034 3245 4085; x_wconf 69' lang='lat' dir='ltr'><strong>vitam</strong></span> <span class='ocrx_word' id='word_1_768' title='bbox 3277 4032 3510 4095; x_wconf 81' lang='lat' dir='ltr'><strong>ducebat,</strong></span> <span class='ocrx_word' id='word_1_769' title='bbox 3542 4034 3626 4103; x_wconf 89' lang='lat' dir='ltr'><strong>qui</strong></span> <span class='ocrx_word' id='word_1_770' title='bbox 3654 4044 3864 4088; x_wconf 79' lang='lat' dir='ltr'><strong>nostro-</strong></span> 
     </span>
    </p>
   </div>
   <div class='ocr_carea' id='block_1_101' title="bbox 2261 4124 3865 4195">
    <p class='ocr_par' dir='ltr' id='par_1_101' title="bbox 2261 4124 3865 4195">
     <span class='ocr_line' id='line_1_101' title="bbox 2261 4124 3865 4195; baseline 0.002 -20"><span class='ocrx_word' id='word_1_771' title='bbox 2261 4140 2374 4175; x_wconf 87' lang='lat' dir='ltr'><strong>rum</strong></span> <span class='ocrx_word' id='word_1_772' title='bbox 2414 4124 2588 4176; x_wconf 87' lang='lat' dir='ltr'><strong>multis</strong></span> <span class='ocrx_word' id='word_1_773' title='bbox 2631 4126 2889 4194; x_wconf 84' lang='lat' dir='ltr'><strong>cognitus,</strong></span> <span class='ocrx_word' id='word_1_774' title='bbox 2920 4135 3038 4177; x_wconf 86' lang='lat' dir='ltr'><strong>ante</strong></span> <span class='ocrx_word' id='word_1_775' title='bbox 3068 4125 3160 4177; x_wconf 86' lang='lat' dir='ltr'><strong>hoc</strong></span> <span class='ocrx_word' id='word_1_776' title='bbox 3188 4126 3296 4195; x_wconf 80' lang='lat' dir='ltr'><strong>[ere</strong></span> <span class='ocrx_word' id='word_1_777' title='bbox 3326 4124 3629 4177; x_wconf 83' lang='lat' dir='ltr'><strong>decennium</strong></span> <span class='ocrx_word' id='word_1_778' title='bbox 3664 4136 3742 4177; x_wconf 88' lang='lat' dir='ltr'><strong>est</strong></span> <span class='ocrx_word' id='word_1_779' title='bbox 3778 4126 3865 4179; x_wconf 64' lang='grc' dir='ltr'><strong>ἀει</strong></span> 
     </span>
    </p>
   </div>
   <div class='ocr_carea' id='block_1_102' title="bbox 2262 4213 3859 4283">
    <p class='ocr_par' dir='ltr' id='par_1_102' title="bbox 2262 4213 3859 4283">
     <span class='ocr_line' id='line_1_102' title="bbox 2262 4213 3859 4283; baseline 0.001 -18"><span class='ocrx_word' id='word_1_780' title='bbox 2262 4215 2489 4283; x_wconf 80' lang='lat' dir='ltr'><strong>functus.</strong></span> <span class='ocrx_word' id='word_1_781' title='bbox 2545 4213 2886 4282; x_wconf 82' lang='lat' dir='ltr'><strong>Caeteroquin</strong></span> <span class='ocrx_word' id='word_1_782' title='bbox 2945 4224 3253 4280; x_wconf 84' lang='lat' dir='ltr'><strong>inagnatum</strong></span> <span class='ocrx_word' id='word_1_783' title='bbox 3300 4215 3572 4283; x_wconf 86' lang='lat' dir='ltr'><strong>assignae</strong></span> <span class='ocrx_word' id='word_1_784' title='bbox 3624 4216 3859 4283; x_wconf 69' lang='lat' dir='ltr'><strong>patriam</strong></span> 
     </span>
    </p>
   </div>
   <div class='ocr_carea' id='block_1_103' title="bbox 2262 4306 3865 4375">
    <p class='ocr_par' dir='ltr' id='par_1_103' title="bbox 2262 4306 3865 4375">
     <span class='ocr_line' id='line_1_103' title="bbox 2262 4306 3865 4375; baseline 0 -15"><span class='ocrx_word' id='word_1_785' title='bbox 2262 4323 2371 4361; x_wconf 91' lang='lat' dir='ltr'><strong>non</strong></span> <span class='ocrx_word' id='word_1_786' title='bbox 2389 4306 2461 4359; x_wconf 89' lang='lat' dir='ltr'><strong>ita</strong></span> <span class='ocrx_word' id='word_1_787' title='bbox 2486 4306 2808 4375; x_wconf 87' lang='lat' dir='ltr'><strong>quandoque</strong></span> <span class='ocrx_word' id='word_1_788' title='bbox 2838 4306 3149 4375; x_wconf 79' lang='lat' dir='ltr'><strong>expeditum</strong></span> <span class='ocrx_word' id='word_1_789' title='bbox 3166 4314 3268 4370; x_wconf 91' lang='lat' dir='ltr'><strong>est,</strong></span> <span class='ocrx_word' id='word_1_790' title='bbox 3292 4307 3414 4373; x_wconf 91' lang='lat' dir='ltr'><strong>quia</strong></span> <span class='ocrx_word' id='word_1_791' title='bbox 3434 4315 3688 4375; x_wconf 87' lang='lat' dir='ltr'><strong>parentes</strong></span> <span class='ocrx_word' id='word_1_792' title='bbox 3715 4306 3865 4375; x_wconf 86' lang='lat' dir='ltr'><strong>ipso—</strong></span> 
     </span>
    </p>
   </div>
   <div class='ocr_carea' id='block_1_104' title="bbox 2263 4395 3863 4464">
    <p class='ocr_par' dir='ltr' id='par_1_104' title="bbox 2263 4395 3863 4464">
     <span class='ocr_line' id='line_1_104' title="bbox 2263 4395 3863 4464; baseline -0.001 -14"><span class='ocrx_word' id='word_1_793' title='bbox 2263 4412 2380 4450; x_wconf 88' lang='lat' dir='ltr'><strong>rum</strong></span> <span class='ocrx_word' id='word_1_794' title='bbox 2430 4397 2543 4451; x_wconf 89' lang='lat' dir='ltr'><strong>sive</strong></span> <span class='ocrx_word' id='word_1_795' title='bbox 2593 4395 2662 4450; x_wconf 92' lang='lat' dir='ltr'><strong>ob</strong></span> <span class='ocrx_word' id='word_1_796' title='bbox 2709 4396 2949 4451; x_wconf 74' lang='lat' dir='ltr'><strong>diversas</strong></span> <span class='ocrx_word' id='word_1_797' title='bbox 2980 4410 3114 4464; x_wconf 82' lang='lat' dir='ltr'><strong>quas</strong></span> <span class='ocrx_word' id='word_1_798' title='bbox 3140 4409 3243 4463; x_wconf 88' lang='lat' dir='ltr'><strong>pro</strong></span> <span class='ocrx_word' id='word_1_799' title='bbox 3275 4395 3503 4449; x_wconf 89' lang='lat' dir='ltr'><strong>utilitate</strong></span> <span class='ocrx_word' id='word_1_800' title='bbox 3546 4395 3863 4464; x_wconf 67' lang='lat' dir='ltr'><strong>reipublicze</strong></span> 
     </span>
    </p>
   </div>
   <div class='ocr_carea' id='block_1_105' title="bbox 2264 4485 3863 4556">
    <p class='ocr_par' dir='ltr' id='par_1_105' title="bbox 2264 4485 3863 4556">
     <span class='ocr_line' id='line_1_105' title="bbox 2264 4485 3863 4556; baseline -0.001 -15"><span class='ocrx_word' id='word_1_801' title='bbox 2264 4488 2466 4541; x_wconf 88' lang='lat' dir='ltr'><strong>obeunt</strong></span> <span class='ocrx_word' id='word_1_802' title='bbox 2486 4485 2811 4556; x_wconf 87' lang='lat' dir='ltr'><strong>provincias,</strong></span> <span class='ocrx_word' id='word_1_803' title='bbox 2837 4488 2948 4539; x_wconf 87' lang='lat' dir='ltr'><strong>sive</strong></span> <span class='ocrx_word' id='word_1_804' title='bbox 2976 4497 3197 4556; x_wconf 91' lang='lat' dir='ltr'><strong>propter</strong></span> <span class='ocrx_word' id='word_1_805' title='bbox 3225 4486 3368 4539; x_wconf 83' lang='lat' dir='ltr'><strong>varia</strong></span> <span class='ocrx_word' id='word_1_806' title='bbox 3400 4487 3580 4541; x_wconf 79' lang='lat' dir='ltr'><strong>multis</strong></span> <span class='ocrx_word' id='word_1_807' title='bbox 3603 4488 3655 4541; x_wconf 91' lang='lat' dir='ltr'><strong>in</strong></span> <span class='ocrx_word' id='word_1_808' title='bbox 3680 4487 3863 4553; x_wconf 83' lang='lat' dir='ltr'><strong>regio-</strong></span> 
     </span>
    </p>
   </div>
   <div class='ocr_carea' id='block_1_106' title="bbox 2262 4576 3864 4647">
    <p class='ocr_par' dir='ltr' id='par_1_106' title="bbox 2262 4576 3864 4647">
     <span class='ocr_line' id='line_1_106' title="bbox 2262 4576 3864 4647; baseline -0.001 -14"><span class='ocrx_word' id='word_1_809' title='bbox 2262 4581 2419 4634; x_wconf 89' lang='lat' dir='ltr'><strong>nibus</strong></span> <span class='ocrx_word' id='word_1_810' title='bbox 2452 4579 2650 4647; x_wconf 67' lang='lat' dir='ltr'><strong>pratdia</strong></span> <span class='ocrx_word' id='word_1_811' title='bbox 2680 4577 3124 4646; x_wconf 70' lang='lat' dir='ltr'><strong>qzmpossident,</strong></span> <span class='ocrx_word' id='word_1_812' title='bbox 3175 4577 3318 4631; x_wconf 90' lang='lat' dir='ltr'><strong>nulla</strong></span> <span class='ocrx_word' id='word_1_813' title='bbox 3372 4576 3483 4631; x_wconf 87' lang='lat' dir='ltr'><strong>fere</strong></span> <span class='ocrx_word' id='word_1_814' title='bbox 3536 4577 3586 4630; x_wconf 92' lang='lat' dir='ltr'><strong>in</strong></span> <span class='ocrx_word' id='word_1_815' title='bbox 3640 4576 3864 4631; x_wconf 85' lang='lat' dir='ltr'><strong>civitate</strong></span> 
     </span>
    </p>
   </div>
   <div class='ocr_carea' id='block_1_107' title="bbox 2263 4665 3861 4734">
    <p class='ocr_par' dir='ltr' id='par_1_107' title="bbox 2263 4665 3861 4734">
     <span class='ocr_line' id='line_1_107' title="bbox 2263 4665 3861 4734; baseline -0.001 -14"><span class='ocrx_word' id='word_1_816' title='bbox 2263 4667 2422 4721; x_wconf 80' lang='lat' dir='ltr'><strong>lixam</strong></span> <span class='ocrx_word' id='word_1_817' title='bbox 2452 4668 2653 4722; x_wconf 84' lang='lat' dir='ltr'><strong>habent</strong></span> <span class='ocrx_word' id='word_1_818' title='bbox 2702 4667 2906 4721; x_wconf 89' lang='lat' dir='ltr'><strong>sedem.</strong></span> <span class='ocrx_word' id='word_1_819' title='bbox 2951 4666 3093 4721; x_wconf 88' lang='lat' dir='ltr'><strong>Sane</strong></span> <span class='ocrx_word' id='word_1_820' title='bbox 3131 4675 3282 4719; x_wconf 86' lang='lat' dir='ltr'><strong>extra</strong></span> <span class='ocrx_word' id='word_1_821' title='bbox 3313 4665 3613 4719; x_wconf 83' lang='lat' dir='ltr'><strong>Romanum</strong></span> <span class='ocrx_word' id='word_1_822' title='bbox 3666 4681 3861 4734; x_wconf 87' lang='lat' dir='ltr'><strong>agrum</strong></span> 
     </span>
    </p>
   </div>
   <div class='ocr_carea' id='block_1_108' title="bbox 2261 4757 3864 4828">
    <p class='ocr_par' dir='ltr' id='par_1_108' title="bbox 2261 4757 3864 4828">
     <span class='ocr_line' id='line_1_108' title="bbox 2261 4757 3864 4828; baseline -0.002 -15"><span class='ocrx_word' id='word_1_823' title='bbox 2261 4758 2505 4827; x_wconf 72' lang='lat' dir='ltr'><strong>Grcgorii</strong></span> <span class='ocrx_word' id='word_1_824' title='bbox 2537 4772 2766 4828; x_wconf 87' lang='lat' dir='ltr'><strong>proavos</strong></span> <span class='ocrx_word' id='word_1_825' title='bbox 2816 4757 2968 4811; x_wconf 92' lang='lat' dir='ltr'><strong>villas</strong></span> <span class='ocrx_word' id='word_1_826' title='bbox 3024 4757 3283 4825; x_wconf 90' lang='lat' dir='ltr'><strong>plurimas</strong></span> <span class='ocrx_word' id='word_1_827' title='bbox 3335 4758 3651 4825; x_wconf 87' lang='lat' dir='ltr'><strong>opimasque</strong></span> <span class='ocrx_word' id='word_1_828' title='bbox 3712 4758 3864 4810; x_wconf 89' lang='lat' dir='ltr'><strong>obti-</strong></span> 
     </span>
    </p>
   </div>
   <div class='ocr_carea' id='block_1_109' title="bbox 2265 4844 3864 4915">
    <p class='ocr_par' dir='ltr' id='par_1_109' title="bbox 2265 4844 3864 4915">
     <span class='ocr_line' id='line_1_109' title="bbox 2265 4844 3864 4915; baseline -0.001 -13"><span class='ocrx_word' id='word_1_829' title='bbox 2265 4848 2461 4911; x_wconf 90' lang='lat' dir='ltr'><strong>nuisse,</strong></span> <span class='ocrx_word' id='word_1_830' title='bbox 2520 4847 2644 4901; x_wconf 90' lang='lat' dir='ltr'><strong>inde</strong></span> <span class='ocrx_word' id='word_1_831' title='bbox 2698 4847 2869 4915; x_wconf 90' lang='lat' dir='ltr'><strong>liquet</strong></span> <span class='ocrx_word' id='word_1_832' title='bbox 2910 4847 3054 4915; x_wconf 89' lang='lat' dir='ltr'><strong>quod</strong></span> <span class='ocrx_word' id='word_1_833' title='bbox 3109 4861 3296 4900; x_wconf 91' lang='lat' dir='ltr'><strong>eorum</strong></span> <span class='ocrx_word' id='word_1_834' title='bbox 3344 4846 3502 4901; x_wconf 88' lang='lat' dir='ltr'><strong>heres</strong></span> <span class='ocrx_word' id='word_1_835' title='bbox 3530 4844 3864 4911; x_wconf 90' lang='lat' dir='ltr'><strong>Gordianus,</strong></span> 
     </span>
    </p>
   </div>
   <div class='ocr_carea' id='block_1_110' title="bbox 2262 4936 3861 5008">
    <p class='ocr_par' dir='ltr' id='par_1_110' title="bbox 2262 4936 3861 5008">
     <span class='ocr_line' id='line_1_110' title="bbox 2262 4936 3861 5008; baseline -0.001 -16"><span class='ocrx_word' id='word_1_836' title='bbox 2262 4939 2646 5008; x_wconf 88' lang='lat' dir='ltr'><strong>amplissimum</strong></span> <span class='ocrx_word' id='word_1_837' title='bbox 2690 4936 2800 4992; x_wconf 86' lang='lat' dir='ltr'><strong>ﬁlio</strong></span> <span class='ocrx_word' id='word_1_838' title='bbox 2832 4937 3216 5006; x_wconf 75' lang='lat' dir='ltr'><strong>patrimonium</strong></span> <span class='ocrx_word' id='word_1_839' title='bbox 3252 4937 3305 4991; x_wconf 90' lang='lat' dir='ltr'><strong>in</strong></span> <span class='ocrx_word' id='word_1_840' title='bbox 3346 4936 3527 4991; x_wconf 91' lang='lat' dir='ltr'><strong>Sicilia</strong></span> <span class='ocrx_word' id='word_1_841' title='bbox 3556 4937 3861 5005; x_wconf 88' lang='lat' dir='ltr'><strong>reliquerit,</strong></span> 
     </span>
    </p>
   </div>
   <div class='ocr_carea' id='block_1_111' title="bbox 2262 5027 3860 5098">
    <p class='ocr_par' dir='ltr' id='par_1_111' title="bbox 2262 5027 3860 5098">
     <span class='ocr_line' id='line_1_111' title="bbox 2262 5027 3860 5098; baseline -0.001 -15"><span class='ocrx_word' id='word_1_842' title='bbox 2262 5046 2325 5083; x_wconf 82' lang='lat' dir='ltr'><strong>ex</strong></span> <span class='ocrx_word' id='word_1_843' title='bbox 2359 5045 2466 5097; x_wconf 90' lang='lat' dir='ltr'><strong>quo</strong></span> <span class='ocrx_word' id='word_1_844' title='bbox 2495 5035 2682 5098; x_wconf 84' lang='lat' dir='ltr'><strong>postea</strong></span> <span class='ocrx_word' id='word_1_845' title='bbox 2710 5043 2804 5082; x_wconf 81' lang='lat' dir='ltr'><strong>sex</strong></span> <span class='ocrx_word' id='word_1_846' title='bbox 2835 5028 3162 5082; x_wconf 89' lang='lat' dir='ltr'><strong>monasteria</strong></span> <span class='ocrx_word' id='word_1_847' title='bbox 3194 5028 3247 5081; x_wconf 90' lang='lat' dir='ltr'><strong>in</strong></span> <span class='ocrx_word' id='word_1_848' title='bbox 3291 5027 3480 5083; x_wconf 88' lang='lat' dir='ltr'><strong>eadem</strong></span> <span class='ocrx_word' id='word_1_849' title='bbox 3512 5028 3707 5090; x_wconf 88' lang='lat' dir='ltr'><strong>insula,</strong></span> <span class='ocrx_word' id='word_1_850' title='bbox 3742 5044 3860 5082; x_wconf 87' lang='lat' dir='ltr'><strong>non</strong></span> 
     </span>
    </p>
   </div>
   <div class='ocr_carea' id='block_1_112' title="bbox 2264 5118 3867 5183">
    <p class='ocr_par' dir='ltr' id='par_1_112' title="bbox 2264 5118 3867 5183">
     <span class='ocr_line' id='line_1_112' title="bbox 2264 5118 3867 5183; baseline -0.002 -7"><span class='ocrx_word' id='word_1_851' title='bbox 2264 5121 2434 5176; x_wconf 82' lang='lat' dir='ltr'><strong>Solum</strong></span> <span class='ocrx_word' id='word_1_852' title='bbox 2461 5119 2842 5183; x_wconf 85' lang='lat' dir='ltr'><strong>construxerit,</strong></span> <span class='ocrx_word' id='word_1_853' title='bbox 2873 5127 2933 5171; x_wconf 93' lang='lat' dir='ltr'><strong>ut</strong></span> <span class='ocrx_word' id='word_1_854' title='bbox 2981 5118 3116 5171; x_wconf 82' lang='lat' dir='ltr'><strong>infra</strong></span> <span class='ocrx_word' id='word_1_855' title='bbox 3157 5119 3387 5182; x_wconf 86' lang='lat' dir='ltr'><strong>dicetur,</strong></span> <span class='ocrx_word' id='word_1_856' title='bbox 3418 5118 3511 5171; x_wconf 92' lang='lat' dir='ltr'><strong>sed</strong></span> <span class='ocrx_word' id='word_1_857' title='bbox 3543 5119 3705 5172; x_wconf 87' lang='lat' dir='ltr'><strong>etiam</strong></span> <span class='ocrx_word' id='word_1_858' title='bbox 3738 5135 3867 5172; x_wconf 82' lang='lat' dir='ltr'><strong>mu-</strong></span> 
     </span>
    </p>
   </div>
   <div class='ocr_carea' id='block_1_113' title="bbox 2268 5211 3867 5280">
    <p class='ocr_par' dir='ltr' id='par_1_113' title="bbox 2268 5211 3867 5280">
     <span class='ocr_line' id='line_1_113' title="bbox 2268 5211 3867 5280; baseline -0.003 -11"><span class='ocrx_word' id='word_1_859' title='bbox 2268 5214 2671 5269; x_wconf 70' lang='lat' dir='ltr'><strong>lllllttt&#39;llllsslme</strong></span> <span class='ocrx_word' id='word_1_860' title='bbox 2700 5212 2984 5266; x_wconf 87' lang='lat' dir='ltr'><strong>dotaverit.</strong></span> <span class='ocrx_word' id='word_1_861' title='bbox 3021 5212 3148 5265; x_wconf 80' lang='lat' dir='ltr'><strong>Ruit</strong></span> <span class='ocrx_word' id='word_1_862' title='bbox 3182 5213 3343 5265; x_wconf 90' lang='lat' dir='ltr'><strong>etiam</strong></span> <span class='ocrx_word' id='word_1_863' title='bbox 3374 5221 3485 5266; x_wconf 86' lang='lat' dir='ltr'><strong>tota</strong></span> <span class='ocrx_word' id='word_1_864' title='bbox 3512 5211 3671 5279; x_wconf 89' lang='lat' dir='ltr'><strong>hujus</strong></span> <span class='ocrx_word' id='word_1_865' title='bbox 3698 5226 3867 5280; x_wconf 85' lang='lat' dir='ltr'><strong>argu-</strong></span> 
     </span>
    </p>
   </div>
   <div class='ocr_carea' id='block_1_114' title="bbox 2270 5303 3870 5373">
    <p class='ocr_par' dir='ltr' id='par_1_114' title="bbox 2270 5303 3870 5373">
     <span class='ocr_line' id='line_1_114' title="bbox 2270 5303 3870 5373; baseline -0.003 -11"><span class='ocrx_word' id='word_1_866' title='bbox 2270 5309 2435 5362; x_wconf 83' lang='lat' dir='ltr'><strong>menti</strong></span> <span class='ocrx_word' id='word_1_867' title='bbox 2466 5307 2655 5371; x_wconf 85' lang='lat' dir='ltr'><strong>moles,</strong></span> <span class='ocrx_word' id='word_1_868' title='bbox 2681 5305 2726 5358; x_wconf 91' lang='lat' dir='ltr'><strong>si</strong></span> <span class='ocrx_word' id='word_1_869' title='bbox 2750 5304 2955 5357; x_wconf 84' lang='lat' dir='ltr'><strong>dicatur</strong></span> <span class='ocrx_word' id='word_1_870' title='bbox 2976 5303 3294 5372; x_wconf 76' lang='lat' dir='ltr'><strong>Gregorium</strong></span> <span class='ocrx_word' id='word_1_871' title='bbox 3321 5320 3385 5358; x_wconf 81' lang='lat' dir='ltr'><strong>ex</strong></span> <span class='ocrx_word' id='word_1_872' title='bbox 3415 5319 3611 5372; x_wconf 87' lang='lat' dir='ltr'><strong>genere</strong></span> <span class='ocrx_word' id='word_1_873' title='bbox 3632 5312 3870 5373; x_wconf 81' lang='lat' dir='ltr'><strong>paterno</strong></span> 
     </span>
    </p>
   </div>
   <div class='ocr_carea' id='block_1_115' title="bbox 2273 5395 3869 5465">
    <p class='ocr_par' dir='ltr' id='par_1_115' title="bbox 2273 5395 3869 5465">
     <span class='ocr_line' id='line_1_115' title="bbox 2273 5395 3869 5465; baseline -0.003 -12"><span class='ocrx_word' id='word_1_874' title='bbox 2273 5400 2571 5454; x_wconf 80' lang='lat' dir='ltr'><strong>Romanum</strong></span> <span class='ocrx_word' id='word_1_875' title='bbox 2596 5396 2809 5465; x_wconf 81' lang='lat' dir='ltr'><strong>quidem</strong></span> <span class='ocrx_word' id='word_1_876' title='bbox 2836 5396 3030 5462; x_wconf 79' lang='lat' dir='ltr'><strong>fuisse;</strong></span> <span class='ocrx_word' id='word_1_877' title='bbox 3064 5398 3295 5465; x_wconf 90' lang='lat' dir='ltr'><strong>aliquem</strong></span> <span class='ocrx_word' id='word_1_878' title='bbox 3313 5406 3490 5451; x_wconf 90' lang='lat' dir='ltr'><strong>tamen</strong></span> <span class='ocrx_word' id='word_1_879' title='bbox 3508 5413 3572 5451; x_wconf 79' lang='lat' dir='ltr'><strong>ex</strong></span> <span class='ocrx_word' id='word_1_880' title='bbox 3602 5395 3719 5464; x_wconf 86' lang='lat' dir='ltr'><strong>ejus</strong></span> <span class='ocrx_word' id='word_1_881' title='bbox 3746 5412 3869 5449; x_wconf 87' lang='lat' dir='ltr'><strong>ma-</strong></span> 
     </span>
    </p>
   </div>
   <div class='ocr_carea' id='block_1_116' title="bbox 2268 5490 3866 5565">
    <p class='ocr_par' dir='ltr' id='par_1_116' title="bbox 2268 5490 3866 5565">
     <span class='ocr_line' id='line_1_116' title="bbox 2268 5490 3866 5565; baseline -0.004 -17"><span class='ocrx_word' id='word_1_882' title='bbox 2268 5496 2474 5565; x_wconf 90' lang='lat' dir='ltr'><strong>joribus</strong></span> <span class='ocrx_word' id='word_1_883' title='bbox 2506 5494 2555 5547; x_wconf 93' lang='lat' dir='ltr'><strong>in</strong></span> <span class='ocrx_word' id='word_1_884' title='bbox 2586 5492 2805 5546; x_wconf 87' lang='lat' dir='ltr'><strong>Samnio</strong></span> <span class='ocrx_word' id='word_1_885' title='bbox 2837 5492 3128 5558; x_wconf 87' lang='lat' dir='ltr'><strong>habitasse,</strong></span> <span class='ocrx_word' id='word_1_886' title='bbox 3160 5492 3247 5545; x_wconf 89' lang='lat' dir='ltr'><strong>ubi</strong></span> <span class='ocrx_word' id='word_1_887' title='bbox 3277 5491 3510 5546; x_wconf 89' lang='lat' dir='ltr'><strong>Felicem</strong></span> <span class='ocrx_word' id='word_1_888' title='bbox 3540 5490 3866 5561; x_wconf 87' lang='lat' dir='ltr'><strong>susceperit.</strong></span> 
     </span>
    </p>
   </div>
   <div class='ocr_carea' id='block_1_117' title="bbox 2259 5641 3871 5717">
    <p class='ocr_par' dir='ltr' id='par_1_117' title="bbox 2259 5641 3871 5717">
     <span class='ocr_line' id='line_1_117' title="bbox 2259 5641 3871 5717; baseline -0.002 -17"><span class='ocrx_word' id='word_1_889' title='bbox 2259 5648 2352 5701; x_wconf 79' lang='lat' dir='ltr'><strong>riis</strong></span> <span class='ocrx_word' id='word_1_890' title='bbox 2382 5646 2959 5717; x_wconf 47' lang='lat' dir='ltr'><strong>commetielductor</strong></span> <span class='ocrx_word' id='word_1_891' title='bbox 3010 5656 3103 5697; x_wconf 83' lang='lat' dir='ltr'><strong>vet.</strong></span> <span class='ocrx_word' id='word_1_892' title='bbox 3146 5642 3441 5717; x_wconf 83' lang='lat' dir='ltr'><strong>Etymolog.</strong></span> <span class='ocrx_word' id='word_1_893' title='bbox 3482 5643 3697 5713; x_wconf 61' lang='grc' dir='ltr'><strong>ϐατά.)</strong></span> <span class='ocrx_word' id='word_1_894' title='bbox 3730 5641 3871 5700; x_wconf 81' lang='lat' dir='ltr'><strong>Vide</strong></span> 
     </span>
    </p>
   </div>
   <div class='ocr_carea' id='block_1_118' title="bbox 2256 5716 3302 5772">
    <p class='ocr_par' dir='ltr' id='par_1_118' title="bbox 2256 5716 3302 5772">
     <span class='ocr_line' id='line_1_118' title="bbox 2256 5716 3302 5772; baseline -0.002 -1"><span class='ocrx_word' id='word_1_895' title='bbox 2256 5726 2436 5772; x_wconf 86' lang='lat' dir='ltr'><strong>notam</strong></span> <span class='ocrx_word' id='word_1_896' title='bbox 2462 5716 2565 5770; x_wconf 61' lang='grc'><strong>947</strong></span> <span class='ocrx_word' id='word_1_897' title='bbox 2591 5716 2656 5771; x_wconf 89' lang='lat' dir='ltr'><strong>ad</strong></span> <span class='ocrx_word' id='word_1_898' title='bbox 2679 5716 2771 5770; x_wconf 89' lang='lat' dir='ltr'><strong>lib.</strong></span> <span class='ocrx_word' id='word_1_899' title='bbox 2804 5716 3302 5771; x_wconf 81' lang='lat' dir='ltr'><strong>Sacramcntorunt.</strong></span> 
     </span>
    </p>
   </div>
  </div>
