3992 6314
177 293 290 350 9.45

649 293 706 346 S.
751 288 1076 347 GREGORII
1114 286 1330 343 MAGNI
1375 285 1555 351 VITA,
1595 281 1688 338 EX
1728 277 1890 336 EJUS
1931 275 2238 334 SCRIPTIS
2276 274 2671 332 ADORNATA.
2716 274 2848 331 LIB.
2888 274 2928 328 Ι.

3336 272 3448 329 ιω

242 405 445 462 Unicus
482 407 740 460 duntaxat
771 403 941 457 nodus
955 400 1042 456 hic
1069 398 1642 470 superestsolvendus.
1669 395 1752 449 Μ-
1780 396 1825 454 Α
1857 395 1908 463 pi
1936 391 2046 457 tibi,
2080 403 2136 445 ut
2161 401 2429 462 argentum
2467 393 2608 447 illius
2639 393 2988 446 transmisisse
3012 389 3292 444 debuisses.
3326 391 3443 448 Lib.

169 511 364 552 mirum
389 495 584 550 Felicis
608 493 694 560 IV,
717 492 807 561 qui
830 492 1137 562 auspicatus
1164 499 1247 544 est
1269 488 1634 558 pontificatum
1665 500 1752 538 an.

170 587 275 642 5'26
298 595 352 641 et
372 600 461 639 an.
485 582 590 638 529
615 583 682 637 ad
708 582 901 637 cadum
926 581 1194 649 migravit,
1218 589 1348 635 tetas
1367 579 1458 633 vix
1484 579 1611 633 sinit
1635 590 1761 630 eum

171 676 419 744 Gregorii
449 682 666 727 atavum
700 671 992 740 suspicari;
1021 670 1261 740 quinque
1288 668 1430 723 enim
1453 665 1760 735 generatio-

174 784 298 821 num
324 765 521 835 gradus
561 764 701 818 inter
728 770 1020 829 utrumque
1047 760 1323 815 numerari
1351 759 1630 822 deberent,
1662 755 1761 810 etsi

175 873 205 910 a
233 857 427 911 Felicis
457 855 609 910 obitu
637 853 704 908 ad
735 852 986 920 Gregorii
1015 866 1194 905 ortum
1227 850 1473 905 undecim
1525 855 1760 902 tantum-

176 946 336 1001 modo
359 946 486 1000 anni
516 944 823 1000 effluxerint
870 951 925 997 et
961 940 1296 997 Gordianum
1326 941 1646 1007 abnepotem
1676 951 1761 990 se-

175 1045 426 1106 ptennem
448 1036 640 1090 saltem
668 1033 820 1088 Felix
841 1032 1086 1087 vidisset.

249 1125 445 1179 Fateor
473 1123 723 1194 equidem
753 1138 878 1175 raro
909 1121 1130 1175 evenire
1173 1129 1230 1172 ut
1259 1126 1409 1188 pater
1434 1116 1568 1169 ﬁlios
1592 1128 1762 1184 usque

177 1213 243 1268 ad
269 1222 513 1282 quartam
536 1211 940 1281 generationem
965 1217 1311 1279 propagatos,
1329 1206 1469 1276 quod
1493 1205 1651 1259 Felici
1676 1205 1762 1257 da-

182 1315 294 1359 tum
341 1304 550 1368 fuisset,
605 1302 1002 1372 amplectatur;
1046 1315 1221 1370 neque
1258 1308 1434 1352 tamen
1465 1296 1517 1350 id
1545 1296 1762 1350 omnino

177 1394 534 1464 impossibile,
566 1401 660 1448 aut
690 1391 1009 1454 inauditum,
1042 1391 1127 1444 vel
1176 1389 1338 1445 etiam
1372 1402 1591 1456 prorsus
1619 1386 1762 1438 inso-

176 1483 299 1539 lens
315 1492 431 1539 .est.
463 1483 711 1538 Forsitan
761 1483 920 1537 etiam
953 1489 1130 1534 atavus
1159 1480 1244 1534 hic
1273 1479 1456 1533 stricte
1486 1491 1582 1544 pro
1612 1484 1764 1544 patre

176 1574 341 1628 abavi
359 1583 416 1629 et
435 1589 538 1629 avo
558 1573 746 1644 proavi
769 1588 873 1626 non
901 1556 981 1625 est
1008 1568 1368 1637 accipiendas,
1393 1566 1484 1621 sed
1512 1566 1612 1619 hac
1628 1580 1765 1618 voce

175 1681 326 1719 unus
354 1680 422 1719 ex
455 1665 765 1732 majoribus,
795 1677 900 1715 non
932 1659 1112 1713 habita
1141 1657 1349 1711 ratione
1377 1655 1572 1716 gradus
1601 1669 1764 1724 gene-

178 1755 434 1820 rationis,
467 1752 754 1821 significari
783 1758 982 1820 potest.

252 1843 408 1898 Felix
449 1841 517 1895 ιν
538 1840 828 1895 Ecclesium
857 1855 919 1892 ea
952 1837 1236 1907 prudentia
1279 1843 1334 1891 et
1362 1837 1619 1890 virtutum
1646 1835 1766 1890 oriri-
1803 1903 1808 1908 _

180 1934 334 1987 nium
356 1929 514 1985 laude
537 1927 872 1998 gubernavit,
900 1939 956 1982 ut
977 1925 1297 1982 Sanctorum
1322 1925 1472 1980 fastis
1502 1924 1625 1978 addi
1655 1941 1768 1980 meo

179 2022 358 2077 rucrit
383 2020 446 2074 ad
473 2019 614 2073 diem
645 2017 714 2071 '50
741 2015 1001 2071 Januarii.
1024 2015 1282 2070 Eumdem
1307 2016 1565 2069 honorem
1583 2029 1773 2069 conse-

179 2122 345 2168 cutus
388 2117 470 2164 est
512 2107 660 2164 Felix
709 2106 794 2166 ιιι.
826 2107 979 2172 cuius
1009 2105 1199 2161 natalis
1231 2106 1346 2161 dies
1393 2104 1463 2158 25
1498 2104 1772 2160 Februarii

180 2201 505 2256 celebratur.

257 2290 314 2344 ὁ.
347 2290 420 2345 De
449 2290 620 2347 tribus
665 2288 840 2343 amitis
883 2289 994 2343 suis
1040 2289 1152 2342 haec
1198 2287 1575 2343 observatione
1612 2286 1772 2354 digna

183 2389 580 2436 commemorat
606 2387 823 2434 sanctus
851 2378 1159 2448 Gregorius,
1193 2386 1306 2433 tum
1337 2379 1429 2432 lib.
1463 2377 1529 2432 Ν
1563 2377 1769 2446 Dialog.

186 2489 238 2526 c.
280 2471 365 2533 16,
399 2479 508 2524 tum
534 2471 682 2525 hom.
708 2470 776 2523 58
803 2471 854 2524 in
883 2469 1136 2538 Evangcl.
1167 2488 1179 2523 :
1215 2469 1338 2523 Tres
1361 2479 1507 2540 pater
1533 2485 1672 2521 meus
1693 2485 1777 2521 so-

184 2577 339 2615 rores
369 2558 567 2624 habuit,
597 2577 708 2631 qua?
736 2568 934 2614 cuncta:
959 2569 1057 2613 tres
1085 2575 1249 2612 sacra:
1277 2560 1496 2628 rirgines
1527 2560 1734 2628 fuerunt
1757 2573 1774 2610 :

187 2669 407 2721 quarum
434 2668 539 2705 una
582 2650 866 2715 Tltarsilla,
891 2651 997 2703 alia
1026 2647 1314 2717 Cordiana,
1345 2649 1450 2702 alia
1483 2647 1554 2700 1E
1561 2649 1777 2701 miliana

187 2743 476 2796 dicebatur.
505 2740 620 2796 Uno
642 2758 814 2796 omnes
843 2740 1030 2794 ardere
1068 2755 1341 2801 conversw,
1373 2756 1476 2792 uno
1505 2739 1778 2807 eodemque

187 2845 419 2903 tempore
446 2840 685 2898 sacratae,
709 2831 801 2886 sub
825 2832 1147 2886 districtione
1181 2831 1406 2900 regulari
1428 2829 1685 2900 degentes,
1724 2831 1778 2882 in

189 2927 346 2978 domo
367 2913 579 2993 propria
606 2923 848 2976 socialem
877 2923 1034 2976 vitam
1061 2921 1333 2974 ducebant.
1361 2919 1541 2988 Pergit
1561 2929 1780 2973 sanctus

187 3017 397 3071 Doctor
417 3017 471 3070 in
501 3013 854 3071 describeudo
877 3015 1133 3068 continuo
1150 3011 1427 3070 Tharsilla:
1454 3021 1508 3066 et
1536 3011 1776 3064 [Emilia-

1862 501 1937 549 Ix,
1966 501 2052 554 ep.
2080 483 2148 538 98
2176 503 2187 536 :
2219 484 2324 539 Sed
2366 485 2408 537 si
2433 493 2631 537 tantum
2654 494 2750 551 est,
2773 485 3052 556 gloriosum
3094 485 3307 553 fratrem
3351 501 3447 540 no-

1863 585 2043 640 strum,
2069 576 2144 628 vel
2169 574 2234 628 de
2265 575 2518 643 episcopis
2546 591 2793 629 unum...
2827 575 3141 629 subscribere
3170 575 3446 644 faciemus.

1865 665 2064 720 Eodem
2094 665 2251 730 libro,
2284 680 2371 734 ep.
2403 663 2508 718 102
2535 682 2551 718 ;
2585 665 2756 719 Filius
2801 676 2977 720 noster
3021 667 3097 718 vir
3139 667 3449 736 magniﬁcus

1867 755 2254 810 0ccilianus....
2277 771 2492 825 puerum
2513 772 2762 811 unum...
2794 773 2860 810 ea:
2883 759 3000 826 jure
3031 757 3258 827 germani
3284 758 3450 810 nostri

1864 845 1933 897 ad
1971 862 2084 898 eum
2133 847 2363 900 noscitur
2407 846 2732 915 perduxisse.
2764 845 2880 900 Lib.
2913 863 2967 912 x,
3000 861 3085 917 ep.
3119 845 3178 898 51
3219 865 3230 898 :
3265 847 3392 911 Quw
3418 863 3449 899 α

1864 936 2086 1004 glorioso
2119 937 2285 1005 fratre
2312 952 2422 989 meo
2466 936 2714 990 Palatino
2767 937 3022 1004 Patricio,
3074 944 3178 990 etc.
3213 938 3451 1004 Denique

1864 1024 1956 1077 lib.
1982 1040 2089 1088 xw,
2123 1023 2221 1092 Ep.
2247 1023 2282 1074 2
2307 1042 2317 1074 :
2352 1023 2432 1076 De
2458 1027 2773 1078 monasterio
2802 1025 2862 1079 S.
2890 1025 3134 1090 Ilermw,
3166 1026 3391 1093 quod....
3423 1043 3454 1078 a

1865 1117 2027 1185 fratre
2054 1124 2230 1167 nostro
2259 1122 2608 1166 constructum
2630 1124 2723 1167 est.
2759 1115 2830 1167 De
2852 1115 3045 1168 eodem
3075 1115 3221 1184 loqui
3249 1115 3456 1170 videtur

1864 1202 2022 1270 Greg.
2057 1202 2259 1256 Turon.
2287 1201 2424 1270 (Lib.
2458 1219 2513 1269 χ,
2547 1219 2593 1254 c.
2627 1203 2703 1270 1),
2737 1219 2857 1256 cum
2890 1204 3002 1254 ait:
3038 1204 3146 1256 Sed
3170 1205 3455 1276 Praefectus

1864 1293 2001 1348 urbis
2037 1293 2214 1347 Roma:
2233 1309 2507 1364 germanus
2536 1293 2647 1362 ejus
2677 1291 2966 1362 (Gregorii)
2999 1295 3305 1362 anticipavit
3323 1311 3456 1346 nun-

1867 1387 2010 1439 tium.
2039 1384 2170 1438 Nam
2203 1400 2511 1455 germanus,
2544 1383 2706 1437 etiam
2737 1381 2878 1450 apud
2910 1383 3124 1450 optimae
3154 1382 3456 1437 Latinitatis

1867 1476 2178 1544 scriptores,
2200 1474 2417 1527 fratrem
2439 1472 2590 1540 quasi
2612 1471 2802 1526 eodem
2830 1485 3069 1539 germine
3091 1479 3273 1525 natum
3292 1473 3455 1539 signi-

1870 1566 2024 1628 ficat;
2067 1551 2299 1631 hincque
2352 1562 2419 1616 ab
2465 1561 2712 1632 l-lispanis
2739 1560 3006 1614 flermano
3057 1561 3221 1616 frater
3260 1561 3456 1616 dicitur

1870 1666 1923 1710 et
1943 1656 2010 1709 ab
2038 1655 2182 1709 Italis
2207 1654 2486 1708 Germano.

1800 1762 1846 1821 Β
1942 1747 1995 1801 6.
2037 1745 2155 1812 Quo
2183 1761 2325 1800 anno
2357 1745 2409 1799 in
2455 1745 2627 1800 lucem
2659 1759 2942 1816 susceptus
2981 1746 3140 1800 fuerit
3168 1743 3458 1814 Gregorius

1873 1836 2200 1906 conjecturis
2231 1837 2414 1906 potius
2441 1837 2656 1905 assequi
2685 1852 2846 1906 quam
2877 1844 3142 1891 rationum
3173 1838 3460 1891 momentis

1873 1935 2111 1982 statuere
2133 1927 2277 1981 licet.
2308 1925 2378 1980 Ut
2417 1942 2449 1980 a
2499 1927 2641 1982 notis
2691 1927 2758 1980 ad
2802 1927 3113 1984 obscuriora
3145 1927 3459 1981 elucidanda

1875 2019 2267 2088 perveniamus,
2295 2024 2594 2073 constatex
2623 2017 2854 2087 antiquis
2897 2018 3257 2073 monumentis
3290 2019 3460 2088 ipsum

1874 2108 2016 2162 diem
2064 2118 2364 2162 extremum
2412 2108 2671 2164 clausisse
2726 2124 2912 2163 mense
2961 2109 3154 2163 Martio
3204 2124 3292 2162 an.
3336 2107 3457 2161 604.

1877 2197 2075 2252 Morbis
2093 2197 2366 2252 continuis
2390 2197 2568 2266 potius
2598 2213 2758 2268 quam
2781 2198 2932 2252 senio
2963 2196 3242 2252 confectus
3272 2214 3303 2252 e
3333 2198 3464 2250 vivis

1876 2291 2106 2346 excessit
2126 2290 2495 2344 sanctissimus
2519 2289 2783 2358 pontifex.
2807 2289 2998 2343 Nutrix
3028 2289 3144 2356 ejus
3175 2288 3350 2342 adhuc
3375 2303 3464 2340 su-

1876 2390 2086 2452 perstes
2108 2387 2246 2448 erat,
2277 2379 2466 2435 decem
2496 2379 2685 2435 saltem
2715 2380 2871 2433 annis
2902 2387 3190 2447 antequam
3223 2379 3336 2447 ipse
3359 2378 3464 2432 vita

1878 2471 2098 2526 cederet
2123 2487 2137 2522 :
2163 2486 2270 2540 quo
2301 2478 2550 2539 tempore
2578 2484 2697 2523 eam
2716 2469 3042 2524 Rusticiante
3062 2469 3300 2540 patriciae
3319 2483 3466 2522 corn-

1879 2560 2151 2615 mendavit
2199 2575 2285 2630 ep.
2330 2558 2402 2613 46
2446 2560 2566 2614 libri
2599 2576 2672 2615 tv.
2704 2559 2972 2614 Praeterea
3003 2559 3073 2613 de
3117 2561 3373 2630 podagra,
3400 2558 3467 2614 do

1879 2653 2142 2709 stomachi
2180 2653 2459 2722 languore,
2493 2668 2556 2707 ac
2585 2653 2652 2708 de
2687 2643 2861 2708 'variis
2908 2653 3026 2708 aliis
3073 2652 3469 2706 infirmitatibus

1880 2760 2022 2813 smpe
2047 2745 2398 2812 conqueritur
2418 2743 2738 2812 Gregorius;
2762 2753 2817 2798 at
2838 2745 2905 2799 de
2931 2743 3065 2798 senii
3095 2743 3470 2809 incommodis,

1882 2849 2182 2904 nusquam;
2213 2833 2356 2904 quod
2377 2847 2509 2888 sane
2539 2850 2649 2888 non
2679 2835 2797 2889 leve
2829 2834 3139 2903 suppeditat
3179 2849 3468 2902 argumen-

1883 2940 1994 2985 tum
2024 2930 2261 2984 nondum
2291 2930 2364 2983 ita
2391 2937 2660 2999 provecta:
2683 2928 2876 2984 :etatis.
2913 2929 3006 2984 His
3027 2927 3162 2982 adde
3190 2944 3309 2998 quin
3338 2928 3472 2982 scri-

1883 3023 1986 3093 psit
2014 3030 2232 3076 sanetus
2253 3021 2332 3074 vir
2349 3020 2416 3074 ad
2437 3019 2749 3074 Januarium
2771 3018 3133 3072 Caralitanqu
3161 3018 3472 3086 episcopum

184 3123 278 3162 na:
301 3105 570 3177 profectu,
599 3113 894 3176 optatoque
921 3104 984 3158 ad
1014 3103 1210 3159 caelum
1243 3105 1487 3166 transitu,
1522 3103 1780 3156 invitante
1809 3132 1852 3194 ρ
1884 3128 1971 3181 ep,
2007 3112 2032 3164 1
2063 3111 2156 3165 lib,
2197 3127 2272 3178 ιχ,
2302 3108 2646 3179 pontificatus
2693 3109 2774 3162 sui
2805 3124 2894 3162 an.
2926 3123 3073 3163 nono
3103 3115 3229 3162 ante
3266 3109 3472 3164 obitum

181 3197 431 3252 maxime
487 3194 804 3250 Tharsillam
848 3202 1062 3263 neptem
1115 3207 1265 3246 suam
1313 3192 1379 3246 ad
1408 3192 1539 3247 lucis
1565 3202 1780 3246 aeternae

182 3286 527 3342 consortium
544 3283 601 3338 S.
621 3283 796 3339 Felice
820 3299 980 3354 papa,
1004 3290 1430 3350 occurrenteque
1455 3282 1780 3337 charissima:

182 3391 409 3446 sporisa:
436 3375 651 3430 Christo
673 3375 919 3429 Domino.
953 3374 1018 3426 At
1049 3381 1250 3441 contra,
1276 3373 1445 3441 inquit
1469 3369 1777 3441 Gregorius,

184 3467 482 3523 Gordiano:
524 3466 729 3520 animus
765 3466 915 3534 ctepit
968 3481 1000 3517 a
1046 3464 1217 3516 calore
1265 3461 1456 3515 amoris
1495 3462 1665 3514 intimi
1691 3479 1781 3529 per

182 3559 501 3628 quotidiana
531 3557 835 3609 detrimenta
860 3563 1128 3624 tepescere,
1158 3562 1206 3607 et
1235 3553 1496 3622 paulisper
1529 3551 1598 3604 ad
1629 3551 1782 3621 hujus

182 3649 372 3704 δίει-ιιιὶ
412 3664 642 3702 amorem
681 3647 867 3701 redire.
919 3644 1087 3709 Quam
1115 3645 1365 3699 curabant
1393 3644 1517 3715 (pia:
1542 3643 1780 3712 sorores)

185 3740 389 3795 blanda
411 3739 637 3811 quotidie
666 3739 1024 3808 redargutione
1049 3738 1328 3807 corripere,
1359 3745 1510 3808 atque
1531 3752 1561 3789 a
1583 3736 1785 3789 levitate

186 3849 394 3886 morum
427 3832 496 3886 ad
522 3833 822 3902 gravitatem
855 3831 936 3883 sui
957 3831 1158 3883 habitus
1182 3831 1485 3900 reformare.
1515 3827 1785 3882 Defunctis

139 3974 148 3981 .
189 3939 330 3978 vero
353 3923 659 3988 sororibus,
692 3920 850 3975 oblita
879 3919 1140 3974 Dominici
1170 3921 1390 3986 timoris,
1437 3919 1594 3973 oblita
1620 3918 1784 3989 pudo-

189 4018 265 4069 ris
288 4024 338 4067 et
376 4015 704 4078 reverentiae,
755 4012 915 4066 oblita
960 4011 1394 4076 consecrationis,
1425 4011 1784 4063 conductorem

189 4122 442 4175 agrorum
466 4121 676 4158 suorum
698 4103 1018 4174 postmodum
1041 4103 1282 4155 maritum
1324 4100 1491 4154 duxit.
1521 4098 1655 4153 Ecce
1675 4116 1786 4153 om-

189 4215 284 4250 nes
326 4203 428 4248 tres
465 4211 570 4249 uno
604 4195 745 4264 prius
775 4193 960 4246 ardore
989 4206 1246 4245 conversa:
1269 4198 1408 4257 sunt,
1449 4190 1538 4244 sed
1583 4206 1687 4244 non
1730 4191 1785 4242 in

189 4305 299 4340 uno
329 4288 603 4356 eodemque
629 4286 800 4339 studia
828 4293 1220 4354 permanserunt
1245 4300 1262 4336 :
1292 4284 1413 4354 quia
1424 4281 1582 4352 juxta
1603 4279 1786 4336 Domi-

189 4380 370 4432 nicam
395 4394 587 4442 vocem,
616 4378 764 4430 multi
793 4386 911 4431 sunt
938 4377 1125 4441 vocati,
1151 4377 1302 4444 pauci
1331 4392 1447 4430 vero
1472 4375 1639 4430 electi.

1883 3209 2077 3271 quarto
2095 3199 2181 3254 vel
2204 3199 2410 3268 quinto.
2436 3198 2643 3268 Nempe
2662 3187 2948 3267 obiurgare
2964 3206 3182 3252 coactus
3211 3198 3474 3267 hunc'epi-

1883 3303 2106 3358 scopum
2120 3303 2324 3351 senem,
2339 3287 2548 3358 pudore
2559 3288 2740 3343 statim
2756 3287 2964 3342 videtur
2985 3288 3248 3352 cohiberi,
3265 3289 3474 3356 sibique

1883 3381 1996 3434 lnnc
2017 3379 2261 3450 Apostoli
2287 3380 2354 3435 ad
2381 3378 2723 3435 Timotheum
2754 3380 2928 3436 adhuc
2954 3381 3210 3449 juvenem
3242 3380 3428 3448 objicit
3456 3400 3468 3434 :

1885 3470 2154 3526 Seniorem
2177 3486 2241 3524 ne
2263 3471 2608 3541 increpaveris
2631 3471 2695 3542 (Ι
2718 3471 2907 3526 Timot.
2958 3489 3011 3538 v,
3038 3473 3112 3542 l).
3136 3472 3279 3540 Ergo
3296 3472 3474 3540 junio-

1882 3577 1997 3616 rem
2047 3577 2108 3617 se
2155 3570 2286 3616 tunc
2333 3563 2658 3631 agnoscebat
2683 3578 2794 3633 prae
2821 3563 3101 3628 Januario,
3134 3563 3474 3634 proindcque

1883 3656 1971 3710 vix
1999 3656 2143 3711 credi
2172 3663 2353 3726 potest
2381 3655 2555 3725 ipsum
2579 3663 2709 3710 tunc
2732 3655 3086 3723 sexagenario
3111 3655 3273 3709 fuisse
3306 3655 3476 3721 majo-

1885 3761 2030 3811 rem;
2059 3762 2246 3802 verum
2275 3746 2404 3814 quid
2431 3746 2498 3801 de
2518 3755 2622 3801 'sua
2649 3754 2810 3800 aetate
2834 3745 2948 3800 suis
2978 3746 3032 3800 in
3080 3745 3318 3813 Dialogis
3357 3748 3476 3814 ipse

1887 3837 2083 3892 doceat
2110 3836 2473 3891 consulamus.

1961 3925 2076 3981 Lib.
2105 3941 2263 3993 tu,_c.
2299 3925 2389 3994 il,
2431 3923 2723 3993 Gregorius
2768 3923 3010 3978 referens
3055 3923 3370 3978 miraculum
3421 3924 3473 3977 in

1887 4014 1943 4069 S.
1962 4013 2234 4069 Cerbonio
2257 4011 2540 4082 Populonii
2573 4012 2828 4083 episcopo
2855 4010 3076 4078 factum,
3104 4019 3347 4082 tempore
3368 4029 3475 4083 quo

1887 4106 2063 4161 Tutila
2087 4103 2387 4161 Gothorum
2417 4119 2531 4170 rex,
2556 4103 2774 4158 Merulis
2802 4111 2997 4158 octavo
3025 4102 3092 4157 ab
3137 4104 3270 4158 urbe
3300 4103 3472 4159 Roma

1886 4197 2138 4252 milliario
2165 4195 2663 4261 castrametabatur,
2683 4197 2736 4251 id
2751 4198 2856 4251 suis
2874 4195 3050 4250 diebus
3072 4196 3360 4266 contigisse
3381 4199 3476 4252 ob-

1886 4296 2086 4345 servat.
2131 4287 2324 4354 Totila,
2379 4287 2470 4358 qui
2507 4300 2733 4356 regnare
2773 4287 2938 4357 cmpit
2967 4301 3054 4341 an.
3089 4286 3214 4352 541,
3248 4287 3476 4343 Romam

1887 4380 1968 4436 bis
1991 4379 2272 4435 obsidione
2295 4379 2463 4434 cinxit
2488 4385 2543 4432 et
2568 4378 2893 4447 expugnavit
2921 4378 3075 4433 annis
3099 4376 3349 4433 videlicet
3375 4377 3479 4430 546

267 4471 562 4540 Gregorius
588 4469 812 4524 alterius
832 4477 924 4522 aut
951 4469 1127 4523 amin
1157 4475 1248 4522 aut
1268 4476 1573 4522 materiem
1594 4483 1782 4522 meml-
1812 4507 1864 4566 Ι)
1887 4482 1942 4528 et
1972 4471 2094 4528 549.
2129 4471 2283 4526 Prior
2309 4470 2520 4527 obsidio
2547 4471 2601 4525 in
2629 4486 2828 4525 annum
2884 4471 3154 4540 integrum
3201 4479 3477 4540 protracta

192 4565 277 4619 nit
325 4563 415 4616 lib.
454 4578 494 4630 ι,
542 4577 629 4630 ep.
672 4560 761 4626 59,
812 4559 1051 4616 scribens
1080 4558 1366 4613 Anthemio
1411 4557 1780 4614 subdiacono:

203 4651 338 4704 Volo
359 4659 533 4704 autem
561 4659 616 4702 ut
645 4649 849 4702 domnae
894 4648 1123 4700 Pateria:
1162 4647 1284 4701 thiw
1324 4663 1545 4702 meatu"
1577 4648 1768 4716 efferas

189 4740 270 4791 ad
299 4739 606 4792 calciarium
633 4753 907 4807 puerorum
936 4737 1130 4791 solidos
1152 4737 1352 4808 viginti,
1377 4747 1425 4790 et
1447 4738 1603 4791 tritici
1627 4741 1784 4811 201

189 4830 396 4882 modios
422 4836 692 4883 trecentos.
715 4826 844 4881 Thia
866 4827 1007 4882 enim
1026 4842 1129 4881 vox
1149 4835 1231 4881 est
1251 4842 1282 4881 a
1304 4827 1492 4882 Οτιεοο
1507 4830 1629 4894 θεία,
1645 4831 1788 4898 quod

189 4922 414 4972 amitam
459 4917 543 4972 vel
569 4928 899 4972 materteram
952 4917 1239 4986 significat,
1291 4917 1552 4972 derivata.
1588 4918 1787 4987 Lingua

189 5013 362 5065 etiam
395 5009 687 5080 Hispanica
711 5011 782 5063 tia
812 5009 953 5064 idem
975 5019 1151 5065 sonat.
1183 5007 1426 5076 Quonam
1459 5024 1584 5064 casu
1609 5018 1784 5064 extre-

188 5116 339 5156 mam
362 5100 434 5156 ad
465 5102 702 5172 inopiam
728 5101 932 5171 pateria
980 5100 1308 5156 nobilissima
1339 5101 1534 5154 femina
1568 5101 1784 5155 redacta

189 5194 396 5260 fuerat,
429 5193 523 5248 diu
551 5209 660 5248 non
699 5201 781 5248 est
822 5191 1220 5262 inquirendum,
1266 5191 1633 5261 conflagrante
1661 5203 1788 5250 tunc

189 5285 428 5341 assiduis
457 5285 612 5340 bellis
634 5285 879 5340 universa
908 5283 1081 5337 Italia.

267 5375 323 5432 5.
355 5376 677 5448 Gregorium
720 5378 940 5432 fratrem
989 5377 1272 5444 habuisse,
1323 5375 1498 5431 nullus
1538 5378 1630 5447 qui
1672 5377 1789 5447 ejus

189 5468 460 5537 epistolas
486 5474 692 5523 attente
721 5466 908 5536 legerit
936 5468 989 5521 in
1030 5466 1252 5521 dubium
1295 5467 1602 5533 revocabit;
1649 5484 1792 5539 saepe

189 5562 344 5616 enim
376 5561 431 5614 in
461 5560 568 5615 illis
597 5558 777 5615 fratris
827 5559 908 5615 sui
957 5561 1290 5616 mentionem
1335 5561 1517 5614 habet.
1551 5558 1713 5617 Libro
1755 5578 1792 5628 ι,

193 5666 291 5719 cp.
318 5651 403 5716 Η,
432 5650 594 5706 Petro
612 5645 949 5706 subdiacono
978 5650 1162 5706 scribit
1188 5669 1199 5702 ε
1252 5652 1464 5722 Agintus
1490 5661 1659 5706 autem
1689 5671 1804 5724 gra-

197 5744 309 5797 tius
336 5741 675 5799 sollicitudini
703 5751 822 5810 tute,
855 5743 973 5813 quia
998 5742 1060 5794 de
1087 5758 1244 5796 causa
1275 5744 1455 5814 fratris
1481 5745 1577 5797 mei
1598 5762 1793 5812 pra'ce-

1890 4574 1996 4630 est,
2028 4578 2138 4633 quo
2165 4571 2410 4633 tempore
2440 4561 2614 4617 Totila
2637 4576 2748 4617 non
2771 4561 2930 4629 longe
2959 4562 3026 4616 ab
3055 4559 3196 4615 Urbe
3223 4561 3475 4614 distabat.

1896 4653 2048 4709 Unde
2077 4669 2208 4708 vero
2233 4652 2455 4722 propius
2503 4651 2718 4708 videtur
2773 4660 2900 4707 tunc
2947 4651 2998 4705 id
3048 4650 3306 4705 accidisse
3336 4648 3480 4718 quod

1891 4751 2075 4799 narrat
2094 4741 2406 4812 Gregorius,
2435 4741 2592 4811 eique
2620 4756 2684 4796 ac
2710 4741 2828 4796 aliis
2858 4741 3046 4796 Romae
3071 4739 3388 4808 degentibus
3415 4755 3479 4794 ea

1890 4834 2100 4889 ratione
2129 4832 2286 4887 facile
2307 4832 2624 4887 innotuisse.
2647 4832 2752 4886 Sex
2771 4840 2953 4886 autem
2969 4838 3060 4886 aut
3081 4839 3286 4900 septem
3309 4843 3479 4883 annos

1893 4939 1959 4978 eo
1989 4933 2232 4994 tempore
2252 4922 2446 4978 saltem
2475 4930 2634 4998 natus
2653 4929 2800 4988 erat;
2825 4937 3001 4992 neque
3018 4923 3161 4976 enim
3182 4935 3300 4988 qua:
3323 4919 3478 4974 nobis

1892 5014 2067 5070 adhuc
2095 5013 2433 5082 vagientibus
2460 5020 2608 5082 gesta
2633 5018 2780 5079 sunt,
2809 5025 2872 5065 ea
2903 5010 3104 5064 nostris
3131 5010 3319 5065 diebus
3348 5024 3477 5064 eve-

1893 5105 2036 5159 nisse
2060 5103 2245 5160 dicere
2267 5103 2663 5160 consuevimus.
2699 5100 2793 5155 His
2815 5100 3112 5168 perpensis,
3138 5100 3477 5154 referendum

1893 5196 2143 5250 existimo
2173 5194 2230 5248 S.
2255 5193 2499 5263 Gregorii
2530 5199 2708 5246 ortum
2738 5191 2804 5246 ad
2833 5206 2922 5245 an.
2956 5191 3080 5245 540.
3113 5190 3295 5261 Vigilii
3327 5207 3478 5260 papa:

1890 5284 2112 5338 tertium
2141 5284 2211 5352 (si
2251 5292 2429 5338 tamen
2479 5284 2597 5351 ejus
2635 5282 2977 5351 pontificatus
3018 5283 3144 5337 anni
3171 5297 3200 5335 a
3233 5290 3478 5352 tempore

1894 5390 2001 5443 quo
2029 5376 2080 5429 in
2111 5376 2284 5430 locum
2314 5374 2370 5429 S.
2402 5373 2613 5428 Silverii
2642 5373 2840 5441 injuste
2865 5375 3201 5431 exauctorati
3222 5375 3475 5430 suffectus

1897 5481 1978 5527 est
2007 5463 2349 5535 computandi
2375 5462 2546 5531 sunt),
2572 5459 2856 5517 Justiniani
2885 5464 3019 5533 Aug.
3065 5464 3331 5519 decimum
3372 5473 3477 5518 tere

1897 5564 2052 5627 tium,
2078 5554 2267 5623 Vitigis
2289 5551 2588 5608 Gothorum
2617 5553 2776 5620 regis,
2801 5569 2959 5623 quem
2985 5555 3295 5611 Bellisarius
3321 5566 3486 5625 capta

1901 5653 2155 5708 Ravenna
2184 5645 2418 5699 vinctum
2450 5641 2603 5699 duxit
2630 5641 3185 5717 Constantinopolim,
3235 5647 3481 5718 quintum

1900 5751 1953 5798 ct
1976 5739 2242 5796 ultimum.
