3992 6296
542 266 646 325 247

1039 264 1095 319 S.
1136 260 1466 319 GREGOBII
1506 258 1721 317 MAGNI
1762 256 1945 323 Vl'l‘A,
1988 253 2076 308 EX
2121 251 2284 309 EIUS
2325 250 2629 309 SClllPTIS
2668 249 3064 306 ADORNATA.
3105 249 3233 305 LIB.
3274 249 3318 308 l.

3723 254 3827 312 εδδ

599 387 656 440 7.
698 380 947 452 Gregorii
982 392 1204 447 nomen,
1234 377 1379 449 quod
1428 375 1736 445 vigilantem
1780 376 1956 434 sonat,
2001 364 2125 420 Non
2158 369 2196 424 Α
2231 365 2530 420 litterarum
2559 364 2758 428 studia,
2790 362 3062 427 nimirum,
3096 363 3372 416 annitente
3396 370 3701 432 praesertim
3724 381 3830 421 ma.

532 480 648 532 sine
693 490 883 545 magno
927 471 1151 545 quodam
1185 470 1442 539 praesagio
1482 472 1779 519 consecutus
1819 469 1914 525 est,
1957 456 2130 525 inquit

542 566 739 619 Paulus
768 563 1032 618 Diaconus
1083 560 1247 627 (num.
1294 556 1369 628 ι).
1421 554 1498 608 Re
1534 554 1725 606 etenim
1754 567 1872 604 uera
1903 547 2131 618 rigilarit

535 657 655 721 sibi,
671 655 793 709 dum
812 653 1001 707 divinis
1023 649 1322 704 inhwrendo
1338 644 1609 716 pra’ceptis
1626 642 1955 697 laudabiliter
1973 640 2127 702 vixit;

533 748 762 818 vigilavit
798 741 1033 815 ﬁdelibus
1074 739 1299 810 populis,
1333 737 1453 790 dum
1479 737 1734 790 doctrina:
1762 732 2018 804 alﬂuentis
2050 730 2131 783 in-

534 839 685 908 genio
726 837 799 888 eis
828 851 928 903 quo
974 830 1181 883 tramite
1229 829 1456 883 cwlestia
1510 827 1817 881 scanderent
1869 824 2130 894 patefecit.

535 926 728 991 Quanti
778 922 969 977 fecerit
997 919 1327 988 vigilantiam
1377 917 1901 982 sollicitulinemque
1928 911 2135 979 Gtego-

540 1019 646 1070 rius
676 1021 861 1068 noster
893 1028 1001 1067 non
1032 1011 1259 1065 obscure
1289 1009 1466 1063 multis
1496 1010 1547 1062 in
1573 1008 1706 1062 locis
1734 1004 1927 1075 aperit,
1959 1003 2131 1056 maxi-

540 1123 627 1161 tne
650 1121 784 1160 vero
813 1104 906 1158 lib.
928 1121 993 1157 xx
1022 1102 1212 1155 Moral.
1238 1117 1386 1155 num.
1415 1099 1448 1153 8
1479 1118 1491 1151 :
1535 1098 1702 1151 Electi
1737 1099 1939 1167 quique,
1970 1111 2124 1165 quan-

543 1199 629 1248 diu
658 1196 713 1248 in
747 1195 843 1247 hac
870 1195 974 1247 rita
1011 1200 1151 1253 sunt,
1182 1191 1474 1244 securitatis
1499 1189 1594 1241 sibi
1626 1187 1994 1257 conﬁdentiam
2032 1200 2135 1237 non

535 1285 858 1356 promittunt.
887 1281 1049 1336 Horis
1070 1281 1207 1334 enim
1237 1278 1474 1333 omnibus
1498 1286 1679 1332 contra
1708 1284 2022 1330 tenttmenta
2050 1291 2136 1327 su-

540 1372 720 1439 specti,
754 1370 942 1424 occulti
971 1369 1131 1424 hostis
1159 1368 1379 1421 insidias
1400 1373 1650 1427 metuunt,
1674 1365 1936 1435 quietiam
1964 1370 2136 1414 tenta-

539 1465 680 1516 tione
700 1468 953 1523 cessante,
986 1459 1063 1513 vel
1091 1458 1203 1512 sola
1251 1458 1478 1525 graviter
1522 1454 1814 1523 suspicione
1841 1451 2131 1505 turbantur.

539 1551 683 1606 Nam
724 1568 863 1620 stupe
910 1549 1085 1603 multis
1114 1565 1268 1617 grave
1314 1545 1600 1616 periculum
1644 1546 1855 1597 incauta
1884 1544 2135 1596 securitas

539 1646 678 1716 fuit:
716 1652 772 1695 ut
821 1642 1000 1695 callidi
1050 1640 1209 1694 hostis
1264 1637 1488 1691 insidias
1536 1652 1639 1690 non
1671 1637 1874 1697 tentati,
1908 1634 1998 1688 sed
2018 1634 2135 1704 jam

2232 470 2338 524 gno
2363 455 2710 521 Cassiodoto,
2742 455 2836 522 qui
2868 454 2919 507 in
2946 453 3095 507 Italia
3115 453 3595 522 jacentes’litteras
3626 459 3829 511 excita-

2232 555 2406 614 verat,
2436 556 2490 601 et
2511 546 2916 601 celeberrimam
2945 546 2996 597 in
3028 561 3124 600 suo
3148 546 3473 598 monasterio
3497 546 3831 603 academiam

2235 640 2567 707 instituerat,
2600 649 2656 693 ut
2685 647 2798 692 toto
2826 636 2939 692 fere
2970 638 3108 693 libro
3132 638 3291 691 tertio
3321 637 3438 705 ejus
3465 637 3605 717 Vita:
3626 639 3821 693 deseri-

2234 734 2453 802 psimus.
2490 730 2734 785 Notanda
2769 746 2874 800 pro:
2904 730 3116 785 castoris
3146 740 3271 783 sunt
3300 730 3415 784 ltmc
3444 730 3597 783 l’anli
3640 732 3831 784 Diaco-

2236 824 2288 877 ni
2319 823 2506 891 (Num.
2542 822 2603 891 1)
2635 823 2797 876 verba
2831 841 2842 875 :
2872 822 3057 875 Inerat
3101 824 3148 875 ei
3206 820 3543 892 (Gregorio)
3580 826 3739 894 202
3780 827 3835 877 in

2234 930 2393 981 parva
2439 913 2605 965 adhuc
2642 920 2794 966 (etate
2821 921 3077 965 maturum
3102 914 3214 983 jam
3250 914 3494 980 studium,
3519 924 3542 949 α
3566 916 3839 969 adharrere

2233 1004 2427 1059 scilicet
2450 1004 2601 1057 (lictis
2630 1005 2911 1073 majorum,
2939 1013 2986 1057 et
3010 1005 3053 1057 si
3076 1005 3199 1074 quid
3225 1004 3439 1075 dignum
3464 1008 3713 1074 potuisset
3734 1024 3834 1059 au-

2237 1098 2350 1150 ditu
2377 1099 2658 1167 percipere,
2701 1114 2806 1150 non
2846 1099 3071 1168 segniter
3099 1096 3347 1152 oblivioni
3378 1101 3607 1166 tradere,
3637 1102 3729 1154 sed
3760 1112 3839 1153 te-

2236 1191 2357 1242 naci
2387 1190 2555 1259 potius
2587 1190 2851 1242 memoria:
2883 1190 3263 1243 commendare.
3306 1189 3693 1262 Ilauriebatque
3717 1194 3839 1263 jam

2239 1289 2358 1333 tunc
2386 1280 2648 1334 sitibundo
2678 1281 2929 1334 doctrinae
2955 1281 3154 1348 ﬂuenta
3179 1292 3401 1350 pectore,
3433 1298 3548 1353 qua:
3570 1294 3685 1351 post
3714 1300 3840 1336 con-

2243 1374 2446 1443 gruenti
2471 1381 2714 1442 tempore,
2748 1373 2941 1425 mellito
2966 1381 3169 1443 gutture
3198 1384 3472 1427 eructaret.

2312 1462 2477 1517 Paulo
2516 1464 2749 1517 concinit
2798 1462 3035 1518 Joannes
3082 1463 3378 1529 Diaconus,
3410 1464 3664 1535 additque
3691 1464 3821 1521 Gre.

2236 1553 2445 1621 gorium
2490 1552 2652 1608 fuisse
2694 1560 2805 1605 arte
2838 1553 3195 1623 philosophum
3222 1552 3360 1623 (Lib.
3392 1571 3439 1622 ι,
3469 1571 3524 1608 n.
3559 1555 3634 1625 1).
3659 1555 3837 1621 Quam

2238 1657 2371 1697 vero
2411 1641 2858 1711 philosophorum
2891 1650 3095 1695 sectam
3145 1643 3215 1695 sit
3237 1641 3537 1713 amplexus,
3567 1660 3671 1697 non
3703 1660 3839 1714 ape-

537 1735 783 1805 prostrati
830 1737 1212 1801 cognoscerent.
1236 1720 1584 1799 Vigilantiam
1607 1729 1793 1799 quippe
1807 1744 2006 1797 semper
2027 1734 2126 1793 εει,
2162 1738 2206 1797 Β
2232 1735 2323 1788 rit.
2357 1732 2579 1788 Ethicen
2610 1733 2678 1787 ab
2706 1748 2773 1787 eo
2800 1733 3034 1787 maxime
3062 1733 3260 1787 cultam
3285 1732 3448 1789 l'ui~se
3480 1736 3655 1789 nullus
3680 1737 3839 1803 igwo-

537 1834 756 1877 utmens
813 1822 1053 1876 continue
1096 1819 1321 1874 sollicita
1367 1835 1633 1890 nunquam
1671 1818 1933 1873 relaxetur
1956 1818 2130 1870 inten-

538 1914 675 1966 tione
697 1927 941 1981 supcrna,
988 1926 1052 1963 ne
1076 1908 1336 1963 laboriosa
1359 1908 1623 1972 deserens,
1650 1910 1702 1960 in
1730 1907 2134 1978 cogitationibus

540 2007 720 2069 ﬂuxis,
744 2006 890 2074 quasi
910 2004 965 2056 in
992 2000 1295 2074 quibusdam
1335 2001 1574 2054 mollibus
1605 2001 1903 2053 stramentis
1924 2000 2131 2070 jaccns,

540 2096 760 2148 venienti
793 2093 1081 2160 corruptori
1110 2089 1315 2145 diabolo
1341 2106 1484 2143 mens
1509 2106 1563 2143 se
1585 2090 1812 2143 resoluta
1826 2088 2129 2160 ’prostituat.

543 2187 752 2240 Cretera
795 2186 987 2239 omitto
1035 2183 1135 2238 etsi
1167 2182 1232 2235 ad
1258 2181 1617 2237 Christianam
1649 2180 1978 2250 vigilantiam
2008 2196 2135 2235 sua—

541 2278 773 2332 dendam
812 2275 1249 2345 exquisitissima.

615 2367 669 2421 8.
712 2367 789 2421 De
822 2366 1142 2421 educatione
1187 2373 1241 2418 et
1280 2363 1618 2418 institutione
1644 2361 1890 2431 Gregorii
1920 2361 1971 2415 in
2001 2376 2136 2431 pue-

551 2459 631 2512 rili
661 2466 822 2512 aetate
866 2456 996 2510 nihil
1025 2456 1177 2510 nobis
1204 2461 1543 2524 compertum
1585 2462 1704 2519 est;
1744 2468 1932 2508 verum
1962 2467 2136 2521 neque

546 2563 756 2606 summa
785 2555 1065 2617 parentum
1092 2547 1285 2616 pietas,
1323 2560 1497 2613 neque
1520 2543 1609 2598 lilii
1636 2544 1893 2598 sanctitas
1918 2543 2134 2607 eximia,

546 2641 638 2709 qni
665 2639 826 2695 etiam
857 2639 909 2692 in
938 2637 1135 2693 saeculo
1166 2637 1420 2698 militans,
1452 2651 1632 2690 mores
1660 2650 1789 2690 suos
1818 2634 1884 2689 ad
1911 2632 2137 2689 exactis-

545 2733 738 2787 si'nam
769 2730 1088 2785 Christianae
1118 2727 1467 2798 perfectionis
1515 2742 1762 2783 normam
1808 2741 2139 2797 componere

544 2823 845 2892 satagebat,
874 2821 1122 2876 dubitare
1170 2820 1355 2874 sinunt
1379 2820 1509 2888 quin
1538 2834 1568 2872 a
1595 2819 1796 2873 teneris
1827 2817 1992 2874 fuerit
2020 2816 2139 2873 em-

544 2912 701 2966 nibus
724 2910 856 2979 legis
878 2908 1211 2978 Evangelica:
1240 2908 1522 2979 praeceptis
1568 2907 1887 2974 innutritus,
1936 2908 1991 2961 in
2020 2921 2137 2961 om-

544 3001 690 3054 nium
716 3000 974 3054 virtutum
1002 2999 1248 3069 palaestra
1292 3007 1552 3068 quantum
1594 2996 1803 3053 ferebat
1841 3006 1996 3065 astas,
2028 2998 2136 3053 i’mo

545 3105 703 3159 supra
729 3096 966 3152 aetatem,
999 3089 1331 3145 exercitatus
1361 3095 1417 3143 et
1461 3087 1705 3144 edoctus.
1733 3086 1978 3160 Cumque
2005 3104 2133 3159 par-
2164 3106 2209 3168 ρ

547 3182 791 3235 vulorum
820 3180 1071 3235 educatio
1102 3188 1334 3234 matrum
1366 3180 1711 3248 potissimum
1739 3180 1810 3234 sit
1836 3181 2132 3249 provincia,

547 3271 698 3339 juxta
725 3270 948 3325 Paulum
981 3270 1045 3342 (Ι
1094 3270 1230 3324 Tim.
1276 3287 1330 3338 ν,
1365 3270 1478 3341 10),
1510 3286 1616 3325 non
1664 3271 1933 3327 immerito
1964 3272 2137 3342 conji-

548 3362 715 3419 cimus
741 3362 798 3416 S.
831 3361 1051 3416 Silviam
1079 3362 1184 3417 hoc
1210 3370 1430 3418 strenue
1468 3362 1646 3418 oﬂieio
1676 3377 1802 3433 erga
1824 3379 1980 3419 suum
2002 3363 2138 3420 Gre-

544 3454 752 3523 garium
783 3453 1092 3509 defunctam
1120 3467 1262 3520 esse,
1295 3469 1591 3525 omnesque
1613 3455 1930 3511 Cbristianm
1951 3458 2138 3513 matris

548 3551 730 3612 partes
778 3543 828 3596 in
877 3544 993 3613 ipso
1039 3544 1368 3599 instituendo
1408 3544 1692 3613 di'igenter
1723 3547 1991 3616 imples:e.
2020 3547 2137 3614 Qua

549 3648 681 3687 vero
711 3643 828 3688 arte
855 3650 919 3689 ac
950 3635 1209 3689 industria
1240 3635 1415 3690 excoli
1445 3636 1510 3690 ad
1537 3636 1793 3706 pietatem
1827 3637 2137 3694 informari-

547 3739 655 3793 qne
677 3723 911 3779 debeant
942 3727 1094 3795 pueri
1122 3726 1332 3781 nobiles
1362 3728 1700 3798 maximeque
1728 3729 1889 3798 regite
1932 3731 2135 3800 stirpis,

549 3812 841 3884 Gregorius
881 3816 1042 3872 docet
1090 3818 1314 3887 pulchre
1371 3819 1436 3871 ad
1487 3817 1850 3875 Theoctistam
1898 3821 2139 3878 scribens

546 3903 639 3959 lib.
671 3922 763 3964 vn.
796 3922 883 3977 ep.
916 3906 1005 3971 26,
1037 3908 1126 3962 cui
1157 3923 1208 3962 ut
1242 3908 1575 3964 charissima:
1621 3911 1796 3966 sorori
1824 3911 2139 3970 Mauricius

546 3994 815 4063 Augustus
835 3997 1141 4052 dulcissima
1171 3999 1388 4066 pignora
1420 4014 1514 4054 sua
1541 4014 1633 4055 cre
1653 4001 1862 4067 'iderat,
1890 4003 2027 4058 tilio;
2054 4004 2136 4058 vi-

546 4084 746 4140 delicet
789 4087 1081 4141 tradiderat
1136 4089 1460 4143 educandos.
1511 4088 1657 4142 Inter
1700 4098 1895 4145 (uetera
1943 4092 2140 4148 eximia

545 4190 664 4244 qua:
688 4176 789 4231 bac
819 4177 870 4230 in
891 4179 1119 4247 epistula
1144 4179 1410 4247 leguntur,
1436 4177 1553 4231 haec
1578 4178 1809 4233 maxime
1829 4179 2140 4250 ponderan-

546 4265 614 4317 da
644 4272 700 4318 et
720 4267 994 4319 memoria:
1016 4267 1367 4336 insculpenda
1401 4285 1414 4320 :
1456 4267 1646 4333 Verba,
1680 4268 1869 4337 inquit,
1904 4273 2141 4326 nutrien-

550 4355 696 4419 tium,
722 4364 811 4407 aut
840 4358 921 4408 lac
952 4367 1098 4409 erunt
1127 4359 1169 4411 si
1198 4356 1331 4411 bona
1364 4368 1506 4426 sunt,
1530 4368 1617 4411 aut
1642 4376 1888 4414 venenum
1910 4363 1956 4415 si
1978 4363 2139 4419 mala.

618 4443 671 4497 9.
698 4442 900 4510 Quibus
930 4447 1197 4513 magistris
1228 4462 1293 4501 ac
1315 4447 1629 4503 doctoribus
1660 4464 1788 4504 usus
1819 4451 1979 4506 fuerit
2006 4468 2101 4508 san
2122 4488 2137 4495 -
2172 4471 2222 4530 ι)

546 4544 667 4590 etus
694 4550 847 4605 puer,
902 4545 961 4589 ut
1006 4537 1071 4589 ad
1104 4545 1308 4591 tantum
1338 4538 1574 4592 scientia:
1605 4554 1669 4593 ac
1712 4540 1989 4610 sapientia:
2019 4545 2136 4606 cul-

544 4641 669 4681 men
692 4627 1015 4696 perveniret,
1047 4629 1261 4697 penitus
1289 4645 1387 4685 nos
1414 4627 1567 4698 fugit.
1591 4628 1803 4685 Litteris
1829 4637 2133 4703 grammati-

546 4718 641 4785 cis,
668 4716 841 4786 inquit
868 4715 1159 4785 Gregorius
1202 4718 1405 4775 Turon.
1428 4748 1431 4753 -
1453 4720 1576 4775 loco
1603 4720 1715 4789 jam
1748 4722 1984 4791 laudato,
2018 4728 2128 4781 dia-

544 4806 837 4879 lecticisque
870 4824 933 4860 ac
964 4808 1231 4864 rhetoricis
1260 4811 1334 4863 ita
1368 4821 1483 4864 erat
1518 4812 1804 4879 institutus,
1834 4823 1889 4867 ut
1918 4816 2050 4869 nulli
2075 4818 2130 4872 in

548 4894 687 4950 Urbe
712 4896 828 4969 ipsa
861 4906 1130 4966 putaretur
1157 4916 1267 4954 esse
1314 4900 1588 4955 secundus.
1642 4900 1901 4972 Linguam
1950 4913 2131 4961 tamen

544 4985 789 5045 Grascam
822 4990 1041 5045 minime
1065 4993 1332 5059 calluisse,
1363 5011 1485 5048 raro
1516 4996 1657 5049 inter
1682 4996 1874 5052 doetos
1917 4998 2136 5056 humili-

545 5078 672 5134 tatis
699 5081 968 5150 exemplo,
999 5082 1282 5152 proﬁtetur
1313 5100 1400 5153 ep.
1453 5084 1525 5137 52
1568 5085 1689 5140 libri
1716 5104 1810 5141 vn.
1840 5086 1983 5143 Juris
2009 5106 2130 5145 eum

545 5169 711 5226 fuisse
738 5172 1123 5241 peritissimum
1164 5181 1219 5228 et
1246 5174 1696 5232 consultissimum
1739 5177 1981 5245 plurimae
2008 5195 2135 5248 pro-

544 5260 674 5316 bant
720 5262 838 5331 ejus
870 5264 1132 5333 epistolae,
1179 5265 1410 5319 maxime
1452 5266 1573 5321 libri
1613 5266 1807 5320 decimi
1856 5271 1998 5323 tertii
2041 5271 2131 5326 45.

544 5348 745 5405 Eadem
769 5369 893 5408 cum
916 5352 1179 5423 Gregorio
1203 5354 1407 5411 Turon.
1437 5356 1598 5410 tradit
1620 5355 1818 5412 Paulus
1844 5358 2131 5429 Diaconus,

545 5440 799 5512 additque
828 5442 1013 5500 Romm
1059 5445 1165 5500 hoc
1210 5454 1454 5516 tempore
1507 5447 1846 5516 potissimum
1878 5450 2135 5510 ﬂoruisse

2238 1839 2361 1878 rare
2391 1830 2598 1894 potest,
2653 1822 2753 1876 nisi
2786 1823 2837 1875 in
2871 1836 3095 1890 operum
3130 1821 3245 1889 ejus
3276 1823 3505 1876 lectione
3550 1823 3708 1877 fuerit
3735 1840 3840 1894 pe-

2237 1914 2503 1982 regrinus.
2537 1911 2695 1966 Certe
2725 1910 3152 1965 Christianorum
3174 1910 3437 1964 Senecam
3460 1927 3581 1964 eum
3608 1912 3841 1966 libenter

2237 2001 2583 2072 appellarem,
2616 2000 2717 2054 nisi
2747 1999 2814 2054 de
2841 2000 2933 2055 illo
2965 2001 3132 2055 satius
3152 1998 3256 2053 vidv
3275 2007 3425 2054 ritur
3448 1999 3661 2067 diei-re,
3690 2002 3840 2071 quod

2236 2092 2305 2147 de
2333 2090 2602 2146 Abraham
2634 2089 2949 2145 Ambrosius
2982 2108 2994 2142 :
3032 2088 3259 2161 Magnus
3288 2092 3439 2159 plane
3464 2092 3539 2144 vir
3567 2100 3615 2143 et
3640 2092 3842 2143 multo-

2237 2198 2351 2236 rum
2380 2183 2621 2235 virtutum
2644 2183 2816 2233 clarus
2838 2179 3156 2251 insignibus,
3199 2197 3346 2250 quem
3372 2180 3498 2234 votis
3524 2183 3633 2233 suis
3660 2183 3838 2251 philo«

2237 2270 2420 2338 sap/tia
2450 2287 2554 2324 non
2583 2271 2747 2340 potuit
2771 2286 2991 2337 (equore.
3026 2268 3257 2340 Denique
3276 2270 3445 2324 minus
3473 2280 3547 2324 est
3570 2272 3705 2342 quod
3742 2274 3841 2326 illa

2237 2361 2392 2430 ﬁnxit
2412 2377 2565 2431 quam
2593 2360 2729 2431 quod
2750 2361 2847 2413 iste
2887 2362 3042 2431 gessit
3087 2359 3239 2432 (Lib.
3268 2377 3284 2415 ι
3325 2361 3388 2413 de
3416 2361 3610 2414 Abrah.
3662 2380 3709 2416 c.
3740 2363 3777 2414 2
3796 2364 3837 2431 ).

2314 2450 2668 2518 Astrologiam
2698 2448 3028 2502 divinantem
3063 2450 3301 2516 aliasque
3335 2446 3577 2504 curiosas
3604 2459 3657 2503 et
3686 2452 3840 2519 peri-

2238 2539 2453 2593 culosas
2484 2547 2628 2592 artes
2678 2552 2946 2605 nunquam
2978 2545 3211 2591 sectatus
3250 2545 3352 2592 est.
3388 2537 3588 2592 Contra
3627 2540 3841 2593 matbe-

2238 2629 2467 2684 maticos
2497 2628 2667 2682 futura
2698 2627 2985 2698 przedicere
3016 2637 3399 2697 prm~umentes
3430 2630 3651 2697 insurgit
3685 2631 3839 2685 bum.

2243 2720 2309 2774 10
2338 2721 2389 2774 in
2430 2719 2717 2788 Evangelia
2751 2733 2895 2773 num.
2945 2718 2978 2770 4
3006 2727 3059 2773 et
3091 2716 3142 2772 5.
3171 2717 3326 2785 Quod
3358 2728 3542 2773 autem
3569 2721 3643 2773 ait
3672 2719 3843 2775 Joan-

2238 2826 2337 2866 nes
2380 2808 2828 2866 Sacrisburiensis
2856 2809 2949 2864 l‘b.
2997 2825 3033 2863 ιι
3064 2808 3131 2863 de
3159 2808 3323 2878 Nugis
3351 2808 3643 2882 Curialium
3687 2828 3734 2865 c.
3769 2810 3843 2864 26

2238 2909 2293 2955 et
2323 2900 2415 2954 lib.
2445 2916 2539 2953 vm
2568 2916 2618 2953 ο.
2672 2898 2766 2965 19,
2795 2914 2917 2953 cum
2947 2916 3053 2954 non
3084 2899 3256 2953 solum
3306 2900 3574 2955 mathesin
3615 2900 3684 2954 ab
3712 2902 3841 2954 aula

2241 2990 2494 3045 recedere
2536 2990 2788 3059 jussisse,
2835 2989 2927 3045 sed
2979 2991 3141 3045 etiam
3186 2989 3531 3043 Bibliotheca:
3583 2988 3846 3043 Palatina:

2240 3080 2293 3133 in
2316 3078 2467 3148 enjus
2495 3078 2727 3133 arebivis
2750 3076 3423 3132 recondebanturomnium
3436 3077 3843 3147 disciplinarum

2242 3170 2394 3235 libri,
2427 3169 2543 3224 zelo
2573 3170 2951 3237 intempestivo
2992 3168 3167 3238 ignem
3197 3167 3533 3235 admovisse,
3578 3176 3637 3221 ut
3667 3168 3846 3236 major

2242 3266 2387 3313 esset
2430 3272 2597 3311 sacrm
2639 3256 2932 3326 Scriptura:
2971 3256 3294 3321 auctoritas,
3325 3268 3380 3310 et
3410 3257 3460 3311 in
3508 3272 3571 3312 ea
3616 3257 3846 3326 legenda

2240 3351 2552 3421 ﬂagrantius
2590 3351 2855 3416 Studium;
2906 3349 2955 3403 id
3000 3350 3159 3419 plane
3190 3349 3329 3403 inter
3367 3363 3535 3416 nugas
3562 3357 3619 3403 et
3668 3349 3847 3404 aniles

2239 3438 2447 3496 fabulas
2472 3441 2618 3510 rejici
2648 3442 2826 3496 debet.
2854 3441 2947 3496 llis
2976 3441 3257 3495 virtutibus
3281 3448 3519 3503 ornatus,
3548 3440 3630 3494 his
3654 3442 3848 3495 excul-

2238 3541 2328 3589 tus
2354 3533 2540 3587 studiis
2578 3531 2900 3600 Gregorius,
2930 3548 3056 3586 mox
3084 3531 3151 3585 ad
3181 3532 3498 3600 prtec'puas.
3530 3528 3723 3594 Urlvis,
3754 3545 3847 3585 se-

2239 3628 2427 3686 natus,
2475 3620 2783 3690 reipublica:
2826 3619 3116 3690 dignitates
3138 3619 3277 3673 viam
3308 3620 3407 3674 sibi
3439 3618 3671 3688 aperuit.
3704 3619 3846 3686 Quia

2239 3727 2372 3768 vero
2401 3728 2527 3782 pars
2560 3726 2751 3781 magna
2783 3711 2879 3766 fuit
2907 3726 3092 3765 eorum
3122 3725 3241 3781 qua:
3278 3719 3370 3765 aut
3401 3710 3452 3764 in
3496 3709 3713 3779 imperii
3747 3718 3847 3765 aut

2239 3801 2294 3855 in
2321 3800 2609 3858 Eccclesim
2637 3802 3097 3857 administratione
3126 3809 3275 3871 gesta
3303 3808 3429 3855 sunt
3454 3799 3581 3855 dum
3607 3799 3841 3865 viveret,

2238 3889 2415 3959 qualis
2444 3898 2575 3945 tunc
2606 3887 2769 3945 fuerit
2793 3890 3070 3951 utriusque
3096 3899 3295 3958 status,
3340 3890 3572 3946 maxime
3602 3890 3657 3945 in
3686 3889 3841 3945 Italia

2240 3979 2425 4049 paucis
2453 3978 2852 4051 exponendum.

2853 4091 3083 4148 CAPUT
3121 4092 3185 4148 Il.

2243 4203 2597 4254 Διιαωιιεπτωι.
2620 4232 2683 4241 -
2706 4205 2748 4255 1.
2771 4204 3003 4256 Ecclesize
3030 4209 3201 4255 status.
3226 4231 3290 4241 —
3309 4206 3356 4254 2.
3380 4203 3438 4254 Et
3462 4204 3683 4266 imperii.
3713 4203 3843 4252 Lan-

2306 4267 2508 4329 gobardi
2548 4266 2737 4318 Italiam
2777 4268 3025 4315 invadunt.
3050 4293 3111 4301 —
3153 4269 3199 4316 3.
3224 4265 3612 4329 ,Gregoriustit
3658 4276 3843 4329 przetor

2314 4327 2476 4403 lit-bis.
2500 4329 2615 4403 Ejus
2640 4333 3101 4403 prgurt'eitempus.
3121 4328 3253 4403 -_4.
3281 4328 3527 4403 onmodo
3549 4330 3597 4375 in
3623 4327 3841 4403 priuetur:

2308 4401 2367 4439 se
2387 4388 2618 4452 gesserit.
2641 4388 2703 4426 ἒ-
2723 4390 2769 4438 5.
2825 4388 3125 4451 Frequentia
3163 4391 3229 4440 de
3269 4392 3418 4439 rebus
3463 4391 3554 4451 piis
3595 4388 3841 4453 colloquia

2311 4451 2798 4522 admmonastieenvitte
2821 4454 3122 4522 propositum
3146 4465 3258 4501 eum
3282 4452 3584 4522 accendunt;
3595 4452 3738 4522 Qnod
3754 4453 3839 4501 diu

2307 4514 2488 4561 ditfert.
2514 4539 2575 4547 —
2595 4515 2642 4562 6.
2664 4512 2868 4573 Septem
2893 4512 3100 4562 aedificat
3136 4514 3451 4562 monasteria.
3478 4512 3605 4560 --7.
3635 4514 3712 4561 Fit
3732 4528 3841 4562 mo-

2307 4574 2657 4699 {tngugsnguo
2677 4577 2725 4623 in
2749 4573 2856 4624 loco
2881 4582 2933 4624 et
2953 4581 3191 4634 tempore.
3215 4574 3337 4623 —8.
3361 4576 3550 4633 Quibus
3566 4575 3840 4632 magistris.

2316 4736 2367 4791 l.
2402 4736 2623 4805 Dejeeto
2652 4736 2710 4791 S.
2741 4734 2970 4790 Silverio
2998 4751 3165 4805 papa,
3197 4735 3422 4805 Vigilius
3465 4736 3533 4791 ab
3558 4750 3704 4789 anno
3733 4736 3843 4791 537

2241 4843 2410 4897 usque
2439 4827 2506 4882 ad
2529 4841 2623 4882 an.
2647 4824 2753 4879 554
2770 4826 2858 4881 vel
2882 4824 2988 4880 555
3005 4826 3187 4881 sedem
3209 4825 3506 4881 Romanam
3529 4829 3838 4896 occupavit,

2241 4935 2272 4974 a
2300 4918 2601 4973 Jusﬁniano
2638 4917 2811 4984 Aug.,
2853 4932 2961 4984 quo
3022 4925 3244 4971 auctore
3308 4916 3479 4986 ipsam
3538 4917 3659 4971 inva
3690 4926 3842 4983 erat,

2242 5009 2408 5063 multa
2435 5015 2624 5076 postea
2669 5022 2975 5077 perpessus.
3012 5005 3148 5061 Cum
3187 5007 3626 5061 condemnatioiii
3678 5010 3840 5060 trium

2241 5099 2629 5167 capitulorum,
2679 5105 2741 5151 ut
2788 5097 3096 5167 imperatori
3144 5098 3565 5167 obsequeretur,
3620 5100 3841 5152 tardem

2240 5182 2633 5253 consensisset,
2665 5187 2732 5241 ab
2773 5187 2889 5255 ejus
2917 5189 3297 5244 communione
3340 5199 3682 5242 secesserunt
3714 5204 3841 5257 [Mll-

2243 5277 2365 5330 rimi
2396 5277 2448 5329 in
2469 5274 2781 5340 Occidente,
2814 5276 3047 5331 maxime
3066 5276 3259 5347 Illyrici
3284 5286 3339 5333 et
3360 5275 3439 5330 At:
3456 5278 3552 5331 irte
3577 5277 3828 5346 episcopi

2239 5365 2385 5437 quod
2450 5366 2669 5436 indigne
2726 5367 2930 5422 ferrent
2994 5376 3104 5421 tres
3157 5369 3442 5439 episcopos
3489 5367 3841 5421 Theodorum

2237 5456 2706 5526 Mopsuestenum,
2756 5456 2902 5511 Ibam
2949 5456 3318 5525 Edessenum,
3357 5466 3413 5513 et
3433 5457 3840 5515 Theodoretum

612 5597 721 5692 fit]
747 5600 938 5692 ἐνείμω
988 5603 1054 5659 de
1107 5604 1285 5675 scipso
1333 5612 1575 5662 testatur.
1614 5607 1681 5661 Ut
1726 5608 1887 5676 mihi,
1946 5611 2137 5683 inquit,
2189 5631 2365 5670 senum
2403 5616 2677 5672 collocatio
2724 5632 2835 5671 esse
2873 5634 3071 5688 semper
3120 5618 3358 5674 amabilis
3397 5619 3546 5674 solet.
3596 5618 3838 5692 Dialog.,

551 5661 643 5723 lib.
676 5684 714 5734 I,
743 5661 800 5724 cf
831 5669 883 5723 9.
