3992 6302
202 338 318 396 Ἀθ
686 340 745 396 S.
788 338 1110 395 GREGORII
1150 340 1361 397 MAGNI
1404 343 1585 405 VITA,
1632 346 1721 399 EX
1763 344 1923 400 EJUS
1961 345 2270 404 SCIRIPTIS
2310 349 2701 409 ADORNATA.
2744 356 2871 412 LIB.
2915 358 2950 412 1-
3376 363 3486 422 250

202 454 359 525 Cyri,
391 468 532 523 quos
558 454 839 511 concilium
867 452 1305 513 Chalcedonense
1341 474 1439 528 pro
1477 462 1795 518 orthodoxis
1821 464 1869 523 Α
1898 473 1948 517 et
1976 474 2165 531 septem
2189 484 2354 523 annos
2376 471 2636 543 ducimus,
2665 477 2799 547 quod
2823 478 2877 531 in
2906 477 3003 531 hac
3030 478 3154 535 urbe
3176 481 3312 537 inter
3339 481 3488 542 Lan-

204 544 486 609 hahuerat,
518 545 906 601 condemnatos
929 555 985 601 et
1012 548 1331 617 reprobatos
1353 550 1421 605 ab
1442 549 1803 611 Orientalibus
1901 556 2247 627 gobardomm
2296 562 2499 631 gladios
2549 544 2781 621 vivimus.
2840 567 2897 622 In
2966 573 3248 640 posteriori
3314 590 3489 646 vero,

205 630 369 686 fuisse
423 632 477 686 in
516 633 722 704 synodo
775 634 1407 706 Constantinopolitana,
1448 653 1569 708 qua:
1616 640 1801 711 quinta
1899 647 2096 715 scripta
2119 664 2205 701 an.
2240 630 2345 704 603
2367 693 2383 719 ,
2414 652 2598 708 indicl.
2632 665 2784 711 sexta
2809 697 2823 723 ,
2856 630 2981 727 qua;
3003 669 3086 716 est
3113 662 3182 715 58
3209 664 3326 717 libri
3352 630 3485 720 xui;

202 721 538 775 mcumenica
577 725 738 828 vulgo
773 724 1092 828 appellatur:
1164 814 1206 828 ﬁ
1244 816 1257 828 ‘
1336 817 1347 827 .
1466 816 1483 828 -
1737 819 1749 828 _
1900 736 2156 807 Qualiter,
2186 743 2385 813 inquit,
2417 748 2732 816 quotidiani:
2755 721 3057 820 gladiis..."
3095 772 3209 809 ecce
3230 757 3344 827 jam
3392 774 3485 828 per

283 812 570 868 Demortuo
617 815 669 919 in
706 814 1119 919 Sicilia'YigiIio
1164 814 1416 919 Pflagius
1465 816 1483 870 I
1520 819 1795 919 successit.
1898 828 2110 897 triginta
2130 812 2350 904 quinque
2375 812 3024 910 annorumlonaitudinem
3046 812 3339 914 premimur,
3364 812 3483 919 qua:

206 897 326 963 Quo
355 907 597 969 tempore
640 902 838 970 Istrizc,
884 903 1140 972 Liguriae,
1193 904 1647 975 Venetiarumqne
1684 910 1765 978 epi

1895 917 2299 987 chronologiam
2330 935 2567 979 nostram
2591 928 2726 983 mire
2753 931 3052 988 adstruunt.

204 988 387 1057 scopi,
429 991 613 1045 habita
658 994 898 1063 synodo,
942 994 1029 1049 cui
1077 994 1288 1065 przcluit
1321 994 1599 1059 Paulinus,
1630 998 1765 1064 Aqui

1962 1005 2185 1071 Quantis
2215 1019 2393 1065 autem
2419 1016 2653 1084 rapinis,
2687 1018 2976 1086 incendiis,
3009 1024 3240 1079 aedibus
3281 1025 3481 1081 Italiam

205 1075 420 1133 leiensis
464 1081 775 1151 episcopus,
825 1099 925 1153 pro
959 1099 1121 1139 causa
1154 1085 1312 1138 trium
1360 1086 1713 1153 capilu'orum
1736 1086 1791 1141 in
1891 1093 2001 1150 fere
2033 1106 2197 1151 uitam
2239 1100 2666 1170 devastaveriut,
2713 1108 2853 1162 idem
2883 1110 3173 1180 Gregorius
3203 1133 3302 1174 nos
3327 1121 3485 1179 docet

202 1177 445 1284 apelrtum
466 1172 696 1228 scltisma
726 1185 1049 1245 eruperunt;
1074 1175 1402 1284 Narsenique
1422 1176 1672 1279 comitem
1703 1185 1789 1230 tu-
1888 1188 1981 1243 ιῑι),
2015 1207 2071 1244 ιη
2101 1191 2305 1261 malos.
2331 1208 2382 1248 ο,
2414 1194 2483 1249 38
2522 1214 2534 1249 τ
2578 1197 2708 1251 Mox
2733 1201 2914 1269 diem,
2949 1172 3141 1274 in'qui,’
3175 1172 3483 1284 ιαηροέἇζ

199 1259 527 1317 multuanles
547 1280 802 1321 coercere
825 1275 1130 1333 conantem,
1156 1267 1353 1321 imbelli
1379 1268 1551 1323 inanis
1578 1284 1789 1323 excom-

195 1346 581 1407 municatiouis

1888 1280 2069 1333 dorum
2101 1298 2223 1349 gens
2287 1283 2349 1337 de
2396 1286 2584 1356 vagina
2624 1303 2734 1342 aute
2778 1290 3110 1349 habitationis
3165 1280 3380 1373 educta,
3425 1309 3480 1362 in

643 1352 863 1408 fulmine
921 1363 1321 1425 percusserunt.
1376 1354 1479 1410 Tot
1521 1357 1765 1426 tantisque

2462 1352 2479 1356 ν
3272 1352 3280 1355 ⁷
3300 1352 3346 1357 ⁷⁵·
3363 1352 3380 1373 Ὶ
3426 1352 3477 1362 "'

1886 1382 2116 1426 nastram
2158 1377 2400 1429 cervicem
2426 1388 2665 1448 grassata
2693 1389 2788 1447 est,
2814 1391 2964 1452 atque
2992 1386 3271 1443 humanum
3299 1410 3477 1463 genus,

193 1432 360 1491 Italia:
390 1441 545 1495 malis
576 1442 935 1499 conﬂicmtum
980 1444 1251 1513 Pelagium
1280 1461 1424 1498 mors
1451 1445 1516 1498 ad
1547 1448 1765 1515 quieteu

193 1536 451 1553 ,νη-η,
500 1534 707 1553 ---μηδ
858 1533 959 1553 ...μη
1026 1532 1100 1553 ..ιε
1152 1542 1323 1553 .-μη-
1664 1551 1677 1553 -

2426 1432 2453 1448 υ
2699 1432 2709 1434 ν
2728 1432 2788 1447 -ίι
2881 1432 2958 1452 νην
2992 1432 3271 1443 --π---ν-ηπ--υ
3299 1432 3477 1463 υνηασν

1885 1467 2023 1537 quod
2052 1470 2102 1521 iu
2130 1469 2224 1522 liae
2250 1478 2387 1523 terra
2415 1487 2526 1540 prce
2555 1472 2715 1526 nimia
2753 1475 3081 1531 multitudine
3106 1484 3254 1550 quasi
3296 1487 3479 1553 spissa:

188 1536 454 1584 sternam
500 1534 714 1587 vocavit
742 1533 978 1589 an.559.
1025 1532 1101 1586 Illi
1152 1542 1329 1588 tamen
1378 1535 1627 1589 undecim
1656 1538 1783 1591 anui
1882 1532 1938 1613 ,‘e

187 1617 538 1680 pontilicatus
565 1628 619 1674 et
646 1636 853 1676 menses
894 1621 1108 1686 decem,
1139 1621 1191 1674 in
1221 1622 1517 1691 appendice
1539 1624 1605 1677 ad
1638 1624 1781 1679 Mar-
1882 1648 1935 1701 ια

186 1700 374 1757 cellini
402 1707 615 1761 comit-is
651 1706 949 1762 Chronicon
984 1708 1310 1764 tribuuntur.

257 1790 387 1860 Ejus
415 1809 694 1849 successor
714 1795 945 1850 Joannes
973 1796 1039 1850 IIl
1069 1814 1165 1867 per
1190 1813 1361 1854 annos
1384 1798 1449 1852 14
1482 1799 1776 1856 Ecclesiam
1812 1826 1856 1884 Β

184 1880 345 1933 rexit.
396 1880 630 1936 Sedente
675 1884 778 1939 hoc
819 1887 1103 1954 pontiﬁce,
1156 1886 1449 1957 Gregorius
1490 1900 1778 1961 praeturam

184 1965 347 2024 Urbis
374 1972 646 2041 sapienter
667 1974 863 2044 gessit,
892 1983 951 2029 ut
981 1976 1118 2031 infra
1152 1978 1425 2046 dicemus;
1460 1996 1643 2035 verum
1670 1995 1779 2051 quo

180 2073 332 2114 anno
377 2064 629 2130 cmperit,
686 2076 932 2120 utrumve
979 2064 1310 2135 Justiniano,
1357 2071 1448 2138 qui
1501 2086 1670 2141 usque
1710 2072 1778 2126 ad

179 2162 276 2201 an.
310 2146 409 2203 565
441 2152 711 2221 pervenit,
738 2154 914 2209 adhuc
942 2154 1269 2224 imperante,
1302 2172 1409 2212 non
1441 2159 1626 2226 liquet.

253 2235 310 2292 2.
340 2237 661 2308 Reportatas
706 2242 773 2298 de
811 2244 1057 2299 barbaris
1094 2246 1374 2312 victorias,
1426 2258 1775 2319 recuperatas

175 2326 364 2397 plures
387 2330 593 2399 imperii
622 2335 942 2403 provincias,
970 2336 1183 2405 aliaque
1204 2339 1301 2394 sub
1315 2336 1619 2395 Justiniano
1634 2356 1772 2411 pra:-

174 2414 328 2471 clare
354 2426 522 2485 gesta,
548 2420 600 2473 in
643 2420 763 2475 Vita
805 2422 1112 2479 Cassiodori
1150 2441 1343 2495 magna
1375 2443 1440 2482 ex
1467 2436 1619 2499 parte
1649 2431 1776 2484 atti-

175 2505 375 2572 gimus.
422 2506 759 2566 Immortales
794 2527 926 2567 sane
980 2513 1166 2569 Iaudes
1208 2526 1533 2572 consecutus
1586 2517 1775 2574 fuisset

173 2592 539 2665 Justinianus,
570 2600 614 2654 si
647 2601 698 2654 in
739 2602 899 2657 rebus
937 2604 1317 2662 ecclesiasticis
1358 2616 1413 2661 et
1459 2608 1774 2677 theologicis

173 2702 370 2757 sapere
398 2691 465 2745 ad
512 2693 858 2748 sobrietatem
902 2693 1200 2750 didicisset.
1238 2694 1307 2750 At
1345 2697 1539 2766 praeire
1584 2698 1773 2755 volens

171 2778 477 2849 episcopis,
531 2780 703 2837 Iactus
737 2790 819 2837 est
843 2784 1046 2838 erroris
1074 2784 1181 2839 dux
1224 2792 1279 2839 et
1317 2785 1599 2854 magister,
1635 2801 1773 2858 quos

168 2862 456 2940 sequendo
488 2873 659 2929 factus
690 2875 875 2928 fuisset
901 2874 1194 2944 discipulus
1224 2874 1483 2929 veritatis.

249 2960 320 3016 Ut
346 2963 557 3020 Gothos
598 2982 663 3021 ex
698 2965 848 3020 Italia
879 2968 1095 3036 penitus
1130 2967 1431 3036 expelleret
1455 2967 1770 3037 imperator,

172 3050 556 3120 Langobardos
576 3070 607 3110 e
633 3054 903 3109 Pannonia
931 3055 1194 3120 evocavit,
1226 3054 1477 3123 belloque
1496 3054 1765 3123 confecto,

166 3140 380 3208 priores
395 3142 567 3207 sedes,
587 3143 780 3197 additis
798 3144 848 3197 in
868 3142 1169 3198 mercedem
1188 3143 1435 3212 praestita:
1450 3158 1629 3212 opera:
1643 3145 1765 3212 qui-

162 3229 395 3285 busdam
421 3234 660 3301 urbibus,
682 3244 929 3305 repetere
941 3235 1116 3302 jussit.
1148 3234 1214 3287 At
1237 3232 1400 3288 Italia:
1421 3234 1627 3289 deliciis
1659 3236 1768 3291 ine-

162 3322 329 3385 scati,
367 3322 490 3377 data
508 3332 696 3393 postea
725 3324 981 3379 redeundi
997 3323 1285 3378 occasione
1301 3367 1316 3391 ,
1339 3323 1519 3377 statim
1542 3322 1764 3378 advola-

162 3419 319 3464 runt.
337 3411 467 3465 Cum
483 3429 609 3467 vero
622 3414 688 3468 de
710 3414 838 3483 ipsis
862 3414 1115 3483 deinceps
1142 3412 1570 3484 frequentissime
1597 3414 1764 3470 simus

161 3496 432 3567 locuturi,
464 3516 650 3557 eorum
677 3502 899 3559 historia
922 3518 952 3557 a
980 3504 1151 3574 prima
1182 3502 1387 3571 origine
1417 3502 1654 3559 breviter
1680 3509 1765 3559 est

104 3624 105 3629 η
161 3589 499 3645 deducenda.

237 3676 283 3729 Ε
330 3678 685 3735 Scandinavia
737 3683 877 3748 orti,
922 3699 1079 3753 quam
1133 3692 1321 3754 utpote
1374 3682 1763 3739 feracissimam

161 3766 599 3837 belligerantium
632 3776 970 3844 populorum,
997 3774 1297 3831 Jornandes
1325 3774 1597 3830 oﬂicinam
1632 3789 1764 3844 gen-

161 3857 333 3923 tium,
362 3861 610 3930 vaginam
633 3864 937 3929 nationum,
980 3867 1184 3935 Optime
1214 3866 1451 3936 appellat
1485 3867 1552 3922 de
1581 3866 1765 3923 Rebus

161 3943 371 4003 Geticis
411 3965 461 4004 c.
494 3951 560 4018 ι,
594 3953 645 4006 in
674 3968 792 4008 eam
834 3952 1135 4010 Germania;
1170 3965 1378 4025 partem
1415 3971 1536 4026 qua:
1565 3954 1761 4012 Pome-

160 4036 321 4091 rania
365 4055 510 4096 nunc
548 4041 744 4098 dicitur
790 4044 936 4113 prius
975 4044 1428 4114 commigrarunt,
1467 4045 1660 4102 deinde
1708 4046 1762 4101 in

160 4124 533 4197 Pannoniam,
566 4131 690 4188 licet
714 4132 783 4188 ab
810 4131 1015 4190 Hunnis
1044 4147 1235 4204 magna
1252 4133 1364 4204 jam
1390 4149 1459 4191 ex
1486 4143 1642 4206 parte
1667 4151 1760 4192 oc-

161 4224 439 4284 cupatam.

236 4302 595 4373 Langobardi,
616 4318 751 4365 tcSIe
770 4310 936 4366 Paulo
954 4312 1192 4367 Diacono
1209 4311 1312 4383 (De
1335 4311 1502 4368 Gesti:
1520 4312 1756 4385 Langob.

158 4393 254 4448 lib.
281 4411 318 4459 ι,
347 4414 393 4451 c.
422 4398 446 4452 I
479 4410 529 4455 et
558 4400 631 4472 2),
664 4418 694 4457 a
718 4403 873 4472 longa
894 4392 1059 4459 barba
1089 4404 1217 4459 dicti
1245 4414 1388 4459 sunt.
1415 4405 1547 4460 Nam
1568 4420 1761 4462 eorum

159 4484 343 4555 lingua
364 4490 490 4562 lang
519 4490 729 4561 longam
759 4495 1039 4562 signiﬁcat,
1071 4503 1129 4550 et
1174 4494 1317 4550 baert
1342 4496 1582 4552 barbam.
1607 4495 1755 4563 Qua-

1939 1561 2068 1631 getis
2098 1578 2237 1616 more
2265 1573 2597 1633 surrexerat,
2619 1567 2875 1621 succisum
2900 1571 3058 1625 aruit.
3091 1570 3233 1627 Nam
3258 1576 3478 1647 depopu-

1940 1659 2005 1704 ιω
2024 1652 2193 1716 urbes,
2222 1670 2396 1708 eversa
2418 1664 2610 1722 castra,
2636 1668 2977 1715 concremata:
3001 1664 3250 1731 ecclesiw,
3277 1668 3476 1723 destru-

1882 1752 1966 1795 cta
2010 1752 2128 1797 sunt
2168 1748 2485 1801 monasteria
2527 1750 2751 1807 virorum
2779 1770 2840 1806 ac
2866 1755 3208 1825 feminarum,
3245 1758 3476 1816 desolata

1883 1834 1947 1885 ab
1968 1834 2259 1891 hominibus
2296 1840 2518 1908 praedia,
2542 1850 2692 1910 atque
2719 1841 2783 1895 ab
2823 1844 2963 1897 omni
2991 1845 3183 1899 cultore
3212 1846 3475 1918 destituta,

1879 1923 1934 1976 in
1961 1924 2240 1980 solitudine
2263 1938 2411 1982 uacat
2456 1938 2627 1995 terra;
2657 1932 2830 1985 nullus
2872 1933 3008 1987 hanc
3033 1950 3299 2004 possessor
3325 1938 3474 1991 inha-

1881 2010 2038 2079 bitat;
2086 2026 2461 2087 occupaverunt
2514 2018 2689 2074 bestia:
2730 2019 2844 2075 loca
2874 2038 2988 2093 qua:
3018 2025 3160 2093 prius
3204 2025 3473 2082 multitudo

1877 2103 2141 2159 hominum
2184 2107 2404 2163 tenebat.
2439 2107 2662 2165 Easdem
2707 2110 2886 2166 clades
2923 2113 3087 2168 dellet
3129 2114 3274 2170 hom.
3322 2117 3388 2171 I7
3420 2118 3471 2174 in

1877 2193 2186 2265 Evangelia,
2219 2207 2274 2252 et
2303 2199 2450 2253 alibi.
2482 2200 2600 2255 Non
2646 2201 2927 2257 dissimilia
2958 2215 3141 2260 narrat
3182 2206 3472 2277 Gregorius

1875 2286 2014 2341 alter
2059 2287 2260 2344 Turon.
2315 2292 2470 2346 testis
2509 2308 2724 2347 coaevus
2753 2294 2848 2349 lib.
2896 2311 2947 2349 iv
2996 2293 3134 2349 Hist.
3168 2313 3216 2352 c.
3251 2298 3347 2361 58,
3382 2300 3472 2356 ubi

1874 2380 2171 2448 prmsertim
2214 2382 2466 2437 observat
2511 2384 2772 2455 spoliatas
2823 2400 2854 2439 a
2901 2386 3149 2443 barbaris
3188 2389 3467 2457 ecclesias,

1874 2470 2083 2525 occisos
2127 2471 2475 2543 presbyteros
2523 2483 2579 2528 et
2621 2475 2937 2554 episcopos,
2984 2485 3043 2531 ut
3082 2492 3213 2531 sane
3242 2477 3470 2533 decebat

1872 2571 2088 2630 gentem
2142 2573 2236 2618 aut
2295 2564 2562 2621 idolorum
2616 2566 2784 2622 cultui
2844 2568 3020 2623 adhuc
3063 2569 3329 2625 addictam
3378 2580 3469 2627 aut

1873 2651 2194 2707 Arianorum
2234 2653 2603 2723 impietatibus
2650 2667 2983 2727 corruptam.
3016 2657 3323 2713 Victoribus
3356 2668 3469 2714 tota

1872 2745 2035 2800 cessit
2070 2742 2256 2813 Italia,
2303 2746 2349 2801 si
2379 2746 2640 2816 Romam,
2670 2747 3015 2815 Ravennam,
3049 2748 3380 2817 ﬁnitimaque
3404 2766 3469 2805 ac

1872 2835 2139 2889 maritima
2158 2836 2278 2891 loca
2294 2837 2551 2906 excipias.
2577 2837 2845 2892 Ravenna:
2868 2839 3135 2907 totiusque
3165 2839 3327 2892 Italiae
3345 2848 3469 2896 tunc

1872 2924 2158 2994 praefectus
2187 2933 2303 2979 erat
2333 2924 2607 2996 Longinus
2644 2926 2797 2981 Narsi
2842 2941 3125 2982 successor
3164 2927 3353 2995 datus,
3376 2930 3468 2998 qui

1870 3016 2076 3085 primus
2104 3016 2325 3071 exarchi
2357 3031 2559 3071 nomen
2584 3017 2897 3087 assumpsit.

1942 3102 2415 3177 Langobardorum
2455 3108 2692 3164 furorem
2722 3109 2933 3178 fugiens
2969 3107 3252 3176 Paulinus,
3299 3110 3467 3179 Aqui-

1794 3197 1841 3261 C
1870 3202 2086 3259 leiensis
2113 3202 2399 3272 episcopus
2428 3217 2525 3261 seu
2564 3202 2869 3273 patriarcha
2909 3202 3010 3275 (sic
3038 3203 3180 3258 enim
3223 3218 3342 3257 eum
3373 3220 3467 3273 ap-

1866 3293 2031 3363 pellat
2068 3291 2265 3348 Paulus
2303 3292 2575 3349 Diaconus
2625 3291 2765 3364 (Lib.
2795 3309 2864 3360 ιι,
2893 3310 2940 3348 c.
2974 3291 3041 3345 10
3078 3301 3129 3346 et
3158 3291 3279 3363 25),
3312 3291 3468 3361 quasi

1864 3400 2065 3439 novum
2106 3384 2250 3439 hunc
2276 3383 2486 3438 titulum
2516 3398 2614 3454 pro
2657 3384 2880 3453 praemio
2922 3382 3140 3438 conﬂati
3168 3398 3198 3436 a
3233 3398 3292 3438 se
3324 3383 3467 3438 schi-

1864 3477 2051 3532 smatis
2070 3475 2259 3532 fuisset
2277 3474 2649 3543 consecutus),
2678 3473 2914 3529 Gradum
2942 3474 3169 3529 insulam
3200 3481 3252 3528 et
3278 3474 3464 3528 urbem

1862 3568 2140 3639 Forojulii,
2167 3568 2410 3625 hostibus
2430 3609 2446 3636 ,
2477 3566 2623 3636 quod
2649 3566 2878 3621 navibus
2915 3571 3196 3627 carerent,
3226 3563 3465 3619 inacccs-

1863 3676 1978 3717 sam
2023 3677 2084 3717 se
2126 3661 2367 3729 recepit;
2410 3659 2501 3716 ubi
2548 3658 2765 3728 expleto
2812 3657 2882 3711 η
2925 3657 3272 3727 episcopatus
3317 3671 3461 3712 anno

1863 3760 2108 3807 mortuus
2135 3747 2427 3805 Probinum
2452 3748 2640 3803 habuit
2675 3760 3064 3802 successorem.

1935 3841 2227 3907 Alboinus,
2268 3839 2533 3895 scelerum
2577 3847 2633 3892 et
2671 3834 2958 3904 singularis
2984 3832 3336 3888 immanitatis
3357 3848 3465 3902 qua

1864 3946 2091 3989 uxorem
2121 3936 2373 3998 coegerat
2392 3926 2581 3983 cranio
2610 3925 2797 3994 patris,
2822 3938 2983 3992 quem
3012 3925 3125 3993 ipse
3169 3921 3466 3989 occiderat,

1863 4024 1942 4078 uti
1971 4037 2072 4093 pro
2092 4019 2291 4091 poculo
2308 4056 2326 4085 ,
2352 4031 2543 4088 poenas
2570 4014 2718 4070 dedit
2746 4014 2913 4085 ipsius
2934 4013 3118 4069 uxoris
3145 4013 3349 4067 artibus
3378 4012 3458 4066 in-

1864 4123 2188 4188 teremptus.
2214 4112 2387 4169 Clebo
2430 4121 2619 4182 postea
2642 4124 2802 4180 quem
2832 4108 2934 4165 sibi
2956 4120 3136 4176 regem
3164 4106 3465 4175 elegerant,

1863 4208 2059 4279 elapsis
2087 4206 2275 4262 decem
2303 4212 2359 4258 et
2387 4210 2512 4259 octo
2558 4200 2833 4256 mensibus
2872 4199 3035 4254 etiam
3077 4198 3287 4262 occiso,
3325 4195 3465 4250 Lan~

1862 4299 2084 4371 gobardi
2130 4313 2161 4352 a
2189 4296 2373 4352 multis
2411 4292 2571 4349 simul
2606 4291 2830 4347 ducibus
2857 4305 2955 4360 per
2981 4288 3302 4344 decennium
3349 4286 3465 4356 regis

1861 4391 2184 4447 maluerunt.

1933 4483 1986 4538 5.
2017 4481 2164 4536 Inter
2192 4486 2276 4535 tot
2320 4490 2595 4534 armorum
2632 4474 2889 4544 strepitus
2922 4478 2978 4527 et
3018 4468 3292 4542 bellorum.
3312 4466 3461 4523 cala-

157 4588 284 4629 tum
312 4556 498 4635 vocum
524 4556 648 4636 uti"
672 4594 729 4637 et
751 4556 973 4640 aliarum
1005 4556 1350 4655 plurimarum
1373 4585 1514 4656 apud
1534 4556 1758 4642 Paulum
1788 4578 1835 4639 D
1861 4576 2079 4631 ωἱῐδῑεε
2103 4571 2397 4642 Gregorius
2424 4566 2735 4640 aliquandi“
2766 4563 3017 4636 Ρηθιοτίε
3048 4561 3249 4656 p‘b‘mi
3278 4556 3459 4656 θξῃθίο

159 4667 459 4725 Diaconum
489 4673 686 4743 passim
728 4677 1123 4731 occurrentium
1150 4675 1382 4732 aﬁinitas
1411 4692 1533 4733 cum
1562 4676 1747 4734 Gothi-

158 4757 240 4812 cis
267 4772 332 4813 ac
366 4758 702 4818 Germanicis
729 4765 1033 4831 vocabulis,
1066 4764 1547 4835 Langobardorum
1586 4768 1753 4837 origi-

156 4866 285 4905 nem
314 4868 423 4908 non
446 4854 677 4910 obscure
705 4855 1057 4912 demonstrat.
1085 4858 1319 4913 Ducibus
1347 4860 1597 4929 primum,
1628 4858 1755 4914 dein

155 4941 379 5009 regibus
412 4955 727 5013 paruerunt.
770 4945 850 5001 Ab
898 4947 1263 5015 Agelmundo,
1290 4949 1380 5017 qui
1404 4949 1605 5018 primus
1633 4948 1753 5017 fuit,

156 5029 442 5088 duodecim
472 5046 850 5100 numerantur,
880 5053 1048 5104 usque
1078 5039 1144 5092 ad
1177 5038 1495 5105 Alboinum;
1520 5053 1628 5108 quo
1655 5039 1755 5093 im-

157 5132 385 5192 perante
438 5124 644 5180 Italiam
687 5142 716 5181 a
756 5129 923 5183 Narse
965 5130 1170 5185 invitati
1220 5132 1564 5197 invaserunt,
1611 5146 1755 5186 anno

156 5217 320 5287 293
343 5217 553 5272 scilicet
593 5218 732 5284 568,
766 5229 825 5275 ut
864 5238 930 5275 cx
966 5208 1173 5277 duabus
1219 5222 1464 5291 Gregorii
1513 5225 1755 5294 epistolis

157 5309 448 5377 colligitur.
510 5312 565 5366 In
623 5314 787 5383 priori
839 5315 980 5369 enim
1033 5316 1230 5382 scripta
1276 5315 1568 5370 indictione
1597 5316 1754 5369 tertia

156 5400 366 5457 decima
398 5419 489 5460 an.
522 5404 644 5472 595,
674 5421 794 5473 qum
823 5416 907 5462 est
937 5406 1054 5461 libri
1087 5423 1141 5471 ν,
1168 5406 1259 5471 2i,
1283 5407 1355 5459 ait
1381 5425 1394 5460 :
1426 5406 1622 5477 Viginti
1640 5411 1756 5477 jam

234 5551 261 5613 εξ
290 5542 362 5598 Ut
386 5555 511 5599 sunt
532 5542 740 5599 Wodan
762 5559 856 5598 seu
885 5543 1093 5610 Godan,
1125 5559 1244 5613 qua:
1265 5541 1531 5613 signiﬁcat
1550 5539 1715 5595 Deum
1736 5584 1751 5607 ,

160 5609 297 5693 reid
313 5654 330 5679 ,
367 5623 618 5693 patentes
647 5629 902 5693 campos;
935 5609 1101 5693 Lemn
1120 5609 1158 5680 ,’
1180 5609 1372 5693 aquam
1396 5630 1410 5677 ;
1444 5610 1637 5693 ﬁala,
1660 5626 1755 5693 pa-

161 5691 355 5751 teram,
372 5679 639 5753 Schilpor,
664 5679 1018 5752 armigerum;
1047 5679 1351 5754 Marpaltis,
1385 5681 1465 5738 vel
1492 5679 1753 5754 affluis,

160 5749 683 5819 equisonem.'unde
714 5749 852 5808 forte
878 5754 1079 5808 Gallica
1109 5749 1214 5807 vox
1252 5754 1301 5806 Μ
1311 5753 1520 5807 arécltal
1538 5768 1555 5817 ;
1582 5749 1749 5819 Fara,

169 5822 441 5879 ῐεωιὶιίειω.
460 5823 651 5880 Omnia
675 5826 786 5883 lere
813 5825 1073 5882 vocabula
1101 5824 1218 5881 haec
1239 5823 1559 5881 Germanica
1579 5829 1705 5881 sunt
1732 5837 1747 5877 :

1855 4667 2138 4726 defunctus
2158 4672 2271 4731 est;
2299 4677 2489 4720 verum
2517 4675 2625 4730 quo
2656 4666 2903 4728 tempore
2924 4653 3293 4721 magistratum
3316 4650 3461 4706 hunc

1857 4758 2165 4829 auspicatus
2191 4756 2261 4812 sit
2308 4762 2401 4809 aut
2429 4749 2769 4823 deposuerit,
2816 4762 2924 4802 non
2971 4744 3025 4798 in
3072 4748 3326 4813 promptu
3377 4748 3462 4794 est

1854 4859 2111 4908 statuere.
2143 4848 2264 4918 Ipse
2284 4854 2512 4902 testatur
2541 4840 2683 4916 (Lib.
2708 4857 2790 4907 iv,
2819 4855 2900 4910 ep.
2932 4835 3019 4906 2),
3044 4849 3135 4899 se,
3163 4832 3288 4887 dum
3321 4846 3459 4901 prte~

1858 4951 2024 4996 turam
2057 4938 2322 4995 Urbanam
2348 4942 2601 5005 gereret,
2628 4928 3015 4999 subscripsisse
3049 4938 3172 4979 cum
3209 4921 3329 4977 aliis
3358 4935 3459 4974 no-

1858 5032 2132 5090 bilissimis
2159 5032 2288 5087 viris
2316 5027 2543 5083 cautioni
2572 5040 2668 5082 seu
2697 5018 3071 5093 promissioni,
3116 5029 3278 5085 quam
3321 5012 3462 5069 Lau—

1861 5128 2067 5184 rentius
2104 5123 2519 5181 Mediolanensis
2582 5120 2870 5191 episcopus
2912 5114 2979 5170 de
3025 5112 3196 5167 tribus
3240 5108 3461 5165 famosis

1862 5218 2111 5289 capitulis
2136 5217 2207 5271 ad
2234 5216 2415 5271 sedem
2438 5212 2790 5283 apostolicam
2822 5206 3063 5261 miserat.
3090 5202 3148 5258 ld
3169 5200 3463 5269 contigisse

1862 5325 1949 5363 an.
1980 5307 2106 5374 58I,
2128 5321 2235 5376 quo
2261 5304 2577 5359 Laurentius
2605 5307 2821 5356 creatus
2849 5303 2931 5351 est
2955 5293 3240 5365 episcopus
3267 5290 3457 5345 ﬁdem-

1863 5413 1971 5471 que
1998 5411 2149 5452 suam
2177 5401 2509 5451 contestatus
2534 5399 2645 5454 est,
2690 5387 2885 5443 asserit
2920 5383 3184 5439 Batonius
3201 5422 3219 5451 ,
3247 5396 3314 5435 ex
3344 5378 3431 5435 Me

1858 5535 2198 5606 explicantur
2236 5533 2415 5606 autem
2441 5520 2539 5606 _ab
2576 5517 2816 5606 ῌῌυεθνιτηεδι
2847 5512 3039 5606 Erotio
3104 5508 3455 5606 RisumG‘o‘tli.

1855 5584 2836 5744 iterasset-rasit.
2849 5593 3090 5715 eae-ia
3108 5595 3302 5725 ea;

1856 5756 1912 5806 et
1949 5761 2065 5817 seq.
