3992 6300
526 253 624 310 25!

1012 252 1066 308 5.
1110 252 1446 309 GREGORII
1486 251 1696 307 MAGN-l
1741 249 1917 314 VlTA,
1962 251 2051 305 EX
2094 249 2257 305 EJUS
2296 247 2600 304 SCRIPTlS
2641 249 3033 305 ADOBNATA.
3073 250 3200 307 LIB.
3242 253 3283 307 Ι.
3688 260 3792 313 252.

521 369 914 425 diolanensium
961 368 1272 438 pontiﬁcum
1337 368 1626 436 indicibus,
1667 369 1757 436 qui
1819 367 2100 422 duodecim
2133 372 2177 428 Α
2207 381 2311 419 non
2334 366 2530 420 smculo
2556 364 2647 419 sed
2669 363 2880 420 Christo
2911 366 3200 433 militabat;
3233 368 3373 422 inter
3404 367 3523 425 illos
3554 385 3714 440 reges
3745 388 3801 431 ei

524 478 694 516 annos
715 457 1057 531 pontificatus
1084 459 1371 514 Laurentio
1399 459 1654 513 tribuunt.
1692 457 1936 526 Cumque
1962 458 2099 511 Lau-

524 552 682 606 rentii
730 551 969 616 obitum,
1018 548 1421 615 Constantiique
1468 547 1523 599 in
1567 546 1682 614 ejus
1724 546 1901 600 locum
1944 546 2099 600 electi

525 642 917 697 ordinationem
948 640 1138 693 factam
1166 638 1326 691 fuisse
1352 652 1438 689 an.
1469 633 1601 699 593,
1639 636 1974 706 exitloratum
2000 636 2098 688 ba-

525 732 745 786 beamus
766 746 833 784 ex
854 728 1091 798 epistolis
1116 727 1214 791 29,
1246 726 1315 779 50
1343 735 1398 781 et
1428 726 1486 779 ’51
1525 727 1642 780 libri
1675 726 1844 791 tertii,
1878 734 1934 779 ut
1962 725 2098 780 duo-

522 822 692 876 decim
724 836 892 875 annos
921 817 1259 890 pontifica'us
1286 818 1560 872 Laurentii
1584 833 1925 872 numeremus
1943 856 1958 881 ,
1985 816 2100 885 ejus

522 913 797 965 exordium
823 910 887 963 ad
912 926 998 963 an.
1033 908 1128 963 581
1163 909 1347 964 referri
1392 910 1585 975 debet;
1632 909 2098 976 consentiuntque,

520 1008 656 1054 teste
681 1000 987 1055 doctissimo
1031 1002 1328 1067 aunalista,
1384 1016 1571 1056 omnes
1610 1002 1700 1069 qui
1742 1016 1827 1055 res
1854 999 2101 1055 Ecclesia:

525 1090 933 1145 Mediolauensis
961 1092 1230 1162 prosecuti
1254 1099 1394 1156 sunt,
1419 1099 1474 1145 et
1499 1106 1562 1144 ex
1585 1091 1820 1160 ejusdem
1851 1090 2101 1146 Ecclesiae.

519 1182 878 1235 monumentis
906 1182 1277 1251 episcoporum
1301 1182 1493 1236 seriem
1518 1189 1820 1234 texuerunt.
1846 1179 2100 1235 Proinde-

518 1288 624 1341 que
650 1272 940 1342 Gregorius
988 1273 1222 1328 nondum
1253 1282 1381 1327 tunc
1401 1314 1415 1338 ,
1457 1273 1701 1327 abdicata
1730 1281 1957 1343 praetura
1980 1314 1994 1339 ,
2033 1272 2100 1327 ad

519 1364 829 1418 monasterii
861 1373 1072 1433 portum
1098 1364 1427 1433 confugerat.

590 1456 695 1509 Sed
719 1457 856 1510 bane
886 1456 1095 1510 Baronii
1136 1456 1652 1523 argumentationem
1701 1456 1894 1510 evertit
1940 1454 2099 1510 index

520 1546 1039 1614 archiepiscoporum
1064 1546 1534 1600 Mediolanensium
1552 1562 1619 1599 ex
1639 1547 1939 1601 veterrimis
1960 1547 2100 1600 illius

519 1634 765 1689 Ecclesia:
781 1635 971 1689 tabulis
995 1650 1025 1687 a
1040 1642 1226 1690 nostro
1242 1635 1546 1690 Mabillouio
1560 1636 1754 1700 editus,
1772 1652 1840 1690 ex
1859 1651 1965 1705 quo
1980 1646 2100 1705 post

519 1725 778 1779 Frontum
817 1739 912 1780 seu
948 1726 1272 1780 Frontonem
1300 1726 1619 1780 Laurentius
1646 1730 1916 1798 episcopus
1962 1729 2095 1782 sedit
2128 1758 2171 1816 Β

515 1832 679 1870 annos
701 1818 1063 1881 novemdecim,
1089 1834 1288 1872 menses
1305 1827 1530 1888 septem;
1554 1819 1774 1891 obiitque
1797 1822 2096 1876 duodecimo

519 1907 785 1962 Kalendas
815 1908 1128 1979 Septembris
1170 1910 1335 1981 (Mus;
1364 1911 1492 1967 Ital.
1543 1923 1663 1968 tom.
1700 1912 1752 1981 Ι,
1781 1932 1902 1984 pag.
1931 1914 2054 1985 Hi)
2082 1931 2097 1983 ;

515 2012 650 2066 quos
680 2014 881 2065 annos,
931 2000 1103 2068 inquit
1132 2000 1503 2068 Mabillonius,
1546 2004 1589 2057 si
1641 2018 1710 2057 ex
1755 2004 2100 2073 nonagesimo

518 2090 676 2145 tertio
703 2091 1049 2147 Constantius
1078 2094 1129 2147 ei
1175 2093 1430 2149 sull‘ectus
1454 2103 1564 2158 est,
1591 2097 1892 2151 detraxeris
1910 2138 1925 2162 ,
1958 2113 2101 2153 anno

519 2177 641 2244 574,
660 2178 928 2234 Laurentii
945 2182 1299 2250 creationem,
1314 2183 1555 2253 adeoque
1577 2185 1693 2253 ejus
1712 2187 2012 2240 cautionem
2036 2189 2101 2241 ad

518 2269 817 2324 Romanum
841 2270 1149 2340 pontificem
1178 2274 1425 2339 missam,
1473 2276 1557 2329 cui
1585 2274 1878 2344 Gregorius
1907 2284 2104 2344 pnetor

515 2360 851 2429 subscripsit,
883 2361 1133 2416 admittas
1166 2378 1387 2417 necesse
1415 2372 1515 2417 est.
1542 2363 1680 2418 Huic
1701 2366 1996 2430 sententia},
2029 2366 2103 2419 ait

515 2450 657 2504 idem
693 2449 1067 2517 Mabillonius,
1123 2453 1485 2523 subscripsere
1506 2454 1838 2509 Bollandiani
1888 2456 2019 2509 socii
2050 2457 2102 2511 in

513 2541 623 2594 vita
652 2540 709 2595 S.
740 2541 1017 2611 Gregorii;
1062 2544 1150 2597 ubi
1179 2554 1355 2597 tamen
1388 2544 1601 2599 incaute
1638 2554 1760 2613 post.
1789 2547 2098 2611 Baronium,

513 2630 829 2699 Gregorium
875 2636 1235 2705 prtefecturam
1263 2635 1490 2704 gessisse
1528 2636 1709 2691 dicunt
1730 2678 1744 2701 ,
1777 2638 2018 2707 quamvis
2050 2639 2100 2691 in

514 2725 763 2778 omnibus
808 2725 1083 2780 codicibus
1130 2742 1289 2779 manu
1318 2728 1552 2781 exaratis
1599 2728 1712 2783 sive
1740 2727 2101 2797 Epistolarum

512 2816 624 2869 sive
652 2816 784 2871 Vitae
806 2832 834 2870 a
862 2816 1066 2871 Joanne
1095 2817 1327 2873 Diacono
1358 2820 1706 2888 conscriptm,
1729 2819 1938 2887 legatur
1963 2836 2101 2890 pra:-

514 2917 613 2973 tor,
634 2917 689 2961 et
714 2918 960 2977 prwtura,
993 2924 1101 2963 non
1130 2911 1428 2979 prtefcctus,
1461 2920 1517 2964 et
1558 2913 1884 2981 prtefectura.

585 2996 632 3050 4.
654 2990 876 3052 Ριωιοι·
916 2997 1191 3062 Urbanus,
1224 3007 1283 3052 ut
1317 2999 1406 3067 jus
1435 3000 1488 3053 in
1520 2999 1663 3054 Urbe
1687 3000 1919 3067 diceret,
1950 3014 2102 3055 crea-

2202 458 2451 511 consules
2497 466 2650 511 terra:
2708 458 3058 526 proculdubio
3116 462 3509 528 numerandus,
3558 461 3693 532 qui,
3746 472 3804 513 ut

2203 547 2436 614 loquitur
2468 547 2597 613 Job,
2639 549 2903 617 wdiﬁcant
2938 549 3034 603 sibi
3075 552 3377 606 sofitudines
3419 553 3541 624 (Job
3577 565 3655 613 ιιι,
3698 545 3807 614 Li).

2202 634 2370 701 Quem
2401 637 2575 690 locum
2604 644 2878 706 exponens
2902 648 3086 693 noster
3102 638 3392 708 Gregorius
3407 644 3498 697 lib.
3525 661 3578 698 1v
3605 644 3805 699 Moral-

2203 743 2256 781 n.
2285 726 2353 778 58
2383 736 2437 780 et
2458 727 2547 791 59,
2579 729 2811 796 seipsum
2831 728 2956 782 dum
2976 739 3175 799 praetor
3194 732 3428 797 sederet,
3455 734 3806 789 adumbrasse

2201 819 2251 873 vi
2272 821 2409 873 letur
2438 838 2450 871 :
2486 819 2832 884 Solitudines,
2869 821 3069 889 inquit,
3127 826 3312 894 quippe
3348 828 3627 895 aediﬁcare,
3655 837 3737 878 est
3774 844 3808 879 ιι

2202 920 2391 963 secreto
2423 912 2590 964 cordis
2616 920 2934 965 terrenarum
2962 913 3330 968 desideriorum
3355 917 3597 971 tumultus
3620 918 3803 985 expel-

2202 1001 2324 1064 lere,
2348 1010 2396 1053 et
2418 1018 2521 1053 una
2568 1002 2846 1055 intentione
2876 1011 3085 1056 cateruae
3128 1006 3313 1073 patria:
3358 1008 3411 1059 in
3461 1024 3689 1061 antorem
3720 1010 3805 1059 in-

2203 1091 2340 1144 tima:
2359 1092 2539 1157 quietis
2562 1089 2825 1143 anhelare.
2849 1089 2985 1143 Bene
3005 1100 3173 1145 autem
3201 1093 3252 1145 lii
3273 1094 3471 1162 quiEsibi
3492 1096 3806 1149 solitudines

2202 1190 2528 1253 construunt,
2571 1183 2727 1234 etiam
2766 1182 2997 1237 consules
3037 1194 3285 1238 vocantur
3328 1202 3345 1238 :
3383 1188 3503 1256 quia
3544 1188 3618 1240 sic
3663 1190 3721 1240 in
3756 1204 3810 1239 se

2201 1272 2526 1325 solitudinem
2551 1273 2734 1326 mentis
2759 1273 3024 1342 aediﬁcant
3049 1311 3063 1335 ,
3102 1283 3156 1326 ut
3186 1286 3354 1328 tamen
3390 1276 3442 1328 in
3470 1292 3567 1347 quo
3597 1293 3803 1345 praeva—

2202 1365 2334 1430 lent,
2367 1365 2484 1417 aliis
2512 1381 2602 1433 per
2629 1365 2936 1418 charitatem
2980 1366 3246 1419 consulere
3282 1368 3493 1420 minime
3522 1368 3801 1422 desistant.

2201 1453 2267 1507 Et
2298 1454 2434 1508 libro
2478 1471 2622 1519 xxx,
2652 1470 2778 1508 num
2826 1453 2894 1507 52
2924 1472 2935 1507 :
2972 1454 3033 1509 Si
3062 1464 3358 1525 prematur,
3395 1456 3604 1526 inquit,
3638 1458 3809 1528 204

2200 1545 2387 1615 aliquis
2408 1545 2740 1615 popularibus
2767 1544 2947 1613 turbis,
2978 1555 3028 1599 et
3047 1556 3214 1600 tamen
3242 1548 3411 1602 nullos
3433 1566 3671 1603 curarum
3694 1566 3807 1604 sce—

2199 1635 2453 1689 cularium
2501 1636 2744 1689 tumultus
2766 1638 2821 1689 in
2843 1637 2996 1689 corde
3015 1639 3239 1705 patitur,
3291 1655 3395 1693 non
3424 1650 3502 1693 est
3534 1642 3587 1693 in
3632 1639 3805 1706 Urbe,

2199 1725 2292 1780 sed
2314 1726 2616 1780 solitudinis
2641 1728 2822 1795 quiete
2865 1726 3081 1781 fruitur.

2272 1814 2326 1867 5.
2358 1814 2434 1869 De
2459 1815 2550 1869 illo
2572 1831 2703 1870 sane
2734 1817 2803 1870 ita
2834 1816 3018 1871 scribit
3049 1815 3243 1871 Paulus
3276 1817 3545 1873 Diaconus
3575 1837 3587 1870 ς
3623 1819 3728 1872 llic
3750 1820 3809 1871 in

2200 1906 2351 1957 annis
2392 1904 2789 1973 adolescentiae,
2828 1907 2883 1959 in
2930 1906 3113 1975 quibus
3165 1907 3297 1961 solet
3339 1908 3634 1977 hujusmodi
3674 1918 3808 1962 tetas

2201 1997 2374 2049 steculi
2411 1998 2518 2049 vias
2539 1997 2740 2065 ingredi
2764 2038 2777 2060 ,
2809 1996 2918 2051 Deo
2942 2000 3089 2064 cwpit
3118 1998 3321 2052 devotus
3344 2000 3583 2062 existere,
3644 2008 3691 2052 et
3738 2000 3809 2051 ad

2200 2103 2437 2156 superate
2489 2088 2605 2140 vita:
2651 2087 2874 2159 patriam
2926 2088 3045 2140 totis
3083 2086 3353 2141 desideriis
3392 2089 3656 2142 anhelare.
3703 2089 3809 2140 Vix

2201 2177 2416 2245 quidem
2449 2193 2650 2230 annum
2696 2177 3008 2245 vigesimum
3040 2178 3323 2246 attigerat,
3356 2195 3476 2233 cum
3506 2178 3809 2247 frequenti-

2203 2269 2301 2322 bus
2332 2268 2781 2323 collocutiouibus
2806 2283 2835 2320 a
2862 2267 3021 2322 beato
3060 2266 3445 2333 Constantino,
3474 2268 3532 2322 S.
3566 2269 3806 2323 Benedi-

2203 2361 2275 2415 cti
2319 2360 2580 2429 discipulo
2616 2360 2839 2430 ejusque
2877 2360 2928 2412 in
2961 2361 3271 2414 monasterii
3314 2361 3621 2415 Casiuensis
3653 2361 3803 2426 regi-

2204 2451 2347 2523 mine
2387 2465 2737 2517 successore,
2783 2452 2874 2519 qui
2906 2465 3046 2503 a-no
3078 2450 3295 2506 circiter
3321 2450 3388 2502 60
3411 2490 3425 2515 ,
3467 2465 3629 2518 supra
3673 2448 3805 2513 500,

2204 2542 2403 2596 obiisse
2452 2541 2671 2609 legitur,
2716 2541 2829 2609 jam
2877 2542 3056 2595 omnia
3102 2557 3238 2610 pene
3264 2557 3382 2611 qum
3412 2548 3477 2594 de
3508 2542 3695 2596 eodem
3742 2539 3805 2593 ὃ.

2204 2624 2496 2687 Benedicto
2542 2633 2756 2701 scripsit
2799 2639 2915 2686 toto
2956 2630 3051 2685 lib.
3103 2648 3138 2686 ιι
3175 2632 3517 2700 Dialogorum
3560 2631 3809 2702 perfecte

2203 2724 2482 2793 ddicerat,
2512 2732 2571 2778 ut
2600 2725 2713 2794 ipse
2742 2722 3030 2791 Gregorius
3074 2732 3325 2778 testatum
3356 2725 3573 2792 reliquit
3601 2725 3655 2777 in
3682 2723 3801 2776 lau-

2202 2814 2314 2868 dati
2366 2814 2483 2868 libri
2533 2813 2738 2881 Dialog.
2792 2812 3141 2883 prmfatione;
3199 2813 3339 2869 unde
3386 2815 3653 2884 intelligas
3682 2828 3809 2882 quae

2202 2904 2404 2959 fuerint
2446 2904 2765 2960 nobilissimi
2795 2904 2955 2973 hujus
2994 2904 3207 2973 juvenis
3251 2906 3451 2961 studia.
3501 2906 3578 2960 De
3608 2907 3806 2961 eodem

2204 3005 2519 3063 argumento
2539 3038 2553 3060 ,
2587 2996 2795 3051 scilicet
2821 2996 2888 3050 de
2916 2996 2973 3050 S.
2998 2996 3273 3051 Benedicti
3306 2998 3443 3066 vita,
3490 2997 3809 3067 frequenter

510 3095 597 3141 tus
623 3096 726 3142 est.
758 3088 925 3143 Penes
947 3104 1068 3143 eum
1090 3099 1207 3143 erat
1236 3090 1409 3145 omnis
1432 3091 1626 3161 publici
1650 3091 1947 3161 privatique
1965 3092 2101 3159 juris
2129 3127 2174 3188 Β
2205 3088 2364 3141 etiam
2392 3087 2626 3155 colloqui
2672 3087 2883 3141 solebat
2926 3103 3046 3142 cum
3083 3088 3489 3155 Valentiniano,
3524 3092 3617 3159 qui
3648 3093 3807 3146 annis

511 3185 782 3246 potestas;
814 3178 947 3231 adeo
976 3186 1032 3231 ut
1060 3194 1254 3233 novum
1280 3179 1365 3247 jus
1396 3180 1647 3246 condere,
1680 3188 1734 3234 et
1762 3189 1915 3235 vetus
1942 3181 2100 3233 abro-

512 3282 639 3337 gare
666 3278 864 3338 posset.
916 3269 985 3325 Ut
1020 3272 1367 3340 auctoritate,
1423 3274 1500 3327 sic
1537 3273 1808 3341 dignitatis
1842 3282 2100 3343 apparatu

512 3370 567 3415 et
615 3361 886 3428 insigniis,
918 3361 1228 3416 consulibus
1258 3377 1397 3431 pene
1428 3378 1524 3433 par
1553 3363 1847 3418 videbatur.
1892 3363 2100 3419 Primus
2134 3356 2137 3357 ν

512 3451 604 3518 qui
660 3458 949 3519 praeturam
990 3452 1286 3508 obtinuisse
1337 3454 1389 3507 in
1432 3452 1574 3509 Urbe
1615 3464 1971 3520 memoratur,
2005 3454 2102 3509 fuit

512 3540 702 3597 Furius
730 3543 1008 3611 Camillus,
1030 3544 1394 3600 Romanorum
1415 3562 1523 3601 sua:
1549 3548 1722 3602 aetatis
1752 3547 2097 3616 clarissimus,

512 3634 602 3701 qui
632 3634 904 3690 multoties
933 3636 1157 3705 patriam
1188 3653 1337 3692 suam
1368 3638 1423 3692 in
1453 3639 1759 3694 libertatem
1788 3640 2095 3695 vindicavit.

511 3722 652 3789 Quid
683 3724 735 3777 in
761 3724 861 3780 hac
890 3726 1213 3796 amplissima
1243 3728 1501 3797 dignitate
1535 3730 1759 3799 gesserit
1788 3729 2097 3801 Gregorius,

510 3813 745 3881 ignorari
768 3830 799 3868 a
826 3816 983 3870 nobis
1014 3818 1208 3897 voluit;
1242 3818 1525 3887 conjicitur
1566 3828 1746 3875 tamen
1776 3836 1844 3876 ex
1888 3837 2098 3876 morum

509 3907 776 3976 probitate
794 3949 807 3974 ,
828 3908 961 3977 juris
985 3911 1194 3979 peritia,
1214 3911 1397 3981 judicii
1417 3915 1743 3981 maturitate,
1763 3917 2095 3983 strenuitate,

510 3998 560 4049 vi
594 3997 859 4053 indefessa
891 4000 943 4053 in
1000 4000 1272 4057 laboribus
1301 4012 1355 4057 et
1378 4006 1639 4074 negotiis,
1670 4007 1900 4076 denique
1924 4023 1990 4062 ex
2021 4016 2101 4062 tot

510 4088 779 4155 tantisque
821 4089 983 4146 animi
1014 4090 1228 4146 dotibus
1257 4093 1449 4161 quibus
1472 4096 1640 4165 magis
1664 4111 1822 4165 quam
1851 4113 2099 4167 purpurae

508 4181 792 4248 splendore
834 4182 1215 4253 przefulgebat',
1272 4200 1393 4239 eum
1435 4186 1621 4255 optimi
1647 4189 1892 4256 prmtoris
1920 4197 2098 4259 partes

508 4285 696 4325 omnes
721 4271 915 4325 obiisse
954 4289 966 4322 :
999 4273 1138 4327 unde
1192 4274 1472 4342 singularis
1516 4276 1605 4330 ille
1657 4292 1809 4333 amor
1852 4294 1960 4347 quo
1990 4278 2097 4333 Ro-

509 4362 653 4413 mani
682 4362 826 4415 cives
848 4361 1019 4430 ipsum
1051 4365 1320 4432 prosecuti
1355 4375 1511 4432 sunt,
1551 4369 1748 4436 quique
1776 4371 2012 4426 maxime
2041 4372 2093 4427 in

2204 3177 2385 3231 multis
2414 3177 2743 3232 monasterio
2770 3176 3119 3233 Lateraneusi
3147 3180 3390 3248 prmfuit;
3420 3197 3541 3235 cum
3582 3181 3805 3251 Simpli-

2203 3269 2306 3334 cio,
2336 3270 2429 3337 qui
2466 3268 2524 3324 S.
2558 3268 2832 3323 Benedicti
2863 3272 3334 3338 congregationem
3365 3282 3489 3341 post
3517 3290 3640 3327 eum
3686 3284 3805 3328 ter-

2208 3362 2314 3415 tius
2344 3362 2484 3415 rexit
2505 3378 2520 3425 ;
2540 3370 2730 3418 etcum
2756 3362 3055 3427 Honorato,
3079 3366 3171 3435 qui
3193 3365 3501 3420 Sublacensi
3526 3377 3807 3422 turmasze-

2203 3452 2283 3506 rio
2314 3461 2566 3521 praeerat;
2594 3453 2813 3524 jamque
2840 3462 2965 3511 tunc
3006 3457 3074 3511 ad
3098 3458 3345 3514 arctioris
3375 3467 3431 3515 et
3461 3462 3807 3529 perfectioris

2205 3545 2325 3598 vita:
2356 3547 2690 3614 propositum
2741 3547 2964 3603 accendi
2994 3549 3291 3606 videbatur.

2280 3634 2346 3687 At
2370 3643 2689 3705 conceptum
2729 3637 2854 3691 vita:
2877 3639 3188 3694 monastica:
3216 3640 3538 3697 desiderium
3578 3643 3808 3713 implere

2201 3726 2291 3781 diu
2316 3726 2544 3796 distulit,
2567 3728 2752 3783 utilem
2771 3744 2829 3784 se
2858 3730 2967 3785 suis
2982 3732 3292 3787 coucivibus
3313 3733 3648 3801 existimans,
3683 3751 3805 3789 me-

2200 3817 2408 3888 liusque
2439 3829 2629 3890 putans
2655 3822 2895 3877 saeculari
2936 3823 3124 3879 habitu
3152 3828 3397 3895 contegi,
3424 3830 3521 3883 sub
3548 3844 3659 3897 quo
3680 3845 3805 3899 spe-

2200 3906 2442 3963 cietenus
2497 3917 2702 3964 tantum
2751 3912 2949 3967 saeculo
2997 3914 3227 3969 militare
3269 3916 3371 3970 sibi
3414 3919 3803 3987 persuadebat,

2199 4010 2357 4064 quam
2381 3998 2703 4055 exteriorem
2731 4002 2931 4056 cultum
2961 4012 3189 4059 mutare.
3241 4003 3437 4062 Postea
3468 4017 3652 4065 tamen
3677 4011 3803 4081 pius

2198 4095 2417 4158 praeter,
2439 4105 2558 4145 cum
2588 4092 2805 4148 intimos
2826 4094 2990 4149 animi
3015 4110 3204 4152 sensus
3230 4101 3515 4169 explorare
3537 4106 3802 4159 scrutari-

2199 4191 2304 4244 que
2339 4192 2481 4248 srepe
2504 4181 2892 4249 eonsuevisset,
2925 4184 3303 4240 animadvertit
3330 4189 3561 4253 tandem,
3588 4193 3800 4250 ccelcsti

2196 4266 2397 4323 lumine
2418 4269 2736 4337 illustratus,
2763 4273 2948 4328 inolita
2974 4289 3032 4330 se
3051 4276 3175 4331 vitae
3201 4280 3471 4335 smcularis
3500 4293 3799 4337 consuetu-

2200 4358 2326 4415 dine
2355 4359 2675 4425 devinctum'
2694 4367 2983 4438 mundique
3003 4370 3572 4441 blanditiisirretitum,
3596 4381 3648 4433 in
3668 4382 3799 4450 ipsis

508 4452 625 4519 ejus
650 4452 715 4505 ad
746 4453 1110 4522 pontificatum
1154 4456 1419 4512 electione
1470 4459 1678 4514 enituit.
1709 4461 1895 4530 Itaque
1952 4463 2093 4518 haud
2127 4501 2174 4559 Β
2201 4453 2562 4524 relinquendis
2590 4473 2770 4513 moras
2799 4470 3043 4526 ηθοιθτθν
3093 4478 3271 4533 neque
3300 4481 3529 4536 οοΐρονθ
3559 4478 3797 4537 tantum,

506 4543 666 4598 dubie
694 4560 790 4599 suo
820 4553 929 4598 tum
960 4547 1205 4617 exemplo
1245 4548 1425 4603 docuit
1453 4550 1594 4619 quod
1640 4560 1827 4621 postea
1879 4555 2091 4624 scripsit

506 4634 572 4688 ad
596 4634 861 4689 Justiuum
887 4636 1080 4691 Sicilire
1108 4648 1393 4709 prtetorem
1415 4657 1432 4694 :
1452 4639 1617 4696 Nulla
1635 4659 1720 4697 vos
1750 4644 1893 4698 lucra
1920 4651 1987 4698 ad
2007 4647 2089 4699 in-

503 4728 758 4801 iustitiam
785 4729 1104 4796 pertrahunt,
1136 4731 1327 4785 nullius
1347 4733 1425 4787 vel
1454 4734 1627 4795 minae,
1657 4735 1734 4788 vel
1753 4736 1994 4791 anticitia:
2022 4736 2086 4790 ab

505 4820 687 4871 itinere
706 4820 1025 4873 rectitudinis
1047 4822 1337 4889 deﬂectunt.
1368 4821 1533 4886 Quam
1556 4826 1621 4878 sit
1642 4827 1744 4878 vita
1766 4825 1925 4881 breuis
1946 4829 2086 4898 aspi-

504 4908 622 4971 cite,
652 4909 719 4961 ad
744 4926 887 4980 quem
917 4911 1217 4982 quandoque
1240 4913 1362 4966 ituri
1387 4916 1506 4967 estis
1529 4913 1794 4983 Iudicem,
1837 4919 1923 4988 qui
1939 4920 2083 4988 judi-

504 5002 719 5055 ciarium
748 5012 1047 5071 potestatem
1077 5007 1270 5074 geritis,
1294 5009 1530 5077 cogitate.
1584 5008 1813 5064 Solerter
1839 5029 1958 5083 ergo
2009 5015 2090 5066 in-

506 5093 749 5147 tuendum
787 5104 889 5161 est,
936 5098 1072 5167 quod
1119 5109 1302 5153 cuncta
1332 5100 1474 5154 lucra
1503 5101 1585 5154 Iu'c
1630 5103 1992 5174 relinquimus,
2041 5116 2089 5160 et

503 5184 644 5239 solas
701 5185 1142 5255 dispendiosorum
1194 5190 1451 5244 lucrorum
1501 5208 1684 5246 causas
1732 5196 1991 5248 nobiscum
2021 5197 2088 5248 ad

502 5276 749 5349 judicium
770 5276 1113 5347 deportamus.
1149 5279 1363 5352 (Regisl.
1410 5283 1445 5335 ι.
1471 5299 1508 5349 ι,
1538 5300 1619 5353 ep.
1652 5284 1731 5353 2.)

577 5364 646 5421 Ut
676 5370 1049 5424 consuetudini
1072 5379 1126 5424 et
1154 5370 1398 5439 dignitati
1424 5388 1629 5428 morem
1654 5386 1863 5442 gereret
1880 5374 2082 5444 Grego-

504 5455 635 5521 rius,
660 5459 824 5512 serico
847 5468 1105 5513 contectus
1130 5475 1190 5513 ac
1222 5462 1433 5530 gemmis
1455 5464 1757 5517 micantibus
1779 5467 1959 5520 solitus
1977 5476 2085 5520 erat

507 5561 597 5613 per
628 5542 814 5598 Urbem
841 5546 1114 5614 procedere
1137 5548 1416 5615 trabeatus,
1441 5552 1613 5621 inquit
1640 5556 1777 5608 alter
1799 5554 2088 5623 Gregorius

509 5633 737 5703 anou.,
768 5651 797 5690 a
826 5652 932 5705 quo
963 5636 1077 5691 hare
1106 5636 1220 5707 ipsa
1262 5641 1425 5695 verba
1476 5652 1746 5699 mutuatus
1775 5654 1856 5699 est
1894 5644 2087 5701 Paulus

511 5724 775 5782 Diaconus
804 5725 985 5798 (Num.
1015 5723 1095 5794 2).
1126 5723 1323 5785 Verum
1358 5730 1456 5788 sub
1485 5735 1828 5792 smeularibus
1858 5739 2083 5807 pompis,

2198 4555 2257 4601 ut
2282 4547 2415 4603 falso
2457 4559 2769 4619 putaverat,
2791 4554 2884 4608 sed
2907 4555 3026 4624 ipso
3074 4558 3267 4613 mentis
3296 4558 3490 4614 aﬂectu
3521 4561 3571 4615 in
3596 4565 3797 4618 smeulo

2192 4640 2429 4694 retineri.
2456 4640 2660 4696 Cuncta
2707 4642 2885 4709 itaque
2914 4645 3143 4700 sollicite
3170 4645 3378 4717 fugiens
3421 4659 3637 4719 portum
3675 4668 3795 4705 mo-

2195 4732 2410 4786 nasterii
2444 4734 2624 4801 petiit,
2648 4742 2704 4788 ot
2746 4734 2947 4790 relictis
2989 4752 3108 4807 qua:
3138 4741 3321 4793 mundi
3349 4750 3499 4807 sunt,
3533 4758 3596 4797 ex
3634 4744 3795 4812 bujus

2193 4823 2315 4876 vitae
2346 4824 2619 4893 naulragio
2651 4825 2821 4880 nudus
2842 4827 3042 4893 evasit,
3077 4838 3133 4882 ut
3176 4830 3286 4899 ipse
3313 4831 3498 4886 scribit
3527 4835 3594 4888 ad
3619 4834 3794 4890 Lean-

2192 4913 2343 4966 drum
2388 4914 2439 4966 iu
2473 4914 2703 4983 epistola
2732 4931 2891 4984 quam
2932 4916 3081 4972 libris
3118 4917 3399 4973 Moralium
3440 4924 3791 4989 praemisimus

2193 5005 2371 5057 statim
2390 5006 2457 5059 ab
2470 5006 2710 5060 exordio.

2264 5092 2316 5149 6.
2366 5095 2669 5164 Antequam
2715 5103 2895 5151 autem
2928 5098 3127 5152 saeculo
3174 5101 3415 5155 nuntium
3461 5103 3789 5171 remitteret,

2194 5184 2260 5239 In
2280 5186 2428 5240 rebus
2457 5187 2681 5257 propriis
2703 5202 2794 5239 sea:
2817 5188 2869 5239 in
2893 5186 3078 5241 Sicilia
3106 5194 3417 5246 monasteria
3440 5200 3789 5266 congregavit,

2193 5286 2251 5332 ut
2300 5277 2538 5346 loquitur
2588 5278 2799 5332 illorum
2849 5287 3149 5346 temporum
3197 5283 3430 5351 scriptor
3493 5285 3794 5353 Gregorius

2190 5370 2390 5423 Turou.
2448 5368 2587 5434 (Lib.
2641 5386 2671 5422 x
2696 5410 2711 5436 ,
2744 5386 2789 5422 c.
2829 5369 2908 5441 1),
2953 5373 3223 5441 septimum
3251 5376 3391 5445 infra
3429 5378 3570 5430 urbis
3604 5377 3795 5433 Roma:

2191 5479 2362 5515 muros
2400 5461 2659 5526 instituit,
2708 5461 2888 5532 quibus
2912 5471 3105 5516 tantam
3149 5465 3391 5536 delegaus
3413 5477 3668 5522 terrarum
3697 5488 3791 5525 co-

2188 5557 2355 5624 piam,
2381 5564 2571 5625 quanta
2611 5557 2680 5609 ad
2708 5558 2891 5610 victum
2930 5559 3284 5627 quotidianum
3313 5562 3643 5630 prwbendum
3672 5566 3791 5634 suf-

2190 5650 2380 5717 ﬁceret,
2414 5648 2608 5718 reliqua
2630 5648 2874 5716 vendidit,
2903 5666 3017 5702 cum
3044 5653 3183 5705 omni
3227 5654 3471 5721 pra’sidio
3501 5670 3562 5707 ac
3584 5662 3784 5724 paupe-

2190 5741 2326 5794 ribus
2354 5751 2597 5812 erogavit.
