3992 6300
125 365 130 369 ν
221 283 336 339 253

721 287 780 341 δ.
823 286 1148 340 0815601111
1177 287 1393 342 MAGNI
1438 289 1623 354 Vl'l‘A,
1668 291 1754 342 rx
1801 292 1964 345 FJUS
2001 294 2308 352 SCRIPTIS
2345 244 2738 363 ADORNATA.
2776 308 2909 366 LIB.
2949 310 2992 370 1.

3397 329 3502 383 255

293 400 564 512 observet
613 403 709 512 hic.
766 402 948 512 olbiter.
977 402 1246 512 studiosus
1298 405 1468 460 lector
1487 447 1503 474 ,
1540 405 1824 460 consilum
1854 407 1904 463 Α
1932 408 2207 465 biennium
2237 412 2500 483 integrum
2529 431 2918 480 commoratum
2960 441 3079 484 esse
3103 439 3309 490 censet.
3337 440 3508 512 llnjus

219 495 464 550 munil‘ci
495 511 559 551 ac
583 497 653 566 pii
683 494 979 549 fundatoris
1005 511 1112 550 non
1145 497 1307 552 fuisse
1338 507 1395 551 ut
1420 499 1669 553 monachi
1702 515 1817 566 pro-

218 587 342 655 prio
371 585 557 658 labore
575 586 676 642 sibi
700 596 724 623 ι
743 589 937 640 victum
966 603 1208 657 quaerere
1235 597 1577 654 cogerentur.
1604 587 1669 641 Et
1690 604 1820 644 sane

220 678 276 731 in
327 679 576 732 onmibus
605 678 844 747 epismlis
873 678 926 731 in
955 679 1148 747 quibus
1182 679 1250 734 de
1289 680 1632 734 monasteriis
1661 681 1816 735 Insti-

220 769 434 824 tuendis
461 773 596 837 agit,
629 769 693 824 iis
746 769 1005 837 assignari
1037 770 1151 823 vult
1171 769 1502 826 sufﬁcientes
1523 772 1722 826 reditus
1749 771 1816 826 ad

217 859 344 914 vita:
374 859 692 914 necessaria.
711 858 820 912 Sex
846 858 937 912 illa
960 858 1156 913 Sicilire
1182 861 1505 915 monasteria
1536 869 1817 915 enumerat

219 958 345 1020 post
399 949 639 1004 Rochum
688 947 897 1002 Pirrum
955 948 1294 1004 Mabillonins
1357 950 1549 1004 Annal.
1609 951 1809 1005 Bened.

216 1038 312 1094 lib.
354 1055 441 1105 γι,
489 1055 611 1111 pag.
659 1039 794 1104 164,
823 1053 870 1094 et
922 1039 991 1094 de
1021 1039 1210 1095 iisdem
1241 1041 1490 1110 deinceps
1510 1055 1653 1110 saepe
1681 1042 1811 1111 agit.

215 1128 361 1199 Opes
381 1131 450 1184 ad
478 1130 594 1186 haec
620 1131 928 1185 aediﬁcanda
971 1139 1025 1184 et
1051 1130 1436 1202 stillieientibus
1469 1131 1682 1200 prwdiis
1710 1133 1810 1186 du-

215 1223 381 1276 tanda
412 1224 773 1287 nece-sarias,
814 1222 1146 1292 liberamque
1195 1222 1259 1277 iis
1289 1221 1470 1276 utendi
1503 1222 1808 1277 facultatem

215 1325 542 1370 consecutus
609 1315 776 1369 fuerat
837 1314 1128 1384 Gregorius
1185 1326 1465 1384 parentum
1512 1315 1695 1378 obitu,
1763 1316 1808 1370 si

213 1406 385 1462 Paulo
431 1409 672 1465 Diaeono
704 1408 832 1464 fides
861 1408 949 1462 sit.
999 1405 1198 1462 Contra
1241 1421 1370 1461 vero
1417 1405 1651 1460 Joannes
1680 1405 1804 1459 Dia-

210 1514 387 1555 conus
408 1501 598 1556 scribit
621 1501 770 1572 (Lib.
800 1517 847 1564 ι,
879 1517 934 1554 η.
973 1497 1041 1567 9)
1071 1498 1289 1553 Silviam
1313 1497 1429 1566 ejus
1456 1506 1680 1550 matrem
1707 1497 1805 1567 ipsi

210 1593 488 1649 monacho
513 1594 778 1662 legumina
814 1589 1160 1654 ministrasse.
1190 1587 1362 1642 Locus
1392 1600 1522 1655 ergo
1552 1585 1702 1642 Pauli
1740 1588 1805 1645 de

207 1682 330 1738 solo
357 1683 633 1738 Gordiano
661 1691 812 1752 patre
853 1679 1063 1734 videtur
1091 1676 1450 1748 accipiendus.

1921 511 2102 598 autem
2150 506 2419 573 opinionis
2467 510 2868 570 fundamentum
2913 528 3097 588 nutat,
3155 524 3264 579 imo
3295 506 3513 598 penitus

1919 593 2222 662 subruitur,
2254 609 2377 666 post
2405 601 2699 659 vindicatos
2731 605 3014 665 Laurentio
3036 593 3380 682 pontiﬁcatus
3406 638 3506 675 no-

1921 684 2216 740 vemdecim
2250 704 2440 744 annus.
2470 691 2653 762 Neque
2683 698 2954 755 enim‘alia
2981 703 3192 759 ratione
3219 709 3299 760 vir
3336 706 3506 761 histo-

1917 775 2012 828 rite
2042 777 2421 836 ecclesiasticae
2447 786 2801 851 peritissimus
2822 791 2960 847 adeo
2999 797 3260 850 contrain
3294 806 3503 868 tempus

1916 882 2025 958 quo
2053 868 2110 923 S.
2144 870 2432 940 Gregorius
2464 876 2517 931 in
2562 883 2893 939 monasterio
2942 887 3106 954 vixit,
3152 904 3312 956 quam
3355 888 3504 958 quod

1913 954 2187 1013 Laurentii
2216 960 2268 1015 in
2296 962 2535 1020 Ecclesia
2571 968 2955 1029 Mediolanensi
2979 954 3340 1046 episcopatum
3367 954 3508 1038 duo-

1912 1046 2085 1102 decim
2114 1058 2322 1105 tantum
2353 1069 2617 1111 annorum
2641 1060 2802 1115 fuisse
2823 1064 3146 1132 crediderit,
3196 1084 3256 1122 ac
3285 1071 3508 1129 inchoa-

1912 1147 2025 1193 tutn
2049 1155 2138 1194 an.
2165 1139 2286 1208 581,
2318 1159 2424 1211 quo
2455 1147 2705 1201 emissam
2749 1151 2816 1204 ab
2844 1151 2961 1219 ipso
2984 1155 3285 1210 cautionem
3309 1173 3338 1211 a
3365 1159 3505 1218 Gre-

1911 1233 2062 1299 gor'o
2092 1231 2266 1287 adlme
2295 1240 2526 1303 praetore
2570 1238 2927 1308 subscriptam
2967 1245 3178 1298 asserit.

1983 1320 2204 1378 Etiamsi
2243 1325 2440 1379 veteris
2477 1329 2810 1382 monumenti
2849 1344 2880 1382 a
2929 1329 3241 1388 Mabillonio
3299 1338 3500 1394 laudati

1909 1413 1975 1468 de
2003 1423 2246 1484 tempore
2290 1417 2633 1487 episcopatus
2671 1417 2976 1488 Laurentii,
3017 1423 3160 1476 nulla
3211 1425 3501 1483 haberetur

1909 1511 2076 1573 ratLo,
2117 1521 2266 1563 certe
2299 1509 2402 1576 ipsi
2450 1508 2713 1578 Gregorio
2745 1512 3072 1567 credendum
3122 1524 3204 1568 est
3251 1518 3412 1571 toties
3441 1519 3495 1572 in

1909 1601 2239 1656 monasterio
2260 1601 2458 1656 vixisse
2479 1601 2567 1656 diu
2597 1617 2656 1657 se
2680 1606 2894 1658 testanti
2915 1645 2930 1666 ,
2957 1615 3015 1660 ut
3040 1606 3134 1661 lib.
3167 1622 3228 1673 v,
3257 1622 3344 1678 ep.
3376 1607 3446 1660 48
3480 1625 3494 1661 :

1913 1684 2272 1741 Marinianum
2307 1705 2455 1760 quem
2493 1688 2581 1742 diu
2625 1707 2822 1744 mecum
2851 1692 3075 1747 didicere
3097 1695 3150 1747 in
3183 1696 3494 1750 monasterio

278 1772 583 1842 Septimum
615 1771 772 1851 quod
828 1771 882 1825 in
931 1771 1059 1840 ipsis
1101 1771 1305 1826 :rdibus
1352 1771 1617 1840 parternis
1670 1787 1802 1828 con-
1834 1754 1878 1813 Β
1905 1787 2291 1842 conuersatam;
2317 1754 2376 1834 et
2403 1779 2497 1832 lib.
2525 1795 2583 1834 tu
2613 1780 2817 1851 Dialog.
2850 1796 2900 1836 c.
2926 1783 3015 1848 35,
3039 1783 3106 1837 de
3134 1783 3443 1841 Eleutherio
3477 1803 3492 1838 :

209 1864 406 1917 struxit
435 1849 839 1928 monasterium,
869 1861 1082 1916 celebre
1107 1861 1205 1916 fuit
1233 1861 1540 1917 cmnobinm
1565 1862 1590 1900 δ
1616 1862 1674 1917 S.
1698 1863 1804 1918 An-

209 1957 354 2010 drca:
383 1956 448 2008 ad
478 1953 683 2009 (Ilivum
711 1953 928 2023 Scauri,
959 1955 1010 2008 in
1043 1969 1152 2024 quo
1181 1954 1296 2024 ipse
1323 1955 1488 2010 vitam
1519 1958 1801 2026 amplexus

209 2051 677 2114 csunonasticam,
705 2048 1046 2114 Eucherium,
1071 2047 1373 2117 Paulinum,
1395 2049 1797 2118 Gassiodorum,

210 2143 454 2210 aliusque
501 2140 760 2210 plurimos
789 2122 1026 2210 patricia:
1071 2154 1137 2194 ac
1183 2142 1467 2194 senatoriae
1507 2141 1800 2197 nobilitatis

210 2232 359 2286 viros
385 2229 681 2284 :emulatus.
709 2227 824 2284 lloc
846 2227 1189 2295 aseeterium,
1219 2236 1503 2297 postquam
1536 2245 1565 2282 a
1612 2245 1800 2284 mona-

208 2325 328 2379 chis
373 2322 733 2378 Benedictinis
787 2321 875 2377 diu
924 2330 1242 2390 occupatum
1290 2321 1511 2387 fuisset,
1577 2321 1800 2379 Joannis

213 2416 433 2470 Diaconi
478 2425 721 2484 tempore
752 2415 950 2470 Graecis
979 2415 1253 2469 monachis
1279 2424 1546 2479 cesserat,
1576 2415 1797 2470 forsitan

207 2508 472 2578 Stephani
513 2506 577 2560 llI
607 2507 898 2574 beneﬁcio,
927 2506 1016 2576 qui
1039 2507 1200 2561 etiam
1222 2504 1421 2562 Graecis
1444 2505 1626 2560 tribuit
1655 2505 1800 2559 aliud

210 2600 598 2656 monasterium
650 2615 680 2654 a
748 2614 808 2655 se
853 2608 1249 2663 conSIructum,
1318 2607 1374 2654 et
1433 2598 1491 2654 S.
1547 2599 1800 2670 Dionysio

207 2691 548 2760 Areotiagita:
593 2691 860 2756 dicatum;
899 2698 956 2743 at
994 2688 1394 2744 Benedictinam
1437 2689 1676 2756 regulam
1716 2705 1801 2744 se-

206 2781 499 2849 quentibus
553 2780 766 2834 tandem
824 2777 1130 2834 restitutum
1185 2787 1268 2833 est
1316 2795 1344 2832 a
1393 2777 1655 2846 Gregorio
1688 2777 1802 2833 Xlll

206 2874 351 2928 istud
399 2872 458 2928 S.
491 2871 716 2928 Andreae
765 2871 1161 2936 sanctuarium,
1202 2882 1255 2925 et
1300 2871 1803 2927 Camaldulensibus

206 2965 414 3021 datum.
448 2965 521 3020 De
549 2961 811 3032 Gregorio
841 2977 936 3016 sua
981 2961 1092 3017 Deo
1140 2972 1492 3017 consecrante
1538 2969 1623 3016 sat
1667 2961 1805 3017 dixi-

205 3071 356 3121 mus;
385 3055 635 3110 eumdem
669 3053 902 3122 seipsnm
926 3060 1094 3106 totam
1133 3038 1460 3107 'oll‘ereatem
1515 3052 1638 3106 vitae
1683 3068 1804 3109 mo-

205 3150 429 3204 nastica:
498 3144 830 3217 professione
895 3143 1191 3200 videamus.
1248 3142 1375 3215 (Cf.
1430 3143 1586 3198 Joan.
1642 3143 1796 3200 Diae.

203 3245 243 3302 ι.
267 3262 342 3314 Vt,
373 3263 426 3298 tt.
451 3241 567 3310 8‘2.)

280 3339 335 3393 7.
379 3319 731 3403 lncongr’uum
776 3331 1007 3400 cuipiam
1063 3329 1290 3385 fortasse
1340 3329 1606 3384 videbitur
1650 3329 1799 3399 pium

201 3430 382 3486 virum
411 3427 464 3481 in
494 3427 606 3494 ipsa
639 3423 811 3492 patria
833 3461 848 3487 ,
879 3422 932 3475 ia
963 3421 1075 3490 ipsa
1107 3420 1237 3474 urbe
1267 3435 1386 3489 qum
1415 3419 1530 3489 ejus
1559 3419 1800 3490 imperiis

202 3528 491 3590 paruerat,
543 3529 816 3571 secessum
858 3511 960 3567 sibi
1014 3511 1461 3580 tranquillamque
1509 3511 1799 3566 stationem

202 3611 502 3681 qnmsiisse.
533 3609 601 3661 At
644 3621 777 3661 vero
806 3605 982 3659 nullus
1012 3614 1126 3659 erat
1156 3603 1206 3657 in
1255 3614 1287 3658 ιι
1315 3612 1366 3658 ta
1406 3603 1553 3658 Italia
1590 3603 1740 3659 locus
1766 3619 1799 3659 a

201 3704 558 3759 barbarorum
589 3698 752 3753 armis
775 3707 830 3752 et
850 3695 1243 3751 incursionibus
1267 3695 1448 3761 tutior,
1481 3709 1546 3750 ac
1572 3693 1800 3764 proinde

202 3793 370 3864 quieti
401 3791 579 3861 aptior
626 3789 758 3844 urbe
803 3787 1004 3852 Roma,
1033 3785 1496 3855 ptopugnantihus
1525 3800 1643 3838 eam
1673 3800 1800 3839 san-

203 3884 312 3941 clis
345 3880 638 3953 apostolis,
678 3889 736 3933 ut
774 3892 918 3948 εωῃο
947 3878 1059 3933 suis
1107 3878 1160 3931 in
1188 3875 1429 3945 epistolis
1454 3875 1650 3930 asserit
1676 3890 1801 3930 san-

202 3975 476 4032 ctissimus
515 3973 694 4040 Pater,
717 3981 770 4027 et
802 3968 1272 4041 Langobardorum
1314 3967 1574 4037 impetum
1616 3976 1800 4022 retun-

202 4067 476 4123 dentibus.

279 4161 348 4215 L't
377 4174 510 4215 vero
537 4168 796 4228 quantum
820 4155 1003 4211 licebit
1031 4153 1369 4223 assignemus
1396 4168 1505 4222 quo
1534 4162 1799 4224 tempore,

197 4265 383 4322 quave
421 4260 587 4304 astate
633 4248 923 4317 Gregorius
968 4245 1292 4301 monachum
1332 4244 1590 4312 induerit,
1641 4247 1694 4301 id
1725 4246 1803 4301 fa-

195 4355 353 4400 ctum
380 4342 776 4399 suboiloramur
800 4340 962 4411 paulo
998 4347 1121 4409 post
1143 4337 1498 4408 subsciiptam
1531 4337 1803 4394 Laurentii

196 4433 514 4490 cautionem
536 4432 606 4487 de
635 4446 739 4500 qua
769 4445 925 4499 supra
951 4443 1100 4483 nuni.
1131 4427 1194 4494 5,
1220 4426 1325 4483 hoc
1353 4436 1466 4487 est,
1498 4443 1641 4482 anno
1677 4426 1801 4494 575,

194 4538 328 4577 cum
355 4519 786 4589 quadragenario
814 4517 1050 4587 quinque
1079 4516 1232 4572 annis
1260 4524 1404 4572 esset
1431 4518 1628 4571 minor.
1661 4515 1805 4572 Sane

196 4613 430 4684 plurima
462 4627 585 4681 qnze
614 4611 683 4666 de
712 4625 771 4664 se
800 4610 852 4664 in
878 4609 1208 4665 monasterio
1230 4609 1458 4678 degente
1479 4619 1678 4676 narrat,
1713 4618 1806 4665 aut

195 4717 326 4774 quae
355 4701 575 4756 aliunde
607 4700 778 4770 ipsum
808 4701 1038 4771 gess’sse
1067 4700 1346 4763 novimus,
1397 4699 1532 4754 infra
1569 4715 1599 4754 a
1646 4702 1804 4756 nobis

194 4795 392 4850 ordine
431 4793 745 4860 referenda,
777 4807 874 4847 nos
902 4791 1124 4846 minime
1171 4791 1351 4846 sinunt
1380 4791 1434 4845 in
1481 4793 1802 4847 sententiam

195 4885 421 4940 Baronii
452 4883 786 4940 descendere
809 4922 824 4948 ,
856 4883 947 4952 qui
977 4881 1067 4936 vix
1095 4897 1218 4938 eum
1245 4882 1299 4936 in
1348 4885 1680 4939 monasterio
1711 4901 1794 4952 per

272 5029 305 5059 ³
343 5023 441 5079 Ubi
467 5023 813 5078 monasteriis
841 5037 946 5077 non
977 5030 1128 5076 erant
1175 5020 1504 5076 sufﬁcienter
1532 5025 1802 5091 assignato

195 5095 437 5166 pnedia,
461 5109 582 5164 qua:
599 5093 886 5166 tnonacbis
927 5092 1231 5166 sufﬁcerent
1261 5091 1328 5146 ad
1370 5092 1567 5166 victum
1621 5104 1674 5146 et
1711 5112 1802 5150 vc-

193 5163 418 5230 stitum,
451 5163 568 5220 hanc
597 5163 853 5220 Ecclesia:
881 5163 1177 5231 sumptibus
1204 5163 1709 5231 suppeditabantur,
1743 5177 1801 5221 ut

193 5238 506 5301 colligimus
549 5251 614 5288 ex
655 5235 840 5290 Severi
889 5232 1108 5302 Sulpicii
1146 5233 1368 5300 Dialogo
1392 5247 1445 5286 nt
1476 5232 1542 5286 de
1575 5233 1630 5287 S.
1661 5235 1793 5289 Mar-

195 5309 314 5362 titto
349 5324 363 5358 :
400 5305 513 5360 Sed
560 5307 862 5374 priusquam
908 5303 1106 5370 pondus
1144 5302 1275 5374 illud
1315 5305 1570 5371 (centum
1612 5305 1795 5369 viginti

197 5377 501 5444 librarum)
534 5375 834 5444 monasterii
863 5373 1014 5425 limen
1055 5373 1363 5444 attingeret,
1393 5374 1701 5444 redimendis
1743 5375 1797 5428 id

195 5447 417 5514 baptivis
449 5441 696 5498 continuo
727 5443 985 5511 deputavit
1025 5441 1103 5512 (S.
1155 5441 1458 5509 Martinus).
1495 5441 1562 5495 Et
1591 5461 1706 5496 cum
1747 5447 1795 5504 ei

203 5524 569 5586 mggereretttr
609 5531 641 5566 α
680 5514 956 5583 fratribus,
998 5514 1194 5586 aliquid
1218 5529 1402 5586 θεας-ρο
1447 5515 1501 5566 in
1541 5525 1795 5584 sumptum

201 5583 512 5639 monasterii
539 5599 908 5638 τεθῆναι-θη...
942 5598 1054 5646 nos,
1085 5583 1268 5650 inquit,
1315 5583 1572 5637 ECCLESIA
1601 5583 1668 5637 ET
1706 5603 1798 5640 ra-

202 5673 334 5709 SliAT
366 5671 436 5708 ET
475 5669 737 5719 VESTIAT;
773 5669 1026 5709 υωιλιουο
1054 5669 1194 5707 511111.
1226 5669 1398 5709 USIBUS
1426 5669 1681 5717 QU.-E."ISSE
1717 5673 1794 5709 Vl-

202 5741 442 5780 ιειωυκ.

1904 1865 2008 1920 Diu
2036 1885 2230 1928 mecum
2267 1880 2345 1924 est
2385 1873 2438 1925 in
2476 1872 2573 1926 hac
2603 1874 2726 1928 urbe
2743 1875 2795 1928 in
2820 1891 2933 1930 meo
2953 1880 3260 1934 monasterio
3287 1896 3496 1937 conver-

1899 1967 2065 2015 satus.

1977 2052 2276 2108 Doctiss‘mi
2305 2056 2581 2112 annaliStae
2609 2059 2956 2130 ehronologia
2991 2063 3206 2120 aliunde
3237 2075 3496 2122 evertitur

1901 2156 1932 2194 a
1980 2141 2008 2195 J
2033 2158 2182 2196 vanae
2229 2145 2500 2215 Diaeono,
2561 2148 2670 2203 imo
2711 2151 2778 2204 ab
2829 2152 2945 2220 ipso
2992 2152 3272 2223 Gregorio.
3335 2159 3492 2229 205

1901 2233 2152 2304 Dialogos
2192 2237 2258 2290 ab
2288 2254 2354 2294 eo
2398 2242 2629 2310 scriptos
2659 2241 2824 2298 fuisse
2852 2261 2938 2297 ao.
2968 2244 3071 2300 595
3108 2257 3200 2301 aut
3231 2247 3333 2302 591
3363 2265 3488 2318 pro-

1900 2327 2142 2384 bavimus
2172 2329 2224 2382 in
2256 2329 2567 2397 prtefatione
2607 2332 2735 2400 ipsis
2766 2333 2982 2403 praeﬁxa
3013 2352 3158 2395 num.
3198 2337 3292 2402 18;
3325 2339 3377 2391 in
3421 2340 3487 2393 iis

1901 2435 2030 2474 vero
2057 2419 2287 2487 Dialogis
2315 2435 2435 2490 cap.
2459 2421 2525 2474 47
2557 2422 2672 2477 libri
2693 2439 2774 2485 tv,
2808 2440 3032 2480 narrans
3056 2426 3264 2482 felicem
3289 2429 3489 2482 exitum

1900 2509 2252 2578 quorumdam
2303 2513 2686 2567 monachormn
2729 2529 2865 2582 quos
2893 2515 2946 2568 in
2994 2519 3323 2572 monastvrio
3362 2533 3492 2571 eon-

1901 2602 2137 2657 victores
2184 2602 2474 2670 habuerat,
2507 2613 2566 2658 ut
2611 2619 2862 2675 expresse
2900 2607 3061 2662 docet
3105 2608 3338 2663 Joannes
3367 2609 3491 2662 Dia-

1903 2705 2073 2746 conus
2096 2689 2235 2759 (Lib.
2265 2708 2312 2755 ι,
2355 2709 2408 2745 η.
2439 2692 2562 2762 19),
2593 2709 2692 2749 nec
2717 2696 2944 2750 ObSClll'e
2973 2697 3241 2765 colligitur
3270 2713 3334 2750 ex
3359 2697 3494 2751 Gre-

1903 2780 2039 2848 gorii
2067 2781 2263 2849 verbis,
2287 2782 2473 2836 Meruli
2500 2793 2727 2839 mortem
2750 2795 2875 2839 ante
2897 2802 3065 2842 annos
3087 2790 3491 2857 quatuordecim

1904 2871 2192 2940 contigisse
2217 2874 2436 2938 asserit;
2464 2888 2593 2943 ergo
2619 2875 2703 2928 vel
2733 2890 2820 2928 an.
2853 2875 2958 2928 579
2996 2884 3088 2930 aut
3117 2876 3218 2930 580
3244 2919 3260 2944 ,
3308 2880 3492 2948 proin—

1905 2962 2078 3034 deque
2109 2964 2399 3032 Gregorius
2439 2981 2529 3021 an.
2566 2964 2695 3033 531,
2748 2967 2933 3022 Romae
2981 2977 3180 3038 praeter
3217 2986 3322 3024 non
3355 2980 3491 3025 erat.

1907 3054 2001 3109 His
2044 3055 2341 3110 rationibus
2385 3058 2686 3124 trutinatis,
2718 3059 3173 3116 eminentissimus
3211 3063 3495 3120 cardinalis

1906 3143 2148 3199 Norisius
2193 3143 2410 3200 Baronii
2441 3147 2844 3218 chronologiam
2875 3149 3074 3204 deserit
3121 3152 3173 3204 in
3237 3153 3494 3209 disserta-

1904 3238 2052 3292 tioue
2081 3236 2332 3291 historica
2353 3238 2420 3292 de
2445 3237 2663 3306 Synodo
2689 3255 2722 3290 ν
2749 3282 2764 3307 ,
2794 3239 2820 3312 §
2851 3239 2917 3306 5,
2965 3249 3020 3295 et
3066 3250 3307 3297 nostram
3357 3259 3492 3298 con-

1902 3328 2080 3383 firmat
2104 3329 2447 3383 sententiam.
2484 3326 2660 3397 thue
2694 3331 2886 3399 probet
2932 3330 2990 3385 S.
3039 3331 3354 3402 Gregorium
3401 3335 3492 3391 diu

1902 3428 2167 3475 moratum
2243 3420 2295 3473 in
2363 3420 2732 3489 monasterio,
2804 3421 3020 3475 adducit
3095 3425 3239 3478 hunc
3315 3425 3489 3480 locum

1901 3512 2106 3581 Dialog.
2140 3512 2230 3566 lib.
2264 3528 2341 3576 Ill,
2371 3526 2420 3566 e.
2447 3510 2536 3579 3'5,
2564 3511 2654 3566 ubi
2682 3511 2749 3566 de
2777 3509 3083 3568 Eleutherio
3103 3514 3296 3570 abbate
3325 3515 3487 3572 dicit:

1903 3605 2005 3659 Diu
2049 3619 2246 3657 mecum
2277 3612 2352 3657 est
2382 3604 2439 3656 in
2482 3600 2630 3666 urbe,
2671 3603 2727 3655 in
2771 3618 2880 3656 meo
2917 3607 3226 3659 monasterio
3272 3623 3487 3661 conver-

1901 3708 2064 3753 δαῑυε.

1971 3789 2201 3844 8.1dem
2256 3786 2707 3842 eminentissimus
2758 3784 3039 3840 Annalium
3085 3787 3316 3856 scriptor
3343 3787 3493 3841 colli-

1901 3883 1978 3950 git
2003 3881 2106 3951 (Ad
2133 3897 2220 3933 an.
2248 3876 2385 3945 581,
2429 3894 2570 3930 num.
2604 3875 2659 3944 8)
2701 3890 2769 3928 ex
2813 3875 2906 3929 lib.
2955 3892 3004 3930 tv
3052 3876 3256 3947 Dialog.
3304 3891 3353 3930 c.
3398 3876 3490 3944 21,

1902 3972 1960 4028 S.
1992 3971 2308 4040 Gregorium
2337 3969 2585 4023 habuisse
2608 3967 2659 4020 in
2685 3968 2788 4020 vita
2813 3969 3104 4022 monastica
3133 3969 3491 4023 institutorem

1903 4063 2206 4117 Va'entium
2243 4076 2336 4115 seu
2387 4059 2759 4112 Valentionem
2797 4058 3075 4126 abbatem,
3111 4059 3197 4113 cui
3235 4061 3494 4115 successit

1901 4154 2289 4213 Maximianus,
2336 4149 2659 4202 Maximiano
2689 4146 2994 4214 Pretiosus;
3049 4157 3174 4219 post
3227 4164 3386 4218 quem
3430 4151 3491 4204 S.

1903 4244 2132 4299 Andreae
2159 4239 2488 4296 monasterio
2510 4239 2719 4308 prmfuit
2761 4239 2983 4293 Probus.
3013 4239 3199 4310 Itaque
3240 4256 3306 4294 ex
3337 4242 3494 4297 abba-

1907 4353 2017 4396 tum
2061 4337 2292 4394 ctenobii
2347 4335 2507 4404 hujus
2544 4333 2789 4402 catalogo
2836 4335 3093 4402 expungit
3139 4333 3491 4398 llilarionent,

1908 4447 2066 4503 quem
2119 4429 2354 4483 Joannes
2393 4427 2659 4479 Diaconos
2715 4425 2941 4491 primum
2992 4423 3234 4493 Gregorii
3280 4435 3492 4497 patrem

1909 4524 2294 4585 ductoremque
2335 4517 2385 4570 in
2413 4515 2723 4569 monasticis
2751 4515 3009 4568 institutis
3057 4516 3250 4582 tradit;
3284 4517 3382 4572 nisi
3422 4517 3495 4571 di-

1906 4628 2088 4668 camus
2104 4609 2429 4664 Hilarionem
2457 4605 2618 4660 alium
2639 4622 2746 4660 non
2778 4621 2898 4661 esse
2919 4623 2950 4661 a
2979 4605 3319 4672 Valentione,
3345 4608 3496 4676 cujus

1907 4705 2109 4759 mentio
2155 4701 2215 4754 ﬁt
2244 4701 2295 4754 in
2336 4697 2662 4768 prazlaudato
2713 4698 2831 4751 libri
2860 4713 2912 4751 tv
2955 4697 3300 4767 Dialogorum
3351 4699 3490 4753 loco.

1908 4794 2109 4852 Asserit
2135 4799 2312 4846 autem
2369 4787 2631 4842 Baronius
2673 4785 2987 4856 Gregorium
3033 4789 3132 4840 sub
3173 4785 3494 4842 Maximiano

1908 4888 2100 4944 abbate
2130 4896 2237 4935 non
2267 4879 2553 4943 militasse,
2585 4877 2729 4944 quod
2753 4876 2842 4930 diu
2873 4891 2978 4930 non
3008 4877 3076 4931 sit
3122 4877 3413 4944 permissus
3441 4877 3493 4932 in

1979 5025 2007 5064 ι»
2039 5020 2337 5078 Verisimile
2384 5027 2467 5074 est
2492 5019 2633 5074 aliud
2672 5018 2834 5072 fuisse
2884 5017 3068 5071 Romae
3107 5019 3488 5073 monasterium

1909 5096 1966 5150 S.
2006 5092 2264 5157 Andreae,
2294 5097 2346 5143 et
2395 5089 2450 5143 S.
2484 5088 2694 5154 Lucim;
2739 5089 2868 5150 alii,
2900 5089 3090 5141 melius
3129 5087 3383 5154 forsitan,
3427 5089 3489 5144 S.

1909 5165 2081 5218 Lucas.
2114 5161 2410 5228 Singularis
2438 5167 2556 5213 erat
2589 5175 2749 5213 causa
2775 5157 2868 5212 SS.
2904 5157 3170 5228 Andream
3212 5165 3266 5212 et
3296 5157 3492 5212 Lucani

1904 5237 1958 5289 in
1990 5233 2179 5289 eodem
2208 5227 2364 5285 simul
2396 5231 2543 5284 cultu
2585 5227 2973 5296 conjungendi;
3007 5227 3254 5281 nimirum
3301 5231 3490 5282 cedent

1904 5305 1991 5358 die
2020 5304 2223 5358 scilicet
2245 5300 2278 5352 9
2309 5301 2450 5364 Maii,
2483 5316 2667 5356 eorum
2696 5298 2933 5366 reliquim
2964 5298 3232 5352 translata:
3263 5297 3491 5354 fuerant.

1906 5375 2038 5428 Vide
2096 5372 2476 5440 Hieronymum
2517 5369 2582 5424 de
2623 5368 2992 5440 Scriptoribus
3029 5366 3197 5440 Eccl,
3233 5368 3286 5420 in
3328 5367 3491 5440 Luca.

1905 5443 2073 5510 Hujus
2103 5436 2412 5495 tnonasiedi
2443 5440 2606 5493 abbas
2630 5436 2850 5510 luitille
2874 5436 3080 5510 Probus
3109 5437 3202 5506 qui
3229 5438 3490 5510 condendi

1905 5507 2213 5568 testamenti
2268 5511 2584 5578 facultatem;
2626 5509 2964 5576 impetravit;
3016 5523 3176 5578 quam
3235 5507 3371 5578 vide
3424 5511 3490 5564 ad

1904 5585 2108 5640 calcem
2142 5580 2520 5651 Epistolarum.
2548 5576 2781 5651 Consule
2808 5576 3047 5636 Annales
3068 5577 3270 5635 Bened.
3294 5577 3389 5634 lib.
3411 5594 3492 5648 ut,

1905 5671 2054 5709 num.
2083 5647 2259 5720 26,'et
2287 5650 2376 5705 lib.
2408 5666 2462 5718 χ,
2494 5664 2639 5703 nmn.
2669 5647 2721 5703 6.
