3992 6304
496 289 604 346 255

988 290 1047 347 8.
1087 287 1413 346 GREGOMI
1456 285 1667 342 MAGNI
1711 285 1891 352 Vl'l‘A,
1939 286 2027 341 EX
2068 284 2232 340 EJl'S
2270 283 2575 342 SCRIPTIS
2620 284 3012 342 ADURNATA.
3054 285 3181 341 LlB.
3226 286 3265 341 l.

3671 289 3782 349 258

493 402 823 462 monasterio
848 401 1070 471 degere,
1121 411 1310 457 contra
1345 398 1684 454 manifestum
1714 398 1935 453 Joannis
1960 398 2075 451 Dia-
2112 399 2153 457 Α
2192 394 2443 465 Projectis
2487 412 2616 467 quas
2659 405 2840 466 sponte
2870 406 3223 468 assumpserat
3256 398 3515 471 religiosis
3553 404 3783 461 vestibus

493 497 617 552 coni
647 492 786 566 (Lib.
810 509 848 559 ι,
878 510 931 546 η.
973 493 1029 561 6)
1062 493 1425 547 testimonium
1455 492 1539 544 cui
1589 490 1723 544 intra
1764 489 2076 558 suffragabi-

494 604 633 642 mur.
684 584 795 640 Nec
842 584 1283 638 dissimulantium
1337 582 1704 638 doctissimum
1759 581 2076 650 scriptorem

491 679 666 733 adhuc
710 675 996 743 falli,cum
1044 673 1341 728 Prctiosum
1379 673 1625 727 abbatem
1666 672 1831 728 fuise
1873 672 1931 728 8.
1966 674 2076 728 An-

490 770 635 823 dreae
673 767 863 822 asserit
913 780 981 820 ex
1019 764 1107 818 lib.
1143 780 1195 819 iv
1236 765 1441 833 Dialog.
1476 781 1526 819 c.
1556 762 1656 832 55,
1689 766 1778 819 ubi
1807 764 2078 822 Prctiosus

492 873 598 911 non
627 859 792 913 abbas
829 855 923 910 sed
970 856 1285 924 praepositus
1314 856 1531 910 dicitur.
1570 856 1756 925 Neque
1794 858 1956 912 etiam
1996 858 2077 913 leo

492 948 665 1015 gimus
692 962 810 1017 cap.
838 945 901 998 21
929 946 1167 1014 ejusdem
1195 946 1338 1013 libri,
1360 946 1661 1001 Valcntium
1692 948 1854 1003 fuisse
1875 948 2079 1017 Grego-

490 1038 555 1093 rii
589 1039 640 1090 in
668 1037 779 1090 vlta
810 1037 1106 1091 monastica
1134 1037 1526 1103 institutorem,
1552 1052 1671 1091 cum
1694 1038 1768 1092 de
1794 1053 1859 1093 eo
1882 1038 1939 1093 S.
1973 1039 2077 1095 Do-

491 1135 611 1183 ctor
631 1133 839 1180 tantum
864 1127 1007 1182 dicat
1040 1144 1053 1181 τ
1092 1126 1361 1181 Valentius
1381 1129 1465 1200 qui
1485 1139 1599 1199 post
1626 1131 1679 1183 in
1706 1130 1803 1183 hac
1844 1131 2077 1186 Romana

489 1217 631 1282 urbe,
664 1218 809 1283 mihi,
831 1218 963 1272 sicut
985 1218 1143 1285 nosti,
1163 1234 1274 1272 meo
1295 1236 1489 1287 quoque
1515 1220 1725 1290 praefuit
1745 1222 2074 1277 monasterio.

492 1306 649 1373 Quod
669 1314 881 1377 spectat
901 1307 967 1361 ad
990 1305 1222 1362 Probum
1239 1307 1377 1362 inter
1398 1309 1516 1362 illos
1537 1308 1594 1364 8.
1618 1311 1844 1365 Andreas
1857 1313 2076 1367 abbates

490 1414 521 1452 a
549 1397 782 1453 Baronio
810 1407 1311 1467 commemoratum,
1342 1399 1627 1455 verisimile
1657 1410 1740 1455 est
1767 1402 1855 1455 alii
1886 1401 1943 1456 8.
1976 1404 2079 1457 An-

488 1488 634 1544 dreae
671 1470 937 1543 asceterio
968 1488 1140 1557 ipsum
1186 1487 1487 1557 praefuisse,
1516 1498 1572 1543 ut
1615 1489 1727 1559 jam
1772 1494 2076 1550 monuimus

488 1591 649 1647 supra
683 1578 735 1631 in
765 1587 890 1632 nota
921 1577 987 1631 ad
1018 1592 1169 1632 num.
1201 1577 1255 1631 6.

544 1669 744 1746 itaque
786 1670 863 1724 sic
890 1670 1101 1724 restitui
1145 1669 1306 1725 debet
1333 1672 1583 1726 abbatum
1611 1672 1670 1728 8.
1722 1675 1947 1732 Andreas
1990 1694 2077 1735 se-

2179 486 2490 541 indumentis
2512 504 2565 541 se
2593 489 2739 542 laicis
2760 489 3062 559 deturpavit.
3094 488 3210 543 Lib.
3238 506 3311 555 ix,
3337 506 3425 562 ep.
3460 493 3594 560 114,
3625 495 3783 551 habi-

2179 584 2293 630 tum
2322 578 2689 631 monachicum
2718 592 2930 633 sacram
2960 586 3164 633 vestem
3195 581 3449 649 appellat.
3472 582 3618 638 Ideni
3648 602 3777 641 υωιιο

2181 663 2356 721 ﬁcitur
2380 682 2445 720 ex
2476 667 2620 720 hom.
2649 666 2715 720 10
2744 668 2796 723 in
2826 666 3162 723 Ezechielem
3193 686 3341 725 nutu.
3368 671 3422 726 8.
3457 671 3613 728 Missa
3640 674 3785 730 facio

2178 758 2567 827 quamplurima
2600 759 2703 811 alia
2734 759 3079 826 testimonia,“
3098 760 3149 814 in
3180 761 3372 830 quibus
3394 766 3790 821 coacervandis

2180 847 2375 901 frustra
2404 856 2614 917 tempus
2660 857 2910 903 tererem.

2256 936 2322 991 Ut
2349 937 2605 1003 singulari
2634 946 2803 1001 veste,
2837 939 2908 992 ita
2931 945 3092 993 etiam
3118 946 3337 996 tonsura
3360 942 3593 1012 insignes
3624 955 3787 1000 crant

2178 1030 2461 1096 monachi;
2511 1030 2653 1099 quod
2693 1030 2752 1086 8.
2802 1031 3122 1087 Benedictus
3162 1034 3307 1089 clare
3352 1035 3515 1090 docet
3564 1037 3787 1106 Regula:

2178 1136 2228 1177 c.
2263 1121 2323 1187 1,
2353 1121 2420 1175 de
2468 1121 2981 1191 pseudomonacbis,
3028 1123 3211 1179 dicens
3242 1143 3255 1177 :
3290 1124 3506 1180 Mentiri
3546 1127 3655 1182 Deo
3688 1146 3787 1200 per

2181 1223 2446 1266 tonsuram
2484 1222 2785 1267 noscuntur.
2838 1213 2892 1267 ld
2933 1216 3097 1269 etiam
3150 1215 3353 1286 liquido
3385 1227 3599 1273 constat
3626 1236 3689 1275 ex
3718 1220 3782 1276 S.

2177 1298 2437 1369 Gregorio
2473 1303 2566 1356 lib.
2598 1318 2683 1371 χι,
2713 1318 2802 1373 ep.
2831 1302 2899 1359 50
2919 1347 2934 1373 ,
2980 1307 3069 1360 ubi
3101 1306 3272 1361 virum
3300 1306 3607 1377 Agathosae,
3662 1329 3785 1367 mo-

2179 1392 2409 1444 nachum
2439 1392 2552 1463 ipsa
2582 1393 2853 1450 renitente
2876 1394 3103 1461 factum,
3133 1397 3284 1453 reddi
3308 1399 3490 1468 jubet,
3547 1401 3780 1458 Etiamsi

2167 1482 2282 1553 jam
2312 1493 2608 1540 tonsuratus
2628 1496 2704 1541 est
2718 1504 2738 1553 ;
2761 1487 2867 1542 hoc
2894 1496 2999 1557 est,
3022 1489 3233 1547 etiamsi
3260 1501 3384 1561 post
3403 1495 3786 1562 probationem

2172 1572 2516 1640 jamwestem
2542 1578 2866 1644 mutaverit,
2901 1587 2956 1634 et
2984 1587 3259 1636 tonsuram
3303 1587 3658 1639 monasticam
3686 1603 3783 1643 ac-

2175 1664 2398 1733 ceperit.
2424 1664 2567 1734 Lege
2594 1682 2811 1736 quoque
2839 1668 2960 1723 libri
2990 1686 3025 1725 χ
3072 1686 3159 1741 ep.
3190 1672 3280 1739 24,
3312 1682 3588 1729 tonsuram
3616 1678 3783 1735 etiam

488 1759 593 1814 ries
621 1777 635 1812 :
668 1759 928 1824 Hilarion,
954 1758 1249 1828 Valentius,
1266 1760 1620 1820 Maximianus
1651 1767 1669 1837 (
1699 1768 1790 1837 qui
1812 1776 1923 1823 tum
1953 1786 2075 1825 cum
2113 1777 2153 1835 Β
2180 1766 2298 1807 esse
2355 1755 2738 1811 monad‘owm
2777 1760 3200 1828 θωηοδίίπυων
3246 1778 3354 1818 ¹¹⁰⁰
3402 1768 3782 1833 θτθωίιπωηο

486 1849 774 1919 Gregorius
814 1850 1019 1918 legatus
1060 1859 1272 1907 creatus
1307 1862 1391 1906 est
1429 1852 1703 1911 Andriano
1743 1860 2073 1917 monasterio

486 1938 779 2013 praeerat),
825 1940 1052 2009 ipsemet
1091 1939 1382 2013 Gregorius
1414 1944 1545 2013 (qui
1571 1959 1637 2000 ex
1682 1962 1777 2002 sua
1807 1948 2075 2019 legatione

485 2044 732 2086 reversus
779 2032 1166 2086 monasterium
1210 2050 1365 2088 suum
1414 2036 1586 2102 rexit,
1636 2046 1694 2093 ut
1738 2038 1875 2094 infra
1925 2041 2074 2096 vide-

485 2119 693 2190 bitnuS)
714 2160 731 2187 ,
762 2121 997 2190 denique
1029 2120 1221 2178 Petrus
1244 2166 1258 2190 ,
1288 2139 1397 2193 quo
1444 2126 1677 2197 sedente,
1702 2139 1919 2185 sanctus
1966 2132 2064 2187 Do-

485 2222 607 2271 ctor
644 2230 771 2271 suos
822 2216 1036 2285 scripsit
1079 2216 1347 2287 Dialogos.
1406 2219 1605 2276 Verum
1656 2222 1722 2277 ad
1773 2226 2073 2292 graviorem

487 2305 645 2361 nobis
686 2319 719 2359 a
759 2304 990 2361 Baronio
1014 2316 1245 2374 motam,
1290 2308 1357 2364 de
1382 2313 1677 2368 monastico
1706 2313 1845 2382 quod
1869 2314 2076 2387 Grego-

487 2394 602 2451 rius
628 2403 867 2451 sectatus
890 2404 973 2452 est
1002 2397 1268 2465 instituto,
1299 2399 1447 2456 litem
1479 2401 1831 2460 dirimendam
1848 2403 1960 2475 jam
1983 2423 2075 2462 ve-

490 2496 718 2541 ntamus.

1099 2578 1331 2637 CAPUT
1366 2582 1455 2639 lIl.

494 2664 997 2735 Amanum._—_l.
1019 2669 1070 2718 8.
1092 2670 1319 2735 Gregorii
1344 2660 1656 2727 nionachatus
1692 2679 2076 2733 indubitatus.—

560 2732 608 2804 _2.
641 2729 857 2780 Monacbi
881 2731 1018 2804 ὀιξεη
1054 2729 1256 2804 utnuuc
1296 2743 1447 2804 veste_
1474 2741 1704 2804 peculiari
1748 2729 2076 2804 insignes-Et

560 2796 771 2864 tonsura:
799 2816 857 2825 —
878 2791 1144 2864 {nﬁaronii
1165 2795 1228 2864 de
1246 2791 1511 2864 monastico
1532 2799 1582 2864 S.
1613 2791 2073 2864 Gregoriiinstitu-to

557 2853 803 2918 sententia
825 2852 1080 2918 refellitur.
1099 2881 1159 2890 —
1182 2855 1225 2903 4.
1254 2857 1315 2906 Et
1338 2866 1497 2908 nostra
1523 2852 2071 2918 adstruiiur.Laudes—a

554 2911 608 2984 8:
633 2912 873 2987 Gregorio
895 2916 1018 2987 datae
1039 2917 1147 2987 vitae
1170 2918 1245 2987 S._
1265 2919 1528 2987 Benedicti
1546 2911 2074 2987 etgliegulzefll‘ifvln

557 2974 1571 3064 εἰὶιξῑὲῗπιθδιεῖιτίίεη.ίῖξῑδεηῑξξε>.³ιξιε;.τ.ἕ;
1594 2974 1903 3064 utriusvis-
1940 2974 2075 3064 ὲὲειὲἓ

559 3042 778 3098 usurpat.
801 3062 861 3108 :—
885 3036 933 3086 7.
976 3036 1097 3109 Fuit.
1130 3043 1278 3112 etiam
1315 3052 1575 3105 prOpagata
1623 3048 1672 3094 in
1704 3036 1916 3101 Valeria.
1941 3036 2071 3126 :3:

556 3096 955 3164 Adi’ersariorum
980 3099 1329 3164 caullationes
1373 3104 1663 3157 refutantur.
1695 3135 1756 3144 —
1782 3111 1829 3159 9.
1873 3112 2071 3164 Concilii

559 3143 958 3225 iluziacensisjde
980 3143 1774 3221 ῐῖἑέςῖίῙῖξῖῇἒηέῖίὶἱῖῖἶᾶὶῖωοῤ
1782 3143 2071 3225 iam???
2102 3143 2149 3207 ϐ

557 3219 1088 3294 ἑιῑυυρωηηωλωυψ
1112 3230 1471 3294 argumentum,
1491 3241 1526 3294 _a
1547 3219 1897 3294 propagatione
1934 3219 2075 3294 huius

557 3246 699 3267 ηιιυυ
727 3246 1088 3268 iuucuoalmuul
1112 3246 1471 3286 al’gulllellluﬂl,
1500 3246 1526 3275 a
1547 3246 1691 3291 prope
1733 3246 1893 3284 attone
1934 3246 2075 3294 huius

557 3279 763 3349 Regula
809 3292 897 3349 per
937 3281 990 3329 S.
1034 3282 1578 3349 Gregoriidiseipulos.
1602 3314 1664 3329 --
1696 3246 1777 3343 ῆι.
1825 3295 2078 3349 Nonnullis

555 3341 916 3401 objectlonibus
933 3341 1221 3393 occurritur.
1260 3346 1374 3407 (An.
1395 3341 1530 3413 575.)

569 3441 622 3496 1.
652 3439 969 3510 Gregorium
997 3446 1318 3501 monachum
1348 3448 1513 3507 fuisse
1542 3468 1703 3511 nemo
1736 3458 1985 3515 cordatus
2013 3477 2081 3520 ac

494 3547 659 3589 sanus
685 3545 884 3601 negare
912 3540 1120 3603 potest,
1150 3538 1293 3607 quod
1321 3538 1389 3595 de
1412 3556 1471 3596 se
1499 3545 1660 3602 toties
1686 3547 1801 3617 ipse
1827 3550 2023 3608 clamat
2050 3562 2079 3593 ιι

496 3630 610 3676 tum
640 3622 692 3677 in
733 3622 992 3694 Dialogis,
1032 3632 1144 3681 tum
1167 3626 1191 3664 ι’
1233 3629 1380 3685 hom.
1408 3631 1477 3686 12
1512 3635 1566 3690 in
1595 3635 1915 3709 Evangelia,
1968 3652 2078 3701 tum

493 3712 548 3768 in
583 3723 605 3751 ο
637 3712 846 3783 praeiat.
872 3714 939 3769 ad
969 3715 1135 3772 libros
1162 3717 1350 3776 Mora}.
1381 3737 1477 3779 seu
1492 3727 1717 3798 epistola
1738 3733 1805 3786 ad
1833 3731 1891 3789 8.
1916 3733 2081 3791 Lean-

491 3804 681 3869 drum,
724 3805 814 3860 ubi
861 3805 995 3860 texit
1037 3807 1316 3866 historiam
1357 3818 1724 3877 conversionis
1750 3838 1861 3880 suae
1884 3825 1974 3881 diu
1998 3828 2082 3883 di-

491 3894 614 3949 latae
630 3936 648 3962 ,
674 3895 818 3965 quod
842 3897 1167 3954 exteriorem
1200 3901 1403 3957 cultum
1429 3916 1639 3964 mutare
1666 3912 1952 3969 molestum
1977 3917 2080 3987 ipsi

488 3985 649 4056 foret,
681 3988 913 4043 maxime
935 4005 1056 4044 cum
1078 3992 1178 4047 sub
1205 3995 1448 4051 steculari
1478 3998 1664 4055 habitu
1696 4001 1807 4059 Deo
1833 4021 1893 4062 se
1920 3985 2081 4078 posse
2156 4011 2178 4022 ’

489 4079 721 4135 militare
757 4095 865 4134 non
914 4080 1202 4139 dubitaret.
1241 4084 1347 4141 Sed
1375 4087 1580 4145 cmlesti
1627 4091 1830 4151 lumine
1870 4096 2082 4156 albatus

487 4185 668 4227 moras
696 4171 872 4241 rupit,
914 4175 1302 4231 monasterium
1330 4178 1513 4248 petiit,
1545 4188 1601 4235 et
1629 4195 1699 4237 ex
1736 4187 1920 4242 mundi
1946 4204 2081 4244 nau-

486 4261 658 4330 fragio
709 4263 885 4319 nudus
931 4266 1123 4320 evasit.
1152 4265 1301 4321 Idem
1348 4269 1417 4324 de
1465 4271 1558 4326 illo
1601 4273 1762 4331 docet
1789 4277 2081 4350 Gregorius

485 4348 845 4419 Turonensis,
875 4362 1186 4424 mutataque
1212 4360 1447 4428 pretiosa
1493 4372 1548 4417 et
1576 4365 1827 4425 micantia
1856 4348 2079 4442 gemmis

482 4442 799 4499 indumenta
825 4444 879 4499 in
908 4446 1067 4502 vilem
1097 4450 1347 4505 vestitum
1376 4454 1621 4511 miratur.

553 4535 608 4591 2.
635 4535 710 4590 Es
739 4536 824 4593 bis
845 4539 977 4594 satis
998 4539 1236 4597 innuitur
1254 4545 1578 4603 monasticas
1591 4558 1790 4621 vestes,
1819 4556 1895 4611 uti
1909 4572 2069 4628 nunc,

483 4625 611 4680 olim
642 4626 808 4682 etiam
836 4627 999 4685 fuisse
1041 4632 1322 4690 monachis
1349 4637 1680 4709 peculiares;
1720 4658 1830 4714 quo
1870 4648 1924 4703 in
1952 4625 2074 4720 pro.

476 4715 656 4773 bando
682 4733 790 4774 non
832 4720 1184 4789 immorarer,
1215 4725 1316 4781 nisi
1363 4742 1395 4783 a
1421 4732 1691 4789 nonnullis
1719 4737 1918 4795 criticis
1945 4715 2076 4811 inje-

476 4817 595 4863 ctos
624 4825 688 4864 ea
710 4810 777 4866 de
802 4826 863 4867 re
894 4815 1174 4884 scrupulos
1201 4817 1457 4875 viderem.
1489 4821 1632 4880 Sane
1657 4825 1708 4881 id
1731 4828 1850 4886 luce
1874 4810 2073 4892 clarius

478 4913 545 4952 ex
595 4899 857 4969 Gregorio
904 4902 1259 4961 demonstrari
1290 4919 1487 4979 potest.
1537 4912 1655 4971 Lib.
1699 4934 1824 4987 vui,
1879 4937 1965 4985 ep.
2015 4925 2066 4993 5,

472 4990 663 5045 scribit
682 4992 750 5048 de
779 4994 1036 5051 militibus
1065 5001 1374 5056 monasticae
1402 5004 1526 5059 vita:
1546 5010 1841 5068 candidatis
1865 5032 1877 5067 :
1900 4990 2065 5073 Juxta

470 5094 705 5136 normam
736 5085 1022 5155 regularem
1051 5086 1233 5144 debent
1258 5092 1314 5144 in
1344 5109 1436 5147 suo
1462 5095 1637 5151 ltabitu
1665 5117 1758 5170 per
1788 5105 2064 5162 triennium

467 5170 712 5240 probari,
750 5182 799 5226 et
839 5183 960 5228 tunc
1008 5180 1367 5235 monac/ticum
1418 5183 1646 5241 habitum
1696 5189 1807 5247 Deo
1852 5206 2061 5253 auctore

466 5262 744 5332 suscipere.
771 5262 1022 5334 Ejusdem
1048 5267 1167 5324 libri
1197 5285 1283 5341 ep.
1314 5271 1347 5325 8
1374 5291 1386 5325 :
1420 5273 1531 5328 Nec
1546 5278 1793 5347 projectis
1808 5284 2060 5356 religiosis

464 5354 704 5422 uestibus,
733 5357 804 5409 ad
830 5360 1127 5415 swcularem
1177 5365 1362 5420 reverti
1387 5366 1638 5425 habitum.
1670 5370 1801 5427 Ibid.
1845 5354 1935 5446 ep.
1976 5378 2008 5431 9
2034 5399 2048 5434 :

535 5497 561 5525 ⁸
583 5488 701 5577 Lib.
743 5492 1198 5577 tv,“D.ialogorum
1224 5518 1246 5577 _:
1279 5505 1587 5577 quem‘ipse
1617 5506 1730 5577 jam
1771 5515 2053 5571 monac/ms

461 5561 769 5644 monarbum
791 5564 913 5629 vidi,
937 5573 992 5618 et
1016 5561 1074 5619 in
1105 5561 1405 5644 prmlat'._atl
1439 5561 1642 5644 Dialog'.
1662 5619 1676 5644 ,
1702 5580 1789 5633 ubi
1810 5561 2052 5640 subii}?

459 5632 789 5700 monasterio
818 5632 1282 5691 conversationem
1311 5632 1620 5700 describit.”
1664 5632 1675 5644 ’
1752 5632 1785 5633 γέ
1823 5632 1860 5679 ίέ

464 5698 567 5816 vita.
587 5699 745 5757 Num.
797 5703 862 5772 7,
909 5720 1057 5773 quem
1112 5707 1223 5776 ipse
1253 5708 1369 5779 jam
1408 5698 1685 5772 monac/ius
1739 5723 2042 5779 monachum

2174 1843 2385 1910 insigne
2410 1844 2555 1914 apud
2580 1843 2819 1917 Graecos,
2837 1848 3091 1908 discimus
3110 1867 3179 1908 ex
3199 1853 3226 1890 ἀ
3246 1853 3538 1912 Theodoro
3563 1856 3782 1915 Studita

2176 1930 2270 1986 lib.
2308 1949 2364 1987 ιτ
2393 1948 2481 2005 ep.
2513 1935 2636 1990 l‘57.

2245 2026 2406 2096 206
2418 2027 2472 2083 5.
2487 2027 2581 2083 His
2592 2029 2827 2086 breviter
2837 2039 2892 2087 et
2905 2033 3029 2088 data
3047 2042 3251 2091 tantum
3269 2038 3552 2095 occasione
3570 2042 3773 2098 obscr~

2177 2114 2333 2179 vatis,
2367 2117 2738 2185 expendamus
2768 2120 2982 2178 Barouii
3011 2124 3079 2179 de
3105 2128 3402 2185 monaStico
3430 2129 3487 2185 8.
3520 2130 3610 2185 Οτι
3635 2134 3779 2201 gorii

2175 2203 2781 2277 instituto-sententiam,
2806 2211 2958 2282 cujus
2975 2222 3251 2272 auctorem
3277 2218 3441 2275 fuisse
3464 2237 3570 2275 non
3591 2222 3649 2277 8.
3680 2224 3781 2281 Bc-

2177 2298 2447 2354 nedictum
2481 2302 2791 2371 contendit,
2830 2306 2926 2360 sed
2952 2306 3010 2363 S.
3039 2307 3343 2379 Equitium;
3374 2313 3516 2368 haud
3554 2316 3657 2370 alia
3689 2333 3782 2371 ra-

2177 2388 2323 2446 tione
2345 2407 2505 2462 quam
2528 2394 2697 2463 prima
2727 2398 2951 2466 primum
2973 2399 3032 2454 8.
3060 2401 3292 2458 Andrew
3310 2404 3545 2461 abbatem
3579 2407 3781 2463 Valen-

2176 2480 2304 2533 tium
2318 2497 2384 2535 ea:
2401 2483 2683 2552 provincite
2707 2484 2932 2543 Valeria:
2952 2493 3283 2554 monasterio,
3307 2494 3361 2546 in
3377 2511 3475 2565 quo
3495 2495 3554 2549 8.
3581 2495 3782 2568 Equitii

2175 2569 2376 2639 vigebat
2402 2573 2657 2628 institutio
2683 2575 2897 2644 petitum
2938 2589 3190 2650 apparet,
3236 2583 3427 2653 inquit,
3465 2603 3530 2640 er
3581 2589 3783 2659 duplici

2178 2656 2419 2729 Gregorii
2462 2664 2772 2719 testimonio.
2817 2666 3113 2725 Audiamus
3140 2684 3271 2742 ergo
3297 2672 3356 2728 8.
3390 2656 3677 2730 D0ctorem
3709 2681 3781 2733 de

2174 2762 2236 2803 se
2264 2748 2573 2819 loquentem
2609 2769 2624 2805 :
2668 2752 2804 2809 Vita:
2827 2757 3134 2813 venerabilis
3174 2759 3438 2817 Valentius
3468 2762 3636 2837 [Lege
3665 2766 3781 2821 Va-

2177 2839 2411 2913 lentio],
2456 2845 2544 2915 qui
2578 2854 2694 2916 post
2730 2846 2786 2901 in
2825 2848 2922 2901 hac
2960 2848 3203 2905 Romana
3229 2852 3382 2920 urbe,
3427 2856 3593 2923 mihi,
3642 2860 3781 2913 sicut

2176 2932 2350 2996 nosti,
2385 2931 2577 3005 [Deest
2604 2935 2870 3010 meoque]
2900 2944 3218 2997 monasterio
3245 2946 3456 3016 praefuit
3478 2988 3493 3013 ,
3533 2950 3683 3017 prius
3713 2950 3773 3004 in

2186 3015 2412 3074 Valeria:
2432 3023 2700 3090 provincia
2722 3030 3091 3083 monasterium
3112 3046 3262 3085 suum
3292 3015 3442 3088 rexit.
3468 3015 3583 3101 Qua
3612 3038 3663 3091 vi
3680 3047 3779 3093 aut

2178 3119 2296 3163 arte
2321 3124 2389 3165 ex
2414 3111 2500 3166 his
2527 3112 2707 3169 verbis
2745 3118 2967 3173 extundi
2995 3128 3174 3190 potest
3206 3121 3581 3181 Valentionem
3609 3128 3781 3186 luisse

2184 3200 2416 3270 primum
2442 3206 2756 3261 monasterii
2776 3206 2835 3263 S.
2865 3209 3090 3268 Andreae
3117 3212 3385 3284 abbatem,
3416 3226 3472 3273 et
3494 3218 3779 3278 instituto-

2178 3306 2294 3347 rem
2318 3295 2342 3349 ?
2372 3293 2511 3361 Quid
2538 3296 2627 3353 hic
2649 3297 2718 3353 de
2739 3297 2975 3369 Equitio,
3006 3301 3360 3375 Equitianove
3388 3290 3654 3389 instituto,
3688 3319 3779 3375 cui

2179 3384 2425 3461 addictus
2454 3386 2704 3445 Valentio
2743 3391 2939 3448 luerit?
2969 3394 3064 3461 At,
3096 3396 3271 3467 inquit
3299 3384 3596 3469 Baronius,
3627 3418 3779 3473 quae»

2178 3476 2301 3532 dam
2331 3478 2399 3534 de
2431 3478 2487 3534 8.
2512 3478 2739 3551 iEquitio
2766 3480 3059 3554 Gregorius
3080 3497 3298 3557 narrat,
3326 3505 3445 3560 qua:
3470 3507 3500 3546 a
3526 3493 3780 3553 Valentia

2179 3583 2277 3624 suo
2306 3570 2500 3626 abbate
2535 3571 2791 3630 didicisse
2845 3574 3153 3646 proﬁtetur.
3200 3579 3369 3638 Porro
3397 3583 3680 3641 Valentius
3711 3602 3779 3643 ea

2180 3650 2423 3727 noverat,
2450 3660 2577 3716 dum
2598 3662 2654 3717 in
2680 3666 3011 3722 monasterio
3034 3665 3091 3722 S.
3119 3667 3319 3740 Equitii
3344 3671 3599 3742 degebat,
3628 3677 3778 3746 quod

2180 3748 2356 3803 solum
2385 3751 2602 3822 celebre
2638 3760 2768 3810 tunc
2797 3755 2960 3813 fuisse
2986 3760 3256 3829 reperitur
3279 3762 3334 3817 in
3374 3763 3603 3820 Valeriae
3642 3784 3777 3839 pro-

2180 3841 2374 3898 vincia.
2407 3842 2571 3911 Quasi
2606 3861 2737 3904 vero
2774 3849 2829 3905 in
2868 3850 3049 3922 aliquo
3076 3853 3252 3910 vicino
3276 3870 3370 3910 seu
3398 3856 3631 3916 Valeriae
3656 3862 3777 3917 sive

2184 3933 2423 3991 ﬁnitima:
2464 3938 2762 4011 cujuspiam
2812 3942 3049 4012 regionis
3088 3945 3339 4003 coenobio
3380 3946 3612 4019 degens,
3662 3968 3775 4010 non

2182 4027 2448 4097 potuisset
2501 4045 2663 4087 nosse
2715 4033 3036 4092 miraculum
3082 4038 3296 4106 publica
3342 4038 3485 4096 fama
3521 4041 3775 4103 dissemi-

2182 4124 2389 4174 natum.

2260 4206 2448 4278 Itaque
2486 4211 2711 4281 prolatis
2740 4228 2770 4267 a
2810 4213 3044 4273 Baronio
3082 4218 3405 4278 testimoniis
3431 4237 3773 4295 nequaquam

2182 4297 2444 4366 probatur
2471 4300 2845 4360 Valentionem
2887 4306 3052 4364 fuisse
3097 4307 3156 4364 8.
3205 4307 3405 4380 Equitii
3428 4313 3769 4385 discipulum,

2181 4385 2405 4457 ejusque
2416 4389 2641 4447 instituti
2656 4401 3000 4465 sectatorem,
3016 4397 3125 4453 imo
3137 4400 3465 4458 contrarium
3478 4418 3543 4459 es
3559 4404 3773 4462 collatis

2098 4503 2151 4565 ι)
2184 4476 2327 4567 inter
2347 4493 2408 4536 se
2432 4481 2646 4539 duobus
2675 4484 2807 4541 locis
2835 4486 3072 4544 elicitur.
3102 4488 3234 4544 Nam
3265 4491 3302 4546 Ι.
3329 4509 3347 4547 ι
3376 4492 3611 4563 Dialog.,
3637 4510 3688 4551 c.
3713 4498 3770 4567 4,

2176 4563 2470 4638 Gregorius
2494 4574 2688 4629 asserit
2721 4573 2998 4645 Equitium
3042 4588 3167 4649 post
3205 4590 3437 4638 mortem
3477 4563 3773 4655 discipulos

2173 4672 2302 4713 suos
2322 4667 2554 4718 tutatum
2575 4678 2695 4720 esse
2714 4675 2905 4721 contra
2928 4667 3332 4740 Langobardos,
3359 4680 3521 4744 atque
3542 4690 3572 4729 a
3592 4686 3771 4733 morte

2171 4746 2449 4806 liberasse.
2479 4751 2550 4807 At
2575 4753 2665 4809 lib.
2708 4772 2787 4825 iv,
2824 4773 2946 4828 cap.
2973 4758 3073 4829 21,
3113 4761 3277 4820 refert
3317 4763 3698 4836 Langobardos
3741 4783 3772 4823 θ

2175 4842 2501 4898 monasterio
2522 4843 2855 4904 Valentionis
2875 4847 3086 4906 abbatis
3110 4852 3245 4910 duos
3266 4856 3561 4912 monachos
3589 4858 3644 4912 in
3674 4875 3769 4914 ra-

2173 4928 2274 4983 ntis
2295 4930 2503 4988 arboris
2522 4938 2884 5007 suspendisse,
2914 4940 3010 5010 qui
3032 4942 3223 4997 eodem
3246 4944 3333 5000 die
3356 4945 3593 5001 defuncti
3622 4960 3767 5003 sunt.

2174 5017 2405 5076 Aliunde
2424 5025 2555 5080 satis
2576 5027 2759 5096 liquet,
2784 5029 2909 5085 dum
2933 5030 3064 5086 dicit
3080 5032 3454 5091 Valentionem
3476 5038 3529 5092 in
3554 5037 3769 5097 Valeria

2166 5110 2313 5177 prius
2332 5115 2526 5170 rexisse
2545 5134 2692 5173 suum
2713 5124 3113 5193 monasterium,
3136 5142 3232 5196 per
3245 5144 3413 5195 suum,
3439 5129 3770 5189 intellexisse

2170 5207 2559 5262 monasterium
2588 5226 2693 5265 nou
2724 5214 2793 5269 ab
2823 5214 3038 5284 Equitio
3066 5226 3157 5272 aut
3183 5220 3252 5273 ab
3278 5221 3407 5289 alio,
3439 5224 3535 5278 sed
3558 5226 3625 5279 ab
3649 5226 3773 5297 ipso

2174 5286 2496 5353 Valentione
2527 5302 2838 5371 conditum;
2870 5322 2978 5376 quo
3017 5321 3184 5364 sensu
3224 5327 3372 5366 suum
3393 5286 3612 5386 semper
3643 5286 3773 5375 dicit

2162 5378 2221 5440 S.
2248 5384 2477 5443 Andreae
2498 5387 2801 5447 Romanum
2822 5398 3169 5456 asceterium.
3197 5401 3448 5460 Judicent
3469 5378 3599 5477 ergo
3626 5413 3773 5479 aequi

2234 5532 2257 5599 εξ
2292 5522 2508 5599 fortuna
2530 5530 2828 5599 monasterii
2871 5532 3029 5599 petii,
3078 5545 3189 5589 etc.

2233 5589 2259 5674 εξ
2284 5591 2351 5646 Et
2368 5595 2506 5682 quod
2527 5598 2827 5682 stupendum
2851 5589 3049 5682 magis,
3082 5601 3287 5672 inquit,
3318 5608 3434 5679 qui,
3473 5612 3612 5682 quod
3638 5614 3766 5668 soli.

2161 5664 2308 5717 (aria:
2337 5664 2452 5752 vita:
2471 5664 2689 5747 insigne,
2714 5664 2959 5752 detonsis;
2976 5664 3561 5752 {uerns:.;}irdmisst'zm
3582 5664 3770 5739 rursus

2157 5748 2354 5860 εοηιὲιόι
2384 5735 2498 5789 alus
2519 5735 2781 5792 iuniorem
2808 5735 3183 5802 Eremitarum.
3212 5735 3350 5805 Vide
3370 5751 3533 5808 etiam
3557 5752 3650 5809 lib.

2157 5816 2243 5860 ei).
2346 5842 2358 5858 .

2153 5816 2243 5871 ep.
2274 5816 2358 5860 su.
3486 5871 3490 5875 .
