3992 6300
203 295 315 351 257

691 299 748 353 ὁ.
791 294 1118 353 GREGORII
1156 294 1370 353 MAGNI
1414 294 1593 364 VlTA,
1640 294 1729 351 EX
1772 293 1934 351 EJUS
1974 295 2285 355 SCRIPTIS
2323 294 2720 371 ADORNATA.
2763 298 2891 356 LIB.
2935 300 2974 356 Ι.

3356 282 3467 352 263

193 417 434 469 lectores
480 419 659 467 utrum
699 411 816 467 haec
857 410 1266 466 eminentissimi
1309 409 1587 481 scriptoris
1631 424 1788 478 argu-
1812 414 1866 471 Α
1962 408 2015 463 6.
2056 408 2216 465 Certe
2244 408 2531 480 Gregorius
2559 413 2633 468 ita
2660 412 3018 470 Benedictina:
3047 410 3263 481 Regula:
3285 423 3470 466 assue-

188 511 376 556 ntenta
407 507 763 570 persuadeant
791 499 849 554 8.
874 497 1192 569 Gregorium
1216 515 1325 555 non
1346 515 1378 554 a
1406 498 1663 571 proximis
1684 498 1786 554 Ca-

190 591 465 647 sinatibns
494 589 860 644 Lateranense
889 589 1275 643 monasterium
1313 589 1676 644 incolentibus
1706 589 1789 643 ἰησ-

190 678 440 732 ttitutttm
461 694 618 734 suum
636 678 931 747 accepisse,
964 687 1022 732 ut
1036 680 1343 735 communis
1358 690 1483 735 ante
1499 680 1788 735 Baroniutn

192 770 402 825 ferebat
429 769 642 840 opinio,
686 770 780 824 sed
812 785 843 823 a
874 771 1032 839 longe
1060 772 1250 841 positis
1277 772 1330 825 in
1356 771 1571 826 Valeria
1601 787 1789 827 mona-

191 862 341 927 cltis;
375 871 536 931 atque
566 860 983 930 prazponderare
1009 861 1593 930 debeantgravissimis
1621 861 1787 915 ratio-

190 953 350 1007 nibus
394 953 585 1009 auibus
632 951 1037 1009 sanctissimum
1085 953 1261 1008 virum
1306 952 1667 1008 Benedictinte
1709 953 1787 1006 fa-

190 1046 355 1099 milite
376 1045 467 1098 vin
492 1047 731 1120 ticamus.

262 1131 404 1189 4.1“
445 1136 671 1190 Constat
719 1149 790 1189 ex
822 1143 847 1172 α
881 1135 1235 1205 supradictis,
1285 1134 1574 1203 Gregorio,
1624 1135 1785 1203 longe

194 1235 483 1296 antequam
517 1226 587 1280 de
618 1224 676 1279 S.
710 1222 942 1280 Andreze
971 1226 1302 1280 monasterio
1335 1226 1624 1295 cogitaret,
1656 1234 1781 1280 nota

188 1315 355 1371 fuisse
392 1316 453 1372 8.
481 1316 753 1371 Benedicti
783 1323 964 1384 gesta,
996 1316 1284 1379 miracula,
1316 1316 1548 1387 scripta,
1577 1302 1785 1372 scilicet

186 1407 449 1474 regulam.
484 1408 680 1475 Quanti
705 1416 885 1461 autem
927 1408 1116 1463 fecerit
1149 1408 1287 1463 hanc
1319 1407 1573 1476 Regulam
1606 1408 1783 1476 prodit

188 1496 289 1551 lib.
320 1513 356 1550 ιι
389 1494 623 1567 Dialog.,
656 1512 705 1550 c.
738 1497 805 1551 '56
837 1515 849 1550 :
880 1496 1134 1568 Scripsit,
1168 1498 1373 1565 inquit,
1403 1496 1783 1552 Monac/torum

186 1584 446 1656 Regulam
477 1588 783 1641 discretione
809 1589 1147 1657 praecipuam,
1177 1604 1414 1642 sermone
1441 1590 1777 1644 luculentam.

187 1676 414 1746 Regulae
436 1689 617 1736 autem
638 1680 704 1734 ab
724 1679 939 1748 Equitio
960 1680 1277 1750 conscripta:
1300 1680 1485 1736 nullibi
1513 1680 1774 1737 meminit.

1888 496 2063 554 factus
2089 508 2145 553 et
2170 498 2319 554 velut
2346 500 2634 558 innutritus
2658 502 2894 569 videtur,
2927 511 2984 557 ut
3008 502 3123 571 ejus
3151 500 3311 554 verba
3340 514 3468 570 pas-

1887 586 1989 641 sim
2018 597 2258 657 usurpet.
2285 587 2439 658 Apud
2466 588 2524 644 8.
2551 589 2891 645 Benedictum
2913 589 3340 660 congregationis
3364 601 3467 643 no-

1889 677 2033 732 mioe
2087 677 2405 747 intelligitur
2459 681 2845 736 monachorum
2900 689 3101 747 cretus;
3168 679 3469 749 eodemque

1887 782 2048 822 sensu
2095 769 2150 823 in
2195 769 2542 839 Gregorianis
2580 771 2829 841 Epistolis
2866 773 3065 826 centies
3099 770 3363 833 occurrit,
3408 776 3470 824 ut

1888 871 1976 925 ep.
2018 856 2087 910 48
2128 858 2219 913 lib.
2254 876 2329 914 xt.
2380 860 2523 915 Idem
2563 862 2962 918 observavimus
2998 862 3065 917 de
3104 876 3236 917 voce
3270 860 3468 914 utilitas

1886 966 2098 1024 sumpta
2142 972 2239 1026 pro
2280 960 2444 1014 rebus
2489 960 2726 1015 utilibus.
2762 961 2879 1016 Lib.
2910 977 2973 1026 x,
3021 960 3177 1029 epist.
3206 958 3275 1012 52
3298 966 3353 1012 et
3378 954 3466 1022 Gl,

1885 1044 2122 1098 ofﬁcium
2153 1047 2389 1100 divinum
2419 1050 2686 1117 appellat,
2717 1068 2843 1121 Opus
2878 1051 3000 1116 Dei,
3031 1051 3174 1118 quod
3204 1051 3261 1105 8.
3293 1049 3471 1105 Bene-

1883 1132 2027 1188 dicto
2055 1132 2315 1189 familiare
2343 1151 2462 1191 esse
2502 1147 2731 1205 norunt,
2760 1141 2851 1208 qui
2880 1140 2998 1207 ejus
3027 1140 3285 1209 Regulam
3325 1141 3473 1209 lege.

1884 1230 2028 1275 runt.
2081 1222 2369 1293 Eleganter
2414 1225 2471 1280 S.
2518 1228 2836 1283 Benedictus
2888 1230 3020 1298 Reg.
3068 1246 3118 1285 c.
3167 1231 3235 1282 64
3286 1238 3472 1285 monet

1883 1314 2162 1379 abbatem,
2195 1314 2447 1383 Oportere
2474 1317 2716 1386 prodesse
2744 1319 2909 1389 magis
2937 1336 3091 1389 quam
3128 1336 3365 1387 prwesse.
3404 1318 3471 1372 Et

1882 1403 1940 1458 S.
1973 1401 2264 1472 Gregorius
2293 1405 2483 1461 Moral.
2518 1406 2609 1461 lib.
2643 1424 2761 1474 xxt,
2811 1423 2960 1462 num.
2990 1407 3087 1473 22,
3136 1424 3227 1460 nec
3249 1424 3472 1477 prtersse

1880 1493 2108 1564 gaudent
2130 1495 2221 1548 sed
2249 1496 2513 1563 prodesse.
2546 1496 2737 1551 Abbati
2764 1496 3005 1566 praecipit
3045 1496 3103 1551 8.
3149 1496 3470 1551 Benedictus

1883 1583 2019 1654 Reg.
2047 1602 2097 1641 c.
2127 1585 2197 1640 64
2226 1603 2244 1641 :
2278 1587 2461 1641 Oderit
2490 1590 2643 1653 vitia,
2689 1588 2873 1659 diligat
2899 1590 3118 1659 fratres;
3157 1596 3212 1642 et
3240 1586 3296 1642 S.
3328 1585 3467 1641 Gre-

1882 1677 2085 1745 gorius,
2116 1678 2345 1747 epistola
2376 1677 2447 1732 12
2470 1678 2563 1733 lib.
2593 1695 2647 1734 x-t
2672 1678 2739 1734 ad
2764 1678 3040 1735 Cononem
3062 1678 3309 1735 abbatem
3336 1678 3470 1734 scri-

182 1764 404 1822 Interim
444 1770 580 1824 sileo
614 1769 670 1823 S.
705 1767 1023 1836 Gregorium
1058 1768 1223 1826 fuisse
1256 1770 1381 1826 vita:
1408 1769 1468 1826 8.
1499 1770 1778 1828 Benedicti
1813 1769 1857 1829 Β
1882 1771 1999 1825 bit:
2031 1770 2292 1827 Personas
2336 1772 2556 1844 dil’gas,
2601 1775 2725 1828 uitia
2774 1774 3118 1845 persequaris.
3165 1770 3223 1826 ln
3265 1769 3360 1841 Ep.
3397 1769 3471 1825 29

182 1856 567 1938 admiratorem
586 1857 762 1926 potius
786 1873 945 1927 quam
969 1859 1311 1929 scriptorem,
1336 1861 1425 1917 cui
1445 1861 1777 1918 delineandae

182 1949 272 2002 vix
299 1949 428 2005 satis
450 1947 547 2003 fuit
578 1949 933 2018 integerliber
952 1951 1222 2007 secundus
1242 1952 1587 2022 Dialogorum
1612 1973 1625 2008 :
1654 1969 1778 2010 nam

179 2040 315 2094 alibi
344 2042 537 2111 passim
570 2042 748 2097 adhuc
784 2057 929 2112 stepe
972 2044 1026 2097 in
1063 2043 1123 2099 S.
1153 2044 1432 2102 Benedicti
1462 2047 1647 2103 laudes
1676 2063 1776 2103 ex-

180 2138 355 2184 curnt
398 2148 412 2183 :
461 2132 527 2185 de
573 2129 789 2200 Equitio
834 2149 964 2189 vero
1014 2135 1173 2191 unico
1220 2134 1486 2191 duntaxat
1521 2139 1699 2209 capite
1726 2139 1776 2209 ,4

180 2220 309 2274 libri
338 2236 355 2275 t
383 2221 635 2290 loquitur.
668 2221 951 2289 Quomodo
978 2238 1106 2295 ergo
1131 2232 1282 2280 tanta
1303 2226 1371 2283 de
1397 2226 1454 2282 S.
1479 2227 1775 2285 Benedicto

178 2312 415 2379 ejusque
442 2312 643 2379 legibus
666 2321 724 2367 et
756 2312 1016 2369 institutis
1056 2327 1319 2387 concepta
1345 2317 1772 2387 existimatione,

178 2402 345 2454 aliam
380 2402 485 2457 sibi
517 2417 723 2471 suoque
762 2405 1095 2461 monasterio
1128 2407 1465 2475 quaesivisset
1507 2408 1768 2476 regulam,

179 2496 262 2547 vir
293 2494 599 2549 monasticae
630 2495 977 2564 perfectionis
1005 2499 1424 2565 amantissimus,
1472 2514 1636 2569 quam
1662 2500 1769 2555 Re-

176 2586 355 2657 gulam
387 2584 764 2640 Monachorum
789 2587 1099 2642 discretione
1126 2590 1481 2659 praecipuam?

250 2676 308 2730 5.
340 2676 565 2742 Quando
588 2686 766 2732 autem
798 2678 944 2732 illam
976 2680 1212 2750 appellat
1232 2682 1343 2737 κατ’
1370 2684 1555 2754 ἐξοχὴν
1581 2680 1771 2737 Mona-

176 2768 393 2821 chorum
422 2767 702 2840 Regulam,
736 2770 867 2825 satis
897 2771 1140 2825 ostendit
1164 2786 1284 2827 eam
1307 2774 1549 2840 caeteris,
1586 2775 1631 2829 si
1654 2790 1772 2845 qua:

173 2857 228 2913 in
260 2857 552 2914 Occidente
583 2858 694 2928 jam
746 2869 982 2930 recepta:
1028 2861 1235 2927 forent,
1288 2878 1411 2919 esse
1439 2873 1770 2936 anteponen-

174 2950 326 3006 dam.
358 2951 435 3006 De
462 2951 647 3006 eadem
678 2952 1034 3022 proculdubio
1064 2953 1303 3025 loquitur
1330 2956 1423 3010 lib.
1458 2972 1531 3025 xt,
1562 2972 1650 3027 ep.
1678 2957 1769 3025 μ,

173 3061 303 3102 cum
350 3045 417 3100 de
451 3045 659 3102 Catello
688 3048 955 3103 monacho
984 3048 1167 3104 scribit
1205 3049 1271 3103 ad
1317 3048 1568 3105 Urbicum
1605 3050 1773 3105 abba-

1882 1861 1973 1915 lib.
2005 1878 2078 1918 xu
2104 1861 2161 1917 8.
2189 1862 2480 1931 Gregorius
2508 1864 2584 1917 ait
2613 1880 2627 1917 :
2661 1862 2804 1917 Nam
2830 1862 2898 1916 ad
2924 1878 3200 1935 personam
3222 1863 3274 1915 in
3303 1859 3469 1929 priori

1879 1954 1992 2009 loco
2020 1955 2245 2025 positam
2286 1956 2527 2024 respicit,
2570 1956 2814 2026 quidquid
2847 1972 2880 2009 a
2906 1956 3096 2010 minori
3123 1954 3466 2025 delinquitur;

1877 2060 2008 2102 sane
2048 2055 2290 2101 sanctum
2330 2046 2680 2102 Benedictum
2720 2047 2957 2102 imitatus
2998 2047 3088 2117 qui
3130 2046 3260 2116 Reg.
3290 2061 3339 2100 c.
3372 2044 3464 2110 '56,

1877 2134 1946 2188 ad
1975 2136 2142 2205 ipsum
2167 2135 2464 2206 (abbatem)
2496 2137 2689 2206 inquit,
2720 2138 2947 2207 respicit,
2973 2136 3223 2208 quidquid
3249 2153 3280 2189 a
3312 2135 3466 2189 disci-

1873 2229 2010 2297 pulis
2057 2227 2395 2297 delinquitur.
2455 2227 2613 2298 Apud
2654 2228 2711 2283 S.
2766 2227 3115 2283 Benedictum
3163 2243 3465 2297 responsum

1872 2315 2011 2371 idem
2036 2326 2118 2371 est
2138 2332 2199 2371 ac
2222 2320 2501 2388 negotium.
2526 2317 2656 2388 Cap.
2681 2317 2744 2372 5i
2780 2335 2793 2371 :
2830 2316 3048 2372 Fratres
3067 2318 3153 2381 qui
3174 2334 3266 2386 pro
3288 2317 3464 2388 quovis

1871 2424 2118 2478 responso
2147 2410 2571 2480 proﬁciscuntur.
2604 2408 2682 2464 lla
2712 2410 2876 2465 etiam
2903 2409 3045 2480 apud
3072 2408 3129 2463 8.
3154 2408 3462 2473 Doctorem,

1872 2499 2109 2553 maxime
2137 2499 2293 2554 initio
2324 2514 2413 2569 ep.
2442 2500 2510 2555 ad
2535 2498 2834 2555 Leandrum
2863 2497 3092 2569 praeﬁxa:
3120 2497 3266 2554 libris
3286 2498 3462 2553 Mora-

1872 2589 2001 2645 lium
2028 2608 2041 2644 :
2071 2590 2199 2645 Cum
2218 2608 2299 2645 me
2317 2591 2425 2649 illic
2445 2592 2583 2647 sedis
2613 2591 2914 2661 apostolica:
2934 2607 3181 2662 responsa
3204 2591 3461 2644 constrin-

1871 2689 2066 2751 gerent.
2115 2679 2319 2738 Passim
2350 2681 2491 2753 apud
2530 2688 2817 2750 ut.'umque
2858 2679 3085 2749 eulogia:
3125 2694 3224 2750 pro
3264 2694 3460 2733 munu-

1871 2771 2060 2839 sculis,
2089 2772 2340 2827 solatium
2362 2788 2462 2842 pro
2483 2773 2683 2827 auxilio
2704 2780 3005 2827 sumuntur.
3032 2771 3146 2825 Non
3169 2786 3293 2825 raro
3321 2771 3461 2825 idem

1873 2857 1933 2912 8.
1962 2857 2265 2928 Legislator
2295 2862 2607 2916 monasterii
2634 2862 2964 2930 superiorem
2984 2900 2999 2924 ,
3032 2862 3252 2930 priorem
3279 2861 3462 2930 appel-

1874 2951 1971 3020 lat,
1992 2960 2051 3005 ut
2072 2968 2192 3021 cap.
2212 2952 2302 3009 55.
2326 2952 2401 3007 Ita
2425 2953 2585 3008 etiam
2611 2952 2668 3007 S.
2694 2952 2987 3020 Gregorius
3009 2952 3099 3005 lib.
3121 2967 3223 3005 xxv
3245 2951 3458 3017 Moral.,

1875 3057 2021 3094 num.
2056 3039 2143 3107 36,
2173 3050 2228 3096 et
2249 3056 2392 3111 Stepe
2433 3041 2578 3095 alibi.
2613 3041 2770 3096 llom.
2804 3040 2871 3096 l0
2895 3042 2948 3096 in
2984 3040 3178 3096 Ezeclt.
3208 3057 3357 3095 num.
3390 3038 3455 3093 δι

170 3146 287 3193 tem
335 3156 349 3190 :
396 3136 533 3203 Quia
570 3139 852 3193 monachus
882 3154 985 3194 non
1015 3140 1083 3193 sit
1111 3141 1455 3211 agnovimus;
1503 3156 1568 3195 ea:
1607 3158 1768 3211 parva
1793 3129 1840 3191 C
1872 3130 2065 3200 legitur
2108 3148 2122 3185 :
2169 3130 2250 3187 Eo
2276 3134 2387 3203 ipso
2417 3134 2528 3188 zelo
2557 3150 2655 3203 quo
2685 3134 2817 3189 alios
2847 3134 3089 3199 correxit,
3131 3134 3459 3201 semetipsum

166 3232 315 3285 enim
348 3231 554 3302 eulogia
579 3247 733 3299 quam
773 3230 945 3285 Bonus
986 3233 1269 3286 monachus
1297 3234 1525 3303 accepit,
1569 3243 1768 3302 partem

168 3323 416 3395 petendo,
449 3324 828 3377 contentionem
852 3324 1021 3393 facere
1046 3324 1103 3377 in
1132 3324 1316 3377 itinere
1337 3324 1551 3378 minime
1574 3324 1763 3379 timuit.

170 3411 333 3476 Quod
369 3428 434 3465 ex
484 3419 678 3481 quanta
705 3411 1057 3465 amaritudine
1083 3412 1255 3465 cordis
1284 3411 1639 3478 descenderit,
1680 3422 1768 3465 tua

170 3504 363 3572 poterit
392 3502 597 3555 dilectio
627 3502 791 3569 scire,
834 3503 880 3555 si
928 3501 1178 3573 Regulam
1217 3501 1591 3557 Monac/torum
1635 3503 1769 3557 scire

170 3595 440 3649 coluisset.
474 3593 691 3648 Scilicet
718 3592 773 3647 S.
809 3593 1078 3648 Benedicti
1110 3592 1391 3662 Regulam,
1429 3609 1547 3664 cap.
1581 3594 1669 3659 54,
1700 3594 1769 3650 de

172 3687 407 3755 eulogiis
436 3685 521 3739 vel
552 3685 880 3754 quibusiibet
918 3684 1245 3738 munusculis
1292 3682 1771 3753 nonaccipiendis

170 3778 294 3831 sine
314 3776 530 3829 abbatis
552 3784 841 3845 pmcepto,
870 3785 925 3830 et
953 3790 1071 3844 cap.
1102 3774 1189 3837 54,
1222 3775 1310 3829 ubi
1332 3775 1771 3831 murmurationis

171 3868 378 3923 malum
400 3875 527 3921 ante
552 3867 730 3921 omnia
755 3866 1057 3937 prtecipitur
1080 3866 1497 3936 atnputandunt;
1526 3874 1772 3920 cavetur-

172 3978 283 4034 que
323 3976 394 4016 ne
422 3960 711 4017 occasione
747 3975 928 4015 rerum
965 3959 1389 4015 necessariarum
1430 3959 1530 4013 sibi
1571 3974 1769 4028 procu-

173 4051 474 4107 randarum
500 4059 707 4105 tantum
730 4050 916 4104 vitium
942 4050 1215 4119 subrepat.
1244 4048 1473 4105 Urbicus
1502 4049 1554 4104 in
1584 4064 1770 4103 mona-

170 4144 345 4200 sterio
380 4142 442 4198 S.
474 4142 732 4208 Andreae,
766 4150 868 4197 aut
892 4141 1082 4198 saltem
1113 4143 1167 4197 in
1191 4142 1298 4196 alio
1326 4140 1521 4197 Sicilia:
1546 4139 1603 4196 S.
1632 4138 1769 4195 Grc-

171 4234 318 4305 gorii
367 4232 738 4288 munificentia
788 4232 1007 4288 condito
1060 4233 1384 4302 praepositus
1439 4232 1650 4299 fuerat,
1703 4245 1770 4285 ex

173 4339 269 4394 ep.
305 4324 337 4377 6
366 4324 460 4378 lib.
488 4339 541 4389 v,
574 4331 760 4392 postea
788 4322 952 4378 abbas
977 4322 1287 4377 monasterii
1313 4321 1373 4377 S.
1397 4320 1607 4377 Hermae
1630 4319 1772 4390 apud
1796 4398 1801 4404 .

176 4414 509 4468 Panortnmn
532 4452 548 4477 ,
593 4412 749 4466 unius
778 4427 844 4466 ex
886 4427 979 4466 sex
1022 4410 1365 4480 Gregorianis
1392 4410 1683 4475 coenobiis,
1715 4409 1768 4464 in

1871 3226 2123 3292 conuenit,
2151 3234 2200 3279 et
2221 3227 2380 3298 207
2412 3228 2663 3283 erubescit
2688 3229 2957 3283 immunda
2986 3230 3233 3300 cogitare,
3264 3246 3379 3301 qua:
3404 3245 3459 3284 se

1870 3315 1925 3368 in
1956 3316 2075 3370 alis
2101 3319 2283 3372 recolit
2305 3318 2611 3373 correxisse.
2642 3318 2785 3372 Idem
2809 3316 2921 3373 fere
2947 3317 3151 3388 legerat
3174 3319 3226 3373 in
3254 3316 3459 3387 Regula

1871 3404 1930 3460 S.
1964 3407 2238 3463 Benedicti
2282 3423 2332 3463 c.
2365 3408 2401 3461 2
2431 3425 2446 3463 :
2480 3408 2663 3473 Qualis
2689 3407 2867 3462 debeat
2896 3424 3006 3462 esse
3033 3406 3223 3473 abbas,
3253 3408 3461 3463 duobus

1867 3499 1930 3553 in
1962 3498 2121 3565 locis,
2168 3500 2403 3555 maxime
2446 3500 2499 3554 in
2546 3500 2699 3555 line:
2741 3500 2867 3554 Cum
2910 3499 2975 3554 de
3021 3500 3460 3555 admonitionibus

1868 3594 2284 3649 emendationem
2314 3594 2435 3649 aliis
2465 3598 2829 3661 adnuntstrat,
2866 3594 2975 3663 ipse
3012 3594 3240 3663 efﬁcitur
3262 3609 3293 3644 a
3325 3592 3460 3644 vitiis

1868 3685 2187 3740 emendatus.
2238 3684 2299 3740 ln
2332 3695 2352 3723 ε
2385 3685 2615 3740 concilio
2646 3683 2801 3739 Rom.
2834 3699 2921 3747 ιιι,
2968 3682 3175 3758 habito.
3201 3696 3288 3736 an.
3332 3680 3458 3747 60!,

1870 3777 2163 3847 prohibens
2203 3777 2257 3830 in
2298 3775 2640 3831 monasteriis
2668 3775 2861 3829 missas
2900 3772 3144 3844 publicas
3172 3771 3457 3839 celebrari,
3498 3776 3501 3781 ‘

1870 3881 1938 3921 ne
1968 3866 2149 3935 populi
2184 3864 2481 3933 frequentia
2511 3872 2566 3918 et
2604 3864 2891 3917 mulierum
2922 3876 3143 3916 accessu
3177 3875 3458 3915 servorum

1871 3956 1965 4011 Dei
1989 3955 2146 4025 quies
2171 3954 2495 4019 turbaretur,
2521 3952 2666 4008 addit
2694 3970 2706 4005 :
2739 3949 2889 4016 Quod
2912 3952 3120 4005 omnino
3141 3967 3233 4005 nec
3253 3951 3459 4018 expedit

1872 4046 2144 4101 animabus
2188 4062 2396 4111 eorum,
2443 4060 2564 4115 qua:
2605 4043 2828 4100 totidem
2857 4043 3034 4099 verbis
3061 4044 3323 4097 habentur
3356 4043 3458 4100 Re-

1870 4137 1982 4210 gul.
2012 4136 2215 4193 Bened.
2245 4152 2296 4191 c.
2322 4136 2413 4190 66.

1941 4228 2139 4283 Verum
2178 4228 2236 4281 in
2266 4226 2615 4296 Expositione
2656 4225 2777 4281 libri
2817 4242 2835 4280 ι
2890 4224 3094 4294 Regum
3126 4223 3461 4294 frequentius

1872 4319 2093 4388 Regulae
2118 4318 2484 4373 Benedictina:
2512 4317 2808 4373 sententias
2835 4323 2892 4371 et
2916 4318 3080 4371 verba
3110 4316 3339 4386 ipsemet
3365 4314 3459 4369 ad-

1872 4409 2053 4476 hibet;
2087 4424 2186 4464 nec
2213 4408 2405 4463 mirum
2426 4447 2442 4473 ,
2474 4423 2595 4485 cum
2627 4416 2752 4462 tunc
2777 4405 2944 4461 abbas
2972 4414 3152 4471 esset,
3186 4414 3351 4476 atque
3380 4405 3461 4462 his

173 4504 376 4574 quibus
407 4502 751 4567 ordinandis,
782 4504 1101 4558 auctoritate
1129 4501 1452 4557 sanctissimi
1480 4500 1767 4573 pontificis,
1806 4498 1850 4557 D
1877 4502 2113 4557 homiliis
2150 4517 2278 4557 suos
2305 4502 2549 4556 alumnos
2575 4500 2640 4554 ad
2681 4500 2993 4556 monasticm
3022 4499 3142 4554 vi'te
3170 4498 3461 4570 perfectio-

174 4595 325 4649 velut
367 4595 637 4665 praepositi
665 4595 929 4663 generalis
959 4594 1192 4649 officium
1222 4595 1478 4663 gerebat;
1517 4593 1655 4663 quod
1687 4591 1770 4645 Vel

175 4700 249 4740 ex
299 4686 515 4740 laudata
547 4700 634 4754 ep.
677 4684 747 4738 48
788 4685 880 4739 lib.
930 4701 982 4739 ιι
1025 4685 1211 4755 liquet.
1250 4683 1366 4751 Qua
1409 4698 1538 4737 vero
1569 4685 1774 4738 ratione

177 4774 483 4844 Gregorius
511 4776 695 4844 objicit
724 4773 923 4829 Urbice
946 4783 1002 4829 et
1029 4776 1308 4831 monachis
1333 4776 1380 4829 ei
1410 4774 1638 4829 subditis
1672 4773 1770 4828 Re-

177 4869 360 4943 gulam
389 4867 771 4923 Monac/torum
798 4883 892 4923 seu
924 4868 1184 4938 Regulam
1222 4867 1277 4922 S.
1322 4867 1621 4931 Benedicti,
1668 4868 1772 4921 hoc

177 4959 342 5014 titulo
369 4958 626 5027 deinceps
655 4959 707 5012 in
730 4957 757 4996 ι’
782 4956 1037 5013 Conciliis
1083 4959 1278 5029 passim
1320 4967 1375 5013 et
1420 4957 1561 5028 apud
1600 4960 1772 5013 ece'e-

176 5049 433 5104 siasticos
458 5049 754 5117 scriptores
790 5049 1125 5117 designatam
1146 5091 1164 5118 ,
1195 5050 1294 5103 nisi
1339 5049 1463 5120 quia
1491 5049 1608 5118 ejus
1637 5063 1774 5117 pra:-

177 5143 356 5212 ceptis
386 5140 583 5197 addicti
613 5143 801 5196 erant?
848 5142 918 5195 At
956 5143 1001 5197 si
1041 5158 1140 5213 pro
1177 5143 1295 5210 lege
1336 5141 1633 5196 habebatur
1662 5140 1775 5195 haec

182 5232 394 5301 Regula
437 5233 492 5286 in
542 5233 885 5288 monasteriis
921 5232 1117 5289 Siculis
1158 5248 1190 5287 a
1235 5231 1497 5301 Gregorio
1522 5230 1770 5297 conditis,

180 5338 221 5394 ιι
246 5325 370 5380 :idni
402 5326 566 5380 etiam
595 5324 645 5378 in
676 5325 964 5381 Andreano
995 5326 1177 5383 Romae
1205 5326 1489 5383 ctenobio?

259 5449 287 5477 ι
312 5440 449 5498 Cap.
477 5440 533 5501 2,
566 5454 712 5494 num.
742 5438 795 5494 5.

260 5508 287 5549 δ
310 5510 365 5564 8.
397 5509 723 5565 Benedictus
744 5510 796 5563 in
818 5511 1048 5567 concilio
1078 5509 1234 5566 Rom.
1263 5512 1364 5567 sub
1388 5508 1662 5565 Bonifacio
1683 5509 1777 5575 IV,

183 5591 283 5634 an.
302 5578 427 5644 6H),
460 5595 560 5634 sex
582 5581 737 5635 annis
766 5589 888 5647 post
916 5582 975 5636 S.
1004 5580 1244 5649 Gregorii
1274 5582 1501 5648 obitum,
1540 5580 1779 5649 appella-

185 5655 283 5721 tur
304 5650 673 5721 monachorum
702 5660 1012 5721 prtereptor,
1044 5652 1393 5720 proculdubio
1421 5660 1640 5721 propter
1664 5649 1773 5721 ﬂe-

185 5718 365 5788 gulam
399 5718 773 5781 Monachcrum
801 5718 876 5775 ab?
907 5737 975 5776 eo
1015 5718 1287 5781 scriptam.
1322 5718 1620 5776 Concilium
1650 5718 1775 5773 Clo-

195 5787 528 5845 vcsboveuse
585 5791 635 5844 itt
693 5790 878 5860 Anglia
934 5808 1021 5846 an.
1079 5792 1219 5859 747,
1278 5793 1493 5846 nomine
1559 5790 1773 5861 ltegulze

1878 4607 2003 4647 nem
2030 4591 2290 4647 erndirct.
2320 4590 2377 4645 ln
2408 4589 2720 4661 prtefatione
2749 4590 2816 4644 ad
2846 4590 2988 4644 hunc
3013 4588 3461 4643 commentarium

1878 4682 2140 4753 plurimos
2174 4681 2425 4751 loquendi
2450 4681 2641 4735 modos
2670 4695 2735 4735 ex
2763 4679 2979 4735 laudata
3010 4678 3207 4747 Regula
3241 4678 3459 4747 pe'itos,

1876 4790 2013 4845 quos
2040 4774 2296 4844 colligere
2334 4774 2664 4839 curavimus,
2710 4773 2979 4837 invenies;
3010 4786 3074 4826 ex
3099 4771 3291 4839 quibus
3322 4771 3463 4825 hunc

1878 4874 2085 4921 tantum
2115 4866 2290 4921 locum
2319 4880 2463 4919 nunc
2502 4863 2866 4934 proferemus,
2910 4862 3003 4917 sed
3048 4860 3184 4916 adeo
3215 4858 3460 4913 INCUII'II-

1878 4968 2011 5023 tum,
2044 4965 2103 5012 ut
2130 4957 2195 5010 ad
2224 4955 2556 5027 probandum
2586 4954 2643 5009 8.
2667 4954 2984 5023 Gregorium
3014 4953 3156 5007 beati
3182 4949 3461 5007 Benedicti

1874 5047 2193 5116 discipulum
2220 5047 2380 5101 fuisse
2403 5044 2706 5101 sufficeret:
2734 5044 2927 5110 Quare,
2949 5043 3139 5111 inquit,
3162 5051 3211 5095 et
3232 5040 3461 5111 ejusdem

1877 5140 2183 5193 arctissimw
2228 5140 2344 5193 vita:
2389 5139 2634 5208 magister
2677 5137 2929 5207 optimus,
2975 5148 3190 5187 summa:
3235 5132 3462 5185 veritatis

1878 5233 2154 5303 discipulus
2182 5234 2434 5304 prccipit,
2467 5234 2671 5286 dicens:
2707 5230 2924 5286 Probate
2952 5230 3162 5298 spiritus
3191 5230 3237 5285 si
3263 5246 3327 5283 ex
3351 5227 3463 5284 Deo

1876 5336 2032 5394 sunt;
2063 5336 2118 5383 et
2151 5327 2279 5384 item
2306 5345 2318 5381 :
2350 5325 2667 5380 Nuntientur
2696 5326 2743 5378 ei
2772 5325 2902 5377 dura
2929 5334 2978 5377 et
3020 5318 3323 5394 aspera‘per
3348 5336 3463 5395 qua

1891 5442 2198 5497 monastir-a:
2249 5440 2435 5495 laudat
2492 5437 2743 5508 Regulam
2811 5437 2875 5508 8.
2934 5436 3246 5508 Benedicti,
3309 5438 3464 5508 cujus

1885 5509 2101 5565 adducit
2124 5512 2237 5580 ipsa
2265 5512 2426 5567 verba
2448 5525 2514 5565 ex
2536 5506 2654 5580 cap.
2682 5507 2768 5563 58.
2794 5507 2999 5563 Caetera
3020 5506 3233 5580 omitto.

1960 5591 1983 5651 ἐ
2015 5578 2154 5636 Vide
2179 5583 2268 5636 lib.
2294 5596 2408 5649 vttt,
2435 5596 2522 5651 ep.
2549 5578 2637 5645 l5,
2662 5588 2717 5635 et
2744 5587 2927 5634 notam
2953 5595 3007 5651 ιι,
3039 5578 3105 5651 in_
3120 5592 3226 5651 qua
3248 5580 3462 5636 concilii

1885 5650 2042 5717 hujus
2067 5651 2124 5704 lit
2153 5652 2375 5707 mentio.
2407 5648 2739 5706 Si'lacioiam
2770 5651 2912 5705 illam
2941 5650 3010 5705 de
3038 5648 3212 5720 missis
3240 5651 3465 5720 publicis

1883 5722 1950 5794 ab
1992 5721 2235 5794 hujusce
2256 5722 2447 5794 synodi
2475 5722 2609 5779 actis
2637 5736 2880 5789 reseces;
2912 5720 2999 5776 vix
3024 5719 3092 5777 ab
3118 5718 3211 5777 illa
3236 5718 3459 5794 epistola

1884 5790 1949 5846 15
1978 5790 2321 5865 discrepabit.
2406 5804 2409 5807 ‘
