3992 6306
534 280 640 335 250

1023 276 1077 331 S.
1123 273 1454 332 GREGORZI
1498 271 1709 329 MAGNI
1750 268 1932 331 VITA,
1978 265 2066 319 EX
2110 262 2270 319 EJUS
2315 259 2614 316 SCRIPTIS
2654 255 3055 314 ADORNATA.
3100 252 3229 308 LIB.
3274 250 3313 306 1.

3697 250 3816 306 260

524 398 633 451 itur
675 395 743 449 ad
772 393 935 449 Deum
965 402 1017 447 ut
1045 395 1176 447 sciat
1215 391 1283 445 ad
1322 389 1457 460 quod
1494 390 1686 450 intrat;
1732 398 1854 454 quae
1890 397 2007 450 cap.
2046 377 2113 432 58
2146 384 2194 442 Α
2222 377 2262 430 Β
2294 384 2498 430 tantum
2541 374 2874 427 observetur.
2924 366 3242 436 Quanquam
3290 363 3397 418 hoc
3436 377 3634 419 nomen
3680 364 3825 418 Ber-

530 487 660 555 Reg.
688 484 909 540 totidem
942 484 1050 538 fere
1077 482 1252 536 verbis
1280 486 1511 534 exstant.
1543 477 1807 531 Caeterum
1836 485 2111 527 commen-

529 578 720 631 tarium
750 576 896 647 illum
927 574 1187 641 Gregorio
1209 571 1482 624 vindicare
1510 558 1567 621 et
1592 579 1834 620 asserere
1861 564 1965 617 hoc
1990 562 2111 615 loco

525 663 856 734 superﬂuum
897 663 1052 723 foret,
1086 676 1205 713 cum
1236 659 1287 712 id
1318 659 1367 711 in
1398 655 1707 726 praefatione
1737 653 1932 723 prmvia
1974 667 2110 721 prte-

525 757 836 810 stiterimus.
864 753 1043 820 Neque
1076 760 1251 803 tamen
1284 747 1423 801 inlici
1445 762 1486 801 IS
1527 747 1697 814 imus,
1723 745 1902 812 aliqua
1932 756 2050 795 esse
2079 756 2110 794 a

525 846 749 899 Claudio
779 846 972 898 abbate
1012 842 1225 903 addita;
1270 839 1363 894 sed
1406 839 1450 892 si
1492 838 1624 891 velis
1653 851 1773 905 quae
1802 851 1871 889 ex
1903 832 2108 901 Regula

525 932 581 986 8.
634 932 906 985 Bened-cti
955 931 1270 999 deprompta
1319 935 1474 989 sunt,
1518 924 1745 979 Claudio
1787 922 2107 987 tribuenda,

526 1022 663 1075 idem
687 1028 931 1088 superest
958 1027 1330 1088 argumentum
1354 1018 1421 1072 de
1451 1017 1797 1071 Benedictina
1826 1014 2029 1082 Regula
2056 1014 2110 1067 in

529 1111 859 1166 monasterio
901 1110 957 1164 S.
1009 1110 1238 1163 Andrea:
1285 1117 1502 1176 recepta
1553 1106 1749 1160 nostris
1796 1102 2113 1158 adversariis

526 1198 949 1255 dissolvendum.
995 1200 1252 1253 Nimirum
1284 1198 1440 1266 hujus
1469 1197 1712 1252 aseeterii
1741 1196 1984 1249 alumnus
2015 1192 2112 1249 fuit

529 1289 814 1352 Claudius,
866 1301 921 1345 et
959 1292 1057 1345 sub
1083 1290 1290 1343 abbatis
1315 1288 1557 1356 Gregorii
1602 1286 1877 1354 disciplina
1906 1284 2110 1353 positus

528 1389 816 1449 exceperat
842 1396 962 1450 quae
1003 1388 1219 1434 sanctus
1244 1387 1396 1447 pater
1426 1378 1491 1436 de
1521 1378 1668 1430 libris
1706 1375 1909 1443 Regum
1940 1374 2109 1428 disse-

529 1485 640 1524 rue:
658 1480 713 1524 at
733 1480 787 1524 et
808 1480 1155 1540 exposuerat,
1187 1478 1247 1523 ut
1275 1470 1387 1537 ipse
1418 1475 1643 1521 testatur
1669 1467 1759 1519 lib.
1785 1481 1877 1528 xu,
1906 1479 1991 1533 ep.
2017 1462 2107 1517 24.

530 1562 586 1615 Si
634 1562 812 1629 itaque
861 1562 1114 1615 Claudius
1160 1559 1218 1613 S.
1260 1557 1503 1626 Gregorii
1547 1558 1719 1626 ﬁlius,
1762 1555 1861 1609 sub
1907 1554 2109 1622 Regula

530 1650 586 1704 S.
623 1651 891 1704 Benedicti
921 1651 972 1703 in
1001 1649 1290 1702 Andreano
1318 1646 1647 1701 monasterio
1676 1644 1939 1712 militarit,
1979 1642 2108 1712 quid

530 1739 596 1795 de
620 1748 769 1807 patre
799 1739 1173 1793 sentiendum?

602 1829 653 1882 7.
682 1826 737 1879 2°
763 1826 879 1881 Jam
909 1843 1038 1881 vero
1072 1835 1151 1881 ut.
1171 1828 1341 1897 ipsum
1371 1826 1637 1895 opinionis
1674 1825 1891 1880 Baronii
1920 1824 2111 1880 funda-

530 1924 770 1971 mentum
822 1918 1223 1982 convellamus,
1273 1916 1609 1987 probandum
1665 1925 1749 1970 est
1802 1916 1855 1969 in
1901 1915 2111 1969 Valeria

531 2014 877 2073 prepagatam
910 2006 1073 2059 luisse
1102 2005 1159 2060 8.
1185 2005 1459 2060 Benedicti
1491 2006 1778 2073 Regulam;
1812 2007 1920 2061 imo
1943 2007 2112 2062 solam

531 2094 616 2150 hic
647 2098 877 2165 viguisse
905 2098 1120 2166 quando
1157 2113 1221 2153 ea
1260 2098 1311 2150 in
1343 2099 1619 2168 provincia
1646 2098 1893 2154 Valentio
1922 2114 2113 2153 mona-

529 2188 748 2241 sterium
772 2188 1010 2256 regi-bat.
1044 2187 1100 2242 Id
1123 2198 1299 2243 autem
1321 2189 1469 2244 clare
1488 2189 1886 2244 demonstratur
1910 2206 1974 2243 ex
1997 2192 2110 2258 epi-

529 2276 665 2330 stola
690 2275 933 2329 Fundani
958 2276 1168 2331 abbatis
1190 2276 1255 2330 ad
1277 2276 1626 2346 Simplicium,
1654 2278 1869 2333 tertium
1890 2276 1986 2333 aS.
2011 2279 2112 2333 Be-

531 2366 746 2445 nedicto
770 2366 1075 2449 Casincnsis
1098 2369 1406 2422 monasterii
1427 2368 1673 2423 abbatem
1702 2369 1929 2438 scripta;
1953 2384 2113 2436 quam

532 2453 872 2510 Mabillonius
902 2457 1117 2511 exhibet
1160 2459 1419 2527 integram
1462 2460 1517 2513 in
1566 2460 1769 2528 prmfat.
1812 2460 1876 2513 ad
1908 2459 2114 2515 Tom.l

450 2597 460 2606 ,
533 2546 654 2598 Aet.
685 2544 1027 2611 Sanctorum,
1058 2562 1121 2603 ac
1142 2548 1333 2604 iterum
1362 2560 1663 2619 propugnat
1687 2551 1880 2604 Annal.
1914 2552 2112 2607 Bened.

534 2635 628 2690 lib.
671 2653 753 2701 vi,
794 2653 940 2691 num.
974 2638 1027 2692 2.
1074 2639 1292 2696 Summa
1332 2644 1574 2712 cpistola:
1610 2655 1719 2705 est,
1769 2658 1834 2698 eo
1873 2652 2115 2714 tempore

533 2729 705 2779 omnia
727 2726 1043 2797 Campaniae,
1076 2730 1329 2797 Samnite,
1361 2734 1596 2797 Valerite,
1625 2733 1842 2797 Tusciw,
1871 2733 2112 2805 Liguriw,

531 2828 578 2877 et
605 2816 830 2869 etiamm
869 2817 1044 2873 Italia:
1087 2824 1462 2890 provinciarum
1497 2827 1838 2891 monasteria,
1886 2827 2115 2881 dimissis

533 2907 890 2973 peculiaribus
938 2910 1191 2980 Regalis,
1238 2913 1635 2971 Benedictinam
1673 2934 1889 2972 servare
1926 2919 2115 2974 dcere-

534 2997 688 3049 visse.
723 2996 872 3053 Hunc
898 3001 1177 3068 epistolam
1211 3004 1260 3057 in
1289 3005 1474 3060 codice
1501 3022 1657 3060 manu
1681 3017 1904 3062 exarato
1927 3009 2113 3077 explo-

2216 477 2362 531 nart,
2406 482 2436 520 a
2467 466 2641 533 lingua
2672 462 2971 518 Gothorum
3005 474 3113 513 non
3148 458 3373 511 multum
3403 456 3703 510 abhorrere
3739 457 3823 511 vi-

2215 561 2425 624 deatur,
2459 559 2512 611 in
2541 572 2645 625 qua
2675 555 2839 609 multa
2869 551 3214 620 reperiuntur
3241 548 3539 603 desinentia
3573 547 3627 600 in
3658 547 3815 608 hort,

2213 662 2439 716 quorum
2468 658 2492 683 ἰ
2524 646 2670 697 varia
2719 641 2965 711 exempla
3015 639 3233 693 exhibet
3274 636 3606 704 Smaragdus
3643 636 3826 688 abbas

2214 737 2593 794 Commentarii
2618 737 2670 788 in
2688 734 2956 788 Donatum
2988 731 3078 784 lib.
3111 746 3168 795 ιι,
3197 743 3315 797 cap.
3345 727 3432 780 10.
3458 726 3569 781 Nec
3591 727 3820 785 mirum.

2214 838 2495 899 postquam
2518 825 2680 881 Gothi
2708 826 2798 880 diu
2818 823 3023 878 Italiam
3047 828 3472 890 occupaverunt,
3505 818 3721 886 aliquos
3744 832 3818 871 ex

2214 917 2301 971 illa
2330 926 2492 985 gente
2514 929 2808 971 conversos
2834 914 2889 967 in
2917 908 3084 966 Italia:
3111 908 3475 981 monasteriis,
3506 915 3822 978 posteaque

2213 1008 2432 1063 abbates
2458 1006 2647 1061 factos.
2680 1005 2747 1058 Et
2772 1004 2988 1073 quidem
3011 1018 3085 1057 vn
3114 1001 3311 1056 saeculo
3343 1001 3483 1054 inter
3521 998 3823 1069 episcopos

2214 1100 2608 1155 Cremonenses
2660 1111 2795 1151 unus
2848 1102 3159 1151 recensetur
3204 1091 3511 1145 Bernardus
3565 1089 3820 1153 nomine,

2212 1191 2378 1244 Italia:
2403 1204 2571 1244 sacrae
2602 1197 2746 1241 tomo
2782 1186 2872 1241 lV.
2906 1185 3059 1251 Quod
3086 1191 3293 1253 spectat
3321 1181 3388 1235 ad
3423 1180 3569 1235 aliud
3607 1194 3821 1235 nomen

2215 1288 2273 1333 ut
2308 1280 2399 1334 illo
2429 1279 2627 1333 smculo
2657 1277 2894 1330 insolens
2917 1290 2946 1327 a
2970 1273 3219 1327 Gallonio
3249 1279 3492 1326 notatum
3536 1269 3692 1339 Hugo
3726 1269 3820 1322 vel

2218 1372 2264 1427 U
2269 1390 2363 1443 go,
2395 1371 2607 1427 videtur
2635 1370 2796 1424 etiam
2823 1367 3110 1423 Gothicam
3141 1365 3404 1435 originem
3450 1372 3544 1416 aut
3571 1361 3820 1416 Thcodi-

2213 1480 2358 1520 scam
2386 1478 2483 1517 seu
2508 1460 2886 1516 Germanicam
2911 1458 3149 1514 redolere
3175 1474 3187 1509 :
3219 1455 3351 1509 nihil
3381 1455 3525 1508 enim
3557 1452 3818 1521 frequen-

2214 1556 2318 1610 tius
2359 1556 2499 1609 inter
2528 1554 2645 1608 illas
2683 1550 3135 1621 septentrionales
3162 1555 3381 1616 gentes,
3428 1562 3658 1616 quarum
3700 1558 3816 1599 una

2213 1648 2365 1716 origo
2390 1655 2503 1711 est,
2540 1644 2803 1708 occurrit,
2845 1658 3008 1711 quam
3035 1638 3294 1695 vocabula
3325 1639 3378 1692 in
3411 1636 3526 1691 God
3561 1635 3647 1690 vel
3674 1634 3814 1690 Cotta

2147 1755 2188 1812 Β
2215 1739 2484 1793 cadentia.
2512 1737 2697 1806 Neque
2717 1735 2934 1816 aliunde
2957 1733 3027 1787 ob
3057 1746 3217 1785 unam
3241 1729 3485 1784 voculam
3508 1729 3693 1783 debuit
3722 1730 3814 1781 in—

2219 1838 2426 1897 tegram
2468 1826 2779 1897 epistolam,
2830 1826 2883 1878 in
2912 1823 3273 1893 suspicionem
3310 1818 3509 1873 fraudis
3539 1819 3814 1873 adducere

2214 1919 2522 1982 Gallonius,
2563 1930 2684 1971 cum
2714 1914 2949 1982 alioquin
2977 1914 3091 1983 ipse
3118 1912 3319 1980 primus
3346 1909 3573 1963 ediderit
3602 1924 3673 1963 ex
3698 1907 3813 1961 Va-

2216 2012 2391 2067 ticano
2430 2010 2617 2065 codice
2653 2009 2913 2077 quosdam
2943 2022 3130 2059 versus
3159 2004 3229 2059 de
3271 2011 3454 2059 nostro
3494 2001 3810 2071 Simplicio,

2213 2104 2305 2173 qui
2333 2101 2614 2157 manifeste
2637 2101 2834 2156 docent
2862 2113 2984 2153 eum
3006 2096 3065 2151 8.
3094 2095 3368 2151 Benedicti
3394 2093 3657 2162 Regulam
3686 2108 3813 2161 pro-

2213 2209 2434 2265 pagasse
2461 2194 2517 2246 in
2546 2207 2742 2245 omnes.
2793 2189 2864 2244 De
2904 2188 2986 2243 his
3015 2186 3289 2253 versibus,
3334 2192 3393 2238 ut
3432 2184 3498 2237 de
3542 2190 3660 2237 toto
3703 2183 3811 2236 hoc

2214 2294 2560 2355 argumento,
2613 2285 2730 2352 lege
2772 2282 2974 2337 Mabill.
3030 2288 3165 2337 tom.
3213 2279 3257 2333 ll
3301 2278 3652 2347 Analect.,p.
3701 2275 3811 2330 200

2214 2387 2269 2431 et
2297 2391 2410 2445 seq.

2285 2465 2338 2521 9.
2368 2468 2430 2521 5°
2462 2465 2699 2521 Tametsi
2721 2465 2993 2535 disputare
3020 2479 3124 2518 non
3155 2470 3237 2518 est
3265 2462 3479 2516 animus
3500 2460 3566 2515 de
3586 2459 3807 2527 vulgato

2215 2558 2531 2613 Sublaeensi
2552 2557 2862 2626 privilegio,
2891 2570 2998 2625 quo
3028 2555 3177 2609 aiunt
3204 2553 3262 2609 S.
3293 2552 3613 2621 Gregorium
3638 2551 3691 2605 in
3716 2567 3810 2621 sy-

2215 2648 2358 2703 nodo
2388 2647 2647 2715 Regulam
2679 2645 2737 2700 S.
2770 2645 3043 2700 Benedicti
3085 2643 3461 2709 conﬁrmasse,
3511 2643 3810 2696 observan-

2215 2741 2445 2809 damque
2464 2738 2745 2792 monachis
2776 2736 3024 2791 omnibus
3051 2736 3103 2789 in
3125 2734 3364 2790 Ecclesia
3388 2733 3576 2787 Latina
3606 2748 3810 2803 propo-

2218 2832 2389 2886 suisse
2417 2848 2431 2883 :
2465 2829 2516 2884 id
2538 2836 2686 2884 certe
2708 2844 2738 2880 a
2759 2827 3098 2882 sanctissimo
3127 2840 3265 2896 papa
3297 2826 3497 2878 laetum
3518 2822 3810 2891 aliquando

2219 2925 2468 2979 dubitare
2486 2924 2572 2976 vix
2599 2936 2903 2991 possumus,
2935 2926 3057 2988 post
3086 2919 3412 2973 luculentum
3436 2915 3568 2970 illud
3593 2912 3810 2970 concilii

2219 3014 2562 3069 Duziacensis
2589 3030 2624 3067 ιι
2658 3012 2781 3083 (An.
2806 3010 2934 3079 874)
2970 3010 3336 3064 testimonium
3366 3023 3487 3077 cap.
3508 3007 3574 3059 7:
3608 3005 3811 3059 Eadem

535 3088 669 3140 ravit
692 3089 863 3143 Lucas
884 3089 1188 3149 Holstenius
1209 3096 1468 3159 eruditus,
1493 3098 1830 3152 bibliothecae
1845 3099 2116 3155 Vaticana:
2143 3114 2185 3171 (ς
2220 3104 2419 3176 Regula
2448 3103 2535 3173 (S.
2572 3101 2881 3171 Benedicti)
2914 3111 3091 3155 sancto
3123 3100 3322 3170 Spiritu
3352 3100 3718 3170 promulgata,
3758 3104 3813 3150 et

536 3180 848 3249 prmfectus,
897 3198 1103 3251 suoque
1159 3186 1369 3241 calculo
1416 3190 1808 3257 comprobavit.
1861 3190 2114 3246 Eumde'm

537 3267 778 3321 codicem
830 3272 1097 3325 recensuit
1145 3290 1358 3344 quoque
1406 3277 1775 3345 Mabillonius,
1829 3297 1927 3336 nec
1983 3283 2116 3337 ullas

538 3356 737 3412 lraudis
783 3369 938 3414 notas
966 3363 1286 3419 observavit.
1330 3367 1470 3436 Ergo
1499 3370 1663 3438 paulo
1694 3357 1815 3439 post
1856 3372 1915 3427 S.
1944 3373 2116 3428 Bene-

539 3449 664 3505 dicti
695 3451 898 3506 obitum
931 3466 1156 3509 monastt
1176 3460 1254 3511 ria
1284 3460 1441 3513 etiam
1476 3461 1727 3528 Valeriae,
1760 3464 1858 3518 etsi
1892 3464 2118 3521 fortasse

539 3544 687 3610 prius
726 3546 793 3597 ab
824 3544 1038 3614 Equitio
1086 3548 1355 3612 instituta,
1405 3553 1728 3607 sanctissimi
1775 3553 2117 3623 Legislatoris

539 3632 796 3702 Regulam
827 3639 1187 3692 sectabantur.
1222 3641 1331 3696 Nec
1368 3645 1561 3697 mirum
1591 3660 1654 3699 ea
1684 3647 1925 3701 emnobia
1948 3689 1960 3711 ,
1994 3648 2115 3715 qui-

540 3726 634 3777 bus
660 3727 715 3779 S.
738 3725 978 3795 Equitius
1000 3731 1199 3784 nullan]
1222 3740 1421 3787 Cet‘lam
1452 3734 1707 3803 Regulam
1730 3739 2115 3805 assignaverat,

538 3827 722 3886 postea
753 3818 895 3872 illam
921 3819 1296 3876 Monac/torum
1331 3824 1578 3896 Regulam
1601 3827 1906 3882 discretione
1934 3832 2118 3897 praeci-

539 3925 691 3977 puam
739 3912 1097 3980 assumpsisse.
1150 3914 1260 3967 [mo
1303 3919 1479 3984 potius
1520 3918 1774 3973 miraculo
1817 3922 2115 3988 proximum

539 3997 840 4066 videretur,
874 3999 930 4054 S.
964 4000 1237 4058 Benedicti
1269 4004 1560 4073 Regulam,
1593 4022 1708 4076 qum
1735 4011 1917 4063 statim
1947 4026 2010 4065 ac
2038 4020 2120 4065 est

537 4088 784 4150 condita,
834 4091 887 4144 in
925 4092 1205 4147 duodecim
1239 4099 1575 4151 monasteriis
1603 4098 1831 4153 Sublaco
1860 4104 2118 4171 proximis

537 4181 821 4235 observata
849 4190 948 4247 est,
976 4195 1159 4253 postea
1181 4186 1329 4241 brevi
1357 4191 1614 4258 temporis
1634 4191 1913 4246 intervallo
1939 4192 1991 4246 in
2014 4192 2119 4247 Ca-

538 4270 739 4323 siuensi
768 4282 823 4325 et
851 4271 1219 4331 Terraeinensi
1252 4279 1507 4332 coenobiis
1530 4280 1798 4345 instituta,
1837 4284 2011 4337 adhuc
2039 4285 2113 4336 vi~

538 4370 697 4415 vente
725 4361 783 4416 8.
814 4362 1188 4428 Benedicto,in
1219 4368 1398 4423 Sicilia
1424 4380 1479 4423 et
1508 4373 1665 4439 paulo
1698 4384 1815 4442 post
1847 4376 1900 4427 iu
1932 4375 2118 4429 Galliis

2216 3193 2388 3248 laudis
2428 3192 2735 3246 auctoritate
2764 3190 2901 3244 beati
2926 3205 3075 3261 papae
3102 3187 3338 3260 Gregorii
3367 3190 3498 3241 inter
3525 3186 3815 3240 canonicos

2216 3285 2499 3354 scripturas
2554 3292 2604 3337 et
2655 3282 3026 3336 catholicorum
3075 3280 3339 3335 doctorum
3396 3280 3591 3348 scripta
3649 3279 3812 3332 teneri

2219 3376 2425 3428 decreta
2452 3382 2547 3427 est.
2583 3373 2737 3440 Quod
2760 3389 2882 3427 cum
2912 3372 3102 3427 relerri
3145 3388 3250 3426 non
3282 3371 3447 3439 possit
3487 3370 3555 3422 ad
3585 3384 3710 3438 cap.
3744 3366 3816 3420 56

2218 3469 2312 3524 lib.
2340 3484 2378 3523 ιι
2405 3467 2749 3536 Dialogorum
2775 3466 2899 3537 (etsi
2922 3465 3064 3520 enim
3087 3464 3289 3532 Regula
3311 3462 3368 3518 S.
3398 3461 3677 3516 Benedicti
3708 3460 3814 3514 hoc

2220 3556 2470 3611 laudetur
2499 3556 2619 3611 loco
2638 3597 2654 3623 ,
2698 3555 2902 3609 nullum
2932 3562 3112 3609 tamen
3140 3553 3214 3607 ibi
3235 3552 3302 3607 de
3331 3567 3393 3605 ea
3420 3552 3701 3605 decretum
3734 3550 3813 3603 lc-

2218 3649 2408 3719 gitur),
2436 3662 2499 3702 ea
2516 3647 2582 3701 de
2606 3662 2664 3701 re
2691 3645 3085 3716 SJGregorium
3110 3646 3162 3698 in
3185 3644 3385 3714 synodo
3410 3643 3647 3698 edixisse
3671 3656 3813 3711 pene

2219 3748 2454 3795 constat.
2476 3739 2703 3795 Accedit
2720 3737 2980 3794 Bonifacii
3004 3736 3070 3791 1V
3092 3748 3145 3792 et
3168 3737 3377 3791 concilii
3402 3735 3560 3789 Rom.
3586 3750 3677 3788 an.
3708 3732 3816 3787 610

2220 3831 2531 3886 auctoritas.
2579 3830 2710 3884 Cum
2737 3829 2883 3884 enim
2913 3826 3137 3883 clericos
3166 3827 3305 3880 inter
3331 3834 3385 3879 et
3414 3824 3716 3877 monachos
3745 3823 3815 3877 de

2220 3923 2415 3977 muniis
2444 3920 2825 3976 ecclesiasticis
2854 3926 2974 3974 orta
2999 3926 3142 3973 esset
3163 3915 3554 3983 controversia,
3585 3913 3811 3968 Bonifa-

2219 4016 2335 4071 cius
2360 4022 2416 4069 et
2444 4014 2633 4085 synodi
2661 4013 2850 4067 Patres
2870 4026 2934 4066 ex
2964 4010 3170 4078 Regula
3194 4008 3251 4063 8.
3279 4007 3586 4071 Benedicti,
3619 4011 3814 4075 utpote

2218 4106 2327 4175 jam
2358 4107 2498 4160 inter
2537 4105 2790 4159 canonica
2832 4102 3031 4171 scripta
3066 4100 3320 4156 Ecclesiae
3359 4106 3564 4154 statuto
3614 4098 3809 4161 relata,

2221 4200 2368 4253 litem
2397 4194 2688 4250 ﬁniendam
2736 4196 2899 4265 208
2941 4201 3294 4257 censuerunt,
3340 4191 3812 4256 decreveruntque

2222 4289 2514 4345 monachos
2543 4302 2574 4340 a
2611 4286 2781 4341 sacris
2817 4284 3125 4338 ministeriis
3157 4298 3261 4338 non
3293 4280 3592 4335 arcendos:
3629 4278 3812 4347 Neque

2222 4381 2378 4444 enim,
2412 4377 2583 4447 inquit
2611 4374 2873 4445 pontifex,
2907 4373 3235 4436 Benedictus,
3261 4370 3635 4425 monachorum
3663 4384 3806 4438 pra:—

538 4450 904 4520 disseminata,
937 4455 1003 4508 ab
1030 4456 1273 4526 llispanis
1301 4461 1535 4528 expetita
1565 4471 1619 4515 et
1647 4463 1816 4527 culta;
1852 4480 1883 4516 ιι
1896 4480 2017 4532 sque
2046 4464 2113 4517 nd
2150 4488 2195 4543 ι)
2221 4478 2413 4539 ερριον,
2445 4468 2596 4538 hujus
2625 4468 2699 4520 rei
2726 4466 2897 4536 aliqua
2926 4464 3077 4518 modo
3108 4465 3204 4533 fuit
3230 4462 3555 4515 interdictor.

539 4551 780 4611 tempora
810 4543 866 4599 S.
893 4543 1135 4613 Gregorii
1168 4548 1217 4601 in
1261 4552 1531 4619 provincia
1563 4552 1785 4607 Valeria:
1814 4569 1920 4607 non
1958 4555 2113 4621 longe

537 4646 566 4684 a
594 4633 827 4689 Sublaeo
866 4635 1079 4699 dissita,
1127 4638 1449 4707 incognitam
1483 4651 1537 4695 et
1571 4644 1864 4708 neglectam
1896 4660 2114 4712 prorsus

538 4722 731 4788 fuisse;
780 4726 856 4780 ita
896 4736 952 4780 ut
993 4729 1069 4782 sic
1108 4745 1332 4799 arguere
1364 4748 1483 4787 cum
1516 4732 1744 4788 Baronio
1784 4735 1976 4788 liceat:
2010 4736 2114 4789 Va-

537 4814 704 4870 lentio
749 4818 801 4871 in
847 4818 1056 4874 Valeria
1098 4823 1394 4878 monachus
1438 4833 1493 4878 et
1528 4824 1694 4878 abbas
1736 4825 1864 4891 fuit;
1915 4841 2043 4895 ergo
2083 4843 2113 4882 a

537 4903 597 4962 S.
629 4905 902 4963 Benedicti
932 4909 1136 4978 legibus
1166 4928 1382 4982 prorsus
1410 4914 1578 4981 liber,
1626 4915 1779 4968 alteri
1819 4932 1979 4984 quant
2013 4917 2113 4972 Be-

537 4998 818 5053 nedictinm
846 4999 1061 5068 Regulae
1090 5004 1329 5071 parebat.

608 5091 661 5145 8.
704 5089 832 5146 Scio
878 5089 1184 5147 Gallonium
1214 5095 1479 5163 opinionis
1508 5095 1725 5149 Baronii
1773 5105 2113 5165 assertorem,

536 5181 604 5234 de
641 5182 884 5249 epistola:
925 5180 1166 5235 Fundani
1210 5183 1417 5237 abbatis
1466 5185 1773 5240 sinceritate
1822 5186 2115 5259 dubitasse,

536 5272 660 5338 quia
684 5272 939 5327 Bernardi
959 5280 1014 5327 et
1032 5272 1273 5343 Hugonis
1297 5274 1530 5337 nomina,
1559 5276 1680 5340 hoc,
1710 5276 1898 5346 inquit,
1922 5280 2116 5334 sacculo

537 5364 717 5433 ignota
740 5366 793 5419 in
822 5380 883 5420 ea
910 5366 1397 5435 deprehenduntur.
1431 5368 1501 5422 At
1521 5368 1776 5426 Bernardi
1799 5389 1990 5429 nomen
2016 5375 2117 5429 hac

537 5454 590 5507 in
613 5458 839 5526 epistola
866 5474 973 5512 non
1004 5460 1171 5529 magis
1196 5461 1512 5529 exprimitur
1539 5478 1698 5533 quam
1727 5464 1809 5519 vel
1836 5464 2119 5521 Bartholo—

536 5548 683 5613 nimi,
715 5549 801 5603 vel
830 5549 1115 5620 Barnabas,
1147 5561 1250 5608 etc.
1289 5554 1422 5610 Cum
1454 5556 1596 5612 vocis
1622 5556 1915 5612 decurtatae
1941 5558 2117 5615 littera

612 5721 637 5746 υ
668 5709 743 5763 Ea
770 5711 885 5778 lege
910 5722 1038 5767 tom.
1066 5715 1107 5768 ll
1127 5718 1365 5772 Analect.
1388 5718 1611 5787 Mabill.,
1633 5737 1683 5790 ρ.
1710 5720 1830 5773 422.

2299 4558 2383 4613 10.
2416 4559 2470 4610 4ο
2503 4558 2660 4612 Aliud
2682 4564 2929 4628 superest
2957 4564 3355 4625 argumentum,
3385 4553 3547 4621 idque
3572 4551 3814 4605 invictis-

2223 4654 2438 4716 simum,
2459 4650 2597 4719 quod
2628 4651 2826 4719 petitur
2853 4664 2916 4703 ex
2942 4647 3373 4717 promulgatione
3396 4644 3615 4712 Regula:
3641 4642 3819 4701 Bene:

2222 4744 2434 4799 dictinze
2478 4744 2527 4797 in
2568 4742 2754 4810 Anglia
2785 4757 2880 4811 per
2910 4740 3202 4795 monachos
3234 4738 3460 4792 Romani
3488 4735 3545 4789 S.
3582 4735 3812 4789 Andreae

2223 4834 2533 4889 monasterii
2560 4849 2590 4887 a
2615 4833 2875 4901 Gregorio
2903 4831 3093 4900 Magno
3133 4830 3321 4884 missm
3346 4847 3361 4891 ;
3408 4838 3463 4882 at
3494 4827 3625 4881 illud
3656 4827 3812 4881 alteri

2222 4925 2344 4980 loco
2392 4940 2766 4987 reservamus,
2817 4924 3279 4992 opportuniusque
3326 4919 3810 4989 pertractabimus.

2220 5016 2435 5085 quando
2474 5017 2541 5069 de
2570 5016 2860 5084 Anglorum
2890 5016 2955 5067 ad
3000 5013 3156 5068 ﬁdem
3188 5013 3550 5067 Christianam
3581 5027 3811 5067 conver-

2220 5108 2409 5170 sione,
2452 5107 2663 5160 illormn
2718 5106 3104 5159 monachorum
3134 5120 3330 5173 opera,
3378 5104 3482 5158 cuit
3520 5105 3805 5173 agendum.

2218 5197 2436 5252 Interim
2456 5213 2584 5252 vero
2603 5197 3023 5265 respondeamus
3040 5196 3236 5264 quibus
3257 5197 3381 5259 lam,
3399 5210 3523 5263 qua:
3549 5194 3807 5249 solvenda

2219 5297 2538 5358 supersunt,
2568 5297 2753 5343 contra
2785 5298 3022 5342 nostram
3059 5288 3382 5342 sententiam
3415 5286 3504 5341 hic
3547 5295 3813 5340 assertam

2223 5379 2306 5433 vel
2326 5379 2435 5446 jam
2467 5378 2713 5447 objectis,
2741 5378 2826 5432 vel
2863 5377 3203 5446 objiciendis.

2293 5469 2380 5524 ll.
2421 5468 2731 5539 Gregorius,
2761 5468 2987 5537 inquies,
3018 5469 3260 5537 quaedam
3297 5469 3365 5524 ab
3386 5467 3592 5537 Regula
3623 5466 3679 5522 S.
3714 5466 3814 5522 Be-

2223 5560 2420 5617 nedicti
2449 5560 2737 5631 plurimum
2765 5560 2977 5616 dissona
3005 5560 3297 5617 constituit.
3344 5559 3481 5613 Nam
3510 5575 3633 5615 cum
3658 5561 3814 5615 novi-
