3992 6304
249 247 353 305 261
741 259 798 315 S.
841 259 1166 318 GBEGOBII
1207 264 1418 321 MAGNI
1463 267 1639 335 VITA,
1686 270 1774 326 EX
1820 271 1981 328 EJUS
2014 273 2324 335 SCRIPTIS
2359 280 2757 342 ADOBNATA.
2800 288 2926 344 LIB.
2972 291 3011 346 l.
3324 328 3327 330 -
3425 303 3530 361 363

248 366 449 420 tiorum
481 371 724 437 probatio
746 371 834 425 vix
857 373 922 426 ad
952 389 1149 428 annum
1181 377 1445 447 integrum
1491 383 1834 451 extendatur,
1864 389 1912 446 Α
1939 394 2050 439 tum
2093 389 2143 442 in
2175 390 2486 458 praefatione
2521 397 2588 450 ad
2647 408 2778 456 tom.
2812 402 2830 455 l
2874 407 2995 460 Act.
3041 406 3386 479 Sanctorum,
3418 425 3529 472 tum

248 455 394 479 ἐκ-.-
449 457 550 479 ls___
570 477 583 479 _
611 462 622 479 I
702 461 738 479 n
759 477 767 479 _
786 476 810 479 ,κ
852 464 866 479 1
1123 467 1189 479 ..Α
1271 470 1303 479 ι.
1554 470 1585 479 ,π
1759 477 1768 479 _
1945 475 1958 479 -
2056 476 2066 479 -
2185 478 2192 479 κ

241 455 398 572 juxta
447 457 645 515 Bened.
701 461 913 532 Regula:
943 481 1062 535 cap.
1120 467 1222 532 58,
1269 470 1500 528 Sanctus
1547 470 1837 544 Gregorius
1945 475 1997 528 in
2025 455 2282 546 singulari
2310 481 2686 542 dissertatione
2726 455 2800 543 De
2838 455 3126 549 nionastica
3155 497 3260 550 vita
3289 455 3529 572 Grbgiir'ii

243 547 340 604 lib.
374 569 428 617 x,
463 569 550 620 ep.
583 554 668 612 24.
699 557 884 610 scribit
933 558 1254 624 Fortunato,
1289 564 1548 635 episcopo
1588 567 1839 638 Neapoli-
1939 564 2123 638 Magni
2152 570 2383 626 analect.
2417 582 2548 628 tom.
2583 575 2653 644 ll,
2686 586 2798 634 tum
2840 582 2894 636 in
2923 547 3526 647 Annalibus

245 651 410 696 tano:
444 643 777 700 Monasteriis
805 651 1040 704 omnibus
1087 653 1393 720 fraternitas
1425 667 1598 711 vestra
1627 659 1837 714 distric-
1940 657 2061 713 linis
2087 659 2177 712 lib.
2213 676 2262 714 Vl
2292 668 2345 715 el
2377 663 2428 716 in
2461 643 2770 734 Appendice
2795 687 2831 733 ι,
2867 672 2953 725 ubi
2982 675 3220 729 secunda
3251 643 3461 752 parte§
3495 681 3526 733 6

243 733 344 786 tius
363 734 656 799 interdicat,
675 746 730 788 ut
747 755 834 792 eos
857 757 983 810 quos
999 743 1066 793 ad
1083 747 1474 801 convertendum
1494 753 1786 821 susceperin

1935 759 2290 804 recensentur
2311 755 2608 818 gravissimi
2639 758 2926 827 scriptores
2951 762 3017 815 ab
3046 762 3192 817 obitu
3221 765 3277 819 S.
3313 733 3523 835 Grego-
3563 825 3570 834 ,

237 823 539 894 priusquam
571 825 831 882 biennium
857 832 908 883 in
934 835 1323 888 conversatione
1351 838 1660 907 compleant,
1688 841 1830 895 nullo

237 912 392 965 modo
421 915 644 968 audeant
673 926 962 973 tousurare.
998 919 1134 990 Ergo
1165 920 1454 993 Gregorius
1486 926 1740 996 Regulam
1769 930 1824 985 S.

236 997 509 1056 Benedicti
549 1020 655 1058 non
703 1017 822 1061 erat
873 1011 1174 1079 amplexus,
1219 1030 1380 1084 quam
1430 1016 1531 1071 hac
1577 1019 1627 1070 in
1675 1029 1829 1088 parte

234 1087 576 1158 improbavit.
611 1095 932 1167 Bespondeo
969 1099 1027 1155 S.
1063 1101 1406 1159 Benedictum
1429 1145 1446 1171 ,
1495 1109 1595 1160 etsi
1626 1087 1824 1177 proha-

231 1177 397 1234 tionis
417 1184 741 1239 novitiorum
768 1195 976 1258 tempus
1005 1191 1142 1246 ultra
1173 1209 1370 1248 annum
1399 1211 1500 1250 non
1525 1200 1821 1265 protrahat,

227 1269 455 1359 minime
488 1282 666 1330 tamen
695 1287 880 1334 vetare
914 1282 1137 1338 ulterius
1184 1287 1460 1353 protendi;
1492 1299 1823 1359 quapropter

223 1359 279 1412 in
314 1353 588 1433 plerisque
629 1372 1134 1438 congregationibus
1177 1375 1540 1436 Benedictinis
1577 1382 1821 1438 arctioris

221 1450 608 1524 observantia),
652 1458 877 1514 fratrum
926 1479 1307 1522 conversorum
1340 1472 1641 1537 probationi
1670 1474 1818 1528 bien-

217 1539 374 1593 nium
410 1543 723 1616 impeditur,
751 1558 804 1603 et
829 1553 1079 1607 monachi
1108 1554 1274 1610 choro
1303 1557 1498 1612 addicti
1528 1551 1816 1629 aliquando

213 1629 379 1698 justis
411 1635 478 1691 de
505 1639 679 1694 causis
704 1641 841 1695 ultra
872 1659 1069 1698 annum
1103 1645 1420 1715 probantur,
1447 1650 1614 1706 illazso
1635 1653 1690 1706 S.
1711 1653 1812 1710 Be-

215 1723 422 1778 nedicti
451 1727 671 1798 ejusque
694 1730 907 1798 Regula:
933 1733 1156 1789 honore.
1181 1735 1290 1791 Cur
1319 1752 1500 1794 autem
1530 1741 1586 1796 S.
1614 1742 1814 1814 Grego-
1848 1751 1889 1809 Β

213 1816 332 1870 rius
382 1816 656 1873 biennium
715 1825 1029 1878 exercentis
1085 1827 1539 1900 explorandisque
1596 1835 1811 1890 novitiis

213 1906 571 1976 assignaverit
617 1909 672 1963 in
719 1909 967 1967 dicecesis
1019 1914 1387 1985 Neapolitana:
1431 1927 1806 1992 monasteriis,

213 1995 338 2066 ipse
378 1999 535 2052 docet
584 1999 667 2054 his
693 2002 1185 2060 vetbiszPervenit
1231 2009 1300 2061 ad
1347 2027 1444 2064 nos
1496 2012 1809 2069 Mauricium

210 2087 505 2154 quemdam,
536 2091 620 2158 qui
643 2107 806 2161 nuper
835 2094 888 2147 in
911 2100 1224 2152 monasterio
1256 2098 1572 2156 Barbaciaui
1598 2121 1810 2159 conver—

208 2193 303 2231 sus
333 2187 427 2245 est,
459 2178 644 2232 ablatis
674 2198 845 2236 secum
884 2186 1002 2239 aliis
1049 2190 1351 2256 monachis,
1388 2193 1512 2262 fuga
1541 2195 1603 2247 de
1629 2197 1803 2251 eodem

207 2271 525 2325 monasterio
575 2273 889 2329 discessisse.
944 2276 1057 2341 Qua
1099 2280 1153 2332 in
1202 2299 1256 2334 re
1302 2284 1607 2350 praedictum
1657 2287 1803 2342 nobis

210 2355 593 2414 Barbacianum
618 2362 726 2416 hac
747 2367 1086 2433 prtecipitatio
1115 2369 1436 2425 vehementer
1462 2385 1690 2440 accusat,
1715 2379 1803 2447 qui

205 2457 400 2502 temere
449 2452 748 2506 saecularem
793 2454 1083 2522 hominem,
1124 2467 1172 2511 et
1214 2475 1317 2513 non
1363 2470 1484 2515 ante
1531 2463 1800 2532 probatum

205 2542 521 2594 tonsuravit.
568 2540 711 2597 Sane
744 2551 824 2598 tot
853 2547 1237 2602 monachorum
1289 2563 1416 2606 ante
1443 2552 1798 2610 sufficientem

201 2630 583 2698 probationem
638 2642 842 2690 temere
897 2636 1252 2694 admissorum
1309 2645 1608 2712 apostasia,
1659 2649 1798 2702 ratio

201 2729 326 2774 erat
375 2723 512 2778 haud
557 2727 857 2794 spernenda
902 2729 1270 2801 decernendi,
1318 2743 1376 2788 ut
1417 2735 1670 2807 deinceps
1703 2753 1798 2808 per

1933 837 1994 889 rii
2018 875 2032 900 ,
2067 839 2157 905 qui
2190 853 2384 895 nostra:
2414 859 2590 898 causa:
2635 847 3027 917 suﬂragantur;
3073 868 3103 906 a
3131 855 3324 921 quibus
3369 874 3520 912 com-

1932 930 2294 983 memorandis
2316 932 2670 1002 abstinemus,
2698 945 2807 991 tum
2834 941 2976 1007 quod
3007 952 3128 1010 post
3154 953 3231 998 tot
3253 949 3518 1003 rationum

1929 1021 2167 1088 pondera
2195 1023 2285 1077 vix
2331 1025 2666 1092 indigeamus
2711 1031 2964 1096 testibus,
2998 1041 3106 1086 tum
3150 1036 3292 1102 quod
3339 1054 3518 1095 rerum

1925 1108 2271 1164 dicendarum
2320 1107 2617 1168 multitudo
2639 1131 2702 1168 ac
2730 1120 3042 1185 magnitudo
3087 1121 3138 1172 in
3170 1122 3272 1177 hac
3301 1135 3517 1181 contro-

1925 1200 2098 1253 versia
2128 1209 2226 1256 n‘os
2254 1217 2363 1256 non
2393 1204 2536 1257 sinat
2561 1205 2759 1258 diutius
2790 1207 3084 1263 immorari.
3126 1211 3278 1267 Nunc
3307 1216 3431 1282 quid
3460 1216 3515 1271 in

1923 1291 2251 1344 monasterio
2277 1294 2505 1360 gesserit
2531 1292 2846 1362 Gregorius,
2876 1307 3242 1368 quantumque
3270 1303 3322 1356 in
3345 1305 3513 1360 virtu-

1924 1385 2034 1432 tum
2065 1380 2242 1436 studio
2267 1381 2582 1450 profecerit,
2615 1385 2982 1454 inspiciamus.

2534 1474 2762 1531 CAPUT
2802 1477 2893 1532 1V.

1918 1558 2270 1626 Anconem-rost.
2297 1589 2356 1600 ——
2385 1564 2425 1613 l.
2451 1563 2673 1625 Gregorii
2711 1565 2958 1626 profectus
3003 1570 3053 1616 in
3099 1574 3417 1622 monasterio.
3443 1597 3504 1609 —~

1984 1624 2028 1694 2:
2076 1621 2332 1694 Longioris
2373 1628 2430 1694 in
2470 1621 2752 1694 coituorfe
2790 1638 3152 1694 argumentum.
3193 1659 3254 1667 —
3291 1635 3340 1680 3.
3393 1635 3507 1694 Ejus

1985 1685 2278 1746 abstinentia
2324 1693 2375 1734 et
2414 1688 2616 1746 jejnnia.
2650 1689 2786 1736 Unde
2812 1685 3138 1739 uiolestissimi
3165 1694 3341 1742 morbi.
3367 1685 3499 1745 -ἰ.

1985 1744 2141 1810 ipsius
2176 1744 2428 1808 exemplo
2451 1744 2683 1807 quantum
2713 1749 2791 1796 alii
2837 1753 3054 1798 nionachi
3102 1756 3413 1810 profecerim.
3441 1744 3500 1792 ὲ

1978 1807 2027 1869 ὅ.
2073 1807 2177 1869 .lam
2220 1807 2337 1855 tunc
2378 1810 2597 1867 Angliam
2639 1813 2836 1869 cogitat.
2878 1814 3008 1862 νδ.
3050 1807 3123 1862 Fit
3161 1815 3407 1863 diaconus.
3435 1843 3495 1854 —

1977 1867 2023 1915 7.
2069 1868 2111 1930 Α
2155 1881 2254 1930 quo
2299 1872 2544 1929 pontitice.
2567 1897 2628 1911 η-
2660 1867 2723 1919 8Ϊ
2759 1874 2832 1919 An
2877 1875 3108 1923 disconus
3147 1877 3417 1926 cardinalis.
3441 1905 3502 1916 —

1975 1931 2018 1978 9.
2068 1929 2144 1978 An
2190 1930 2575 1981 archidiaconus.
2603 1933 2715 1994 (An.
2741 1936 2849 1995 575,
2871 1935 2982 1996 576,
3011 1939 3129 1998 etc.)

1983 2030 2031 2084 Ι.
2074 2011 2255 2097 Qualis
2284 2034 2339 2087 in
2362 2034 2645 2102 tranquilla
2673 2038 2985 2092 monasterii
3016 2039 3252 2094 statione
3290 2038 3498 2109 Grego-

1907 2121 2021 2176 rius
2046 2123 2298 2187 evaserit,
2331 2124 2445 2192 ipse
2469 2124 2602 2177 mire
2627 2125 2883 2194 depingit,
2910 2128 3033 2181 dum
3063 2130 3311 2184 antissam
3340 2131 3496 2198 quie-

1907 2218 2017 2265 tem
2047 2213 2100 2266 in
2133 2213 2388 2282 pastorali
2418 2228 2566 2278 cura,
2600 2229 2706 2268 non
2737 2216 2975 2270 mentitis
3003 2218 3281 2272 oculorum
3323 2221 3496 2290 lacry-

1906 2300 2036 2366 mis,
2086 2301 2180 2356 sed
2230 2302 2422 2356 intimo
2468 2302 2648 2358 cordis
2688 2305 2888 2372 gemitu
2937 2307 3009 2359 ita
3053 2306 3214 2362 deflet
3248 2327 3260 2360 :
3297 2309 3494 2380 Infelix

1901 2389 2105 2444 animus
2133 2407 2273 2444 meus
2311 2394 2660 2462 occupationis
2690 2410 2798 2448 sua:
2839 2395 3072 2460 pulsatus
3120 2398 3345 2463 uulnere,
3388 2418 3492 2454 me-

1899 2481 2049 2534 minit
2074 2481 2242 2551 qualis
2269 2481 2550 2554 aliquando
2601 2500 2657 2536 tn
2702 2495 3017 2540 monasterio
3065 2491 3191 2558 fuit;
3239 2491 3492 2556 quomodo

1898 2571 1944 2623 ei
1967 2569 2196 2625 labentia
2223 2580 2406 2626 cuncta
2425 2573 2599 2628 subter
2619 2592 2726 2628 era-
2749 2585 2802 2642 t;
2828 2587 3074 2648 quantum
3093 2581 3238 2634 rebus
3260 2582 3491 2636 omnibus

1898 2677 2013 2730 quis
2039 2662 2308 2715 volvuntur
2334 2664 2626 2729 eminebat;
2656 2667 2791 2736 quod
2822 2668 2966 2721 nu'la
3005 2670 3105 2723 nisi
3151 2672 3378 2724 caelestia
3405 2689 3490 2726 co-

1896 2754 2063 2822 gitare
2092 2765 2450 2818 consueverat;
2478 2757 2615 2826 quod
2643 2759 2799 2810 etiam
2851 2767 3075 2812 retentus
3105 2777 3336 2828 corpore,
3371 2763 3488 2830 ipsa

1896 2809 1921 2822 ..
2432 2809 2445 2818 .
2490 2809 2503 2826 .
3109 2809 3336 2828 mro”,
3374 2809 3486 2830 ,τη

196 2809 478 2866 biennium
531 2825 910 2871 exercerem“
963 2830 1019 2874 εί
1066 2822 1454 2891 Ρτοδδτθηιυΐν
1506 2835 1795 2899 antequam
1887 2841 2005 2911 jam
2050 2845 2222 2896 carnis
2265 2845 2495 2896 claustra
2545 2847 2977 2916 contemplatione
3025 2849 3311 2913 lransibat;
3355 2852 3488 2920 quod

192 2906 596 2974 professionem
636 2911 964 2968 emitterent.
1031 2982 1049 2998 .

267 2993 569 3067 Opponunt
596 3002 755 3056 etiam
794 2993 1049 3060 nonnulli
1083 3022 1204 3061 cum
1250 3011 1510 3066 cardinali
1560 3013 1790 3070 Baronio

1897 2942 2107 2986 mortem
2135 2951 2351 3004 quoque,
2378 2950 2491 3005 quae
2528 2951 2658 3005 pene
2684 2939 2880 2990 cunctis
2922 2954 3073 3006 paena
3111 2948 3206 3000 est,
3255 2940 3488 2993 videlicet

1893 3033 1950 3075 ut
1983 3025 2272 3093 ingressum
2299 3026 2417 3078 vitae
2447 3033 2496 3078 et
2529 3025 2724 3079 laboris
2760 3029 2838 3080 sui
2864 3029 3134 3096 prcemium
3164 3029 3392 3086 amabat.
3419 3031 3486 3082 At

184 3083 242 3138 S.
279 3084 602 3156 Gregorium
630 3092 970 3160 prohibuisse
988 3097 1187 3166 suscipi
1209 3098 1260 3152 in
1285 3103 1624 3157 monasteriis
1652 3105 1788 3161 ado-
1815 3121 1859 3178 (ς
1892 3131 2029 3168 nunc
2068 3130 2132 3167 ea:
2162 3116 2432 3170 occasione
2461 3132 2602 3170 curae
2641 3118 2920 3186 pastoralis
2960 3120 3286 3172 saecularium
3320 3121 3483 3174 homi-

179 3179 465 3236 lescentes
493 3189 617 3237 ante
655 3184 920 3240 decimum
969 3197 1216 3244 octavum
1265 3193 1442 3247 aetatis
1485 3209 1705 3265 annum,
1735 3209 1792 3252 ut

180 3277 417 3322 constat
456 3287 521 3325 ex
552 3287 639 3342 ep.
673 3272 737 3326 50
763 3275 854 3330 lib.
898 3293 934 3331 ι.
984 3276 1040 3332 ld
1069 3288 1247 3335 autem
1281 3283 1563 3355 manifeste
1589 3297 1792 3356 pugnat

181 3366 389 3411 contra
418 3359 473 3414 S.
509 3359 777 3417 Benedicti
821 3364 879 3418 Ri
901 3370 1100 3436 gulam,
1127 3385 1245 3440 quae
1283 3387 1403 3442 cap.
1436 3371 1503 3428 59
1532 3379 1790 3445 permittit

178 3453 359 3505 etiam
400 3451 629 3508 infantes
657 3455 916 3512 libertatis
947 3467 1000 3512 et
1030 3462 1255 3518 rationis
1283 3475 1536 3534 expertes
1591 3467 1640 3520 in
1672 3483 1788 3523 mo-

177 3543 445 3596 nasteriis
473 3559 502 3596 a
533 3547 848 3614 parentibus
882 3549 1093 3604 oblatos
1123 3554 1381 3622 recipere.

262 3630 680 3700 Respondemus
710 3636 838 3690 illud
871 3636 1113 3708 Gregorii
1145 3640 1320 3711 Magni
1350 3645 1645 3714 decretum,
1677 3663 1784 3704 non

178 3735 290 3788 pro
310 3723 557 3776 omnibus
575 3728 935 3793 monasteriis,
960 3730 1052 3784 sed
1076 3748 1172 3800 pro
1196 3734 1276 3788 his
1305 3744 1508 3789 tantum
1536 3753 1654 3806 qua:
1674 3739 1789 3806 qui-

180 3813 417 3866 busdam
439 3815 488 3868 in
511 3815 699 3870 insulis
721 3817 980 3889 Tyrrheni
1009 3825 1169 3878 maris
1203 3837 1356 3880 erant
1385 3829 1597 3883 (tllltllla
1622 3828 1784 3886 fuisse

180 3908 622 3975 promulgatum;
677 3911 836 3978 idque
882 3914 1012 3968 satis
1059 3915 1233 3968 innuit
1270 3927 1490 3971 sanctus
1545 3920 1784 3987 pontifex

181 3997 319 4050 dum
346 3998 418 4050 ita
448 3999 672 4053 scribit:
708 3998 842 4064 Quia
872 4011 1044 4057 autem
1074 4005 1206 4058 dura
1252 4017 1329 4060 est
1360 4009 1413 4061 in
1444 4010 1630 4063 insulis
1661 4027 1783 4065 cou-

177 4090 423 4159 gregatio
449 4091 839 4151 monachorum,
875 4096 1029 4148 etiam
1050 4112 1234 4165 pueros
1265 4098 1318 4150 in
1348 4099 1542 4153 eisdem
1570 4118 1780 4156 monas-

182 4179 336 4232 teriis
382 4180 603 4249 (insulae
641 4180 1077 4252 Eumorphiante)
1107 4196 1228 4241 ante
1266 4189 1438 4243 decem
1467 4200 1517 4244 et
1547 4200 1659 4245 octo
1681 4210 1780 4246 an-

184 4286 384 4323 norum
431 4279 662 4341 tempora
717 4275 905 4344 suscipi
956 4277 1450 4345 prohibemus.....
1493 4282 1596 4339 hoc
1639 4291 1689 4335 et
1726 4283 1780 4335 in

183 4362 485 4428 Pulmaria,
512 4367 729 4436 aliisque
748 4369 932 4422 insulis
961 4379 1007 4423 te
1033 4387 1122 4440 per
1150 4373 1325 4426 omnia
1351 4374 1578 4428 volumus
1609 4385 1779 4429 custo-

1893 3221 2015 3259 num
2043 3206 2249 3275 negotia
2274 3207 2490 3275 patitur,
2516 3216 2567 3258 et
2595 3215 2709 3276 post
2735 3217 2839 3260 tam
2869 3208 3138 3277 pulchram
3167 3210 3352 3278 quietis
3373 3226 3483 3264 sua:

1890 3299 2129 3368 speciem,
2155 3297 2342 3350 terreni
2370 3307 2514 3351 actus
2541 3299 2746 3367 pulvere
2766 3299 3014 3369 findatur.
3043 3298 3267 3372 Cumque
3303 3319 3358 3356 se
3386 3321 3480 3372 pro

1890 3389 2322 3444 condescensione
2348 3389 2625 3443 multorum
2654 3391 2721 3442 ad
2742 3391 3002 3446 exteriora
3032 3409 3223 3462 sparse;
3239 3395 3299 3454 it,
3323 3397 3478 3448 etiam

1888 3493 2002 3530 cum
2029 3479 2276 3532 interiora
2299 3481 2515 3548 appetit,
2540 3480 2608 3532 ad
2629 3480 2739 3534 hcce
2760 3482 3096 3550 proculdubio
3125 3485 3296 3538 minor
3318 3487 3474 3540 redit.

1887 3565 2161 3636 Perpendo
2208 3569 2376 3638 itaque
2423 3569 2542 3638 quid
2590 3569 2769 3633 tolero,
2814 3572 3074 3640 perpendo
3121 3574 3258 3643 quod
3299 3576 3404 3627 ami
3435 3576 3472 3628 i.

1889 3655 2141 3726 (Prwfat.
2191 3655 2358 3726 Dial.)
2389 3657 2701 3712 Familiares
2744 3670 2868 3712 sunt
2914 3660 3196 3727 Gregorio,
3231 3677 3475 3731 peneque

1887 3746 2173 3809 continute,
2197 3746 2399 3800 similes
2425 3746 2658 3815 querelae
2687 3745 2754 3800 de
2783 3746 2992 3800 atnissis
3015 3750 3326 3802 monastica:
3354 3751 3474 3803 vitm

1885 3835 2065 3902 bonis,
2093 3836 2216 3890 dum
2248 3844 2437 3906 pet-tus
2464 3852 2617 3890 suum
2649 3838 2834 3892 amicis
2863 3837 3120 3906 explicat,
3145 3848 3204 3892 ut
3233 3842 3284 3893 in
3332 3841 3472 3909 cpis-

1886 3925 2033 3991 tolis,
2055 3942 2108 3991 4,
2141 3925 2193 3994 5,
2224 3927 2277 3993 6,
2303 3927 2356 3992 7,
2390 3925 2476 3991 25,
2501 3927 2590 3992 26,
2625 3927 2744 3981 libri
2788 3928 2964 3996 primi,
2994 3937 3049 3982 et
3094 3930 3145 3983 in
3177 3933 3373 3999 praevia
3403 3933 3471 3988 ad

1888 4019 2049 4089 209
2077 4019 2239 4074 libros
2268 4018 2548 4074 Moralium
2578 4018 2834 4088 singulari
2864 4021 3110 4090 epistola.
3159 4021 3214 4075 In
3243 4023 3472 4092 publicis

1885 4107 2046 4161 etiam
2085 4107 2152 4160 ad
2201 4109 2456 4176 populum
2496 4109 2848 4162 contionibus
2875 4109 3116 4165 dolorem
3163 4111 3229 4166 de
3275 4114 3470 4181 prioris

1886 4197 2006 4250 vita:
2037 4198 2090 4251 in
2119 4199 2447 4253 monasterio
2469 4200 2805 4256 sanctissime
2836 4201 3093 4255 institutae
3115 4202 3322 4270 jactura
3353 4220 3470 4275 pre-

1882 4305 2031 4344 mere
2052 4297 2110 4344 et
2129 4291 2383 4345 cohibere
2407 4291 2496 4344 vix
2525 4300 2731 4361 potest:
2753 4279 2836 4344 Et.
2853 4292 3057 4362 quidem
3081 4293 3133 4346 in
3156 4299 3467 4351 monasterio

1881 4381 2106 4449 positus,
2146 4380 2316 4449 inquit
2349 4381 2532 4435 homil.
2560 4380 2839 4435 undecima
2875 4381 2927 4435 in
2951 4380 3308 4448 Ezechielem,
3331 4384 3467 4438 vale-

181 4456 322 4508 dire.
340 4456 564 4511 Causam
590 4458 748 4527 igitur
763 4461 1021 4516 habemus
1034 4478 1131 4517 cur
1146 4463 1515 4521 adolescentes
1540 4466 1775 4521 nondum
1809 4485 1860 4544 ι)
1884 4473 2002 4527 bam
2026 4483 2076 4527 et
2103 4471 2166 4526 ab
2196 4474 2373 4528 otiosis
2402 4473 2631 4543 linguam
2672 4475 3001 4545 restringere,
3031 4483 3080 4528 et
3107 4476 3161 4528 in
3183 4477 3468 4531 intentione

181 4556 412 4601 matura:
436 4550 613 4605 aetatis
641 4559 784 4606 vetet
813 4553 1006 4622 suscipi
1032 4595 1047 4618 ,
1090 4562 1144 4608 et
1175 4557 1468 4611 monachos
1497 4557 1549 4610 in
1580 4558 1661 4613 his
1689 4558 1772 4612 in-

180 4641 318 4692 sulis
348 4640 481 4694 fieri.
533 4641 738 4712 Nempe
785 4644 973 4698 durum
1021 4653 1138 4699 erat
1167 4654 1223 4700 et
1261 4662 1513 4716 asperum
1560 4649 1774 4703 vivendi

179 4743 357 4797 genus
385 4731 435 4783 in
469 4731 572 4786 illis
599 4732 752 4799 locis,
782 4734 894 4790 sive
922 4743 1140 4804 propter
1179 4737 1504 4793 insalubrem
1551 4755 1730 4796 aerem
1757 4782 1772 4807 ,

178 4824 300 4876 sive
331 4832 551 4894 propter
581 4826 680 4880 soli
708 4828 1081 4893 sterilitatem;
1128 4845 1228 4884 nec
1255 4829 1321 4883 ad
1350 4830 1402 4885 id
1434 4831 1772 4887 tolerandum

177 4914 328 4968 vires
358 4915 413 4969 in
441 4923 627 4971 tenera
648 4925 805 4972 actate
829 4921 1209 4988 suppetebant.

252 5005 382 5063 Haec
403 5016 530 5064 sunt
551 5019 989 5077 argumentorum
1016 5022 1284 5067 momenta
1317 5016 1507 5084 quibus
1537 5015 1777 5070 eminen-

179 5097 424 5152 tissimus
444 5097 731 5153 Annalium
753 5098 1250 5156 Ecclesiasticorum
1272 5103 1523 5173 scriptor,
1551 5112 1642 5158 aut
1664 5104 1778 5173 ejus

177 5189 456 5257 opinionis
483 5199 809 5258 assertores,
832 5192 1011 5246 conati
1039 5202 1164 5248 sunt
1204 5195 1465 5249 firmatam
1494 5197 1775 5251 doctorum

178 5282 425 5337 virorum
455 5284 566 5338 fere
597 5285 837 5339 omnium
867 5301 1130 5342 consensu
1152 5330 1168 5355 ,
1220 5296 1298 5342 tot
1343 5305 1372 5343 a
1416 5290 1628 5344 s'eculis
1655 5305 1780 5344 sen-

181 5355 409 5426 tentiam
433 5371 498 5428 de
523 5372 578 5428 S.
615 5373 858 5443 Gregorii
888 5376 994 5429 vita
1018 5377 1313 5430 monastica
1331 5377 1486 5446 juxta
1515 5379 1572 5434 S.
1604 5380 1771 5434 Bene.

183 5459 313 5516 dicti
356 5463 536 5532 leges,
585 5473 847 5520 evertere.
906 5463 1093 5520 Utrum
1139 5474 1527 5523 tormentorum
1559 5471 1773 5525 illorum

183 5548 329 5605 mole
365 5561 506 5614 ruat,
537 5562 632 5607 aut
659 5554 976 5610 inconcussa
1021 5563 1127 5610 stet
1156 5571 1525 5629 prmconcepta
1557 5563 1770 5632 Opinio,

179 5637 403 5704 sapiens
428 5640 596 5696 lector
638 5642 864 5710 judicet.
917 5644 993 5700 De
1022 5645 1191 5702 haece
1241 5651 1607 5705 controversia
1658 5652 1774 5707 luse

181 5719 454 5794 duaeque
475 5743 574 5797 pro
601 5745 699 5785 suo
737 5746 890 5788 more
933 5734 1147 5804 scripsit
1192 5745 1374 5792 noster
1401 5737 1771 5808 Mabillonius,

1882 4567 2132 4620 orationis
2163 4583 2292 4635 pene
2311 4567 2556 4620 continue
2582 4574 2798 4619 mentem
2822 4575 3008 4619 tenere.

1950 4655 2003 4708 2.
2045 4654 2175 4721 Quis
2205 4655 2359 4709 facile
2388 4655 2487 4708 sibi
2518 4656 2834 4724 persuadeat
2860 4653 3195 4722 Gregorium,
3223 4657 3307 4710 Cui
3339 4673 3462 4711 cutn

1881 4746 2066 4800 inclita
2137 4746 2524 4801 consuetudine
2568 4747 2689 4800 vita:
2745 4746 3050 4812 smcularis,
3101 4746 3359 4801 mollioris
3413 4761 3466 4802 et

1881 4834 2151 4900 fasluosm,
2186 4836 2301 4905 ipso
2333 4844 2469 4890 teste
2518 4834 2641 4905 (Ep.
2674 4836 2742 4888 ad
2771 4834 3065 4888 Leandrum
3095 4852 3182 4888 seu
3215 4835 3378 4906 Pratf.
3410 4839 3464 4890 in

1879 4926 1968 4980 lib.
2002 4927 2054 4980 Μ
2066 4926 2195 4980 eral.
2219 4927 2236 4994 )
2256 4965 2271 4990 ,
2310 4924 2620 4980 certandum
2656 4925 2775 4991 fuit,
2806 4926 2988 4979 statim
3019 4925 3086 4978 ad
3117 4925 3220 4979 hoc
3248 4925 3462 4993 perfec-

1879 5017 2041 5071 tionis
2071 5017 2310 5079 culmen,
2363 5015 2429 5070 ad
2457 5015 2718 5069 orationis
2748 5030 2882 5083 pene
2920 5015 3188 5069 continuae
3217 5022 3464 5070 contem-

1879 5109 2241 5178 plationisque
2272 5107 2560 5177 fastigium,
2593 5107 2770 5161 adhuc
2817 5108 3074 5161 novitium
3100 5147 3115 5172 ,
3157 5107 3202 5161 si
3229 5107 3463 5162 BJl'OlIlO

1880 5197 2030 5263 ﬁdes,
2060 5199 2402 5267 pervenisse;
2443 5207 2498 5253 et
2537 5213 2640 5252 non
2674 5198 2854 5267 potius
2903 5197 2953 5251 id
3005 5198 3189 5253 labore
3215 5199 3463 5268 improbo

1881 5288 2200 5355 assidueque
2248 5287 2669 5350 exercitatione,
2702 5286 3008 5354 adspirante
3056 5296 3234 5342 tamen
3283 5289 3460 5347 divina

1882 5381 2071 5448 gratia,
2104 5388 2452 5433 consecutum
2485 5378 2642 5430 esse?
2667 5376 2917 5431 Attamen
2945 5378 3326 5436 concedamus.
3357 5380 3461 5438 Sed

1881 5483 1988 5539 quo
2015 5476 2173 5538 pacto
2202 5475 2307 5520 tam
2341 5467 2490 5535 brevi
2520 5480 2670 5519 mora
2701 5473 2905 5520 tantam
2936 5467 3218 5522 moralium
3245 5484 3310 5524 ac
3348 5471 3456 5540 spi-

1881 5557 2149 5612 ritualium
2181 5572 2357 5610 rerum
2389 5556 2633 5624 peritiam
2675 5558 3025 5626 comparavit,
3056 5567 3257 5628 quanta
3287 5560 3462 5616 elucet

1881 5647 1934 5700 in
1961 5645 2299 5714 expositione
2323 5646 2441 5701 libri
2469 5644 2590 5712 Job,
2616 5648 2700 5702 cui
2729 5647 3102 5702 elucubrandae
3128 5649 3289 5718 paulo
3315 5659 3462 5720 post-

1878 5754 2038 5810 quam
2069 5738 2280 5794 avulsus
2325 5755 2354 5794 a
2401 5743 2728 5798 monasterio
2775 5742 2980 5810 legatus
3011 5742 3459 5814 Constantinopo-
