3992 6292
563 268 671 327 235

1026 264 1087 325 S.
1126 261 1452 323 GREGORl-l
1492 261 1704 318 MAGNI
1749 259 1930 325 VITA,
1976 257 2064 313 EX
2107 255 2267 315 EJUS
2305 256 2612 315 SCRIPTIS
2653 255 3053 313 ADORNATA.
3096 256 3221 313 LIB.
3263 258 3304 313 Ι.

3726 260 3837 319 268

557 382 649 438 lim
675 384 869 438 missus
888 390 993 451 est,
1014 397 1236 453 operam
1259 381 1438 436 dedit?
1458 378 1710 433 Fortasse
1731 384 1973 446 praeturae
1994 388 2135 429 curis
2167 375 2216 436 Α
2240 390 2372 430 sano
2400 375 2656 445 episcopo
2673 413 2688 439 ,
2720 374 2917 444 passim
2970 374 3023 428 in
3065 373 3299 445 Dialogis
3346 382 3402 429 et
3450 375 3502 428 in
3556 371 3838 445 Epistolis.

562 488 702 544 pene
729 475 1033 540 immersus,
1063 476 1117 529 in
1147 471 1473 529 sublimioris
1512 469 1796 538 theologia),
1843 467 2149 536 cognitione

562 570 766 619 tantum
796 565 1117 634 profecerat,
1142 562 1607 628 abstrusioresque
1655 574 1823 613 sacra:
1851 557 2147 625 Scriptura:

563 672 751 710 sensus
773 664 916 708 tanta
945 654 1219 717 facilitate,
1247 650 1499 705 felicitate
1522 657 1669 702 tanta
1696 648 1917 702 rimatus
1944 645 2150 699 fuerat?

566 747 693 814 Ejus
722 762 851 814 ergo
880 746 1111 815 plurium
1158 758 1422 797 annorum
1467 742 1520 795 in
1552 741 1878 795 monasterio
1906 753 2149 794 commo-

566 838 760 893 rationi
790 846 844 892 et
871 837 1039 890 ascesi
1064 833 1433 888 adseribamus
1464 832 1611 887 illam
1642 831 1941 885 divinarum
1973 842 2153 882 sacra-

568 942 794 995 rumque
823 940 1002 978 rerum
1033 924 1340 987 scientiam,
1365 938 1527 992 quam
1553 922 1674 991 jure
1717 919 2037 990 suspiciunt,
2064 918 2155 985 qui

568 1018 633 1071 iis
659 1017 847 1072 studiis
878 1025 991 1071 tota
1034 1018 1149 1072 fere
1179 1017 1287 1070 vita
1338 1015 1584 1070 innutriti
1630 1021 1774 1077 sunt,
1803 1011 2157 1082 sapientiores

566 1117 623 1161 et
648 1106 933 1176 peritiores
963 1105 1257 1176 spiritualis
1277 1106 1403 1159 vita:
1433 1104 1694 1173 magistri.
1727 1101 1925 1157 Verum
1954 1101 2157 1154 diutur-

569 1212 695 1251 nam
742 1198 796 1252 in
842 1199 1176 1253 monasterio
1230 1196 1475 1267 Gregorii
1528 1192 2003 1251 commorationem
2044 1188 2157 1259 jam

568 1285 959 1343 sufﬁcientibus
986 1288 1313 1356 argumentis
1343 1285 1729 1341 adstruximus.

643 1379 697 1433 ’5.
738 1378 855 1434 Νοη
886 1378 1061 1433 solum
1108 1377 1340 1433 orationi
1367 1387 1423 1432 et
1452 1371 1893 1443 contemplationi
1932 1369 2000 1422 ab
2044 1367 2159 1437 ipso

574 1473 891 1527 monasticae
923 1472 1183 1541 palaestrae
1211 1471 1453 1539 ingressu
1496 1476 1668 1522 totum
1698 1479 1756 1518 se
1784 1462 1930 1517 dedit
1956 1459 2162 1529 Grego-

575 1564 706 1629 rius,
738 1562 834 1618 sed
864 1563 1025 1616 etiam
1064 1559 1416 1623 abstinentia;
1445 1556 1687 1626 jejuniis,
1729 1552 1953 1621 aliisque
1981 1548 2160 1619 pomi-

577 1653 757 1708 tentia:
783 1651 1056 1721 Operibus,
1086 1665 1207 1719 quas
1235 1663 1510 1704 sacrorum
1556 1646 1812 1699 librorum
1842 1643 2071 1697 lectione
2099 1653 2163 1694 ac

2252 462 2421 517 Porro
2450 464 2612 519 certis
2656 463 2811 517 annis
2865 464 3141 532 assignare
3191 478 3310 532 quae
3357 462 3415 519 S.
3449 462 3745 534 Gregorius
3774 466 3846 521 de

2250 554 2452 609 sanctis
2497 553 2600 608 illis
2638 561 2839 617 narrat,
2875 552 3269 608 difficillimum.
3322 552 3396 605 De
3426 552 3631 607 Merulo
3662 563 3845 609 taruen

2251 650 2466 697 constat
2515 656 2638 696 eum
2682 657 2822 696 anno
2868 642 3059 697 saltem
3106 640 3209 696 579
3257 640 3325 694 ad
3366 643 3645 697 meliorem
3676 644 3845 697 vitam

2253 734 2548 793 transiisse.
2582 748 2703 787 cum
2732 718 2800 787 ab
2830 732 2949 802 ejus
2978 742 3152 788 morte
3180 748 3349 801 usque
3387 732 3455 787 ad
3497 742 3708 802 tempus
3735 750 3849 802 quo

2253 831 2377 879 sunt
2399 822 2584 892 scripti
2609 822 2834 890 Dialogi,
2859 823 3065 876 scilicet
3102 822 3171 875 ad
3203 837 3291 877 an.
3324 821 3425 877 593
3458 822 3539 876 vel
3580 822 3702 887 594,
3737 824 3851 877 sal-

2255 923 2361 968 tem
2392 915 2517 968 anni
2540 914 2567 954 ιι
2597 915 3002 985 qttatuordecim
3033 913 3385 971 efﬂuxissent.
3426 916 3633 971 Castera
3662 932 3727 971 ea
3762 935 3853 971 ra—

2258 1006 2403 1060 tione
2432 1006 2821 1074 distinguemus
2869 1022 2989 1074 qum
3016 1005 3252 1062 Joannes
3296 1008 3569 1064 Diaconns
3616 1011 3851 1065 lonasse

2256 1097 2556 1166 confundit,
2584 1098 2630 1151 si
2660 1105 2786 1151 ante
2816 1096 2873 1152 S.
2909 1097 3153 1168 Gregorii
3201 1100 3523 1167 legationem
3554 1103 3852 1171 contigisse

2257 1190 2500 1243 dicamus
2528 1205 2592 1241 (τι
2620 1203 2687 1242 ex
2715 1202 2944 1257 quorum
2982 1189 3292 1244 narratione
3344 1206 3449 1244 non
3502 1191 3673 1261 liquet
3721 1208 3851 1247 eum

2262 1284 2388 1333 tunc
2416 1277 2743 1331 monasterio
2771 1293 2869 1332 suo
2919 1279 3215 1347 prmfuisse,
3245 1288 3299 1333 ct
3327 1289 3447 1349 post
3492 1280 3732 1348 ejusdem
3765 1298 3852 1338 re-

2259 1367 2428 1422 ditum
2478 1368 2691 1437 expleta
2739 1369 3042 1437 legatione,
3088 1370 3189 1423 alia
3241 1385 3305 1424 ex
3339 1372 3538 1440 quibus
3580 1388 3851 1429 summam

2261 1472 2384 1512 eum
2405 1466 2727 1528 potestatem
2750 1458 2862 1529 jam
2894 1459 3189 1515 obtinuisse
3213 1460 3265 1514 in
3295 1462 3484 1517 eodem
3512 1465 3852 1522 monasterio

2262 1557 2491 1606 constat.

2335 1640 2389 1695 5.
2434 1642 2575 1695 Intra
2614 1642 2928 1697 monasterii
2968 1642 3205 1698 claustra
3232 1646 3496 1700 cuntineri
3537 1663 3650 1702 non
3679 1649 3854 1718 potuit

576 1741 926 1797 meditatione
945 1739 1256 1807 condicbat,
1288 1738 1360 1792 ita
1384 1735 1597 1792 deditus
1620 1741 1758 1799 erat,
1781 1739 1859 1795 ut,
1884 1728 2162 1785 debilitato
2195 1745 2239 1805 Β
2264 1733 2585 1789 sanctissimi
2611 1734 2711 1787 viri
2740 1731 3180 1802 ﬂagrantissimus
3207 1736 3375 1807 zelus,
3402 1738 3495 1793 sed
3534 1742 3854 1799 transmisso

574 1830 855 1888 stomacho
880 1837 935 1884 et
960 1827 1156 1883 afﬂicta
1200 1826 1528 1888 vatetudine,
1560 1823 1710 1879 brevi
1762 1820 2054 1876 moriturus
2081 1817 2162 1872 vi-

575 1921 813 1975 deretur.
846 1919 1029 1988 Neque
1057 1930 1239 1973 tamen
1268 1918 1578 1987 frequentes
1608 1914 1780 1971 morbi
1810 1911 2036 1969 suadere
2065 1926 2164 1981 po-

577 2016 794 2063 tuerunt
848 2016 905 2062 ut
949 2008 1017 2063 de
1065 2016 1212 2062 tanta
1260 2008 1382 2063 vita:
1429 2006 1719 2076 aSperitate
1772 2002 2161 2088 aliquantulum

576 2102 895 2157 remitteret.
927 2102 1091 2157 Cibus
1142 2100 1263 2171 ejus
1314 2102 1581 2169 legumina
1630 2106 1785 2155 erant
1830 2111 1950 2165 quae
1998 2094 2164 2150 Silvia

578 2201 755 2246 mater
804 2193 995 2247 eodem
1049 2190 1187 2246 forte
1236 2193 1357 2246 cibo
1398 2192 1650 2246 vicritans
1693 2186 2067 2258 snppeditahat
2111 2193 2166 2240 et

578 2283 823 2351 parabat.
856 2280 981 2337 lude
1007 2291 1353 2350 contractus,
1392 2282 1515 2352 ipso
1553 2287 1711 2345 teste,
1756 2278 2165 2335 molestissimas

579 2373 799 2426 morbus
825 2387 984 2441 quem
1016 2371 1210 2427 medici
1239 2386 1528 2443 syuc0pen,
1559 2385 1655 2424 seu
1685 2369 1923 2424 vitalium
1950 2367 2166 2423 incisio-

579 2478 701 2517 nem
733 2472 958 2529 vocant;
987 2478 1097 2531 qua
1120 2462 1367 2516 laborans
1391 2459 1582 2515 crebris
1611 2460 1866 2533 angustiis
1888 2476 1981 2530 per
2010 2459 2166 2515 Itera-

579 2566 693 2603 rum
740 2561 1031 2619 momenta,
1062 2552 1134 2605 ad
1177 2553 1372 2605 exitum
1415 2568 1698 2623 properare
1740 2550 2168 2621 putabatur;-et

578 2643 679 2696 nisi
711 2643 1018 2710 frequenter
1043 2643 1164 2698 cibo
1186 2640 1361 2697 refice
1379 2650 1517 2709 etur,
1544 2643 1761 2697 vitalem
1787 2642 1889 2696 sibi
1919 2641 2163 2711 spiritum

578 2734 827 2803 intercipi
849 2735 1144 2797 st'ntiebat;
1174 2742 1229 2788 et
1252 2741 1427 2787 tamen
1451 2734 1516 2789 de
1538 2734 1938 2788 intermissione
1954 2732 2162 2801 jejuuii,

576 2824 745 2890 magis
782 2839 943 2893 quam
975 2822 1056 2885 _de
1095 2823 1243 2892 gravi
1284 2823 1501 2878 dolebat
1557 2822 1888 2878 inﬁrmitate.
1934 2822 2167 2878 Maxime

577 2928 707 2968 vero
739 2914 966 2969 moleste
998 2914 1118 2969 tuht
1164 2914 1307 2984 quod
1361 2914 1479 2985 ipso
1526 2915 1891 2969 sacratissimo
1930 2912 2166 2968 Sahbato

577 3000 802 3059 Pascha:
828 3004 1129 3073 pervigilio,
1154 3004 1209 3058 in
1237 3019 1346 3072 quo
1371 3018 1564 3059 omnes
1591 3004 1752 3058 etiam
1790 3002 1998 3072 parvuli
2024 3000 2164 3071 jeju-

577 3104 787 3161 narent,
818 3097 930 3166 ipse
957 3112 986 3149 a
1008 3096 1131 3151 cibo
1152 3095 1424 3151 abstinere
1455 3110 1561 3150 non
1592 3110 1750 3164 posse
1776 3093 2067 3149 videretur.
2109 3094 2162 3147 ld
2189 3079 2236 3143 C

578 3195 756 3241 tamen
785 3194 841 3240 et
866 3186 977 3240 suis
1017 3194 1117 3240 et'|
1149 3185 1443 3240 Eleutherii
1467 3226 1481 3250 ,
1529 3184 1588 3240 S.
1621 3184 1847 3240 Andreas
1888 3185 2161 3249 monachi,

577 3274 657 3329 Sui
688 3274 1011 3330 convictoris
1038 3284 1095 3331 et
1122 3276 1350 3339 sodalis,
1393 3274 1643 3346 precibus
1675 3282 1731 3328 et
1770 3274 2021 3346 lacrymis
2042 3285 2164 3331 tan-

581 3365 705 3418 dem
738 3365 1074 3434 impetravit;
1099 3366 1345 3434 quamvis
1380 3365 1481 3420 soli
1510 3364 1818 3420 Eleutherio
1848 3366 2165 3422 miraculum

580 3456 686 3512 hoc
708 3457 953 3512 tribuerit
976 3458 1057 3511 vir
1083 3473 1305 3512 summa:
1331 3457 1646 3512 humilitatis
1673 3465 1728 3511 ct
1749 3457 2025 3513 modestiae
2048 3476 2061 3512 :
2085 3460 2168 3514 Ad

582 3565 754 3602 vocem
798 3547 1162 3604 benedictionis
1205 3549 1346 3603 illius
1371 3588 1389 3615 ,
1434 3548 1642 3619 inquit,
1684 3550 1921 3603 virtutem
1967 3558 2167 3604 tantam

580 3654 723 3690 meus
754 3638 1044 3692 stomachus
1075 3639 1299 3707 accepit,
1331 3646 1387 3691 ut
1429 3638 1554 3692 mihi
1598 3638 1832 3709 funditus
1860 3658 1890 3692 a
1920 3639 2167 3693 memoria

577 3730 846 3785 tolleretur
878 3730 1018 3784 cibus
1045 3740 1094 3785 et
1128 3731 1400 3802 aegritudo.
1434 3730 1572 3802 Cmpi
1615 3732 1799 3785 mirari
1827 3733 1941 3804 quis
1971 3750 2162 3796 essem,

574 3822 667 3892 qui
694 3822 938 3892 [νει-ἕνη..
960 3860 974 3872 .
991 3860 1004 3873 .
1024 3860 1038 3875 .
1068 3837 1280 3892 cumque
1297 3822 1352 3875 in
1382 3822 1684 3876 monasterii
1711 3822 2048 3891 dispositione
2075 3840 2166 3878 oc-

579 3921 767 3982 cupata
809 3927 951 3964 mens
995 3921 1156 3979 esset,
1202 3910 1538 3967 obliviscebar
1581 3913 1791 3983 penitus
1818 3913 2161 3983 wgritudinis.

579 4002 732 4068 Quod
763 4001 850 4056 hic
879 4002 953 4055 ait
982 4002 1039 4056 S.
1085 4001 1266 4069 Pater,
1297 4002 1365 4057 de
1388 4004 1750 4071 occupatione
1778 3989 1873 4059 Sua
1903 4005 1958 4058 in
1981 4004 2165 4074 dispo-

578 4092 774 4145 sitione
804 4091 1134 4158 monasterii,
1164 4091 1304 4147 forte
1330 4092 1554 4163 intelligi
1583 4093 1747 4148 debet
1768 4093 1836 4147 de
1866 4094 2043 4162 aliqua
2071 4093 2169 4149 ad-

579 4182 974 4236 ministratione
1021 4181 1288 4253 bonorum
1335 4183 1709 4252 temporalium
1752 4184 1853 4255 ipsi
1884 4183 2121 4253 injuneta
2146 4224 2162 4249 ,

580 4290 690 4330 non
715 4274 782 4327 de
805 4275 1013 4328 abbatis
1062 4273 1261 4341 oflicio,
1284 4275 1427 4345 quod
1459 4291 1566 4330 non
1615 4276 1714 4330 nisi
1745 4284 1867 4346 post
1903 4293 2054 4332 suam
2083 4277 2164 4331 le-

572 4364 853 4433 gationem
903 4364 1131 4429 gessisse
1172 4364 1489 4435 Gregorium
1531 4367 1641 4435 jam
1684 4383 1807 4423 cum
1856 4368 2164 4426 Mabillonio

2265 1821 2480 1878 Oceano
2500 1825 2566 1879 ad
2588 1840 2855 1895 procurari
2879 1828 2979 1880 'am
3002 1827 3315 1895 Anglorum,
3336 1830 3569 1885 nondum
3593 1831 3853 1889 Christia-

2264 1928 2477 1979 norum,
2507 1917 2913 1972 conversionem
2945 1919 3316 1976 vehementius
3351 1924 3573 1979 exarsit.
3606 1925 3725 1992 Qua
3754 1942 3851 1981 oe-

2264 2007 2479 2061 casione
2504 2007 2651 2077 pium
2673 2008 2799 2063 illud
2822 2009 3103 2065 consilium
3127 2012 3330 2077 inierit,
3356 2023 3572 2069 narrant
3604 2027 3734 2086 post
3756 2016 3854 2073 Be-

2264 2093 2387 2149 dam
2416 2094 2614 2151 Paulus
2641 2105 2695 2151 et
2721 2096 2957 2154 Joannes
2981 2098 3223 2155 Diacuni.
3255 2099 3374 2167 Quo
3398 2117 3529 2157 vero
3580 2112 3850 2175 tempore,

2266 2183 2367 2238 etsi
2394 2200 2584 2240 omnes
2609 2186 2661 2240 id
2689 2186 3026 2257 factumjante
3052 2186 3298 2258 Gregorii
3319 2190 3692 2260 pontificattrm
3723 2209 3854 2248 con-

2265 2276 2519 2341 sentiant,
2549 2276 2699 2332 solus
2724 2286 2902 2335 tamen
2931 2277 3168 2335 Joannes
3194 2280 3296 2337 hoc
3324 2290 3447 2336 ante
3468 2281 3855 2342 Constantino-

2266 2364 2561 2433 politanam
2606 2367 2931 2437 legationem
2968 2371 3257 2440 contigisse
3284 2373 3496 2440 asserit,
3526 2373 3648 2429 aliis
3677 2390 3854 2446 neque

2266 2459 2657 2515 allirmantibus
2709 2474 2887 2528 neque
2955 2458 3333 2516 inﬁciantibus.
3394 2461 3531 2517 Rem
3586 2478 3656 2517 ex
3712 2463 3855 2521 Beda

2267 2549 2652 2615 describemus,
2684 2564 2713 2601 a
2743 2564 2851 2618 quo
2881 2549 3112 2619 primum
3141 2550 3421 2621 desumpta
3453 2562 3555 2618 est,
3582 2568 3855 2625 quamque

2268 2642 2383 2712 ipse
2412 2656 2481 2696 ex
2510 2640 2776 2707 majorum
2829 2640 3113 2695 traditione
3149 2642 3421 2710 accepisse
3464 2643 3750 2712 protietur
3776 2647 3855 2701 vir

2266 2751 2491 2791 summa:
2514 2733 2653 2796 ﬁdei,
2674 2748 2770 2788 nec
2790 2732 3013 2787 minoris
3029 2732 3335 2801 diligentiae,
3357 2735 3446 2803 qui
3470 2750 3500 2789 a
3524 2734 3581 2790 S.
3608 2734 3855 2805 Gregorii

2268 2836 2322 2882 te
2345 2826 2603 2895 i-poribus
2640 2825 2849 2893 integro
2894 2824 3090 2880 saeculo
3114 2839 3220 2879 non
3248 2826 3455 2881 aberat.
3488 2826 3623 2881 Cum
3653 2826 3855 2899 Grego-

2268 2920 2379 2973 rius
2424 2919 2477 2971 in
2524 2917 2641 2971 foro
2693 2917 2910 2973 venales
2934 2918 3307 2987 conspexisset
3337 2934 3536 2989 pueros
3573 2937 3749 2992 nuper
3788 2938 3854 2981 ex

2272 3009 2543 3064 Britannia
2575 3009 2829 3065 advectos
2868 3010 3079 3079 egregia
3119 3009 3307 3077 forma,
3345 3011 3573 3067 candido
3602 3028 3854 3084 corpore,

2270 3098 2383 3168 ipso
2412 3099 2574 3153 etiam
2616 3098 2998 3168 capillamento
3047 3098 3317 3167 insignes,
3349 3100 3703 3170 interrogavit
3750 3118 3854 3172 qua

2269 3205 2334 3244 ex
2384 3198 2544 3259 gente
2595 3197 2797 3246 eszent.
2849 3188 3050 3258 Anglos
3093 3205 3215 3246 esse
3261 3206 3577 3262 responsum
3628 3203 3744 3259 est;
3788 3194 3854 3251 ad

2275 3282 2441 3350 quod,
2477 3282 2631 3347 Bene,
2662 3282 2853 3351 inquit,
2887 3299 3007 3336 nam
3028 3291 3078 3336 et
3102 3283 3388 3354 angelicam
3412 3283 3601 3339 habent
3635 3287 3859 3357 facim,-

2267 3383 2317 3427 et
2347 3375 2473 3427 tales
2499 3375 2813 3445 Angelorum
2841 3376 2895 3428 in
2925 3375 3065 3428 caelis
3102 3376 3245 3429 decet
3285 3392 3395 3430 esse
3433 3388 3719 3433 consortes.
3750 3378 3857 3434 Nec

2267 3480 2418 3519 mora
2446 3466 2655 3521 accedit
2682 3467 2748 3521 ad
2777 3482 3045 3521 summum
3092 3467 3398 3537 pontificem
3426 3510 3441 3536 ,
3490 3479 3755 3540 rogatque
3800 3480 3857 3529 ut

2267 3559 2414 3629 genti
2470 3560 2805 3631 Anglorum,
2856 3576 3016 3629 quam
3067 3561 3318 3615 audiebat
3369 3562 3545 3617 adhuc
3592 3564 3857 3620 idolorum

2266 3648 2432 3703 cultui
2455 3648 2745 3717 addictam,
2772 3649 2981 3718 aliquos
3009 3650 3145 3705 sacri
3178 3650 3323 3704 verbi
3355 3652 3629 3707 ministros
3657 3653 3855 3720 mittat,

2266 3740 2357 3809 qui
2399 3755 2586 3795 eorum
2614 3741 2956 3796 conversioni
2987 3756 3207 3811 operam
3245 3741 3392 3808 dent,
3424 3743 3660 3813 seipsum
3700 3760 3857 3815 para-

2269 3836 2379 3882 tum
2395 3844 2515 3884 esse
2535 3828 2588 3883 in
2612 3830 2714 3885 hoc
2737 3844 2893 3899 opus,
2912 3828 2956 3883 si
2979 3830 3049 3884 ita
3071 3846 3327 3901 supremo
3348 3833 3569 3887 antistiti
3588 3834 3854 3891 videatur.

2268 3918 2469 3974 Annuit
2494 3935 2655 3990 papa,
2686 3919 3100 3992 infatigabilibus
3124 3921 3238 3991 ejus
3277 3924 3527 3993 precibus
3552 3926 3747 3994 victus,
3780 3929 3857 3984 in-

2266 4009 2385 4077 quit
2413 4009 2608 4065 Paulus
2635 4010 2920 4067 Diaconus.
2949 4010 3240 4081 Gregorius
3268 4029 3398 4069 vero
3427 4026 3651 4087 accepta
3682 4018 3857 4076 disce-

2266 4099 2427 4154 dendi
2456 4101 2631 4171 copia,
2657 4103 3057 4174 assumptisque
3094 4119 3126 4160 e
3165 4120 3264 4162 suo
3289 4104 3578 4162 Andreano
3604 4110 3857 4166 sodalitio

2268 4189 2485 4245 selectis
2530 4191 2849 4260 quibusdam
2878 4193 3062 4257 sociis,
3093 4194 3415 4263 quamcitius
3459 4196 3599 4252 clam
3630 4215 3690 4254 se
3736 4203 3857 4257 sub

2264 4278 2419 4335 duxit
2469 4291 2526 4336 et
2572 4282 2750 4336 itineri
2804 4284 3112 4351 commisit;
3170 4294 3416 4341 metuens
3468 4288 3611 4357 quod
3666 4300 3853 4360 postea

2265 4370 2506 4440 contigit,
2533 4386 2600 4426 ne
2622 4372 2687 4427 ab
2715 4372 2925 4438 itinere,
2958 4390 3177 4429 suorum
3208 4375 3402 4430 civium
3433 4393 3619 4433 amere
3650 4396 3715 4435 ac
3743 4391 3855 4435 stu-

580 4454 830 4507 diximus.
864 4452 983 4525 (Cf.
1015 4453 1172 4509 Joan.
1208 4454 1359 4511 Diae.
1389 4456 1477 4510 lib.
1511 4473 1547 4524 ι,
1577 4474 1668 4511 nn.
1702 4458 1752 4522 7,
1786 4456 1841 4525 9,
1867 4458 1967 4526 10;
1998 4458 2154 4532 Greg.
2188 4469 2238 4529 ι)
2263 4462 2350 4516 dio
2380 4470 2745 4517 revocaretur.
2776 4463 2959 4533 Itaque
2985 4465 3211 4521 Romani
3254 4469 3534 4524 audientes
3560 4471 3658 4525 viri
3687 4466 3856 4529 sancti

576 4544 777 4599 'I'uron.
803 4544 891 4600 lib.
917 4563 970 4611 ι,
1000 4563 1045 4600 c.
1072 4546 1124 4614 l;
1158 4548 1246 4602 lib.
1280 4565 1334 4602 ιιι
1366 4547 1603 4621 Dialog.,
1631 4567 1676 4604 ε.
1711 4550 1836 4620 58.)

654 4634 706 4689 4.
741 4635 1005 4692 Plurimos
1025 4637 1140 4708 ejus
1163 4640 1413 4710 exemplo
1446 4642 1496 4695 in
1520 4643 1849 4698 monasterio
1875 4643 2167 4714 profecisse

568 4735 635 4780 et
662 4727 727 4781 ad
754 4743 1017 4782 summam
1059 4730 1399 4786 sanctitatem
1445 4732 1751 4801 pervenisse
1780 4734 2011 4804 probant
2048 4749 2167 4804 qua:

576 4815 646 4870 de
674 4817 852 4871 multis
881 4832 911 4872 e
939 4819 1051 4873 suis
1089 4821 1545 4877 commilitonibus
1574 4823 1690 4893 ipsc
1716 4824 1907 4890 refert,
1939 4841 2165 4895 prmser-

574 4906 673 4959 tim
708 4906 759 4959 in
791 4906 1043 4975 Dialogis.
1079 4909 1153 4963 De
1183 4907 1494 4967 Eleutherio
1518 4911 1628 4980 jam
1659 4930 1831 4984 pauca
1869 4916 2158 4984 attigimus.

569 4995 655 5049 .De
675 4996 875 5051 sanctis
890 4997 1147 5065 Antonio,
1173 4999 1378 5054 Merulo
1401 5010 1455 5056 et
1474 5000 1701 5069 Joanne,
1724 5005 1815 5073 qui
1838 5006 2163 5075 quoddianis

566 5084 857 5157 dacrymis,
888 5090 1112 5144 assiduis
1157 5091 1530 5159 orationibus,
1576 5096 1827 5150 continua
1879 5112 2156 5153 sacrarum

566 5175 874 5232 litterarum
915 5180 1283 5246 meditatione,
1315 5181 1383 5235 ad
1411 5192 1666 5237 aeternam
1696 5183 2024 5253 felicitatem,
2054 5204 2162 5259 quo

570 5267 684 5336 jam
714 5270 895 5325 animo
926 5273 1300 5339 pnevolarant,
1334 5274 1545 5329 caelitus
1574 5276 1748 5330 vocati
1781 5290 2160 5345 pervenerunt,

575 5356 861 5427 legendum
892 5371 1055 5432 caput
1083 5361 1153 5416 47
1184 5364 1276 5418 lib.
1319 5381 1371 5419 tv
1402 5363 1768 5434 Dialogorum.
1801 5368 1883 5422 De'
1903 5369 1959 5424 S.
1992 5369 2163 5426 Maxi-

577 5448 816 5505 miniauo
843 5454 1073 5508 caanobit
1101 5453 1158 5510 S.
1190 5453 1418 5511 Andreas
1463 5457 1677 5523 abbate,
1709 5468 1897 5527 postea
1935 5463 2166 5532 Syracu-

653 5619 681 5684 ξι
722 5610 797 5684 l_)e
825 5614 1109 5684 sanctitate
1136 5614 1423 5673 Eleutherii
1447 5618 1566 5673 vide
1597 5619 1688 5672 lib.
1721 5636 1795 5684 Ill,
1829 5621 1962 5675 Dial.
1994 5637 2045 5677 c.
2076 5624 2167 5681 35.

649 5674 683 5721 δ
720 5679 859 5737 Dum
880 5682 1063 5740 Petrus
1079 5724 1095 5753 ,
1112 5724 1127 5741 .
1146 5726 1160 5742 .
1182 5726 1196 5743 .
1219 5688 1316 5744 sibi
1335 5688 1650 5758 sepulturam
1669 5674 1846 5760 facere
1862 5674 1980 5763 post
2000 5674 2169 5752 annos

2268 4552 2690 4623 profectionem,
2730 4570 2997 4610 summum
3031 4567 3052 4595 ο
3086 4560 3396 4627 pontiﬁcem
3433 4561 3634 4615 adeunt
3668 4571 3724 4616 et
3766 4574 3858 4617 ter-

2266 4642 2407 4697 ribili
2434 4661 2554 4698 voce
2598 4646 2963 4701 conclamant:
2990 4646 3111 4715 Eia,
3140 4650 3462 4719 Apostolice,
3492 4653 3617 4721 quid
3659 4656 3857 4725 fecisti?

2270 4735 2333 4790 S.
2363 4734 2573 4791 Petrum
2612 4738 2895 4807 offendisti,
2932 4738 3149 4793 Romam
3189 4741 3510 4796 destruxisti.
3542 4742 3719 4799 Tanta
3748 4755 3857 4801 erat

2270 4825 2339 4881 de
2363 4842 2478 4882 san.
2499 4838 2554 4882 to
2595 4829 2709 4884 viro
2745 4829 3072 4884 existimatio
3119 4838 3173 4884 et
3205 4832 3397 4886 fiducia
3422 4832 3532 4900 jam
3561 4845 3854 4905 concepta,

2273 4926 2332 4969 ut
2351 4915 2417 4972 ex
2448 4934 2555 4973 uno
2575 4916 2836 4987 Gregorio
2863 4917 3007 4973 salus
3036 4921 3273 4974 omnium
3306 4923 3541 4991 pendere
3565 4925 3853 4981 videretur.

2271 5006 2366 5062 llis
2393 5009 2718 5064 clamoribus
2741 5019 2923 5065 motus
2947 5026 3108 5080 papa,
3135 5011 3567 5083 seditionemque
3598 5033 3740 5087 pene
3767 5018 3858 5072 im-

2272 5100 2561 5155 minentem
2590 5104 2746 5172 210
2768 5103 3120 5159 vehementer
3143 5114 3410 5171 metuens,
3440 5109 3732 5165 celerrime
3761 5113 3855 5166 mi-

2272 5191 2342 5245 sit
2388 5191 2603 5246 nuntios
2631 5194 2721 5261 qui
2747 5194 2832 5248 vel
2884 5195 3206 5251 renitentem
3236 5198 3501 5254 viatorem
3551 5200 3620 5253 ab
3673 5202 3860 5257 itinere

2273 5284 2589 5354 quantocius
2617 5296 2939 5343 revocarent
2965 5297 3021 5342 et
3050 5288 3102 5343 in
3146 5287 3347 5345 Urbem
3399 5290 3759 5361 reducerent,
3808 5303 3861 5348 ut

2274 5373 2388 5428 viso
2432 5388 2498 5429 co
2537 5375 2683 5430 cives
2731 5392 2762 5431 a
2811 5378 3040 5434 tumultu
3081 5389 3579 5451 compescerentur.
3636 5382 3862 5455 Jamque

2275 5465 2433 5519 trium
2461 5464 2667 5521 dierum
2697 5468 2946 5526 confecto
2977 5472 3189 5540 itinere,
3220 5473 3435 5532 sodales
3472 5484 3601 5547 post
3644 5476 3859 5533 brevem

2276 5626 2692 5773 ῃζῑὲᾝέἶιξιιι
2719 5714 2788 5760 es
2822 5699 3011 5776 Paulo,
3039 5712 3095 5762 et
3118 5703 3466 5766 Benedictum
3496 5720 3565 5767 ex
3594 5707 3826 5773 Joanne.
