3992 6320
121 323 222 381 265

615 321 673 378 S.
716 317 1043 387 GREGORH
1082 318 1296 375 MAGNI
1338 318 1521 387 VITA,
1561 319 1654 375 EX
1694 319 1861 377 EJUS
1899 319 2202 378 SCRIPTIS
2240 323 2641 382 ADORNATA.
2680 326 2812 383 LIB.
2853 328 2891 383 l.

3276 330 3378 383 286

118 440 379 508 quietem,
410 440 470 490 ut
495 431 745 487 alacriter
784 436 1016 501 emptam
1062 440 1513 500 persequerentur
1550 431 1690 486 viam
1718 435 1765 492 Α
1795 430 1878 486 rio
1917 445 2244 486 summorum
2284 434 2595 503 pontiﬁcum
2637 440 2945 494 asservatis.
2990 438 3116 495 Hmc
3165 442 3379 511 quidem

118 526 453 591 hortabatur,
483 538 603 579 cum
634 535 763 578 ecce
806 520 1098 575 adveniunt
1143 521 1460 576 sudantibus
1486 522 1635 591 equis
1666 536 1697 575 a

117 634 327 676 summo
375 616 626 688 pontiﬁce
666 613 843 676 missi,
874 611 1214 680 oﬁ‘eruntque
1262 612 1545 682 epistolam
1593 624 1698 683 qua

118 708 377 778 Gregorio
405 704 812 776 praecipiebatur
831 702 1056 771 vestigia
1078 703 1342 771 relegere.
1370 712 1426 758 et
1455 712 1697 759 actutum

120 798 315 854 Urbem
346 797 597 853 revisere.
646 793 1033 864 Obtemperare
1070 805 1289 848 coactus
1318 794 1399 847 vir
1423 794 1698 849 sanctissi-

117 906 254 956 mus,
285 890 376 959 qui
421 886 783 943 obedientiam
830 884 944 939 Deo
984 900 1093 954 prae
1140 883 1416 940 sacriﬁciis
1454 885 1699 939 omnibus

117 981 332 1050 placere
376 986 639 1044 noverat,
686 976 873 1030 Roma:
924 990 1133 1029 summa
1164 974 1402 1030 omnium
1451 975 1698 1028 ordinum

115 1068 474 1137 gratulatione
500 1074 761 1136 exceptus
810 1072 927 1129 est;
982 1073 1038 1119 et
1084 1065 1137 1118 in
1182 1063 1564 1118 monasterium
1613 1078 1700 1117 re-

115 1176 346 1231 gressus,
363 1174 503 1214 uovo
519 1158 731 1213 fervore
744 1155 811 1210 ad
825 1155 1161 1209 intermissos
1174 1152 1454 1207 monastici
1472 1151 1698 1205 instituti

114 1253 330 1307 labores
358 1265 479 1306 sese
525 1247 779 1315 accinxit,
810 1246 864 1300 in
895 1246 976 1299 his
1020 1243 1203 1300 damni
1231 1242 1371 1313 quod
1391 1241 1700 1311 patiebatur

111 1343 362 1397 solatium
394 1350 450 1397 et
474 1338 972 1409 compensationem
994 1348 1261 1403 qumrens.
1292 1332 1394 1387 Sed
1427 1348 1547 1386 eum
1577 1347 1700 1401 spes

112 1433 322 1488 fefellit.
370 1432 486 1504 (Cf.
535 1431 700 1497 Beda,
741 1431 777 1483 ι.
809 1445 875 1491 n,
921 1445 968 1482 c.
1001 1426 1065 1493 i;
1123 1426 1273 1479 Paul.
1305 1423 1456 1477 Diac.
1496 1441 1551 1477 η.
1596 1423 1695 1487 it;

108 1524 274 1581 Joan.
306 1524 465 1579 Diae.
500 1525 535 1577 ι.
561 1539 598 1589 ι,
629 1540 685 1576 η.
706 1519 775 1574 20
795 1530 842 1575 et
865 1536 968 1589 seq.
992 1517 1012 1585 )

181 1614 235 1667 6.
277 1614 386 1669 Vix
423 1615 566 1669 enim
595 1614 647 1666 in
677 1608 1059 1666 monasterium
1088 1619 1208 1661 sese
1236 1612 1537 1674 receperat,
1577 1619 1699 1659 cum

109 1712 180 1762 ab
209 1706 331 1776 ejus
359 1706 543 1775 quiete
569 1705 867 1759 abstractus
901 1715 928 1753 a
959 1713 1170 1753 summo
1199 1697 1437 1751 antistite
1456 1738 1472 1764 ,
1505 1705 1560 1752 et
1587 1697 1701 1752 dia-

1802 534 1993 588 magna
2014 530 2247 591 exparte
2275 523 2339 578 ad
2359 539 2456 580 nos
2484 527 2700 583 minime
2723 540 3109 598 pervenerunt;
3140 530 3235 587 sed
3262 547 3384 586 cum

1801 609 2079 666 videamus
2110 610 2250 667 illius
2292 613 2566 685 scriptoris
2594 616 2919 684 diligentiam
2947 628 3002 674 et
3032 621 3189 676 ﬁdem
3224 622 3275 676 in
3306 623 3385 675 le—

1803 701 1989 770 gendis
2015 699 2071 754 S.
2100 701 2348 758 Doctoris
2388 705 2641 774 operibus
2666 720 2783 774 qum
2809 723 2917 778 pm
2946 711 3191 765 manibus
3218 712 3384 766 habeo

1805 805 1943 855 mus,
1976 789 2279 846 nullatenus
2308 792 2601 849 desiderari
2649 796 2804 864 (qua:
2835 799 2974 852 enim
3021 815 3086 854 ex
3133 802 3258 869 ipsis
3289 817 3382 855 ex-

1804 880 2024 949 cerpsit,
2056 882 2243 936 eadem
2273 883 2411 951 apud
2433 884 2489 937 S.
2515 884 2831 954 Gregorium
2854 888 3103 957 leguntur
3121 892 3205 943 vix
3230 892 3385 946 unica

1802 984 1937 1023 voce
1967 973 2205 1041 mutata)
2238 973 2420 1040 quidni
2454 974 2521 1029 de
2552 975 2789 1043 ejusdem
2823 980 3026 1048 optima
3060 980 3160 1035 ﬁde
3192 998 3251 1035 ac
3280 983 3390 1035 sin-

1803 1057 2026 1111 Ceritate
2048 1060 2179 1112 certi
2203 1068 2257 1113 et
2279 1062 2453 1114 securi
2477 1063 2643 1117 simus
2667 1065 2719 1118 in
2744 1066 2859 1122 aliis
2888 1069 3203 1123 laudandis?
3232 1070 3391 1125 Certe

1803 1144 2064 1201 Joannem
2125 1147 2417 1202 Diaconum
2477 1151 2530 1203 in
2587 1154 2952 1221 suspicionem
3009 1160 3249 1213 vocando
3309 1160 3391 1213 vel

1803 1234 2127 1290 fraudisvel
2165 1235 2407 1303 incurize,
2459 1238 2678 1293 alterius
2717 1241 2959 1310 Joannis,
3008 1245 3213 1300 scilicet
3240 1263 3392 1317 papa:

1804 1324 1935 1391 VIII,
1978 1325 2217 1394 pulsatur
2257 1328 2589 1395 auctoritas;
2630 1331 2720 1398 qui
2760 1338 2814 1385 et
2850 1331 2997 1385 illum
3027 1333 3094 1386 ad
3122 1334 3287 1389 vitam
3332 1337 3390 1393 S.

1805 1417 2049 1488 Gregorii
2078 1399 2520 1475 conscribendam
2542 1422 2784 1476 hortatus
2811 1430 2910 1485 est,
2940 1431 2994 1477 et
3019 1424 3272 1493 scriptam
3298 1441 3389 1495 ap~

1804 1509 2069 1578 probavit,
2103 1509 2242 1564 haud
2257 1510 2415 1565 dubie
2444 1512 2719 1581 praemisso
2742 1521 2995 1567 accurato
3023 1516 3289 1581 examine,
3313 1516 3390 1572 uti

1804 1613 1937 1653 sane
1988 1599 2122 1653 tanti
2173 1602 2430 1655 momenti
2487 1617 2622 1673 opus
2674 1603 3000 1671 postulabat.
3054 1603 3219 1671 Igitur
3268 1621 3389 1661 cum

1808 1685 2011 1742 Joanne
2057 1687 2303 1744 Diaconor
2324 1704 2540 1745 asseren
2560 1694 2669 1746 tum
2699 1699 2948 1761 putamus
2978 1707 3008 1747 a
3037 1690 3326 1749 Benedicto
3370 1696 3390 1751 l

107 1773 283 1854 conus
307 1773 568 1866 septimus
589 1800 800 1847 creatus
824 1779 922 1854 est,
943 1797 1054 1843 tum
1075 1798 1132 1843 ut
1147 1787 1214 1843 ad
1234 1788 1402 1842 altare
1423 1788 1699 1844 ministra-
1733 1807 1779 1867 Β
1806 1778 2047 1833 avulsum
2078 1793 2109 1833 θ
2136 1781 2465 1835 monasterio
2496 1780 2553 1835 Ss
2588 1778 2923 1850 Gregorium,
2965 1792 3021 1838 θῐ
3060 1773 3391 1854 assumptum

106 1896 216 1957 ret,
246 1896 360 1943 tum
384 1894 441 1939 ut
464 1884 515 1938 in
537 1890 746 1953 partem
766 1878 1087 1950 pontiﬁcalis
1114 1876 1488 1934 sollicitudinis
1508 1893 1697 1933 succe-

104 1980 288 2035 deret.
317 1974 470 2043 Quod
498 1973 651 2029 audis
695 1972 784 2027 hic
830 1969 1150 2038 Gregorium
1196 1967 1395 2023 factum
1425 1970 1699 2025 diaconum

106 2071 202 2126 vel
232 2071 436 2125 levitam
481 2067 787 2136 septimum,
838 2062 1102 2131 signiﬁcat
1141 2070 1269 2116 tunc
1297 2061 1471 2116 adhuc
1516 2062 1701 2117 Roma:

104 2163 350 2231 viguisse
379 2160 653 2228 antiquum
680 2166 705 2194 δ
728 2171 931 2211 morem
962 2155 1114 2223 cujus
1143 2154 1383 2209 meminit
1410 2154 1467 2208 S.
1497 2153 1701 2210 Corne«

104 2253 216 2307 lius
245 2266 382 2321 papa
427 2250 480 2304 in
509 2265 595 2318 ep.
627 2246 767 2317 apud
796 2244 987 2301 Euseb.
1023 2245 1115 2300 lib.
1147 2261 1221 2313 vi,
1252 2259 1371 2314 cap.
1402 2244 1490 2311 45,
1522 2253 1582 2299 ut
1608 2260 1697 2301 se-

1804 1870 1969 1928 fuisse
1996 1872 2062 1926 ad
2090 1872 2342 1929 Ecclesim
2370 1875 2747 1930 ministerium.
2773 1875 3097 1931 Benedictus
3116 1877 3155 1943 l,
3178 1886 3391 1932 mortuo

1805 1960 2013 2018 Joanne
2040 1963 2107 2017 Ill
2129 2007 2142 2031 ,
2174 1966 2316 2020 rexit
2342 1965 2637 2021 Eeclesiam
2668 1982 2699 2020 a
2730 1982 2913 2022 mense
2942 1967 3082 2021 Maio
3121 1969 3243 2022 anni
3286 1969 3391 2023 5⁸15

1805 2056 1870 2110 ad
1896 2055 2055 2110 ﬁnem
2084 2057 2209 2111 Julii
2232 2073 2320 2110 an.
2354 2056 2489 2121 577;
2522 2058 2825 2127 elapsisque
2852 2059 3021 2113 tribus
3046 2060 3318 2114 mensibus
3338 2068 3391 2114 et

1802 2147 1990 2217 paucis
2018 2148 2224 2213 diebus,
2258 2149 2505 2216 Pelagius
2533 2148 2576 2203 ll
2602 2158 2815 2206 creatus
2842 2159 2926 2205 est
2952 2166 3190 2206 summus
3215 2156 3392 2221 pomi-

1802 2236 1922 2303 lex;
1954 2252 2062 2307 quo
2089 2239 2334 2307 sedente,
2361 2239 2541 2295 olﬁeio
2564 2240 2776 2296 diaconi
2803 2240 3092 2309 Gregorius
3119 2244 3170 2297 in
3200 2242 3387 2299 Eccle-

102 2354 261 2413 ptetn
317 2345 577 2397 duntaxat
625 2345 808 2393 essent
857 2337 1109 2403 diaconi,
1170 2337 1419 2406 exemplo
1469 2337 1701 2394 fortasse
1799 2329 1881 2384 Bia
1908 2328 2153 2383 Romani!
2184 2330 2296 2384 fere
2324 2330 2469 2399 ίίιηεί
2499 2332 2681 2400 “BP”,
2723 2331 2866 2402 ψιοά
2895 2347 2925 2386 ³
2955 2332 3244 2389 Benedic“)
3272 2334 3391 2401 eius

101 2434 308 2506 prioris
335 2441 389 2487 et
417 2430 726 2503 apostolica:
756 2427 1010 2484 Ecclesia:
1038 2428 1091 2482 in
1119 2441 1222 2496 qua
1254 2436 1460 2497 septem
1488 2435 1698 2483 tantum

102 2526 325 2582 diaconi
346 2523 574 2581 ordinati
598 2530 741 2577 sunt.
766 2519 863 2577 Hic
882 2520 1045 2575 etiam
1068 2534 1322 2575 numerus
1343 2521 1695 2590 septenarius,

102 2627 315 2689 septem
335 2616 621 2688 praecipuis
644 2613 802 2669 Urbis
821 2612 1130 2683 regionibus
1149 2620 1203 2667 et
1223 2611 1456 2668 basilicis
1475 2627 1702 2683 respon-

102 2710 302 2775 debat,
329 2706 528 2778 quibus
570 2705 763 2773 singuli
791 2703 1004 2759 diaconi
1033 2702 1499 2773 prteﬁciebantur;
1543 2704 1699 2760 hinc-

103 2812 215 2867 que
242 2796 372 2853 dicti
413 2803 539 2853 sunt
582 2792 892 2862 regionarii.
926 2790 1041 2861 (Cf;
1074 2789 1230 2859 Greg.
1262 2790 1458 2847 Turon.
1490 2793 1527 2847 ι.
1559 2808 1617 2859 x,
1645 2808 1698 2849 e.

104 2888 195 2960 ε.)

179 2981 304 3037 Vim
345 2980 450 3037 sibi
498 2988 626 3036 tunc
662 2979 859 3035 {actam
888 2978 1124 3049 explicat
1150 2984 1372 3033 sanctus
1397 2978 1480 3033 vir
1506 2978 1559 3033 in
1588 2978 1702 3047 epi-

108 3074 248 3131 stola
294 3072 361 3128 ad
405 3070 711 3128 Leandrum
751 3070 862 3141 jam
909 3069 1069 3125 toties
1097 3068 1332 3135 laudata,
1366 3076 1700 3137 testaturque

110 3165 206 3221 sibi
231 3163 434 3219 nolenti
456 3171 512 3218 et
529 3161 784 3217 renitenti
805 3160 1122 3217 obcdientia:
1139 3159 1391 3214 virtutem
1413 3158 1698 3227 objectam,
1732 3180 1775 3242 ρ

112 3257 195 3311 cui
229 3255 422 3311 cedere
451 3261 671 3310 coactus
698 3259 799 3307 est.
832 3251 886 3322 Α
924 3266 1031 3322 quo
1071 3246 1327 3321 pontiﬁce
1353 3255 1701 3304 consecratus

111 3352 290 3418 fuerit,
312 3358 363 3405 et
390 3350 439 3404 in
465 3356 670 3415 partem
691 3362 833 3402 cura:
855 3345 1235 3402 ecclesiastica:
1260 3351 1502 3405 vocatus,
1525 3357 1703 3410 neque

112 3446 402 3516 Gregorius
427 3449 633 3502 Turon.
680 3456 857 3511 neque
899 3439 1093 3495 Paulus
1122 3454 1221 3494 nos
1248 3438 1446 3494 docent
1471 3454 1483 3489 :
1510 3436 1597 3491 hic
1622 3443 1703 3489 ta-

114 3552 235 3593 men
265 3535 485 3604 Pelagio
514 3530 752 3588 secundo
796 3531 849 3585 id
893 3530 1198 3585 adscribere
1225 3528 1455 3582 videtur.
1488 3524 1700 3580 Etenim

114 3630 316 3685 diserte
344 3633 578 3682 testatur
602 3622 917 3692 Gregorium
962 3621 1029 3675 ab
1075 3620 1266 3675 eodem
1296 3617 1550 3688 pontiﬁce
1579 3617 1700 3671 dia-

114 3735 305 3776 conum
332 3715 584 3772 etl’ectum
608 3754 624 3778 ,
665 3720 720 3767 et
747 3709 1268 3779 Constantinopolim
1294 3707 1537 3762 missum.
1568 3705 1700 3760 Cum

113 3809 293 3879 itaque
320 3812 535 3862 constet
576 3804 749 3874 ipsum
797 3817 905 3856 non
952 3799 1230 3855 Benedicti
1276 3797 1371 3853 sed
1415 3796 1617 3866 Pelagii
1661 3795 1704 3848 ll

113 3900 349 3969 legatum
393 3912 493 3953 seu
538 3893 941 3965 apocrisiarium
988 3891 1129 3961 apud
1160 3890 1454 3958 Augustum
1504 3888 1704 3951 fuisse,

114 3994 236 4049 inde
264 3993 436 4062 liquet
480 3989 547 4044 ad
591 3994 824 4042 mentem
855 3984 1025 4049 Pauli,
1065 3998 1173 4038 non
1204 3997 1234 4036 a
1264 3980 1580 4048 Benedicto,
1610 3978 1706 4034 sed

113 4100 144 4139 a
177 4083 396 4151 Pelagio
424 4080 469 4134 Il
494 4094 635 4149 papa
663 4075 910 4132 effectum
939 4089 1065 4130 eum
1092 4087 1209 4128 esse
1238 4072 1543 4126 diaconum.

187 4174 239 4227 7.
280 4172 413 4227 llaec
459 4169 601 4240 apud
644 4167 865 4221 Paulum
907 4166 1109 4233 legerat
1144 4163 1380 4218 Joannes
1410 4161 1703 4224 Diaeonus;

114 4279 347 4334 cumque
378 4264 431 4317 in
460 4262 547 4316 his
576 4260 809 4315 maxime
837 4272 956 4327 qum
982 4257 1048 4312 de
1064 4255 1338 4324 Gregorio
1378 4252 1543 4309 refert
1584 4260 1709 4306 ante

114 4358 369 4429 adeptum
415 4350 789 4425 pontiﬁcatum
816 4389 831 4414 ,
880 4349 947 4403 ab
990 4347 1107 4416 ejus
1151 4345 1417 4400 sententia
1454 4343 1710 4399 recedere

115 4465 226 4503 non
255 4447 447 4513 soleat,
499 4444 592 4500 sed
624 4443 739 4512 ipsa
767 4441 883 4509 ejus
914 4440 1073 4494 verba
1104 4445 1160 4493 et
1186 4436 1439 4507 periodos
1470 4436 1706 4503 integras

1802 2426 2144 2474 antecessore
2172 2418 2333 2488 paulo
2363 2428 2489 2473 ante
2519 2428 2748 2475 mortem
2776 2420 3054 2475 ordinatus
3082 2431 3245 2478 esset.
3278 2421 3390 2477 llac

1802 2509 2017 2579 quidem
2062 2509 2272 2564 ratione
2299 2510 2572 2565 conciliari
2619 2526 2776 2581 posse
2805 2510 3065 2567 Joannem
3096 2512 3391 2569 Diaconum

1802 2611 1926 2653 cum
1972 2595 2141 2653 Paulo
2182 2613 2287 2653 non
2319 2596 2626 2655 difﬁdimus.
2667 2598 2805 2665 Quid
2849 2600 2992 2655 enim
3040 2609 3187 2656 vetat
3215 2601 3392 2656 dicere

1802 2706 1923 2747 cum
1947 2690 2175 2757 Joanne,
2206 2706 2238 2746 a
2267 2692 2557 2748 Benedicto
2583 2692 2758 2762 primo
2799 2691 3115 2761 Gregorium
3145 2708 3393 2762 assump-

1804 2792 1919 2838 tum
1948 2780 2110 2839 t'uisse
2137 2782 2204 2837 ad
2232 2781 2489 2839 Ecclesiae
2518 2782 2775 2838 Romanae
2803 2784 3165 2850 diaconatum,
3198 2790 3253 2838 et
3280 2782 3393 2838 for-

1804 2882 1948 2931 tasse
1991 2874 2060 2929 ad
2102 2875 2428 2945 legationem
2459 2875 2600 2946 apud
2644 2876 3025 2945 imperatorem
3056 2875 3393 2942 obeundam;

1804 2978 1926 3035 qua:
1955 2979 2078 3020 eum
2107 2964 2322 3019 nonnisi
2351 2950 2911 3031 mortuo'Benedicto,
2945 2965 3274 3036 sedenteque
3303 2964 3395 3022 Pe~
3459 2964 3465 2971 ’

1805 3054 1947 3125 lagio
1985 3052 2053 3119 Η,
2102 3053 2219 3123 ejus
2246 3069 2581 3122 successore,
2631 3052 2831 3110 fuerint
2878 3055 3119 3126 impleta,
3171 3056 3395 3113 Paulum

1805 3144 2105 3199 Diaconum
2151 3160 2263 3200 non
2309 3144 2579 3201 immerito
2619 3145 2901 3215 scripsisse
2943 3146 3059 3201 hinc
3106 3161 3136 3200 a
3182 3145 3394 3216 Pelagio

1807 3235 1948 3293 facta
1960 3238 1985 3293 Υ

1877 3324 1930 3381 8.
1972 3325 2293 3395 Gregorium
2333 3326 2536 3382 factum
2567 3328 2728 3382 tuisse
2753 3327 3040 3383 diaconum
3068 3328 3395 3384 cardinalem

1806 3418 1885 3473 ait
1910 3417 2171 3474 Baronius
2192 3418 2298 3491 (Ad
2324 3435 2413 3472 an.
2447 3418 2570 3485 581,
2603 3436 2657 3473 η.
2691 3417 2768 3488 2),
2794 3419 3035 3489 quamvis
3056 3418 3196 3489 apud
3224 3420 3399 3475 nullos

1806 3518 2049 3564 veterum
2097 3510 2187 3578 qui
2234 3510 2299 3563 de
2345 3510 2464 3579 ipso
2512 3511 2842 3580 scripserunt
2887 3511 2992 3566 hoc
3037 3512 3261 3581 legerit:
3296 3513 3397 3568 nisi

1808 3599 1946 3655 forte
1976 3613 2072 3669 per
2099 3600 2303 3653 (evitant
2326 3616 2419 3655 seu
2442 3600 2717 3655 diaconum
2736 3602 3043 3671 septimum,
3067 3602 3396 3657 cardinalem

1807 3690 2095 3758 signiﬁcari
2123 3706 2461 3749 censeamus.
2513 3692 2582 3747 Et
2628 3693 2843 3763 quidem
2881 3703 3039 3748 erant
3084 3702 3290 3765 septem
3321 3695 3396 3749 illi

1811 3780 1969 3834 Rom.
2002 3779 2253 3835 Ecclesiae
2291 3781 2504 3836 diaconi
2533 3782 2757 3850 singulis
2783 3783 2952 3837 titulis
2978 3784 3131 3851 quasi
3161 3784 3397 3838 cardini-

1807 3872 1909 3926 bus
1951 3870 2125 3937 alﬁxi;
2165 3872 2309 3926 unde
2332 3872 2439 3926 diei
2468 3880 2718 3941 poterant
2745 3874 3078 3930 cardinales:
3104 3878 3211 3930 non
3242 3891 3397 3935 secus

1807 3978 1871 4017 ac
1916 3962 1990 4016 ita
2029 3961 2346 4015 dicebantur
2374 3960 2457 4014 vel
2487 3961 2783 4031 presbyteri
2814 3962 3129 4031 minoribus,
3169 3965 3253 4020 vel
3283 3967 3398 4035 epi-

1807 4054 1959 4122 scopi
1987 4051 2283 4119 majoribus
2308 4051 2550 4106 ecclesiis
2576 4059 2827 4121 tanquam
2859 4055 3062 4125 proprii
3093 4057 3398 4113 sacerdotes

1811 4142 2032 4202 addicti.
2081 4149 2135 4195 et
2180 4148 2239 4193 ut
2284 4141 2398 4209 ipse
2427 4138 2724 4210 Gregorius
2750 4141 3007 4213 loquitur,
3041 4145 3397 4214 incardinati;

1809 4233 1877 4286 de
1924 4232 2115 4300 quibus
2150 4231 2593 4301 frequentissime
2639 4234 2692 4287 in
2722 4233 2840 4303 ejus
2867 4235 3213 4305 epistularum
3249 4237 3397 4308 Regi-

1810 4331 1943 4389 stro,
1975 4323 2067 4377 ubi
2095 4324 2316 4378 consule
2346 4332 2523 4392 notas,
2555 4324 2748 4381 indicis
2775 4324 3016 4381 adhibita
3046 4326 3179 4383 face.

1883 4437 1935 4491 9.
1980 4437 2037 4493 S.
2090 4437 2344 4506 Eulogius
2395 4439 2787 4498 Alexandrinus
2833 4443 3138 4513 patriarcha
3192 4446 3402 4503 videtur

114 4536 474 4592 transcribere
502 4577 516 4598 ,
562 4531 779 4603 quando
809 4531 895 4585 bie
924 4544 953 4582 a
983 4526 1148 4582 Paulo
1177 4526 1462 4581 dissentire
1491 4526 1702 4595 conspi-
1738 4544 1784 4601 ι)
1811 4529 2042 4585 sensisse
2086 4529 2142 4584 S.
2174 4529 2492 4601 Gregorium
2535 4533 2973 4589 archidiaconum
3004 4536 3167 4591 tuisse
3190 4577 3205 4601 ,
3240 4554 3403 4607 penes

116 4629 282 4693 citur,
309 4628 475 4698 liquet
502 4625 553 4680 id
584 4641 693 4679 non
723 4632 927 4678 temere
954 4621 1049 4676 sed
1079 4620 1390 4689 gravissima
1436 4618 1503 4673 de
1544 4634 1705 4672 causa

116 4720 340 4774 factum.
361 4718 621 4772 Nimirum
649 4715 802 4768 aliter
829 4711 972 4767 haud
990 4711 1149 4765 dubie
1173 4711 1226 4764 in
1249 4710 1503 4763 Romanae
1524 4707 1710 4763 Eccle—

115 4814 216 4868 sia:
243 4812 440 4868 scrinio
470 4811 674 4878 legerat
702 4807 957 4867 Joannes,
987 4818 1051 4858 ac
1079 4804 1132 4856 in
1166 4801 1310 4856 Pauli
1342 4802 1583 4856 historia.

192 4899 658 4956 Eminentissimus
694 4893 980 4950 eardinalis
1018 4891 1277 4945 Baronius
1318 4889 1538 4945 Joannis
1586 4890 1705 4959 opi-

115 4993 335 5048 nionem
365 4992 666 5060 impugnat,
698 5001 803 5040 non
826 4984 927 5038 alia
952 4984 1159 5038 ratione
1185 4997 1345 5051 quam
1368 4981 1578 5036 tuendae
1600 4996 1709 5035 suae

120 5081 485 5148 chronologia:
532 5077 887 5141 necessitate;
932 5074 1025 5128 sed
1055 5087 1174 5127 eam
1203 5080 1347 5127 stare
1394 5087 1503 5127 non
1548 5087 1708 5142 posse

119 5172 235 5241 jam
267 5186 295 5225 a
325 5170 479 5225 nobis
507 5167 956 5230 demonstratum,
984 5163 1305 5232 aliundeque
1327 5178 1435 5217 non
1456 5163 1528 5215 ita
1556 5162 1712 5217 nobis

124 5257 521 5315 contemnenda
547 5255 761 5310 videtur
786 5251 1007 5307 Joannis
1037 5252 1350 5306 auctoritas.
1378 5251 1435 5305 S.
1467 5250 1711 5319 Gregorii

121 5353 291 5406 vitam
335 5348 550 5419 scripsit
593 5347 679 5401 hic
723 5344 976 5399 Ecclesia:
1024 5342 1281 5396 Romamn
1311 5342 1567 5396 diaconus
1597 5352 1711 5396 tum

120 5456 189 5494 ex
222 5440 336 5508 ejus
364 5437 606 5509 epistolis
632 5436 860 5504 aliisque
888 5432 1140 5502 operibus
1169 5432 1470 5493 collectam,
1505 5441 1612 5484 tum
1645 5448 1713 5485 ex

120 5530 357 5599 antiquis
380 5527 635 5584 Ecclesiae
662 5522 1041 5587 monumentis,
1075 5523 1125 5576 in
1154 5523 1352 5577 scrinio
1379 5537 1472 5577 seu
1504 5523 1712 5578 tabula-

201 5671 230 5697 δ
274 5660 397 5715 Vide
422 5658 625 5713 Mabill.
658 5656 711 5709 in
742 5655 1044 5711 Comment.
1078 5657 1143 5711 de
1169 5654 1367 5711 Ordine
1393 5655 1553 5725 Rom.
1584 5655 1710 5725 Sep-

127 5732 366 5789 tenarius
393 5731 483 5784 ille
512 5729 861 5781 diaeonorum
894 5742 1166 5793 numerus,
1208 5728 1369 5781 etiam
1397 5726 1449 5779 in
1495 5723 1714 5781 Oriente

128 5808 379 5869 receptus
405 5807 522 5855 erat
546 5814 559 5849 :
584 5802 805 5851 cavetur
828 5798 969 5850 enim
993 5812 1112 5849 can.
1146 5793 1229 5849 15.
1265 5795 1473 5852 concilii
1506 5794 1717 5852 Neocm-

535 5891 806 5950 PATROL-
844 5890 1100 5951 LXXV.

1818 4633 1976 4687 quem
1995 4627 2109 4671 erat
2139 4634 2345 4672 summa
2364 4620 2627 4674 bonorum
2654 4623 2890 4676 omnium
2914 4624 3400 4679 ecclesiasticarum

1814 4709 2151 4780 praefectura.
2182 4711 2440 4779 Eulogius
2468 4712 2636 4777 enim,
2686 4712 2946 4780 Gregorio
2976 4722 3182 4780 nostro,
3214 4730 3404 4784 perne«

1815 4804 2079 4858 cessarius
2104 4845 2117 4866 ,
2169 4805 2362 4858 asserit
2392 4808 2442 4858 in
2483 4805 2620 4860 libro
2650 4804 2717 4859 de
2746 4806 3205 4860 administratione
3231 4810 3402 4862 eccle-

1814 4895 2026 4949 siastica
2061 4903 2251 4948 contra
2293 4893 2579 4962 Novatum,
2619 4896 3054 4951 arcliidiaeonum
3085 4897 3137 4950 in
3166 4894 3403 4952 Ecclesia

1814 4988 2058 5044 Romana
2088 4999 2302 5066 mprtuo
2333 4989 2586 5058 episcopo
2616 5003 2828 5057 semper
2854 4987 3142 5043 succedere
3166 5004 3234 5042 ex
3264 4999 3405 5043 vete-

1816 5081 1861 5135 ri
1887 5094 2038 5135 more
2067 5089 2122 5135 et
2151 5080 2553 5133 constitutione.
2607 5078 2724 5145 Quo
2763 5086 2921 5147 pacto
2949 5094 3077 5133 vero
3106 5078 3158 5133 id
3188 5095 3405 5136 asseve—

1816 5178 2011 5235 rassct,
2039 5169 2083 5223 si
2111 5167 2465 5224 intellexisset
2496 5169 2548 5222 S.
2582 5168 2918 5236 Gregorium,
2950 5169 3048 5222 etsi
3098 5184 3205 5223 non
3231 5172 3401 5224 arehi~

1785 5260 2147 5338 v’diaconum‘,
2217 5260 2283 5312 ad
2345 5274 2610 5313 summum
2667 5257 3024 5312 sacerdotium
3091 5270 3405 5329 provectum

1821 5350 2023 5405 fuisse?
2050 5349 2163 5403 Non
2193 5349 2368 5421 potuit
2398 5357 2578 5402 autem
2624 5348 2872 5415 ignorare
2900 5347 2966 5401 de
2995 5348 3170 5404 amico
3201 5350 3300 5404 sibi
3337 5351 3402 5403 fa-

1819 5440 2199 5502 miliarissime,
2234 5448 2409 5492 utrum
2442 5454 2468 5491 a
2502 5438 2787 5492 diaconatu
2816 5444 3019 5490 tantum
3048 5453 3113 5492 an
3144 5439 3211 5493 ab
3234 5438 3416 5493 archi-

1822 5529 2111 5585 diaconatu
2154 5528 2220 5582 ad
2269 5527 2636 5596 pontiﬁcatum
2668 5526 3014 5581 ascendisset.
3049 5528 3117 5581 At
3156 5528 3411 5585 credibile

1818 5674 1925 5713 sar.
1957 5659 2173 5731 ineunte
2201 5668 2395 5731 quarto
2442 5659 2638 5715 saeculo
2684 5660 2854 5714 habiti
2880 5702 2894 5725 ,
2926 5676 2993 5716 ne
3021 5660 3201 5730 plures
3246 5676 3405 5731 quam

1818 5737 2029 5851 septem
2075 5728 2286 5785 diaconi
2328 5730 2666 5797 ministrent,
2718 5730 2929 5786 etiamsi
2959 5728 3150 5801 magna
3181 5728 3407 5787 sitwcivi-

1846 5811 1922 5851 as.

1846 5811 1922 5854 85.

2850 5892 2887 5947 9
