3992 6300
596 349 699 404 237

1078 337 1134 393 S.
1176 329 1498 393 GREGORII
1540 320 1755 385 MAGNI
1790 316 1971 377 VITA,
2015 313 2105 366 EX
2146 309 2314 366 EJUS
2350 299 2656 360 SCRIPTIS
2696 295 3093 353 ADORNATA.
3134 292 3264 348 LIB.
3308 292 3348 346 l.

3729 289 3824 344 268

600 474 681 519 est
709 460 1008 527 Eulogium,
1037 453 1102 509 de
1142 440 1311 506 veteri
1355 442 1604 501 Ecclesia:
1630 431 2015 494 consuetudine
2041 436 2167 482 tunc
2194 429 2239 485 A
2269 421 2655 527 adiunxerunt;
2679 422 2770 469 θαι
2794 415 2845 469 in
2889 412 3017 512 υτξὶε
3045 410 3198 527 ἱεξὲῖέ
3223 414 3648 527 θεωῐξὶοξθηιθῐη
3677 405 3842 527 Chi”-

603 522 875 619 antipiata
904 522 1078 614 loqui;
1111 552 1302 608 nempe
1346 536 1472 622 agit_
1490 531 1557 585 de
1584 529 1642 583 S.
1672 522 1924 622 Cornelio
1951 530 2170 622 papapa

603 659 710 712 quo
735 611 867 694 dicit
891 611 1148 690 Novatum
1172 623 1417 681 Ecclesiae
1443 620 1696 712 Romana:
1716 611 2169 712 arcliidiaeonum,

605 699 972 802 presbyterum
999 720 1196 774 factum
1225 713 1386 769 luisse
1409 750 1425 777 ,
1465 722 1554 775 ne,
1584 708 1629 763 si
1658 706 1712 761 in
1739 699 2174 802 archidiac-oin‘atu

606 789 929 880 icmaneret,
962 811 1062 867 sibi
1091 818 1368 865 successor
1394 802 1641 865 daretur;
1671 797 1869 867 quippe
1908 789 2175 847 archidia-

607 922 800 965 conum
826 899 1115 959 succedere
1140 906 1349 953 summo
1376 889 1641 949 sacerdoti
1665 894 1923 944 statutum
1944 888 2061 938 erat
2078 893 2178 949 pro

609 997 761 1065 hujus
787 989 1047 1060 temporis
1072 1000 1225 1042 more

1132 1110 1289 1179 211
1327 1101 1554 1160 CAPUT
1591 1101 1656 1157 V.

616 1234 962 1283 Διισντιιεκτυιι.
985 1252 1044 1261 -
1064 1226 1113 1273 1.
1154 1222 1419 1283 Gregorius
1450 1213 1905 1283 constantinOpoljm
1930 1210 2182 1283 mittitur?

679 1268 983 1353 ιτεῑςξξδνῑί.
1007 1268 1145 1353 -τξὲ,
1163 1268 1284 1353 Eth
1321 1268 1521 1353 [vivendi
1550 1268 2184 1353 rationin_'a‘ula‘.z:éthj:

677 1330 1276 1402 bus-leumusociisji'd.
1318 1342 1435 1402 Quis
1477 1340 1545 1402 ab
1584 1330 2071 1402 eo‘anstantinopoli
2090 1334 2185 1402 sint

683 1390 921 1471 ZESiaT":
945 1390 1352 1471 3.vl‘)'e;pelle_ndi§
1370 1390 2185 1471 Langobardisél’elagu‘papmso‘li

686 1454 901 1522 ﬁI-ii‘ﬁiio.
926 1454 988 1506 —:
1007 1454 1053 1519 ὅ.
1074 1454 1299 1529 Εἰιιςοιιίἱ
1322 1454 1498 1529 novam
1515 1454 2038 1529 bfresimGregor-ius
2049 1464 2187 1529 corn:

686 1518 947 1596 priniit.—
970 1518 1027 1579 7.’
1062 1530 1136 1576 An
1172 1518 1278 1575 Eum
1318 1522 1502 1570 Joanne
1548 1518 1766 1577 Eutycliii
1789 1524 2073 1597 successore
2090 1518 2185 1620 Eum

683 1606 783 1644 tum
801 1590 1147 1641 decertaverit.
1170 1610 1232 1621 ——
1253 1586 1300 1633 8.
1325 1583 1397 1647 Ex
1420 1588 1638 1647 tempore
1672 1574 1938 1647 collationis
1961 1585 2068 1647 cum
2110 1585 2190 1647 Lut-

690 1631 1079 1717 ἱὲἓίιῖοῖἷιῐὶὶἧὲεἷ
1093 1631 1277 1717 ίῆοειτί
1293 1631 1641 1717 έίιῐξπξρέδὲἓ-
1657 1636 1931 1717 ὶιὲιέἓὶιέἒῖσ.
1943 1631 2189 1717 :?;-.‘?.°

688 1698 913 1764 nova—alia
934 1698 1106 1759 luerési
1132 1707 1270 1755 fama.
1298 1702 1423 1762 Quid
1445 1702 1508 1764 de
1542 1698 1645 1762 ipsa
1664 1698 2185 1764 Gregoriussenserit.

2274 520 2384 567 tate
2412 508 2543 563 moti
2572 506 2839 569 adierunt,
2869 500 3139 556 eminebat
3165 497 3221 552 S.
3252 495 3606 550 Maximianus
3636 494 3841 564 presby-

2275 607 2359 662 ter
2382 605 2439 653 et
2460 594 2768 651 mona=terii
2792 593 2848 647 S.
2881 591 3105 646 Andreze
3134 589 3318 654 abbas,
3346 594 3535 657 postea
3560 585 3842 655 Syracusa-

2279 688 2361 743 nis
2402 686 2559 741 datns
2600 685 2903 753 episcopus,
2933 696 2999 736 ex
3030 678 3211 733 multis
3236 675 3580 746 Gregoniauis
3622 676 3847 746 epistolis

2279 785 2372 833 aut
2417 776 2483 831 ad
2533 776 2705 845 ipsum
2754 779 2846 826 aut
2881 771 2948 825 de
2987 770 3102 838 ipso
3142 766 3353 835 scriptis
3396 765 3529 820 satis
3570 772 3750 820 notus.
3789 765 3850 819 At

2281 878 2406 941 post
2434 868 2639 937 aliquot
2660 878 2921 919 annorum
2948 874 3175 927 moram,
3192 857 3416 928 jubente
3444 871 3658 912 summo
3682 856 3848 925 ponti-

2283 960 2403 1025 tiee,
2437 958 2661 1013 Romam
2694 955 2869 1009 redire
2896 960 3115 1007 coactus
3143 957 3225 1022 est
3247 988 3263 1013 ,
3298 957 3358 1003 ut
3398 963 3498 1003 suo
3530 947 3849 1002 monasterio

2283 1047 2594 1121 provideret
2620 1060 2683 1100 ac
2708 1043 3024 1111 invigilaret.
3051 1038 3251 1106 Pelagii
3276 1037 3565 1108 epistolam
3590 1035 3854 1090 Maximia-

2287 1156 2413 1197 num
2462 1137 2766 1194 revocantis
2795 1134 3012 1190 exhibet
3047 1129 3282 1185 Joannes
3313 1130 3613 1195 Diaconus,
3662 1143 3729 1183 ex
3762 1144 3853 1199 qua

2286 1229 2555 1298 conjicere
2598 1239 2882 1297 possumus
2919 1237 3027 1292 quo
3064 1228 3310 1289 tempore
3356 1217 3583 1273 Romam
3620 1217 3854 1283 redierit,

2288 1320 2476 1376 relicto
2503 1313 2969 1384 Constantinopoli
2995 1309 3277 1379 Gregorio.
3310 1307 3367 1363 Si
3398 1305 3615 1376 quidem
3641 1307 3763 1361 data
3788 1319 3859 1363 est

2290 1409 2514 1481 epistola
2550 1419 2742 1477 quarto
2789 1418 2958 1460 nonas
2996 1400 3283 1465 Octobris,
3335 1398 3630 1453 indictione
3678 1399 3857 1463 tertia;

2290 1501 2368 1557 sic
2397 1500 2540 1556 enim
2570 1500 2762 1566 legitur
2786 1495 3033 1551 omnibus
3061 1494 3115 1547 in
3144 1488 3522 1558 manuscriptis
3566 1502 3703 1557 quos
3745 1504 3860 1543 con-

2290 1589 2569 1644 suluimus.
2602 1585 2773 1641 Porro
2804 1586 2919 1638 hmc
2947 1579 3188 1646 indictio,
3216 1593 3335 1649 quae
3365 1592 3551 1632 mense
3578 1575 3860 1646 Septembri

2290 1680 2603 1748 incmperat,
2644 1675 2874 1745 pertinet
2910 1671 2978 1726 ad
3015 1686 3105 1727 an.
3136 1667 3258 1721 584.
3304 1666 3483 1721 Rediit
3519 1666 3862 1721 Maximianus

688 1754 1027 1843 εἰδῗῐῖιίίηδὲ
1045 1754 1603 1843 uenularum}.
1630 1782 1691 1843 ::
1708 1754 2192 1843 {iiﬁ'ff’ji‘flﬁl‘l‘

2325 1769 2381 1824 el
2407 1768 2689 1823 desinente
2717 1767 2822 1819 hoe
2850 1777 3014 1825 anno,
3064 1759 3151 1814 vel
3193 1757 3438 1826 sequenti
3484 1758 3758 1812 inchoato.
3784 1756 3865 1811 lllo

687 1816 1062 1885 amiciti—{aula
1090 1828 1258 1877 Filium
1285 1822 1590 1885 imperatoris
1629 1833 1693 1869 ex
1718 1830 1859 1885 sacro
1878 1816 2193 1885 fonte_susci-

689 1876 964 1958 ῖιῖἰῖῖ-’ῙᾏῙ
990 1876 1221 1958 Quamdiu
1242 1888 1290 1958 ip
1318 1876 1439 1956 urbe
1459 1876 2194 1958 regiamammia—ligant);

690 1936 813 2005 ἷίὶἑιὶη
850 1936 979 2003 redit
999 1936 1169 2000 ‘saerls
1205 1946 1425 2009 reliqui-.5
1449 1936 1644 1994 ditatus.
1673 1942 1784 2002 (An.
1817 1938 1911 1988 578
1941 1949 2099 1999 usque
2137 1936 2198 1985 ad

689 2018 823 2078 585.)

711 2129 738 2182 1
753 2169 767 2182 .
788 2126 905 2182 Non
918 2122 1089 2179 multo
1100 2126 1385 2190 postsuam
1402 2116 1454 2170 in
1476 2113 1729 2169 Ecclesize
1751 2111 2007 2166 Romamn
2020 2108 2204 2163 minis-

638 2217 774 2274 terio
795 2223 851 2270 et
862 2214 1145 2267 diaconatu
1160 2207 1557 2278 provectionem
1574 2202 1632 2257 S.
1645 2200 1935 2270 Gregorius
1949 2198 2209 2254 Constan-

640 2307 918 2379 tinopolim
947 2303 1177 2371 migrare
1202 2300 1384 2368 jussus
1422 2303 1505 2351 est
1531 2310 1558 2345 a
1588 2292 1804 2361 Pelagio
1847 2289 1891 2344 ll
1914 2329 1928 2354 ,
1960 2297 2020 2344 ut
2063 2289 2119 2344 in
2146 2303 2210 2345 ea

641 2378 773 2453 urbe
815 2395 979 2451 totius
1025 2387 1231 2460 imperii
1276 2385 1419 2450 sede,
1461 2383 1690 2452 negotiis
1716 2378 2094 2436 ecclesiasticis
2121 2393 2214 2434 cu-

643 2501 760 2542 ram
807 2492 861 2540 et
906 2478 1314 2538 sollicitudinem
1360 2472 1732 2544 impenderet,
1784 2469 2218 2543 apocrisiariique

646 2575 857 2647 (Latine
886 2568 1235 2641 responsalem
1263 2565 1488 2629 diceres,
1527 2561 1613 2617 vel
1661 2560 1839 2631 potius
1882 2558 2218 2628 negotiorum

650 2664 993 2731 curatorem)
1019 2660 1091 2716 ibi
1137 2657 1315 2713 ofﬁcio
1343 2654 1665 2724 fungeretur.
1702 2650 1812 2706 Etsi
1841 2665 1968 2706 vero
1993 2648 2220 2704 arduum

648 2758 717 2812 sit
738 2756 1027 2810 decernere
1052 2763 1160 2817 quo
1188 2760 1329 2800 anno
1357 2745 1471 2799 hanc
1512 2743 1563 2799 ci
1603 2741 1876 2811 provincia
1905 2738 2223 2795 demandata

2301 1860 2483 1928 itaque
2513 1873 2655 1912 anno
2684 1855 2786 1910 585
2814 1851 3104 1923 Gregorius
3125 1848 3298 1904 adhuc
3324 1848 3375 1901 in
3406 1848 3538 1903 urbe
3563 1850 3714 1916 regia
3738 1863 3868 1903 com-

2303 1952 2645 2016 morabatur,
2676 1948 2761 2003 vel
2791 1947 2969 2018 potius
2997 1943 3305 2007 exsulabat;
3354 1956 3413 1996 se
3440 1942 3583 1997 enim
3614 1944 3669 1997 in
3698 1944 3869 1999 exsilio

2308 2042 2538 2113 positum
2566 2038 2767 2092 tamdiu
2797 2036 2985 2099 doluit,
3013 2031 3268 2106 quamdiu
3296 2030 3431 2086 inter
3454 2033 3662 2089 aulicos
3689 2036 3869 2105 strepi-

2315 2138 2401 2186 tus
2427 2130 2608 2185 vivere
2636 2135 2859 2183 coaetus
2884 2135 2984 2182 est.

2382 2220 2535 2288 Quod
2577 2225 2787 2290 spectat
2822 2218 2889 2273 ad
2936 2216 3243 2273 Maximiani
3294 2219 3557 2282 reditum,
3604 2222 3789 2269 narrat
3823 2213 3872 2268 S.

2314 2308 2605 2377 Gregorius
2654 2307 2934 2364 imminens
2981 2308 3171 2362 mortis
3216 2308 3506 2377 periculum
3551 2319 3582 2359 a
3623 2319 3731 2375 quo
3772 2319 3875 2359 etim

2314 2398 2474 2454 sociis
2502 2398 2555 2451 in
2584 2395 2856 2452 Adriatico
2893 2397 3028 2451 mari
3075 2396 3328 2452 liberatus
3370 2394 3467 2452 est
3494 2394 3687 2463 insigni
3734 2395 3876 2448 mira~

2316 2489 2439 2546 culo
2465 2506 2479 2543 :
2504 2504 2627 2544 nam
2665 2504 2765 2557 per
2796 2495 2919 2543 octo
2947 2488 3062 2543 dies
3105 2488 3255 2543 navis
3280 2503 3385 2558 qua
3420 2486 3776 2551 vehebantur,
3806 2501 3879 2539 us-

2320 2599 2426 2654 que
2454 2584 2523 2639 ad
2552 2584 2853 2656 superiores
2881 2583 3090 2639 tabulas
3117 2583 3271 2653 aquis
3292 2584 3471 2653 plena,
3497 2582 3601 2635 iter
3623 2579 3882 2651 proprium

2319 2687 2585 2745 peragens
2627 2669 3081 2728 enatavitzNono
3118 2679 3288 2725 autem
3336 2671 3419 2725 die
3460 2671 3516 2724 in
3562 2669 3884 2723 Crotonensis

2323 2765 2481 2819 castri
2509 2770 2712 2834 portum
2739 2760 2957 2815 deducta
2984 2769 3081 2815 est.
3111 2759 3197 2815 Ea:
3223 2777 3322 2833 qua
3348 2761 3583 2814 exierunt
3613 2774 3787 2812 omnes
3815 2758 3886 2810 iu.

3972 583 3980 621 ι

650 2855 750 2912 es"
779 2857 908 2899 vero
935 2850 1111 2895 tamen
1137 2836 1357 2907 propius
1381 2842 1467 2891 33"
1516 2847 1640 2888 eum
1682 2831 1750 2886 ad
1780 2830 1832 2885 id
1877 2830 2114 2921 munfris
2134 2844 2223 2921 ³³⁸
2323 2830 2569 2917 calantes,
2597 2852 2682 2921 qui
2710 2866 2824 2905 cum
2852 2851 3099 2919 prwdicta
3126 2830 3402 2905 venerabili
3429 2850 3536 2903 viro
3574 2847 3890 2901 Maximiano

653 2944 919 3014 summum
949 2931 1110 2985 fuisse
1154 2943 1242 2981 an“
1274 2925 1379 2981 578
1404 2932 1496 2979 aut
1522 2922 1786 2994 sequenti’
1813 2920 1955 3014 990d
1984 2919 2228 3014 Tiberii“
2327 2919 2657 3014 navigabant.
2681 2938 2904 3011 Cumque
2926 2949 3040 3008 post
3066 2957 3152 2994 eos
3180 2941 3289 3011 ipse
3315 2955 3509 3011 quoque
3538 2939 3717 3009 fuisset
3735 2952 3891 3007 egres-

656 3035 775 3097 post
796 3011 1006 3079 'Justini
1034 3021 1238 3076 obitum
1282 3017 1443 3086 erepit
1486 3017 1751 3088 imperare
1790 3012 1967 3080 solus;
2011 3025 2112 3066 nec
2138 3010 2229 3066 diu
2332 3010 2587 3097 “5"”,03
2623 3030 2677 3084 ίη
2710 3010 2935 3101 quam
2962 3039 3135 3100 pom“
3164 3010 3473 3101 profundum
3503 3029 3648 3082 nam
3674 3028 3896 3081 deum“

659 3126 781 3189 post
804 3116 1147 3181 subrogatum
1174 3108 1460 3164 Benedicto
1480 3104 1505 3159 1
1527 3105 1795 3174 Pelagium
1815 3101 1880 3169 ll,
1902 3102 1993 3187 qui
2020 3108 2221 3171 gratum

2332 3130 2430 3186 est,
2461 3137 2521 3173 ac
2549 3120 2595 3173 si
2622 3119 2728 3173 illis
2756 3117 3146 3189 egredientibus,
3177 3135 3270 3188 pro
3295 3117 3537 3187 pondere,
3567 3115 3895 3170 sublevarint

662 3184 1007 3279 proculdubio
1034 3219 1093 3259 se
1120 3202 1381 3256 laetorum
1408 3199 1647 3267 Augusto
1667 3196 1893 3267 putavit,
1918 3184 2081 3251 talem
2107 3204 2229 3249 tan-
2261 3184 2301 3195 “”
2333 3184 2611 3274 “fuisse”
2658 3218 2706 3263 οε
2750 3184 2863 3279 qi”,
2896 3207 3046 3279 ριεηα
3085 3184 3375 3261 ﬁmum,
3422 3207 3475 3260 ξη
3517 3206 3701 3277 pelago
3748 3223 3897 3277 aq“,

665 3307 884 3365 tumque
930 3295 1139 3356 virum,
1191 3288 1470 3359 prmcipuis
1514 3287 1642 3341 olim
1688 3284 1992 3355 reipublicae
2040 3284 2235 3338 muniis

667 3384 879 3455 egregie
906 3382 1210 3436 defunctum
1238 3377 1445 3448 ipsique
1472 3375 1641 3447 probe
1679 3380 1861 3430 notum
1898 3373 2130 3444 legatum
2170 3372 2235 3428 ad

669 3489 789 3528 eum
833 3468 1114 3525 mittendo.
1456 3484 1459 3485 ν

739 3559 793 3613 2.
833 3556 1085 3626 Quamvis
1128 3564 1306 3608 autem
1334 3553 1389 3607 in
1418 3553 1561 3622 regia
1592 3552 1722 3608 urbe
1766 3552 1905 3607 inter
1931 3551 2133 3608 aulicos
2159 3552 2240 3607 vi-

670 3656 841 3709 veret,
875 3661 937 3701 ac
966 3645 1020 3699 in
1050 3647 1164 3714 ipso
1193 3643 1529 3713 imperatoris
1554 3642 1754 3711 palatio
1774 3656 1992 3697 manere
2020 3655 2240 3710 cogere-

672 3748 777 3802 tur,
801 3737 921 3790 vitae
942 3734 1172 3790 cmlestis
1193 3732 1526 3804 propositum
1548 3747 1651 3786 non
1672 3730 1976 3797 intermisit,
1996 3731 2243 3800 inquiunt

671 3845 812 3901 saepe
835 3827 1036 3883 laudati
1056 3827 1176 3881 vita:
1196 3824 1311 3896 ejus
1331 3824 1636 3895 scriptores,
1659 3823 2017 3879 venerabilem
2046 3822 2240 3877 Bedam

671 3921 862 3977 secuti.
892 3918 1026 3974 Cum
1053 3918 1193 3972 enim
1221 3931 1391 3986 usque
1435 3915 1504 3970 ad
1551 3923 1850 3970 extremum
1895 3914 2140 3984 spiritum
2190 3913 2244 3968 in

673 4010 1002 4069 monasterio
1046 4022 1388 4079 perseverare
1432 4007 1695 4077 cupiens,
1742 4006 1853 4061 voti
1896 4006 1978 4060 sui
2025 4021 2246 4075 compos

675 4118 794 4159 esse
817 4117 925 4158 non
955 4099 1233 4169 potuisset,
1262 4098 1437 4153 elieeit
1465 4096 1859 4166 quodammodo
1886 4104 1945 4150 ut
1971 4106 2245 4152 monaste-

678 4195 816 4249 rium
867 4207 1050 4248 secum
1098 4191 1386 4259 migraret,
1435 4189 1641 4257 sibique
1690 4203 1903 4257 semper
1928 4187 2243 4242 adhaereret.

678 4282 857 4351 Ipsum
887 4279 1159 4334 audiamus
1186 4292 1249 4332 ea
1271 4278 1338 4332 de
1366 4291 1425 4332 re
1449 4277 1516 4331 ad
1544 4276 1601 4332 S.
1635 4276 1931 4332 Leandrum
1960 4276 2148 4345 (Prwf.
2178 4278 2249 4329 ad

678 4371 767 4426 lib.
800 4369 971 4426 Mor.)
1005 4368 1361 4423 scribentem:
1386 4366 1511 4420 Cum
1539 4368 1595 4420 in
1632 4376 1833 4422 terreno
1864 4370 2057 4439 palatio
2087 4369 2247 4423 licen-

2332 3309 2640 3372 portaverat,
2670 3309 2820 3371 atque
2851 3306 3135 3365 nataverat,
3166 3297 3491 3352 Maximiano
3519 3314 3633 3351 cum
3662 3298 3769 3351 suis
3803 3300 3899 3367 {ras

2332 3391 2493 3444 tribus
2535 3390 2825 3451 recedente,
2863 3406 3024 3459 aquas
3060 3390 3170 3443 sine
3207 3388 3495 3443 hominibus
3532 3389 3587 3442 in
3615 3398 3766 3458 portu
3812 3405 3903 3443 nos

2334 3478 2493 3534 valuit
2517 3488 2739 3550 portare.
2775 3477 2913 3545 (Lib.
2942 3495 3018 3545 ut,
3052 3478 3219 3545 Dial.,
3249 3495 3293 3531 c.
3324 3478 3437 3548 56.)

2408 3571 2651 3626 Abeunte
2680 3569 3023 3639 Maximiano,
3064 3569 3279 3639 plurimi
3308 3584 3339 3624 e
3379 3569 3631 3624 fratribus
3654 3569 3907 3640 Gregorio

2338 3675 2552 3730 semper
2580 3659 2954 3727 adhaeserunt;
3002 3661 3089 3730 qui
3129 3661 3376 3716 videlicet
3402 3660 3515 3715 sive
3544 3660 3749 3728 legatus
3789 3678 3907 3729 apo-
3990 3659 3992 3721 Ε

2342 3749 2547 3805 stolica:
2578 3749 2741 3817 sedis,
2780 3750 2892 3805 sive
2936 3758 3121 3819 postea
3148 3750 3453 3821 episcopus,
3486 3751 3620 3805 tanti
3650 3750 3780 3806 fecit
3806 3767 3909 3805 mo-
3990 3756 3992 3815 ἓ

2344 3838 2564 3903 uacbos,
2610 3846 2668 3891 ut
2695 3852 2789 3892 eos
2819 3838 2873 3891 in
2925 3853 3109 3893 mensa
3162 3838 3530 3903 convictores,
3570 3837 3622 3893 in
3671 3841 3913 3909 operibus
3990 3824 3992 3863 ἶ

2345 3924 2660 3994 adjutores,
2711 3925 3052 3981 consiliorum
3100 3925 3415 3996 participes,
3463 3936 3520 3981 et
3568 3926 3689 3981 vita:
3739 3935 3913 3991 testes,
3990 3952 3992 3961 ε

2345 4032 2484 4087 pene
2521 4017 2747 4073 dixerim
2785 4017 3154 4074 moderatores
3198 4028 3254 4074 et
3299 4020 3548 4085 arbitros,
3586 4035 3801 4089 semper
3827 4022 3913 4073 ha-

2346 4109 2474 4163 bere
2503 4109 2753 4164 voluerit.
2800 4108 2937 4163 lline
2963 4110 3348 4165 monachorum
3377 4111 3539 4166 οωιυί
3566 4127 3690 4166 cum
3720 4111 3913 4179 Grego-

2347 4198 2429 4252 rio
2460 4199 2512 4251 in
2543 4198 2687 4267 regia
2711 4198 3001 4267 hospitanti
3028 4198 3275 4268 frequens
3295 4200 3551 4255 intererat
3578 4200 3635 4255 S.
3663 4200 3913 4264 Leander.

2349 4287 2663 4341 mOnastiete
2690 4301 2905 4356 quoque
2932 4288 3055 4342 vita:
3084 4287 3279 4354 cultor,
3320 4288 3390 4343 de
3415 4303 3524 4359 quo
3546 4288 3711 4345 fusius
3740 4298 3916 4361 postea

2349 4376 2453 4431 erit
2477 4375 2759 4444 agendum.

679 4463 779 4515 tius
820 4457 1141 4523 excubarem,
1190 4457 1395 4527 inquit,
1424 4474 1505 4511 me
1530 4458 1680 4511 multi
1705 4474 1771 4512 ea:
1799 4460 2109 4513 monasterio
2140 4461 2247 4529 [ra-
2278 4483 2330 4541 ι)
2423 4462 2475 4515 4.
2517 4464 2646 4529 Qum
2671 4465 2895 4532 gesserit
2923 4464 3061 4534 apud
3089 4463 3360 4521 Tiberium
3385 4468 3793 4522 Constantinum
3821 4469 3920 4521 Au-

685 4561 781 4604 trcs
826 4549 921 4602 mei
948 4563 1192 4618 germana
1228 4548 1380 4601 vincti
1422 4547 1673 4601 charitate
1712 4549 1869 4602 secuti
1911 4557 2051 4601 sunt.
2103 4545 2251 4611 Quod

683 4641 856 4695 divina
888 4642 1077 4709 factum
1116 4639 1494 4708 dispensatione
1519 4640 1796 4706 conspicio,
1827 4647 1884 4691 ut
1909 4655 2081 4693 eorum
2119 4656 2252 4692 sem-

683 4746 773 4797 per
815 4728 1075 4797 exemplo,
1124 4728 1193 4780 ad
1232 4728 1482 4782 orationis
1508 4727 1766 4794 placidum
1812 4730 1951 4783 littus
1978 4731 2123 4800 quasi
2151 4746 2249 4783 an—

685 4819 853 4873 chorae
881 4820 1002 4888 fune
1026 4818 1379 4887 restringerer,
1421 4833 1486 4871 ne
1521 4833 1791 4872 causarum
1811 4818 2135 4873 swcularium
2169 4821 2251 4874 in-

682 4908 916 4963 cessabili
941 4908 1161 4977 impulsu
1188 4907 1508 4974 ﬂuctuarem.
1548 4906 1630 4959 Ad
1654 4907 1856 4961 illorum
1900 4909 2082 4979 quippe
2122 4925 2249 4963 con-

681 4999 895 5052 sortium
924 4996 1056 5049 velat
1094 4995 1162 5047 ad
1201 4996 1438 5048 tutissimi
1464 5004 1639 5063 portus
1664 4997 1943 5065 sinum"...
1974 4997 2248 5068 fugiebam.

684 5086 752 5139 Et
791 5087 909 5139 licet
948 5083 1077 5138 illud
1102 5099 1183 5137 me
1210 5085 1548 5137 ministerium
1591 5100 1657 5137 ea;
1698 5086 2008 5139 monasteria
2053 5085 2255 5140 abstra-

681 5185 819 5231 ctum
844 5193 877 5229 a
902 5176 1135 5246 pristina
1160 5176 1342 5244 quietis
1369 5176 1473 5228 vita
1493 5215 1509 5240 ,
1547 5190 1790 5228 mucrone
1815 5191 1923 5230 sua:
1952 5178 2251 5244 occupatio-

682 5266 763 5318 nis
792 5266 1131 5327 exstinxerat,
1160 5265 1295 5316 inter
1321 5279 1408 5317 eos
1437 5272 1607 5316 tamen
1637 5279 1726 5331 per
1753 5263 1996 5319 studiosae
2023 5266 2254 5320 lectionis

683 5356 981 5425 alloquium,
1006 5355 1320 5422 quotidiana
1338 5370 1417 5408 me
1436 5356 1685 5423 aspiratio
1706 5357 2105 5424 compunctionis
2134 5359 2222 5411 ani
2234 5395 2261 5407 -

690 5446 885 5499 ritabat.
932 5445 1134 5511 Quibus
1162 5444 1338 5499 verbis
1366 5444 1669 5514 expressius
1693 5444 1999 5501 adumbrari
2025 5456 2257 5517 poterat,

688 5549 851 5602 quam
890 5534 977 5603 pie
1002 5533 1059 5588 in
1085 5533 1331 5588 obeunda
1358 5532 1947 5604 Constantinopolitaua
1993 5534 2259 5604 legatione

690 5619 980 5690 Gregorius
1005 5634 1125 5676 sese
1152 5620 1410 5688 gesserit?

759 5708 813 5761 ὅ.
858 5709 997 5764 Inter
1026 5724 1121 5766 eos
1145 5710 1236 5776 qui
1264 5717 1450 5768 saneto
1476 5712 1591 5770 viro
1631 5727 1754 5770 sese
1796 5715 2020 5772 comites
2050 5715 2257 5773 itineris

2355 4561 2567 4621 gustum
2594 4552 2901 4621 Gregorius,
2928 4570 3032 4609 non
3060 4563 3281 4609 narrant
3306 4555 3625 4625 scriptores;
3660 4556 3777 4626 ipse
3796 4570 3925 4625 quo-

2355 4656 2461 4711 que
2489 4641 2555 4696 ab
2581 4641 2724 4695 omni
2749 4641 3006 4710 jactantia
3032 4657 3251 4712 prorsus
3280 4643 3486 4698 alienus
3522 4644 3706 4698 humili
3754 4645 3927 4700 obruit

2356 4733 2586 4787 silentio.
2622 4732 2735 4786 Duo
2783 4741 2911 4787 tunc
2952 4740 3107 4787 erant
3152 4747 3272 4802 quae
3319 4733 3586 4803 prmeipue
3634 4733 3923 4789 Romanam

2355 4819 2650 4874 Ecclesiam
2680 4828 2955 4891 totamque
2981 4820 3251 4875 vexabant
3278 4820 3499 4889 Italiam,
3531 4822 3765 4877 scltisma
3793 4822 3924 4877 scili-

2357 4910 2484 4965 licet
2509 4910 2579 4965 ob
2609 4910 2709 4964 tria
2737 4911 2971 4980 capitula
3015 4909 3325 4979 conﬂatum,
3373 4921 3429 4967 et
3461 4911 3936 4982 Langobardorum

2357 5000 2579 5056 bellum.
2625 5000 2703 5055 De
2746 5002 3033 5058 schismate
3074 5004 3371 5072 sopiendo,
3400 5007 3827 5075 revocandisque
3869 5009 3929 5059 ad

2359 5090 2611 5146 Ecclesia:
2656 5093 2829 5149 sinum
2878 5093 3249 5159 schismaticis,
3279 5109 3439 5163 quam
3469 5097 3731 5152 sollicitus
3778 5098 3934 5153 fuerit

2360 5179 2626 5251 Pelagius,
2656 5191 2919 5238 testantur
2946 5183 3063 5253 ejus
3091 5184 3331 5252 epistolae
3358 5186 3512 5240 brevi
3542 5201 3574 5239 a
3602 5187 3759 5241 nobis
3789 5203 3934 5241 com-

2360 5272 2735 5325 memorandis.
2782 5271 2892 5327 Nec
2925 5273 3119 5327 minori
3162 5274 3281 5328 zelo
3310 5273 3361 5327 id
3387 5284 3706 5343 prosecutus
3727 5284 3817 5330 est
3844 5290 3940 5329 no-

2365 5371 2478 5416 ster
2515 5361 2836 5431 Gregorius,
2863 5363 3008 5432 quod
3040 5364 3203 5418 etiam
3230 5379 3297 5419 ex
3328 5365 3494 5434 ipsius
3520 5364 3767 5434 epistolis
3796 5365 3942 5419 aliis-

2363 5465 2470 5520 que
2495 5456 2854 5509 monumentis
2890 5454 3085 5523 liquet;
3134 5455 3275 5509 unde
3312 5456 3444 5511 satis
3488 5455 3810 5524 intelligitur
3838 5455 3942 5509 lbe-

2362 5550 2588 5609 quenter
2627 5544 3079 5611 sapientissimum
3122 5545 3355 5613 legatum
3383 5546 3526 5616 apud
3556 5547 3944 5617 imperatorem

2362 5633 2553 5700 egisse,
2599 5642 2658 5687 ut
2686 5640 2835 5687 tanto
2863 5634 3112 5688 seandalo
3136 5675 3148 5695 ,
3194 5642 3302 5689 tam
3333 5634 3483 5692 fmtlte
3511 5636 3798 5704 scissioni,
3836 5645 3943 5690 tam

2352 5721 2507 5780 stravi
2535 5721 2739 5776 vulneri
2766 5721 3058 5778 remedium
3085 5721 3318 5779 alferret.
