3992 6296
135 518 199 581 di,
228 530 346 570 cum
374 512 618 571 Tiberius
640 517 761 585 pius
788 518 1102 591 imperator,
1127 525 1511 585 ecclesiasticae
1546 537 1708 607 212

133 606 268 680 pacis
296 605 715 676 amantissimus,
746 608 813 663 ad
841 611 1153 681 reipublicae
1180 616 1392 676 clavum
1435 624 1583 680 solus
1611 625 1708 682 Ju-
1809 630 1825 682 i

131 697 261 753 stino
287 705 496 751 mortuo
541 696 735 755 sedere
771 710 1029 772 cmperat,
1069 708 1308 765 maxime
1336 727 1465 769 vero
1492 714 1705 787 Lango-

130 787 310 843 bardos
349 788 416 842 ab
445 788 562 858 ipso
608 797 722 845 tota
750 806 815 847 ex
845 792 996 849 Italia
1025 796 1309 866 pellendos
1336 804 1437 859 sibi
1472 805 1703 865 Romani

129 876 537 947 pollicebantur,
586 887 711 947 post
757 880 1015 950 plurimas
1043 895 1098 939 et
1124 889 1411 957 praeclaras
1455 908 1589 962 quas
1636 896 1704 952 de

127 963 289 1020 Persis
332 974 638 1034 reportaret
663 966 941 1025 victorias.
972 972 1124 1030 Tunc
1150 991 1379 1035 excusso
1408 983 1569 1051 regia:
1596 1000 1698 1055 po—

125 1055 321 1109 testatis
360 1055 491 1124 jugo
540 1056 883 1128 Langobardi
925 1064 1180 1136 tringinta
1207 1083 1301 1124 sex
1331 1070 1554 1129 ducibus
1600 1076 1697 1131 ob-

123 1147 499 1215 temperabant,
524 1151 615 1217 qni
638 1151 740 1207 sibi
764 1155 945 1222 partiti
972 1166 1125 1212 erant
1146 1174 1280 1228 quas
1302 1175 1696 1233 occupaverant

120 1234 369 1289 civitates.
403 1237 482 1291 Ab
511 1236 615 1292 illis
644 1248 825 1295 autem
855 1245 1096 1312 tyrannis
1124 1254 1238 1302 toto
1266 1248 1532 1308 decennio
1561 1269 1691 1324 spo—

118 1325 258 1380 liatas
286 1326 574 1394 ecclesias,
621 1330 933 1388 sacerdotes
963 1334 1305 1405 interfectos,
1339 1342 1499 1397 urbes
1539 1358 1692 1400 ever-

116 1429 226 1480 sas,
273 1417 619 1487 pepulosque
670 1422 763 1489 qui
810 1438 963 1478 more
1011 1435 1253 1495 segetum
1301 1442 1689 1502 excreverant,

116 1511 307 1561 excisos
338 1519 528 1563 narrat
558 1511 753 1567 Paulus
782 1514 1047 1571 Diaconus
1094 1516 1241 1587 (Lib.
1276 1535 1331 1585 ιι,
1364 1516 1508 1577 Hist.
1537 1523 1686 1581 Lan-

115 1593 209 1665 gob.
236 1610 286 1648 c.
322 1596 450 1669 l7.)
482 1598 650 1669 Hujus
678 1602 968 1670 interregni
995 1613 1050 1659 et
1078 1607 1239 1661 veluti
1262 1613 1527 1668 anarchiaa
1551 1621 1684 1670 tem-

114 1699 240 1755 pore,
273 1700 426 1742 anno
454 1690 671 1745 circiter
699 1691 804 1747 579
824 1701 918 1747 aut
941 1693 1065 1761 580,
1091 1697 1383 1757 Casinense
1411 1716 1686 1763 monaste-

113 1777 227 1830 rium
254 1782 373 1832 tota
401 1777 553 1834 ltalia
580 1780 986 1839 celeberrimum
1012 1827 1030 1853 ,
1079 1802 1110 1842 a
1137 1789 1382 1850 barbaris
1410 1795 1680 1868 direptum
1709 1809 1758 1870 Β

113 1873 157 1921 et
175 1865 405 1922 dirutum
433 1876 536 1924 est.

1800 992 2071 1102 crisiarius
2097 1018 2211 1058 cum
2237 1006 2444 1067 Joanne
2461 1023 2779 1091 procederet,
2796 1028 2900 1085 hoc
2929 1044 3013 1089 est
3040 1037 3093 1092 in
3116 992 3394 1102 sacrorzm

2461 1079 2470 1083 ν
2766 1079 2898 1091 ,μη
2933 1079 3013 1089 ---
3116 1079 3355 1100 suum...

1798 1079 2164 1143 celebratione
2215 1102 2660 1162 communicaret.
2692 1111 2761 1164 At
2809 1118 2930 1183 quis
2965 1134 3111 1179 esset
3139 1127 3232 1184 ille
3278 1079 3397 1189 dia:

1794 1184 1980 1243 οοηυεν
2013 1176 2327 1250 Gregorius.
2356 1204 2425 1243 an
2452 1194 2541 1261 qui
2565 1197 2615 1250 ei
2644 1205 2906 1259 successit
2933 1207 3275 1285 Laurentius,
3307 1224 3388 1279 si-

1795 1260 2131 1285 I-..n!-.._s_-.,
2176 1272 2209 1285 ο-
2264 1273 2320 1285 Α.

1793 1260 1961 1319 lentio
1976 1272 2235 1335 praeterit.
2264 1273 2321 1329 Si
2348 1260 2527 1337 tamen
2542 1285 2609 1340 de
2637 1302 2696 1344 se
2725 1291 2872 1363 loqui
2904 1300 3187 1373 voluisset,
3210 1261 3383 1378 quam

1794 1365 1900 1378 ..η
1961 1355 2177 1378 λε-.,,,.
2272 1364 2340 1378 ...
2435 1368 2472 1378 -
2514 1372 2525 1378 _
2606 1377 2611 1378 ,

1793 1365 1903 1408 non
1957 1355 2209 1428 dixisset,
2240 1364 2342 1420 sibi
2372 1383 2403 1423 a
2435 1368 2653 1444 Pelagio
2711 1355 3040 1455 przeceptnm
3096 1355 3389 1469 nonlproc

1795 1444 1987 1469 ...ηιμ-ι
2042 1465 2125 1469 μυ
2190 1451 2208 1469 ‘
2407 1461 2428 1469 ’-
2486 1463 2518 1469 ’-

1792 1444 1989 1503 cedere
2033 1465 2152 1506 cum
2183 1451 2430 1515 Joanne?
2451 1463 2612 1521 alium
2646 1484 2774 1540 ergo
2826 1490 2856 1530 a
2886 1444 2944 1533 se
2995 1444 3386 1554 designargvi-

1790 1532 1967 1591 detur.

108 2168 370 2229 portunum
404 2177 526 2220 esse
553 2173 764 2237 tempus
794 2170 1084 2231 liberanda:
1115 2180 1303 2247 patriae
1318 2183 1666 2255 existimavit,

108 2250 295 2318 quando
325 2258 410 2307 tot
453 2254 507 2309 in
550 2265 754 2327 partes,
784 2268 865 2316 tot
911 2263 966 2318 in
1009 2265 1172 2324 duces
1218 2269 1387 2328 divisa
1403 2250 1670 2335 'barbara':

106 2340 253 2407 gentis
278 2350 523 2412 potestas
549 2346 829 2405 imminuta
852 2351 1150 2413 videbatur.
1168 2357 1243 2414 Ea
1274 2361 1342 2417 de
1368 2379 1529 2422 causa
1556 2383 1663 2424 non

107 2432 251 2488 solum
273 2434 337 2489 ad
357 2433 684 2507 Gregorium
712 2444 925 2515 scripsit
954 2447 1096 2503 illam
1122 2467 1283 2520 quam
1311 2456 1476 2512 refert
1500 2457 1664 2517 Joan-

106 2540 183 2580 nes
204 2518 469 2585 Diaconus
496 2529 790 2602 Epistolam
815 2535 953 2608 (Lib.
977 2556 1014 2604 ι,
1044 2558 1098 2596 n.
1127 2518 1237 2616 32),
1265 2557 1324 2602 ut
1346 2554 1665 2618 quantocius

106 2617 270 2679 missis.
297 2621 564 2691 pecunia,
593 2622 729 2680 duce
756 2628 1083 2697 peritissimo
1100 2674 1115 2700 ,
1147 2642 1202 2690 et
1230 2639 1432 2710 copiis,
1456 2644 1664 2712 pericli-

106 2706 214 2760 tanti
239 2704 496 2766 Romanre
538 2713 847 2783 reipublicae
888 2718 1268 2780 subveniretur
1287 2704 1318 2794 ξ
1354 2704 1475 2785 sed-
1496 2732 1660 2790 etiam

106 2796 473 2857 Aunacharium
509 2805 819 2878 episcopum
846 2810 1362 2890 Antisiodorensem,
1407 2825 1498 2895 qui
1546 2838 1663 2885 erat

1772 2208 1802 2248 a
1843 2194 1900 2250 S.
1926 2197 2187 2269 Gregorio
2215 2219 2485 2279 suscepta,
2517 2213 2622 2271 hoc
2649 2226 2732 2273 est
2765 2222 2849 2275 vel
2885 2239 2973 2278 an.
3004 2226 3106 2280 552

1769 2296 1878 2352 quo
1904 2300 2025 2342 eum
2054 2290 2228 2348 adhuc
2249 2307 2533 2364 praeturam
2558 2307 2789 2372 gessisse
2804 2317 3101 2372 contendit.
3116 2318 3364 2380 Nostram

1767 2374 2178 2449 cbronologiam
2205 2386 2491 2445 confirmat
2529 2391 2823 2465 Gregorius
2854 2400 3079 2472 Turon.,
3113 2410 3205 2478 qui
3234 2413 3363 2467 seri.

1764 2464 1845 2521 bit
1890 2483 2035 2525 anno
2073 2480 2267 2531 octavo
2312 2464 2659 2541 Cbildeberti
2697 2492 2862 2558 regis,
2895 2464 3213 2555 Mauricium
3263 2504 3362 2559 im-

1764 2567 1958 2624 perare
2013 2562 2260 2632 ctepisse,
2293 2567 2399 2625 hoc
2440 2584 2523 2627 est
2567 2589 2656 2632 an.
2715 2577 2841 2635 582.
2891 2583 3023 2640 Nam
3076 2588 3361 2659 Sigeberto

1762 2656 1917 2718 patre
1959 2653 2141 2711 occiso
2182 2662 2443 2718 successit
2485 2664 2864 2730 Childebertus
2908 2690 2999 2731 an.
3032 2653 3218 2738 575'et
3243 2685 3359 2754 ejus

1761 2739 1913 2807 regni
1939 2755 2115 2798 annus
2142 2745 2381 2807 decimus
2410 2755 2633 2823 quintus
2658 2761 2863 2819 scilicet
2892 2767 3195 2839 absolutus,
3223 2782 3358 2831 teste

1762 2827 1954 2885 eodem
1983 2834 2271 2905 scriptore,
2305 2844 2557 2899 convenit
2586 2861 2710 2903 cum
2741 2865 2831 2905 an.
2866 2851 2987 2910 590.
3020 2827 3243 2915 Accedit
3272 2878 3357 2919 ve

2093 2890 2110 2904 ⁸
2166 2890 2203 2892 ἡκ
2228 2890 2271 2905 -Ι
2312 2890 2557 2899 -ν---ν----
2588 2890 2710 2903 κιαι-ιι
2741 2890 2831 2905 una.
2866 2890 2987 2910 υνν-
3020 2890 3243 2915 ηιαιῠυιι
3277 2890 3352 2919 νῦ·

106 2890 281 2959 regibus
300 2891 636 2953 Francorum
666 2915 697 2955 a
737 2904 1010 2973 consiliis,
1040 2910 1337 2981 admonuit,
1362 2925 1420 2972 ut
1449 2934 1513 2975 ea
1541 2936 1649 2991 qua
1760 2921 2015 2979 nerabilis
2055 2924 2561 2991 Bedmauctoritas.
2602 2936 2734 2993 Nam
2772 2941 2866 2997 lib.
2900 2960 2947 3011 ι,
2981 2960 3031 3002 c.
3064 2947 3134 3002 25
3156 2991 3172 3018 ,
3205 2950 3352 3007 Eccl.

106 2980 297 3018 Μηοὶνη
348 2986 496 3018 anna
529 3003 621 3018 Λιιιιι
653 2994 969 3018 η--ΑΙΑ-ιιιιιΑ
1026 2996 1090 3018 Π-
1131 3001 1144 3018 1
1215 3004 1228 3016 ⁹
1324 3006 1362 3018 ἢ
1760 3006 1774 3018 “
1801 3006 1812 3018 ’
1854 3016 1861 3018 ⁴
1988 3013 2000 3018 ⁸
2167 3016 2176 3018 ᾉ

1326 2980 1329 2981 ⁷
1558 2980 1575 2991 ⁵
2114 2980 2121 2981 ί
2143 2980 2151 2981 ί
2173 2980 2209 2982 7'
2249 2980 2561 2991 """"“"V'
2602 2980 2734 2993 -‘ulll
2772 2980 2866 2997 CIII.
2900 2980 2947 3011 Ι,
2981 2980 3031 3002 υ.
3066 2980 3134 3002 ω
3156 2991 3172 3018 ’

106 2980 303 3050 Pnllebal
347 2986 496 3055 apud
528 3003 622 3045 eos
652 2994 991 3063 auctoritate,
1023 2996 1277 3058 Ecclesiae
1321 3006 1578 3066 Romanae
1604 3020 1658 3069 et
1758 3006 1886 3065 bist.
1920 3028 1933 3063 :
1964 3013 2137 3081 Anno,
2163 3016 2356 3087 inquit,
2389 3021 2453 3075 ab
2483 3025 2844 3085 incarnatione
2867 3032 3079 3091 Domini
3108 3040 3353 3111 quinqua-

106 3067 237 3111 llalim
295 3074 440 3111 πηιιο
481 3075 668 3111 Coll“.
701 3079 822 3111 mn:
853 3084 1031 3111 ιη.--
1062 3090 1239 3111 -.τηεμ
1290 3105 1327 3111 ν-
1563 3102 1592 3111 γ.
1854 3101 1865 3111 .
2210 3109 2218 3111 _

1617 3067 1655 3069 η
2093 3067 2137 3081 τ,
2390 3067 2448 3075 η-
2483 3067 2841 3085 ...ν-.......νησ
2867 3067 2948 3087 υυ

106 3067 253 3137 haliae,
295 3074 440 3130 unde
481 3075 670 3135 Galliis
700 3079 824 3138 ﬁdei
853 3084 1034 3143 lumen
1060 3090 1350 3162 all'ulserat,
1383 3102 1656 3170 suppetias
1686 3173 1722 3185 _
1756 3101 1948 3168 gesimo
1996 3109 2304 3176 OClogesimo
2343 3116 2566 3171 secundo
2593 3157 2610 3185 ,
2658 3118 2948 3177 Maurici“,

108 3158 202 3185 ΓΑ..-;
226 3176 537 3185 ---Αη-Α-μ-
584 3168 598 3185 ι
639 3179 652 3185 -
849 3182 858 3185 -
1042 3179 1054 3185 -
1218 3184 1223 3185 ,

106 3158 203 3215 ferri
226 3176 540 3232 procuraret
568 3168 973 3244 deterreretque
1002 3179 1121 3247 pios
1146 3184 1415 3258 principes
1458 3193 1651 3261 quibus

108 3263 184 3286 nm
209 3267 315 3286 num
362 3254 629 3286 ιὶηυηηηξ..
674 3271 786 3286 -..-.
836 3265 967 3286 ιμ’--
1026 3271 1063 3286 κ.
1240 3275 1253 3286 .
1302 3276 1325 3286 ι.
1387 3278 1400 3286 .

1756 3158 1780 3168 ⁷
2111 3158 2297 3176 ad---"
2345 3158 2564 3171 ---πη-ν
2593 3158 2610 3185 ,
2658 3158 2705 3172 υ-
2722 3158 2947 3177 unusunu-
3003 3158 3067 3179 uv
3120 3158 3352 3201 nuguﬂo

1754 3189 2208 3262 guinquagesimus
2235 3210 2477 3269 quartus,
2505 3206 2778 3275 imperium
2823 3215 3139 3286 suscipiens,
3171 3235 3275 3276 uno
3302 3232 3352 3275 et

107 3263 186 3303 una
209 3267 316 3307 cum
361 3254 632 3315 Romanis
671 3271 788 3318 erat
836 3265 971 3325 lldes
1016 3271 1084 3325 ab
1110 3275 1255 3329 omni
1296 3254 1499 3336 foedere
1524 3297 1645 3339 cum

106 3338 432 3411 Langobardis
480 3350 736 3410 ineundo.
769 3355 1007 3427 Epistola
1052 3361 1253 3436 Pelagii
1302 3369 1495 3439 legitur
1521 3374 1644 3432 data

106 3444 215 3486 anno
238 3436 466 3505 septimo
514 3439 723 3510 imperii
753 3443 972 3516 Tiberii,
1019 3452 1108 3507 ubi
1151 3436 1376 3514 necesse
1403 3469 1488 3516 est
1528 3463 1645 3532 ejus

106 3521 274 3592 imperii
300 3535 516 3599 tempus
536 3538 834 3598 computari
858 3548 1142 3611 antequam
1165 3547 1313 3603 solus
1333 3549 1640 3621 imperaret.

105 3609 192 3668 Non
217 3617 370 3673 multo
397 3630 529 3690 post
547 3619 919 3683 Childebertus
945 3609 1040 3685 rex
1068 3632 1265 3690 bellum
1296 3609 1422 3694 curn
1435 3640 1646 3712 Lango-

106 3701 244 3762 bardis
281 3710 364 3777 qui
390 3709 510 3779 jam
555 3728 698 3783 saepe
726 3717 777 3771 in
806 3716 1006 3776 Gallias
1052 3721 1378 3795 irruperant,
1422 3701 1646 3788 feliciter

104 3794 249 3860 gessit,
293 3796 487 3854 litteris
533 3799 731 3872 Pelag?i
784 3814 982 3875 motus,
1012 3818 1069 3864 ut
1124 3828 1221 3881 par
1266 3794 1371 3870 est
1399 3820 1639 3875 credere.

106 3880 222 3946 Quod
246 3902 364 3942 vero
391 3898 609 3957 spectat
629 3893 695 3947 ad
723 3892 993 3952 Tiberium
1023 3880 1343 3972 Augustum,
1376 3906 1496 3964 aliis
1523 3909 1642 3966 bel-

104 3970 151 4026 lis
171 3977 392 4047 curisque
420 3981 706 4049 distentus,
737 4002 925 4055 parum
965 3992 1034 4047 de
1063 3970 1429 4064 recuperanda
1469 4000 1641 4070 Italia,

104 4069 173 4115 aut
194 4065 336 4121 etiam
363 4069 537 4127 Roma
560 4077 925 4132 conservanda
951 4081 1236 4150 cogitavit;
1266 4086 1400 4142 adeo
1429 4098 1487 4144 ut
1514 4092 1642 4148 solis

103 4153 289 4223 piorum,
316 4160 552 4218 maxime
599 4179 729 4220 vero
778 4168 1091 4227 ancillarum
1146 4173 1241 4230 Dei
1292 4180 1541 4246 precibus
1588 4190 1644 4237 et

103 4252 363 4302 sanctorum
392 4252 768 4320 apostolorum
814 4260 1183 4330 protectione,
1215 4272 1342 4321 tunc
1365 4274 1420 4322 et
1448 4277 1639 4337 postea

104 4327 209 4390 Urbs
240 4339 443 4397 stetisse
468 4342 731 4400 videatur.

152 4445 195 4501 6.
222 4447 349 4506 Nihil
383 4463 564 4512 autem
598 4458 780 4515 utilius
808 4464 1113 4533 reipublicae
1137 4468 1454 4527 Christiana:
1491 4488 1632 4545 prae-

98 4537 207 4593 stitit
249 4541 531 4615 Gregorius
574 4550 1042 4625 Constantinopoli
1085 4573 1272 4631 agens,
1318 4580 1479 4634 quam
1507 4582 1630 4623 eum
1662 4536 1709 4594 θ

101 4643 359 4691 nascentem
398 4638 667 4712 Eutychii,
699 4643 1111 4720 Constantinop.
1159 4653 1501 4725 patriarcha),
1532 4658 1631 4713 lue-

100 4722 225 4778 resim
250 4725 312 4782 de
350 4728 677 4802 impalpabili
701 4746 1010 4794 sanctorum
1040 4755 1269 4812 corpore
1294 4754 1418 4814 post
1449 4722 1631 4803 resur-

98 4814 364 4883 rectionem,
414 4826 697 4893 oppressit.
748 4828 1017 4898 lntegram
1069 4830 1138 4887 de
1185 4832 1287 4889 hac
1333 4837 1631 4903 quzestione

96 4911 508 4968 concertationem
556 4915 721 4972 refert
771 4917 886 4990 ipse
938 4920 1077 4976 libro
1122 4939 1211 4980 xxv
1262 4924 1544 4984 Moralium
1596 4946 1628 4987 a

97 5005 209 5050 nun).
237 4999 300 5052 72
326 5004 394 5058 ad
423 5005 508 5073 75,
537 5007 679 5063 unde
707 5012 1028 5083 transcripta
1048 5015 1189 5085 apud
1213 5014 1478 5075 Joannem
1505 5020 1629 5077 Dia-

97 5096 251 5143 conum
274 5090 462 5162 legitur
482 5095 574 5153 lib.
605 5114 643 5165 1,
677 5113 724 5154 c.
756 5099 848 5157 29.
885 5101 1148 5173 Gregorio
1177 5106 1401 5164 victoria
1431 5110 1625 5177 cessit;

95 5180 135 5225 at
156 5178 365 5237 victoria:
391 5182 590 5245 fructus
634 5188 916 5263 Eutychio,
942 5195 1033 5263 qui
1062 5210 1301 5252 errorem
1328 5207 1453 5254 ante
1481 5215 1627 5255 mor-

96 5268 176 5319 tem
196 5271 343 5340 paulo
362 5284 487 5344 post
510 5287 752 5336 secutam
779 5282 1028 5351 ejuravit.
1052 5283 1297 5355 Gregorii
1323 5287 1625 5344 doctrinam

96 5348 296 5414 Tiberius
316 5360 538 5432 Augusu
569 5367 783 5425 calculo
810 5348 911 5426 suo
941 5348 1332 5442 comprobavit,
1359 5374 1625 5431 delibera-

95 5447 236 5520 νηπίω
259 5456 325 5512 de
352 5459 486 5517 libro
519 5461 760 5536 Eutycbii
790 5463 1022 5522 ﬂammis
1050 5468 1333 5526 abolendo.
1366 5467 1627 5540 Eutycltio

96 5539 367 5613 subrogatus
417 5560 500 5608 est
542 5554 739 5611 invitus
784 5564 841 5613 et
883 5558 1155 5615 reluctans
1208 5558 1473 5626 Joannes,
1528 5574 1625 5616 co-

95 5640 340 5693 gnomento
359 5640 650 5712 jejunator.

146 5721 189 5774 ’1.
220 5724 394 5785 Utrum
446 5749 569 5792 vero
608 5737 717 5805 jam
770 5748 882 5796 tum
923 5739 1211 5813 Gregorius
1249 5759 1371 5801 cum
1416 5743 1624 5805 Joanne

1750 3279 1930 3349 viginti
1958 3283 2110 3337 annis
2143 3288 2335 3354 tenuit;
2360 3292 2605 3348 nimirum
2632 3298 2815 3367 viginti
2853 3302 3008 3356 annis
3038 3302 3255 3378 integris
3296 3320 3348 3364 et

1746 3383 1851 3424 uno
1899 3371 2165 3429 inchoato.
2217 3376 2330 3434 Hac
2385 3382 2595 3440 ratione
2652 3394 2954 3459 temporum
3004 3402 3113 3449 tam
3164 3397 3347 3454 incon-

1746 3460 1918 3517 cussis
1956 3463 2323 3526 fundamentis
2341 3472 2598 3543 stabilita,
2626 3478 2962 3551 interrogare
2991 3484 3154 3541 liceat
3182 3490 3345 3545 chro-

1746 3552 1977 3624 nologite
2020 3557 2333 3617 Baroniante
2363 3577 2820 3639 propugnatores,
2853 3576 2947 3643 qui
2976 3578 3147 3647 possit
3182 3579 3344 3636 intel-

1745 3641 1838 3712 ligi
1886 3643 2203 3716 Gregorium
2251 3653 2431 3710 adhuc
2484 3657 2682 3713 laicum
2735 3670 2789 3716 et
2834 3641 3120 3732 praetorem
3172 3668 3340 3725 fuisse

1746 3748 1889 3790 anno
1917 3734 2042 3804 581,
2074 3748 2266 3808 postea
2302 3745 2629 3801 monachum
2678 3748 2945 3819 induisse,
2974 3753 3167 3810 deinde
3193 3758 3341 3811 avul-

1745 3838 1864 3877 sum
1917 3840 1948 3879 a
2003 3831 2331 3887 monasterio
2383 3834 2436 3887 in
2485 3850 2594 3905 quo
2648 3854 2707 3894 se
2753 3841 2844 3895 diu
2896 3844 3091 3903 vixisse
3137 3849 3336 3915 passim

1747 3914 1956 3980 asserit,
2016 3916 2303 3972 diaconum
2354 3919 2584 3991 factum,
2640 3941 2761 3980 mox
2813 3928 3337 4005 Constantinopolim

1745 4002 1997 4069 missum,
2028 4005 2209 4077 ibique
2236 4025 2360 4065 cum
2391 4011 2651 4084 Eutycbio
2674 4018 2978 4087 patriarcha
3007 4002 3332 4096 disputasse,

1744 4092 1936 4149 saltem
1977 4112 2167 4153 mense
2192 4101 2362 4169 Aprili
2385 4117 2475 4157 an.
2506 4102 2611 4158 582
2636 4109 3069 4179 quandoquidem
3091 4092 3330 4189 constat,

1747 4191 1804 4235 ut
1828 4184 2027 4240 latetur
2055 4187 2339 4253 Baronius,
2363 4191 2607 4264 Eutycbii
2631 4196 2859 4266 obitum,
2880 4209 3011 4256 teste
3025 4184 3329 4279 Eustathio,

1743 4272 1837 4341 qui
1881 4289 2114 4342 praesens
2154 4277 2361 4347 aderat,
2394 4286 2748 4341 antecessisse
2776 4296 3007 4357 quatuor
3054 4300 3330 4356 mensibus

1744 4360 1943 4417 Tiberii
1988 4365 2331 4436 imperatoris
2358 4381 2619 4439 mortem,
2647 4376 2739 4443 qui
2769 4386 2828 4432 ut
2868 4379 3127 4454 diximus,
3160 4403 3191 4442 e
3221 4390 3327 4445 vita

1742 4448 1989 4517 migravit
2016 4468 2203 4509 mense
2251 4456 2493 4526 Augusto
2533 4476 2621 4515 an.
2653 4461 2791 4519 582?
2818 4469 2914 4523 sed
2950 4472 3018 4527 de
3061 4448 3143 4531 his
3170 4480 3324 4534 satis.

1738 4537 1842 4610 (Cf.
1889 4539 2043 4613 Greg.
2093 4543 2285 4600 Turon.
2332 4548 2368 4601 ι.
2401 4564 2452 4603 γι
2502 4549 2645 4607 Hist.
2696 4570 2751 4608 n.
2794 4554 2864 4611 25
2916 4568 2964 4613 et
3013 4560 3112 4629 30;
3142 4565 3232 4621 (ib.
3266 4585 3322 4635 χ,

1736 4644 1791 4682 η.
1822 4629 1900 4701 ι.)

1805 4742 1858 4797 9.
1906 4741 2107 4800 Eodem
2156 4754 2401 4817 tempore
2444 4767 2552 4821 quo
2604 4755 2658 4809 in
2710 4760 2845 4814 urbe
2890 4762 3036 4831 regia
3089 4780 3349 4859 comma!

1805 4835 1952 4859 ιιηι-.-
1990 4836 2279 4859 Π..-..-.-ε---
2346 4857 2456 4859 “HW-
2572 4844 2584 4856 ο
2698 4847 2712 4859 ι
2758 4848 2791 4859 ..
2852 4850 2865 4859 .
3106 4854 3118 4859 -
3284 4858 3289 4859 ,

1731 4834 1952 4890 rabatur
1989 4836 2315 4906 Gregorius,
2346 4857 2532 4898 rumor
2570 4844 2799 4903 invaluit
2834 4850 2902 4905 de
2938 4868 3075 4908 nova
3105 4854 3316 4921 liazresi,

1729 4924 1825 4979 sed
1872 4934 1933 4979 ut
1976 4928 2281 4997 suspicatur
2327 4930 2445 5000 ipse
2491 4931 2812 5005 Gregorius,
2854 4940 3168 5011 imaginaria
3201 4961 3216 4998 :
3248 4944 3319 5002 de

1731 5031 1835 5086 qua
1864 5016 1975 5086 egit
2002 5019 2230 5088 epistola
2278 5019 2351 5073 45
2389 5023 2511 5079 libri
2542 5041 2613 5080 χι.
2644 5027 2793 5082 Illius
2838 5040 3132 5088 sectatores
3174 5035 3319 5093 dice-

1728 5104 1925 5161 bantur
1963 5109 2055 5162 sub
2112 5109 2321 5165 obtentu
2385 5114 2650 5184 religionis
2699 5119 2942 5188 conjugia
2991 5124 3205 5191 solvere,
3262 5138 3318 5183 et

1728 5197 1925 5253 docere
1953 5201 2089 5266 quod
2136 5201 2392 5272 baptisma
2420 5216 2635 5273 peccata
2680 5211 2883 5277 penitus
2934 5228 3036 5266 non
3084 5218 3306 5288 auferat.

1729 5286 1798 5340 Et
1826 5289 1871 5341 si
1900 5288 1965 5342 de
1996 5289 2348 5358 imquitatibus
2387 5296 2494 5348 suis
2534 5296 2646 5364 quis
2670 5296 2727 5350 in
2758 5299 3035 5355 triennium
3059 5286 3315 5373 paeniten-

1730 5383 1855 5435 tiam
1885 5390 2081 5449 ageret,
2109 5384 2435 5451 postmodum
2458 5388 2505 5439 ei
2526 5404 2760 5456 perverse
2792 5393 2957 5446 vivere
2976 5394 3172 5450 liceret.
3204 5399 3313 5455 Sed

1731 5483 1857 5527 teste
1906 5474 2250 5538 conscientia,
2283 5474 2457 5544 inquit
2492 5475 2816 5550 Gregorius,
2846 5484 3014 5553 fateor
3050 5502 3311 5557 nunquam

1728 5563 1783 5617 in
1803 5563 1878 5617 eis
1908 5564 2107 5635 aliquid
2127 5567 2345 5633 erroris,
2369 5569 2566 5641 aliquid
2595 5573 2887 5646 prauitatis,
2918 5576 3114 5651 aliquid
3142 5581 3204 5636 de
3234 5582 3312 5640 his

1726 5670 1842 5720 qua:
1870 5662 2051 5708 contra
2090 5672 2177 5709 eos
2222 5656 2525 5714 dicebantur
2568 5661 2757 5720 inveni.
2790 5667 2939 5723 Unde
2965 5680 3015 5724 et
3058 5689 3168 5740 eos,
3204 5676 3311 5744 opi-

1727 5747 1879 5801 nione
1920 5755 2228 5817 contempta,
2260 5751 2592 5821 [antiiiuriter
2639 5762 2915 5834 suscipere,
2948 5775 2996 5817 et
3036 5768 3199 5839 magis
3240 5769 3306 5823 ab
