3992 6344
636 365 695 416 7i
1087 358 1124 412 S
1186 352 1511 411 GREGORII
1549 349 1761 405 MAGNI
1805 346 1986 409 VITA,
2030 341 2123 398 EX
2167 340 2330 396 EJ‘US
2367 337 2672 393 SCRIPTIS
2712 334 3109 392 ADORNATA.
3149 335 3278 393 LIB.
3322 337 3365 389 l.

3749 338 3832 392 ἓτέ

598 472 976 545 insequentibus
1017 469 1290 541 defendere
1328 463 1604 527 curabant;
1635 476 1743 530 quo
1789 457 2038 527 exemplo
2082 456 2182 510 do-
2214 458 2259 516 Α
2288 452 2490 521 gorius,
2538 451 2664 521 quia
2710 450 3093 505 Maximianum
3132 449 3349 504 laudata
3392 449 3624 519 epistola
3653 463 3842 509 revoca-

600 583 787 623 eemur
840 562 1117 633 quomoto
1168 573 1291 613 cum
1343 558 1426 609 his
1472 555 1565 622 qui
1615 553 1683 607 de
1734 550 1871 605 falso
1925 549 2178 617 dogmate

603 661 764 731 gratis
785 657 1130 716 infamantur,
1158 650 1227 704 sit
1251 647 1536 715 agendum.

679 748 762 800 10.
805 740 1076 812 Quidquid
1124 736 1379 805 temporis
1418 749 1449 788 a
1499 733 1728 802 negotiis
1778 732 2019 792 vacabat,
2052 726 2184 781 illud

605 853 767 895 sacra:
815 836 1105 903 Scriptura:
1150 827 1408 897 legendae,
1440 826 1645 895 piisque
1674 823 1862 878 studiis
1907 818 2184 889 impende-

606 936 777 985 batur.
832 927 983 980 Tune
1015 935 1039 962 ιι
1070 921 1333 986 Leander,
1390 920 1674 988 cpiscopus
1704 913 2059 985 Hispalensis,
2110 911 2187 965 le-

604 1021 816 1087 gatione
857 1024 913 1070 et
961 1016 1076 1085 ipse
1123 1013 1344 1081 fungens
1375 1009 1516 1079 apud
1558 1010 1960 1077 imperatorem,
2002 1008 2191 1056 auctor

606 1114 703 1164 fuit
750 1107 1013 1178 Gregorio
1052 1103 1354 1174 exponendi
1406 1101 1526 1155 libri
1572 1098 1692 1153 Joh.
1743 1096 1888 1151 Inter
1936 1101 2192 1165 praestan-

607 1200 841 1254 tissimos
875 1197 995 1250 illos
1028 1195 1175 1247 viros
1204 1204 1453 1259 magnam
1485 1186 1929 1244 necessitudinem
1958 1182 2191 1237 adstrin-

611 1298 801 1347 xerant
826 1290 947 1344 vita:
983 1284 1289 1343 monasticae
1320 1282 1619 1337 communis
1660 1278 1876 1346 utrique
1910 1272 2191 1345 professio,

611 1400 705 1453 par
744 1381 856 1435 fere
900 1393 1111 1433 morum
1156 1375 1436 1437 sanctitas,
1464 1372 1653 1426 eadem
1704 1368 1900 1422 studia.
1934 1365 2009 1419 De
2058 1365 2199 1433 lega-

616 1476 762 1528 tione
799 1471 857 1524 S.
890 1467 1121 1523 Leandri
1164 1464 1303 1534 apud
1349 1464 1727 1531 imperatorem
1774 1473 1871 1527 pro
1900 1453 2195 1510 llermene-

613 1563 777 1631 gildo,
805 1560 1231 1628 Wisigotharum
1283 1569 1428 1622 rege,
1460 1554 1512 1606 in
1564 1548 1843 1619 Hispania,
1883 1542 2199 1601 consulendi

614 1653 881 1723 Hispanici
910 1651 1234 1718 scriptores;
1275 1654 1328 1700 et
1355 1643 1640 1712 legendum
1671 1647 1833 1710 caput
1864 1639 1925 1693 '51
1977 1637 2097 1693 libri
2143 1652 2199 1691 tu

614 1744 815 1811 Dialog.
876 1738 1207 1795 Amicissimi
1260 1736 1382 1800 viri,
1441 1748 1653 1789 necnon
1705 1732 1933 1787 fratrum
1983 1743 2199 1785 suorum

2283 556 2420 607 tum,
2454 554 2513 599 ut
2559 560 2723 615 supra
2774 545 3033 612 diximus,
3066 554 3119 599 et
3163 546 3267 600 hoc
3296 560 3439 600 anno
3466 544 3557 600 vel
3595 545 3751 601 etiam

2283 636 2469 706 quenti
2496 633 2963 707 Constantinopoli
2994 635 3297 705 profectum
3318 678 3331 699 ,
3362 636 3599 691 reditum
3631 636 3845 706 Gregorii

2285 728 2638 783 antecessisse
2650 726 2988 783 manifestum
3002 737 3082 783 est
3103 743 3168 783 ex
3198 729 3336 783 libro
3361 744 3422 784 tu
3447 730 3676 798 Dialog.,
3696 745 3741 784 c.
3762 732 3834 788 56.

2287 817 2413 873 llaec
2461 815 2732 885 quomodo
2783 825 2929 871 stare
2974 818 3181 887 possint
3235 834 3358 873 cum
3412 819 3681 873 sententia
3708 819 3883 877 Baro-1

2288 907 2363 961 uii
2410 905 2519 966 eth
2550 905 2691 960 Binii
2746 904 2877 960 satis
2923 921 3027 961 non
3075 907 3255 983 video,
3307 907 3501 976 quibus
3557 907 3733 976 placet
3770 922 3849 964 sta-

2290 996 2384 1050 tim
2425 1005 2706 1066 postquam
2754 992 3041 1050 Manricius
3070 996 3405 1051 renuntiatus
3433 1006 3517 1051 est
3566 996 3847 1066 imperator,

2291 1087 2437 1158 quod
2484 1087 2774 1156 contigisse
2826 1101 3013 1142 mense
3058 1086 3194 1155 Aug.
3226 1102 3367 1141 anno
3412 1085 3523 1141 582
3558 1086 3669 1156 jam
3698 1096 3851 1143 osten-

2292 1179 2496 1243 dimus,
2547 1177 2895 1233 Laurentium
2930 1176 3093 1232 fuisse
3117 1194 3146 1230 a
3180 1177 3395 1245 Pelagio
3444 1177 3667 1231 missum
3714 1186 3767 1231 ut
3805 1180 3846 1233 in

2294 1272 2627 1342 apocrisiarii
2653 1269 2829 1326 officio
2858 1269 3189 1325 succederet.
3684 1270 3695 1275 “

2366 1363 2722 1419 Diuturuioris
2749 1361 3041 1416 mansionis
3082 1360 3134 1414 in
3162 1344 3294 1414 urbe
3334 1360 3482 1428 regia
3510 1359 3853 1429 probationem

2298 1455 2475 1509 adhuc
2522 1452 2829 1523 suppeditat
2868 1452 3055 1520 ingens
3088 1450 3363 1504 Moralium
3395 1450 3646 1505 volumen
3692 1451 3855 1508 hacin

2301 1545 2431 1599 urbe
2480 1559 2511 1597 a
2565 1541 2824 1612 Gregorio
2888 1542 3294 1607 elucubratum,
3348 1541 3436 1596 cui
3488 1541 3671 1611 plures
3721 1544 3854 1611 anni,

2300 1637 2535 1692 maxime
2585 1644 2666 1690 tot
2707 1636 2846 1690 inter
2886 1634 3101 1703 negotia
3142 1634 3231 1687 vix
3280 1641 3577 1703 potuerunt
3615 1633 3855 1689 sufllcere.

2302 1727 2486 1797 Neque
2514 1742 2642 1782 vero
2689 1724 2747 1780 S.
2781 1724 3048 1791 Leander,
3090 1740 3264 1793 neque
3310 1721 3555 1791 Gregorii
3602 1724 3783 1779 fratres
3815 1735 3856 1779 et

615 1810 866 1905 precibus
923 1832 1122 1887 cedere
1172 1838 1396 1884 coactus
1446 1825 1739 1894 Gregorius
1793 1823 1861 1879 ad
1916 1820 2200 1877 reseranda
2235 1810 2538 1886 Bsodales,
2589 1834 2713 1873 eum
2765 1819 2832 1872 ad
2861 1834 2997 1887 opus
3038 1817 3168 1871 illud
3224 1816 3638 1885 aggrediendum
3688 1817 3857 1870 hortati

616 1935 771 1978 tanta:
797 1922 1168 1994 profunditatis
1196 1918 1473 1988 mysteria,
1500 1931 1622 1985 quae
1648 1916 1699 1970 in
1727 1915 1864 1968 libro
1897 1910 1998 1967 Job
2025 1912 2197 1965 latent

615 2032 733 2071 sese
765 2014 1019 2079 accinxit,
1048 2019 1239 2077 certus,
1261 2010 1454 2077 inquit,
1477 2008 1596 2078 quia
1618 2003 1933 2075 impossibile
1958 2018 2068 2057 esse
2094 2018 2199 2056 non

617 2114 834 2177 poterat,
856 2105 993 2175 quod
1019 2105 1084 2157 de
1106 2102 1350 2172 fraternis
1374 2099 1612 2155 cordibus
1636 2098 1860 2150 clzaritas
1889 2094 2195 2164 imperabat.

618 2199 815 2253 Verqu
843 2196 1003 2268 213
1044 2195 1111 2248 de
1154 2194 1257 2247 hoc
1303 2206 1471 2260 opere
1518 2188 1662 2258 quod
1712 2187 1956 2240 Leandre
1999 2199 2201 2239 nuncu-

619 2290 767 2359 pavit
799 2295 1015 2342 sanctus
1041 2285 1258 2349 Doctor,
1288 2283 1467 2349 legere
1508 2280 1659 2349 juvat
1684 2293 1805 2347 quae
1832 2278 1899 2331 de
1922 2277 2039 2345 ipso
2067 2290 2202 2345 prte-

621 2380 781 2441 fatur,
814 2364 1500 2442 etadmonitioncm'quam
1528 2371 1701 2425 eidem
1723 2368 2095 2439 prtemisitnus.

696 2470 781 2524 ll.
814 2467 1015 2522 Praeter
1064 2465 1121 2520 S.
1167 2464 1467 2519 Leandrum
1497 2461 1788 2531 Gregorius
1827 2460 2025 2515 multos
2071 2458 2205 2513 alios

625 2560 827 2614 amicos
854 2558 906 2611 in
928 2557 1060 2612 urbe
1078 2556 1226 2624 regia
1244 2554 1345 2609 sibi
1374 2551 1723 2622 comparavit,
1755 2553 1808 2605 in
1830 2550 1913 2606 his
1940 2550 2206 2620 praecipue

629 2650 1010 2714 Domitianum,
1042 2646 1285 2701 Mauricii
1314 2646 1538 2713 Augusti
1578 2643 2058 2711 consanguineum,
2091 2640 2205 2695 Me-

625 2743 790 2798 litinte
815 2742 1146 2811 episcopum,
1171 2738 1237 2792 de
1265 2752 1371 2806 quo
1398 2736 1562 2801 infra;
1582 2735 1942 2790 Theoctistam
1968 2732 2205 2802 ejusdem

624 2831 963 2905 imperatoris
990 2844 1270 2895 sororem;
1296 2828 1515 2882 Narsem
1542 2826 1821 2896 patricium
1841 2824 1997 2880 bellis
2018 2833 2207 2879 contra

628 2926 818 2980 Persas
854 2921 1081 2978 feliciter
1126 2920 1290 2989 gestis
1326 2918 1757 2986 celeberrimum,
1790 2931 1951 2988 quem
1992 2930 2052 2971 re
2098 2931 2206 2970 non

626 3016 753 3071 satis
782 3022 1082 3086 perspecta,
1116 3012 1377 3067 Barouius
1414 3011 1661 3067 eumdem
1690 3025 1810 3065 esse
1855 3009 2086 3080 putavit,
2115 3009 2208 3078 qui

630 3112 751 3175 post
789 3106 985 3159 multas
1007 3104 1075 3158 de
1102 3102 1293 3158 Gothis
1339 3109 1643 3171 reportatas
1669 3101 1724 3155 in
1753 3100 1903 3155 Italia
1930 3100 2204 3165 victorias,

2298 1925 2508 1977 essent,
2541 1912 2586 1964 si
2630 1908 3093 1977 Constantinopoli
3135 1917 3243 1962 tam
3284 1908 3505 1963 brevem
3554 1923 3786 1974 moram,
3815 1920 3858 1962 ut

2299 2005 2477 2075 placet
2504 2004 2761 2070 Baronio,
2784 2003 2974 2058 fuisset
3003 2003 3261 2059 facturus.

2373 2097 2460 2151 15.
2491 2095 2609 2151 Jam
2654 2108 2783 2150 vero
2810 2094 2877 2149 de
2927 2094 3201 2149 reddendo
3232 2092 3415 2148 Romm
3439 2090 3703 2161 Gregorio
3739 2092 3861 2160 cogi-

2302 2196 2493 2249 temus,
2515 2195 2569 2240 et
2597 2201 2753 2255 quem
2776 2186 3059 2241 abeuntem
3088 2185 3328 2241 comitati
3346 2200 3549 2243 sumus.
3572 2183 3861 2238 redeuntem

2303 2293 2709 2349 prosequamur.
2746 2277 2922 2331 Rediit
2965 2284 3145 2331 autem
3187 2276 3392 2345 magnis
3425 2276 3767 2338 muneribus,
3792 2276 3863 2327 ni-

2305 2369 2498 2423 mirum
2521 2369 2873 2423 sanctissimis
2901 2367 3138 2437 reliquiis
3168 2367 3384 2432 ditatus,
3419 2368 3627 2422 scilicet
3666 2368 3863 2421 brachio

2306 2460 2363 2516 S.
2396 2461 2621 2517 Andreae
2666 2461 2917 2531 apostoli,
2947 2468 3002 2516 et
3049 2461 3225 2530 capite
3271 2460 3328 2514 S.
3366 2460 3540 2523 Lucae,
3572 2474 3691 2528 qua:
3734 2474 3866 2515 sacra

2307 2554 2530 2622 pignora
2573 2552 2640 2607 ab
2689 2552 3015 2621 imperatore
3064 2552 3349 2621 impetrata
3396 2551 3450 2604 in
3500 2567 3598 2606 suo
3646 2551 3869 2606 Romano

2308 2643 2636 2698 monasterio
2675 2643 2980 2708 collocavit,
3030 2650 3090 2697 ut
3135 2641 3303 2697 refert
3347 2641 3612 2696 Barouius
3649 2642 3751 2709 (Ad
3793 2658 3871 2694 an.

2311 2732 2434 2796 586,
2466 2750 2609 2787 nam.
2639 2732 2731 2801 Ἧι)
2756 2748 2821 2787 ex
2852 2733 3017 2803 priori
3047 2733 3241 2803 pagina
3269 2732 3515 2787 Vaticani
3546 2732 3664 2787 cod.
3697 2734 3873 2801 signati

2309 2838 2536 2880 numero
2564 2823 2688 2878 15⁸5.
2716 2822 2902 2892 Neque
2943 2824 3068 2879 huic
3111 2824 3406 2879 narrationi
3444 2825 3769 2879 contrarium
3807 2836 3876 2879 est

2309 2916 2452 2986 quod
2480 2916 2610 2972 dicit
2636 2916 2749 2986 ipse
2770 2914 3170 2985 Gregoriuslib.
3201 2932 3272 2983 tv,
3301 2932 3387 2988 ep.
3421 2916 3509 2980 '50,
3536 2918 3604 2971 ad
3625 2916 3876 2972 Constan-

2311 3008 2476 3061 tinam
2506 3007 2820 3077 Augustam,
2853 3007 3272 3062 consuetudinem
3302 3025 3403 3064 non
3445 3025 3576 3075 esse,
3606 3019 3664 3063 ut
3689 3011 3879 3081 quando

2312 3108 2606 3153 sanctorum
2633 3100 2865 3171 reliquid:
2894 3099 3105 3165 dantur,
3138 3100 3415 3172 quidquam
3444 3101 3509 3156 de
3537 3118 3754 3172 corpore
3771 3111 3878 3155 tan-

627 3204 736 3247 tam
781 3192 1041 3263 prmclare
1067 3200 1215 3260 gesta
1246 3191 1482 3245 invitatis
1523 3198 1712 3260 postea
1757 3188 2117 3257 Langobardis
2144 3189 2209 3242 ad
2236 3186 2281 3248 C
2311 3207 2430 3262 gere
2470 3199 2843 3260 prtesumatur;
2872 3206 2996 3246 nam
3043 3191 3281 3262 loquitur
3320 3193 3388 3249 de
3428 3193 3794 3249 Romanorum
3837 3203 3883 3247 et

629 3285 789 3339 lzalia:
817 3284 1192 3354 direptionem,
1218 3282 1539 3338 ulciscenda:
1584 3283 1806 3353 privata:
1834 3283 2039 3351 injuriae
2086 3297 2210 3351 grao

628 3379 723 3443 tia,
752 3376 973 3433 fmdavit
996 3386 1052 3432 et
1077 3375 1401 3444 deturpavit.
1434 3375 1580 3430 Alios
1607 3374 1903 3431 omittimus
1930 3375 1998 3430 de
2017 3375 2211 3445 quibus

632 3471 684 3524 in
722 3469 944 3524 historia
991 3466 1337 3538 pontificatus
1374 3466 1619 3537 Gregorii
1661 3465 1915 3536 frequens
1961 3476 2212 3523 occurret

637 3560 860 3614 mentio.
893 3558 958 3612 Et
985 3567 1043 3613 ut
1070 3558 1255 3628 paucis
1281 3557 1619 3612 absolvamus
1639 3597 1653 3622 ,
1677 3556 1966 3613 multorum
1995 3557 2210 3625 quidem

632 3648 1042 3702 familiaritatem
1089 3656 1144 3702 et
1172 3648 1496 3713 amicitiam,
1531 3648 1770 3702 omnium
1817 3662 1945 3702 vero
1973 3661 2210 3702 amorem

632 3747 687 3792 et
715 3739 1164 3794 existimationem
1196 3747 1279 3792 est
1308 3747 1648 3793 consecutus.
1681 3739 1750 3793 At
1778 3738 1993 3794 silentio
2016 3750 2211 3808 praste-

630 3830 736 3882 rire
766 3844 870 3882 non
900 3843 1182 3898 possumus
1203 3828 1345 3897 quod
1373 3826 1664 3896 Gregorius
1686 3826 2016 3884 Turonensis
2042 3828 2211 3885 refert

632 3918 771 3989 (Lib.
804 3934 857 3983 x,
889 3934 934 3970 c.
970 3918 1047 3987 l),
1086 3928 1328 3972 sanctum
1378 3917 1668 3973 Diaconum
1692 3959 1707 3986 ,
1754 3919 1919 3975 filium
1968 3920 2211 3977 Mauricii

631 4010 851 4077 Augusti
884 4010 1048 4079 (haud
1075 4008 1234 4062 dubie
1263 4019 1389 4062 natu
1439 4010 1744 4080 majorem),
1775 4026 1843 4065 ex
1881 4012 2094 4066 lavacro
2121 4027 2208 4067 sa-

630 4120 722 4157 cro
746 4103 1077 4173 suscepisse,
1103 4104 1230 4155 dum
1259 4101 1726 4172 Constantinopoli
1756 4103 1930 4158 adhuc
1970 4119 2215 4159 morare-

633 4204 718 4249 trr
752 4213 763 4248 :
794 4195 934 4264 quod
963 4201 1220 4263 quantum
1251 4194 1302 4248 ei
1343 4194 1501 4248 fuerit
1542 4195 1995 4265 perbonorificum
2039 4196 2214 4251 nullus

632 4294 714 4338 est
742 4285 833 4351 qui
861 4300 965 4337 non
997 4284 1275 4351 intelligat.

706 4372 791 4427 l2.
820 4372 899 4426 Ex
926 4374 1031 4427 hoc
1050 4372 1296 4440 Gregorii
1326 4374 1566 4430 historici
1595 4376 1903 4431 testimonio
1926 4391 2214 4446 possumus

634 4462 838 4520 facilius
886 4474 1124 4520 statuere
1153 4482 1260 4535 quo
1291 4482 1432 4520 anno
1460 4467 1541 4520 vir
1567 4468 1932 4522 sanctissimus
1981 4469 2209 4523 Romam

2315 3280 2645 3347 Latinorum,
2689 3297 2794 3336 non
2824 3297 2954 3338 vero
2982 3280 3293 3338 Graecorum
3324 3299 3473 3340 more
3513 3292 3569 3339 et
3605 3294 3884 3339 consuetu-

2312 3377 2456 3432 dine.
2486 3375 2653 3431 Italize
2695 3390 2908 3445 quoque
2935 3375 3231 3445 reportavit
3258 3375 3325 3429 ab
3370 3374 3631 3430 Mauricio
3658 3375 3885 3444 Augusto

2312 3483 2461 3538 spem
2508 3466 2738 3538 proximi
2764 3465 2966 3529 auxilii,
2990 3464 3134 3534 quod
3163 3466 3311 3521 brevi
3356 3464 3544 3530 adfuit,
3576 3465 3718 3519 duce
3740 3465 3886 3519 Sma-

2312 3558 2477 3626 ragdo
2527 3558 2761 3612 exarcho
2814 3556 3039 3625 Longini
3078 3569 3411 3611 successore.
3447 3555 3505 3611 Si
3554 3564 3736 3612 tamen
3779 3556 3888 3624 quis

2312 3647 2603 3704 contendat
2647 3646 2998 3714 Smaragdum
3026 3646 3267 3716 Gregorii
3297 3647 3527 3701 reditum
3552 3647 3889 3715 prtevenisse,

2312 3740 2381 3795 de
2421 3753 2481 3794 re
2525 3747 2635 3793 tam
2684 3738 2885 3794 incerta
2930 3739 3152 3792 minime
3200 3738 3487 3807 pugnabo;
3521 3752 3699 3806 neque
3748 3738 3884 3793 enim

2311 3829 2621 3900 expeditum
2650 3841 2733 3885 est
2762 3840 2912 3885 certo
2960 3831 3233 3899 assignare
3260 3844 3367 3900 quo
3415 3837 3661 3900 tempore
3689 3829 3890 3897 Grego.

2313 3920 2422 3977 rius
2468 3921 2862 3991 repatriaverit.
2912 3920 2970 3975 ld
3009 3936 3138 3976 vero
3166 3930 3378 3977 constat
3419 3920 3539 3990 ejus
3569 3922 3822 3991 precibus
3843 3929 3889 3973 et

2311 4012 2782 4068 sollicitationibus
2832 4012 3176 4083 impetralmn
3219 4014 3323 4068 hoc
3379 4012 3698 4067 subsidium.
3733 4011 3893 4065 Caele.

2312 4119 2441 4159 rum
2481 4120 2549 4160 ex
2596 4104 2823 4173 epistola
2870 4104 2897 4159 l
2931 4102 3133 4173 Pelagii
3182 4103 3249 4159 ad
3278 4102 3449 4158 Etiam
3500 4103 3895 4172 Aquileienscm

2315 4197 2647 4267 episcopum,
2687 4196 2938 4253 discimus
2992 4197 3120 4266 quid
3166 4196 3332 4252 Italia:
3381 4198 3694 4268 prmstiterit
3739 4197 3894 4252 Sma-

2313 4288 2459 4356 ragdi
2499 4287 2759 4343 adventus
2790 4307 2803 4342 :
2835 4289 3131 4358 gratulatur
3174 4289 3317 4344 enim
3357 4304 3597 4344 summus
3636 4287 3895 4359 pontifex,

2313 4377 2491 4447 quod,
2538 4393 2635 4449 per
2680 4379 2890 4435 labores
2937 4391 3100 4448 atque
3150 4379 3570 4435 sollicitudinem
3627 4379 3897 4435 excellen-

2316 4468 2505 4523 tissimi
2534 4468 2623 4522 filii
2652 4467 2931 4539 Smaragdi
2959 4470 3177 4525 exarchi
3216 4478 3271 4524 et
3294 4470 3605 4526 chartulatii
3636 4472 3779 4527 sacri
3808 4486 3897 4541 pa-

634 4558 872 4612 rcdicrit.
906 4556 1195 4611 Mauricius
1223 4573 1330 4611 non
1370 4558 1517 4627 prius
1556 4557 1965 4614 Constantinam
2012 4561 2211 4616 Tiberii
2244 4551 2290 4612 Ι)
2317 4558 2453 4627 latii,
2480 4574 2668 4629 pacem
2698 4568 2753 4615 et
2774 4561 3013 4631 quietem
3041 4561 3182 4615 Deus
3202 4560 3405 4616 donare
3427 4562 3681 4631 dignatus
3700 4563 3795 4617 sit.

636 4649 856 4718 Augusti
888 4646 1046 4700 filiam
1078 4647 1256 4710 duxit,
1282 4663 1440 4716 quam
1470 4648 1624 4703 fieret
1662 4647 1977 4719 imperator;
2019 4650 2112 4705 sed
2140 4652 2213 4706 si-

637 4738 742 4791 mul
774 4746 828 4791 et
856 4751 1101 4797 uxorem,
1132 4744 1186 4790 et
1225 4737 1365 4791 dotis
1411 4738 1628 4792 nomine
1657 4737 1941 4807 imperium
1971 4741 2211 4811 accepit,

635 4843 777 4881 anno
816 4827 1023 4881 scilicet
1064 4824 1192 4891 58:2,
1220 4840 1401 4880 mense
1426 4826 1684 4895 Augusto,
1708 4835 1767 4882 ut
1800 4828 1909 4897 jam
1938 4845 2099 4900 supra
2125 4832 2216 4888 de-

570 4940 575 4943 ι
636 4915 1071 4970 monstravimus.
1103 4915 1287 4985 Itaque
1316 4917 1459 4971 nasci
1488 4918 1538 4971 ei
1578 4933 1684 4972 non
1714 4919 1891 4989 potuit
1921 4919 2080 4989 ﬁlius,
2109 4922 2211 4977 nisi

635 5023 777 5062 anno
806 5008 1051 5077 sequenti
1078 5022 1262 5062 mense
1288 5006 1451 5078 Aprili
1480 5018 1574 5063 aut
1600 5009 1762 5063 Maio.
1796 5008 1874 5064 Ex
1906 5011 1970 5065 iis
1996 5012 2213 5067 eviden-

634 5108 716 5153 ter
762 5100 1020 5169 probatur
1068 5099 1383 5167 Gregorium
1435 5116 1501 5156 ex
1533 5101 1665 5156 urbe
1715 5104 1860 5171 regia
1906 5105 2056 5173 prius
2109 5122 2216 5161 non

631 5189 961 5245 discessisse.
996 5190 1065 5243 At
1112 5206 1180 5245 ex
1230 5192 1456 5261 epistola
1507 5191 1704 5261 Pelagii
1754 5194 1818 5248 ad
1869 5211 1991 5250 eum
2021 5197 2216 5268 scripta

632 5296 790 5348 quam
841 5282 1045 5350 profert
1086 5280 1322 5337 Joannes
1350 5282 1636 5349 Diaconus,
1661 5285 1752 5340 lib.
1785 5302 1823 5351 ι,
1854 5302 1904 5340 c.
1930 5287 2019 5353 52,
2047 5290 2217 5344 multo

634 5373 841 5442 longior
868 5389 1018 5429 mora
1068 5377 1364 5446 colligitur;
1393 5393 1515 5432 nam
1544 5378 1668 5433 data
1717 5380 1911 5448 legitur
1950 5382 2063 5437 lucc
2090 5385 2208 5453 epi-

630 5465 768 5519 stola
799 5481 985 5522 mense
1012 5469 1222 5524 octobri
1247 5470 1430 5526 indict.
1465 5472 1516 5537 '5,
1548 5471 1882 5543 proindeque
1911 5490 2054 5530 anno
2081 5473 2201 5530 584.

632 5556 813 5625 Neque
836 5574 963 5615 vero
992 5560 1096 5616 hoc
1119 5576 1261 5615 anno
1288 5562 1754 5635 Constantinopoli
1779 5565 2021 5620 discessit
2068 5567 2207 5623 Gre-

708 5680 731 5707 α
764 5671 839 5725 De
878 5671 933 5726 S.
978 5672 1222 5729 Leandro
1261 5676 1377 5743 lege
1414 5677 1648 5733 Annales
1685 5680 1959 5736 Bcncdict.
2001 5682 2227 5741 Mabillu

630 5739 727 5812 lib.
754 5756 825 5803 Vt,
860 5757 1012 5812 num.
1054 5743 1153 5805 64,
1185 5754 1238 5798 et
1268 5739 1541 5800 Nicolaum
1590 5748 1879 5804 Antonium
1925 5753 1976 5806 in
2012 5739 2209 5812 Biblio-

632 5811 785 5867 theca
817 5818 923 5866 vet.
951 5810 1173 5878 Hispau.

2925 4698 3153 4754 CAPUT
3192 4700 3282 4755 Vl.

2315 4806 2670 4858 Aaouunuruu.
2695 4836 2756 4845 —
2778 4809 2822 4857 1.
2846 4810 2897 4858 S.
2925 4810 3190 4871 Gregorius
3207 4813 3483 4861 monasterii
3500 4814 3573 4861 sui
3603 4812 3653 4861 fit
3675 4814 3844 4862 abbas.
3865 4839 3904 4850 -

2378 4872 2423 4919 2.
2453 4871 2685 4934 Pelagius
2709 4885 2820 4934 cum
2844 4873 2937 4921 sibi
2962 4873 3231 4934 adjutorem
3260 4874 3466 4922 adhibet
3489 4876 3768 4923 scribendis
3796 4878 3903 4934 epi-

2376 4932 2530 4981 stolis.
2574 4959 2635 4968 —
2666 4934 2714 4981 5.
2762 4932 3115 4993 Argumentum
3162 4935 3335 4996 prim-is
3383 4936 3605 4995 epistolae
3647 4938 3701 4984 ad
3752 4932 3908 4985 libant

2377 4996 2570 5056 scriptae
2593 5002 2760 5044 contra
2784 4996 3010 5056 schisma.
3037 5022 3098 5032 —
3125 4996 3174 5043 4.
3203 4996 3277 5045 De
3310 4998 3524 5044 secunda
3573 4999 3630 5045 ad
3674 5000 3911 5047 eumdem

2378 5055 2533 5105 Etiam
2554 5056 2773 5115 epistola.
2794 5082 2855 5092 —
2874 5060 2918 5107 5.
2965 5055 3041 5107 De
3067 5064 3229 5106 tertia.
3250 5083 3307 5093 -—~
3332 5060 3379 5107 6.
3406 5058 3629 5107 Schisma
3657 5060 3765 5107 ficta
3798 5061 3911 5115 eiu-

2377 5118 2695 5180 rantquidam
2722 5119 2955 5180 episcopi.
2982 5144 3043 5154 -ι
3066 5120 3112 5167 7.
3140 5120 3193 5167 S.
3241 5120 3513 5176 Gregorius
3556 5120 3706 5170 libros
3739 5120 3909 5169 Mora-

2377 5178 2494 5228 lium
2519 5178 2767 5230 retraetat'.
2787 5178 2985 5241 (Ab'an.
3021 5182 3113 5229 585
3132 5194 3286 5242 usque
3307 5183 3367 5229 ad
3391 5182 3527 5243 £589.)

2387 5297 2436 5351 l.
2479 5297 2705 5352 Romam
2741 5312 2989 5353 reversus
3022 5297 3341 5367 Gregorius,
3387 5300 3440 5354 in
3478 5300 3799 5355 monasterii
3831 5301 3917 5355 sui

2315 5393 2527 5456 portum
2548 5429 2562 5454 ,
2586 5387 2733 5442 urbis
2762 5388 3004 5456 aulasque
3048 5390 3334 5443 tumultum
3367 5405 3583 5456 exosus,
3618 5392 3826 5446 iterum
3860 5408 3923 5447 se

2316 5478 2545 5548 recepit,
2575 5477 2663 5532 ubi
2693 5477 2899 5532 abbatis
2926 5478 3162 5534 oﬂicium
3196 5481 3537 5548 rogantibus,
3562 5482 3670 5534 imo
3696 5494 3918 5550 cogen-

2316 5571 2459 5625 tibus
2486 5570 2739 5624 fratribus
2786 5580 2807 5608 ο
2834 5572 3095 5625 exercuit.
3123 5570 3278 5637 Quod
3327 5571 3380 5625 in
3410 5573 3741 5628 monasterio
3794 5584 3929 5645 post

2385 5686 2410 5725 δ
2442 5686 2499 5740 1η
2533 5686 2672 5740 notis
2701 5685 2765 5739 ad
2798 5702 2883 5755 ep.
2917 5686 3112 5755 Pelagii
3145 5688 3206 5752 ll,
3241 5688 3379 5743 inter
3407 5689 3669 5745 Concilia.

2394 5758 2734 5831 C__Ass_un_tpto
2763 5772 2957 5831 _nupcr_
2981 5761 3046 5811 ad
3088 5758 3487 5831 Sjracusanum
3527 5762 3930 5831 episcopatum

2322 5828 2379 5882 S.
2411 5826 2729 5881 Maximiano
2759 5827 2812 5881 S.
2845 5827 3070 5884 Andreae
3100 5829 3310 5884 abbate.

3964 768 3971 897 ι
