3992 6316
162 234 254 289 273

635 227 692 282 S.
735 227 1060 284 CREGORII
1101 226 1312 283 MAGN!
1355 226 1536 292 VITA,
1577 227 1665 282 EX
1712 226 1876 284 EJUS
1912 228 2214 284 SCRlPTlS
2254 232 2648 288 ADUltNATA.
2693 231 2803 286 LIB
2841 232 2881 286 I.

3296 233 3400 285 Ἧι

163 349 370 406 reditum
401 359 457 400 et
501 353 626 400 ante
672 362 822 401 suam
855 347 918 400 ad
967 346 1339 416 pontillcatum
1389 347 1712 416 assumptio-
1743 347 1786 403 Α
1816 359 1846 397 a
1875 341 2092 411 Pelagio
2121 358 2260 414 papa
2291 343 2450 408 Eliae,
2486 345 2813 414 Aquileiensi
2845 345 3122 414 episcopo,
3150 346 3394 408 missam,

161 455 268 496 nem
310 436 624 491 habitaverit
667 445 721 489 et
765 435 1070 504 prmfuerit,
1115 435 1364 491 dubitare
1418 451 1526 490 non
1591 434 1717 489 sinit

160 532 262 602 ipse
288 528 570 596 Gregorius
598 541 818 580 narrans
863 526 955 580 lib.
985 541 1038 580 ιν
1068 525 1298 595 Dialog.,
1332 541 1381 581 c.
1413 523 1512 592 55,
1544 523 1719 580 infeli-

160 638 262 677 cem
303 618 434 674 Justi
472 618 739 673 Andreaui
791 619 1040 672 monachi
1087 627 1318 673 mortem
1375 633 1536 686 quam
1591 617 1720 672 dicit

157 712 423 779 mutigisse
473 719 592 764 ante
644 711 941 778 triennium,
972 711 1076 764 hoc
1104 719 1185 764 est
1227 710 1392 779 paulo
1430 718 1716 780 antequam

157 801 484 868 apostolicam
529 801 837 856 cathedram
867 802 1200 856 ascenderet.
1231 800 1308 856 Ex
1335 802 1440 856 hoc
1488 801 1607 857 loco
1654 802 1719 856 lio

153 901 266 961 quet
291 891 422 943 hunc
441 891 745 944 monachum
771 891 1071 944 medicinali
1096 899 1204 943 arte
1221 889 1490 954 imbutum,
1525 889 1717 958 Grego-

153 984 219 1035 rio
243 983 292 1033 iu
321 981 496 1034 eodem
522 980 582 1036 S.
608 981 832 1035 Andreae
868 983 1180 1036 monasterio
1210 983 1508 1046 constituto,
1536 979 1714 1033 sedulo

146 1071 336 1139 obsequi
358 1079 508 1140 atque
525 1073 578 1126 in
600 1072 824 1124 assiduis
844 1072 954 1142 ejus
968 1071 1353 1142 wgritudinibus
1365 1069 1616 1124 excubare
1628 1086 1714 1123 so~

147 1167 300 1219 litum.
326 1163 460 1218 Cum
502 1163 685 1219 Justus
719 1169 873 1219 morti
908 1166 1181 1232 proximus
1206 1164 1572 1232 deprehensus
1593 1161 1714 1216 fuis-

144 1265 216 1309 set
243 1271 367 1310 reus
416 1257 699 1310 occultata:
750 1257 1009 1326 pecuniae,
1043 1273 1162 1310 mox
1192 1263 1246 1308 ut
1273 1263 1467 1308 tantum
1516 1253 1711 1307 malum

140 1347 389 1413 Gregorio
419 1350 709 1403 nuntiatum
734 1357 809 1402 est
827 1389 839 1412 ,
866 1348 922 1402 id
949 1348 1304 1418 aequanimiter
1329 1348 1464 1417 ferre
1491 1333 1593 1400 non
1620 1361 1712 1400 va-

136 1439 235 1489 luit.
289 1433 599 1506 Statimque
647 1438 859 1491 violata:
908 1437 1104 1503 regulze
1148 1435 1458 1490 monasterii
1489 1434 1705 1500 vindex,

135 1526 239 1592 quia
292 1526 485 1590 abbas,
519 1528 746 1598 cogitare
773 1528 921 1596 carpit
960 1527 1034 1579 vel
1074 1526 1195 1596 quid
1241 1525 1310 1578 ad
1350 1527 1707 1596 purgationem

135 1616 392 1670 morientis
437 1621 648 1688 faceret,
701 1620 775 1671 rel
817 1617 939 1689 quid
981 1617 1050 1669 ad
1095 1618 1380 1686 exemplum
1428 1615 1706 1671 virentibus

133 1709 369 1778 fratribus
407 1711 712 1778 prorideret.
745 1709 979 1762 Pretiosa
1008 1710 1166 1779 igitur
1193 1711 1420 1780 ejusdem
1449 1720 1710 1765 monaste-

134 1802 186 1853 rii
207 1801 488 1869 praeposito
517 1801 789 1867 accersito,
819 1799 970 1868 jubet
999 1809 1056 1854 ttt
1085 1809 1237 1854 curet
1259 1819 1284 1853 a
1321 1802 1398 1855 rei
1430 1803 1708 1857 consortio

133 1893 309 1945 fratres
338 1906 529 1945 omnes
552 1892 824 1946 recedere.
853 1891 1100 1961 Praecipit
1127 1909 1344 1963 quoque
1372 1892 1536 1965 214
1563 1908 1709 1948 mor-

133 1992 208 2035 tuo
249 1981 346 2035 etsi
401 1982 454 2036 in
498 1983 754 2037 extremis
796 1983 1075 2050 pcenitenti
1105 1985 1488 2040 stercorariam
1529 1986 1706 2054 parari

130 2073 464 2140 sepulturam,
492 2081 545 2126 et
565 2089 728 2142 super
748 2075 864 2142 ejus
892 2074 1124 2129 cadaver
1153 2083 1260 2130 tres
1283 2078 1582 2133 oceullatos
1611 2093 1706 2130 au-

131 2179 237 2217 reos
265 2162 480 2231 projici,
515 2163 764 2217 fratribus
803 2165 1164 2219 clamantibus
1195 2185 1207 2219 :
1243 2165 1472 2220 Pecunia
1511 2177 1599 2220 tua
1631 2177 1704 2221 te-

131 2269 230 2305 rrm
276 2254 341 2305 sit
393 2253 450 2304 in
489 2253 792 2323 perditione.
826 2252 1062 2308 Tandem
1116 2250 1238 2324 quia
1269 2254 1454 2309 Justus
1508 2256 1703 2325 piaculi

132 2342 380 2410 pmniteus
434 2342 574 2395 dietn
632 2352 931 2396 extremum
985 2343 1288 2412 clauserat,
1335 2353 1589 2414 procurat
1645 2355 1703 2401 ut

133 2432 385 2486 Petiosus
421 2433 744 2502 praepositus
783 2450 874 2502 per
905 2433 1116 2503 triginta
1159 2435 1268 2489 dies
1298 2439 1568 2497 continuos
1607 2455 1702 2508 pro

129 2523 270 2591 ipsius
307 2524 636 2577 absolutione
669 2533 691 2560 Α
723 2525 1039 2593 sacri/icium
1068 2523 1273 2594 o/I‘erat.
1300 2524 1573 2591 Quantum
1611 2541 1690 2581 sa-

131 2615 434 2681 pientissimi
461 2616 670 2670 abbatis
699 2617 956 2670 severitas
982 2615 1137 2671 Justo
1167 2609 1484 2688 ceterisque
1523 2618 1701 2674 fratri-

131 2704 212 2760 bus
241 2693 502 2776 préfuerit
522 2747 538 2773 ,
569 2707 685 2776 lege
713 2716 805 2760 aut
835 2709 886 2761 in
920 2707 1137 2762 laudato
1163 2708 1509 2777 Dialogorum
1540 2709 1698 2778 libro,

131 2808 208 2852 aut
251 2799 388 2868 apud
442 2798 701 2854 Joannem
750 2799 1064 2855 Diaconum.
1097 2799 1226 2867 Qua:
1255 2801 1397 2870 apud
1448 2801 1697 2856 eumdem

133 2891 354 2958 leguntur
379 2891 646 2960 de.largis
674 2891 1029 2964 eleemosynis
1052 2909 1081 2946 a
1099 2893 1362 2962 Gregorio
1393 2895 1544 2950 factis
1573 2895 1699 2950 dum

134 2981 175 3036 in
220 2982 549 3036 monasterio
597 2981 835 3051 degeret,
866 2984 1096 3054 probant
1147 3000 1364 3055 quoque
1409 3002 1530 3040 eum
1571 2994 1700 3042 tunc

1817 451 2002 505 quam,
2031 434 2232 505 inquit,
2273 434 2451 490 beatus
2494 435 2809 507 Gregorius,
2850 454 2963 490 cum
3013 436 3182 489 adhuc
3225 445 3393 498 esset,

1817 521 2080 579 Diaconus
2118 525 2342 594 scripsit.
2376 526 2506 580 Tres
2551 525 2707 581 edita:
2747 535 2872 581 sunt
2917 537 3030 579 tum
3080 540 3110 578 τι
3162 525 3394 578 Baronio

1821 616 1924 687 (Ad
1952 633 2040 669 an.
2075 614 2196 684 586,
2222 634 2361 670 num.
2390 616 2516 684 26),
2549 625 2659 672 tum
2686 634 2716 672 a
2743 617 3106 674 Conciliorum
3137 616 3392 672 collecto-

1819 708 1966 762 ribus
1992 706 2191 776 Pelagii
2221 707 2263 762 ll
2283 708 2524 778 epistolae
2561 709 2628 761 ad
2668 707 2840 762 Etiam
2867 717 2915 762 et
2943 709 3011 761 ad
3056 709 3186 763 alios
3216 705 3393 762 Istriaa

1817 796 2067 852 Ecclesia:
2109 800 2372 869 episcOpos
2417 806 2468 852 et
2507 799 2676 868 ﬁlios,
2713 813 2812 870 pro
2841 800 2999 852 trium
3035 798 3390 868 capitulorum

1816 903 1978 943 causa
2001 890 2408 944 tumultuantes.
2443 889 2618 944 Unum
2647 899 2730 946 est
2757 891 2918 944 trium
2946 890 3156 944 illarum
3198 889 3398 958 episto-

1815 979 1985 1032 larunt
2031 988 2426 1046 argumentum,
2472 996 2609 1035 unus
2636 995 2862 1051 scopus,
2903 981 3073 1051 stylus
3103 979 3260 1049 plane
3289 994 3396 1034 non

1816 1073 2102 1138 absimilis;
2131 1073 2465 1143 proindeque
2488 1072 2631 1126 idem
2653 1074 2891 1126 omnium
2924 1074 3159 1144 scriptor
3187 1071 3396 1140 Grego-

1814 1163 1924 1216 rius
1951 1178 1981 1216 a
2009 1177 2116 1230 qm
2147 1178 2306 1216 unam
2337 1163 2527 1216 saltem
2558 1163 2816 1231 scriptam
2856 1177 2977 1216 esse
3009 1161 3162 1217 Pauli
3185 1168 3398 1216 constat

1812 1255 2144 1308 testimonio.
2177 1252 2326 1307 Adde
2369 1251 2511 1321 quod
2541 1253 2624 1306 his
2653 1252 2705 1305 in
2757 1252 3002 1320 epistolis
3037 1267 3172 1319 quas
3201 1252 3400 1319 Grego-

1810 1347 1922 1400 rius
1940 1344 2049 1414 jam
2072 1341 2314 1415 pontifex
2333 1343 2503 1398 factus
2523 1345 2588 1396 ad
2613 1342 2832 1398 eosdem
2858 1343 3236 1398 schismatieos
3264 1343 3397 1397 seri-

1809 1436 1945 1505 psit,
1969 1435 2053 1488 vel
2083 1433 2151 1487 ad
2183 1433 2317 1489 alios
2343 1447 2478 1500 quos
2505 1432 2557 1486 in
2584 1431 3032 1487 condemnatione
3065 1431 3222 1483 trium
3245 1431 3394 1497 capi-

1813 1526 2044 1580 tulorum
2075 1524 2280 1578 haerere
2309 1533 2534 1578 noverat
2560 1541 2573 1588 ;
2626 1524 2815 1577 eadem
2846 1537 2942 1591 pro
2971 1522 3122 1590 pacis
3151 1521 3394 1575 hostibus

1812 1617 2048 1673 eharitas
2095 1614 2333 1683 ferveat,
2384 1631 2483 1685 pro
2523 1615 2698 1671 anxiis
2727 1622 2784 1669 et
2826 1613 3157 1682 scrupulosis
3205 1611 3395 1668 eadem

1743 1715 1784 1774 Β
1816 1710 2150 1780 indulgentia
2171 1709 2459 1764 elucescat.
2486 1707 2554 1762 Et
2577 1707 2645 1761 de
2672 1707 2734 1761 iis
2754 1705 2969 1774 quidem
2983 1712 3178 1774 postea
3197 1703 3394 1766 fusius;

1812 1815 1954 1855 nunc
1982 1809 2162 1855 autem
2190 1800 2375 1870 paucis
2395 1797 2773 1868 exponendum
2803 1797 2930 1866 quid
2962 1797 3130 1850 tribus
3152 1795 3395 1865 epistolis

1812 1891 2028 1945 nomine
2072 1889 2274 1959 Pelagii
2320 1888 2363 1943 ll
2394 1891 2610 1960 scriptis
2658 1889 2996 1961 potissimum
3029 1889 3393 1942 contineatur.

1880 1985 1933 2038 ’5.
1975 1983 2031 2038 In
2076 1985 2248 2054 prima
2281 1983 2532 2051 prazfatur
2560 1982 2830 2051 piissimus
2859 1980 3020 2035 Pater
3048 1980 3111 2034 de
3138 1980 3392 2034 viscerum

1806 2091 2019 2129 suorum
2048 2075 2326 2138 divisione,
2379 2073 2632 2127 nimirum
2663 2072 2730 2125 de
2773 2073 3066 2126 schismate
3096 2069 3393 2126 Ecclesiam

1807 2165 2110 2231 scindente,
2144 2180 2198 2218 se
2225 2181 2328 2219 non
2357 2165 2468 2218 sine
2497 2165 2642 2236 gravi
2671 2164 2792 2234 ﬂetu
2823 2162 3083 2227 doluisse;
3109 2162 3176 2216 ad
3205 2177 3392 2231 pacem

1804 2261 2122 2317 dissidentes
2151 2275 2271 2315 cum
2296 2260 2544 2330 lacrymis
2559 2259 2894 2313 adhortatur.
2925 2257 3316 2312 Vacillantibus
3341 2257 3390 2312 in

1807 2350 1929 2420 fide,
1946 2349 2089 2405 Petri
2113 2350 2268 2404 tidem
2293 2349 2684 2405 indelicientetu
2708 2348 2964 2419 opponit;
2997 2349 3352 2403 titubantibus
3372 2389 3387 2411 ,

1802 2442 1944 2496 sedis
1996 2439 2140 2496 Petri
2185 2439 2520 2506 ﬁrmitatem,
2576 2448 2765 2493 contra
2807 2454 2968 2507 quam
3014 2448 3184 2508 portae
3233 2438 3388 2494 inferi

1803 2532 2095 2604 prazvalere
2123 2549 2228 2586 non
2255 2533 2480 2602 possint.
2511 2531 2775 2586 thterum
2804 2539 2864 2584 ut
2890 2545 3105 2584 omnem
3138 2531 3364 2600 pt-rescin

1801 2625 1892 2678 dat
1919 2639 2040 2678 sese
2067 2623 2430 2678 calumniandi
2469 2623 2831 2686 occasionem,
2877 2620 3162 2690 proﬁtetur
3187 2620 3366 2690 ample

1801 2720 1872 2776 cti
1903 2734 2023 2789 quae
2051 2719 2119 2773 ab
2149 2718 2406 2788 apostolis
2437 2732 2734 2786 eorumque
2762 2715 3169 2770 successoribus
3193 2715 3387 2768 tradita

1799 2820 1955 2879 sunt,
2001 2819 2057 2864 et
2084 2811 2136 2864 in
2166 2821 2396 2879 quatuor
2441 2809 2792 2864 (ﬁumenieis
2818 2809 3064 2863 conciliis
3093 2808 3384 2876 explanata

1775 2887 1856 2954 iet
1898 2898 2247 2964 confirmata,
2299 2899 2532 2953 maxime
2581 2899 2633 2952 in
2674 2898 2881 2969 synodo
2923 2897 3387 2964 Chalcedonensi,

1801 2991 1958 3062 cujus
1987 2992 2366 3048 auctoritatem
2399 2992 2595 3062 pulsari
2624 3001 2678 3045 et
2705 2991 3046 3056 labefactari,
3095 2989 3255 3043 trium
3302 3004 3386 3044 ca-

134 3074 444 3128 tuonasterio
522 3075 823 3144 praefuisse;
887 3075 1124 3144 alioquin
1201 3092 1308 3132 non
1374 3079 1699 3150 prwcepisset
1728 3080 1771 3140 C
1805 3083 2092 3154 pitulorum
2132 3083 2481 3138 damnatione
2511 3083 2780 3153 iuquinto
2831 3087 2953 3148 lost
2998 3081 3228 3136 concilio
3258 3096 3386 3136 eon-

135 3161 508 3231 bvestiario,ut
546 3173 622 3218 tot
651 3164 801 3218 daret
821 3167 1149 3220 numismata.
1186 3166 1381 3224 Postea
1413 3169 1579 3223 multa
1611 3186 1696 3221 re-

135 3253 219 3308 fert
262 3253 502 3310 Joannes
553 3255 819 3312 Diaconus
853 3273 971 3326 qua:
1014 3257 1276 3326 Gregorio
1320 3260 1526 3315 abbatis
1577 3261 1696 3316 loco

132 3346 330 3402 sedente
365 3349 666 3418 contigisse
697 3358 923 3405 testatur
950 3369 961 3402 :
988 3352 1165 3420 qualia
1195 3362 1320 3407 sunt
1359 3355 1613 3410 miracula
1643 3367 1698 3411 et

133 3438 257 3506 signa
285 3439 483 3510 quibus
515 3440 655 3494 Deus
684 3442 943 3510 quosdam
975 3443 1270 3499 monachos
1301 3455 1395 3499 aut
1413 3447 1692 3514 fugientes,

135 3538 210 3580 aut
236 3529 296 3583 de
323 3529 450 3599 fuga
478 3531 913 3600 cogitantes,aut
941 3533 1164 3587 alterius
1230 3551 1382 3590 noxa:
1414 3552 1536 3590 reos
1585 3545 1694 3590 ter-

135 3623 242 3688 ruit,
269 3632 320 3678 et
346 3624 416 3677 ad
449 3623 722 3679 saniorent
752 3633 988 3680 mentem
1031 3628 1330 3681 revocavit.
1362 3627 1466 3682 Sed
1499 3626 1698 3682 fallitur

135 3710 203 3764 hic
235 3712 480 3781 scriptor,
512 3713 945 3782 quandoquidem
974 3717 1203 3786 ipsemet
1233 3716 1523 3787 Gregorius
1560 3720 1696 3773 scri-

134 3801 242 3857 bens
266 3803 332 3857 ad
360 3804 731 3859 llusticianam
766 3820 854 3875 cp.
896 3805 965 3858 44
1007 3807 1122 3861 libri
1155 3825 1207 3863 st
1234 3809 1421 3864 eadem
1461 3825 1697 3864 commc-

135 3903 317 3960 tnnrat,
346 3894 535 3965 aitque
571 3910 633 3949 ea
665 3896 765 3950 sibi
809 3905 1022 3951 narrata
1054 3897 1218 3954 fuisse
1259 3899 1328 3954 ab
1357 3900 1550 3955 abbate
1586 3911 1638 3954 ct
1668 3917 1696 3956 a

117 3985 391 4053 .rttcposito
422 3985 585 4056 hujus
616 3989 944 4043 monasterii.
976 3987 1175 4058 Verum
1223 3991 1350 4060 quid
1404 3992 1698 4060 indigemus

133 4074 320 4130 aliunde
367 4077 610 4146 qmesitis
661 4080 1016 4150 argumeptis,
1072 4095 1194 4134 cum
1248 4082 1361 4152 ipse
1408 4081 1698 4152 Gregorius

132 4181 289 4220 coram
334 4168 546 4239 synodo
595 4168 792 4226 diserte
821 4172 1094 4240 professus
1144 4173 1214 4228 sit
1251 4188 1310 4227 se
1337 4175 1464 4229 olitn
1495 4176 1698 4232 rexisse

135 4259 536 4324 monasterium,
594 4261 677 4315 his
726 4262 904 4317 verbis
954 4262 1172 4328 :Quam
1229 4267 1298 4319 sit
1352 4249 1698 4323 necessarium

134 4351 535 4406 monasteriorum
564 4353 720 4424 quieti
751 4357 1108 4425 conspicere...
1139 4367 1433 4413 anteactam
1459 4377 1551 4416 nos
1576 4364 1700 4433 ofﬁ-

1801 3176 2031 3230 clamata
2078 3174 2406 3230 schismatici
2435 3174 2817 3243 querebantur.
2863 3172 2919 3227 Si
2951 3182 3130 3226 tamen
3182 3173 3295 3226 lucc
3323 3173 3386 3225 ad

1799 3265 2248 3336 compescendum
2297 3265 2612 3320 scandalum
2653 3263 2902 3319 sullicere
2933 3278 3040 3317 non
3088 3261 3386 3324 videantur,

1801 3377 1839 3413 rt
1864 3367 1954 3427 gat
1983 3374 2077 3414 eos
2127 3366 2186 3412 ut
2215 3366 2497 3412 manentes
2541 3356 2592 3411 in
2623 3357 2843 3411 unitatis
2885 3355 3149 3410 charitate
3190 3353 3387 3422 eligant

1775 3435 2270 3518 ‘transtnittantque
2300 3449 2510 3519 aliquos
2539 3465 2569 3504 e
2601 3446 2887 3514 fratribus,
2914 3448 2978 3502 al
3010 3447 3388 3516 proponrndas

1799 3549 1855 3596 et
1878 3535 2280 3610 componendas
2303 3539 2524 3610 pacilice
2547 3540 2873 3609 quaestiones
2897 3553 3103 3592 omnes.
3127 3535 3194 3589 Et
3216 3538 3387 3608 parati

1798 3650 1998 3701 sumus,
2030 3633 2201 3701 inquit
2249 3631 2424 3687 bonus
2477 3631 2565 3686 ille
2613 3641 2800 3700 pastor
2845 3630 3035 3684 ovibus
3083 3629 3388 3682 errantibus

1799 3727 2152 3796 compatien=,
2187 3725 2467 3779 secundum
2496 3725 2891 3794 prwcep'tionem
2921 3721 3259 3793 apostolicam
3282 3757 3296 3781 ,
3341 3730 3388 3774 et

1799 3835 1912 3871 cum
1935 3818 2186 3871 charitate
2212 3833 2300 3870 eos
2328 3819 2606 3885 suscipere,
2633 3825 2682 3869 et
2704 3832 2818 3867 cum
2859 3815 3148 3867 humilitate
3170 3813 3239 3866 ad
3272 3813 3388 3875 ila-

1799 3915 1902 3966 cita
1941 3909 2316 3980 satisfactionis
2357 3907 2569 3961 reddere
2617 3909 2908 3970 rationem;
2959 3917 3006 3960 et
3053 3908 3168 3962 sine
3216 3908 3386 3977 aliqua

1799 4001 2189 4069 impedimento,
2222 4013 2337 4052 cum
2363 3998 2503 4052 omni
2533 3997 2824 4060 dilectione,
2855 3998 3061 4070 quando
3083 4001 3266 4052 retcrti
3298 4016 3386 4052 vo-

1799 4092 2008 4157 luerint,
2029 4092 2290 4144 roluntate
2315 4088 2666 4144 sincerissima
2687 4130 2702 4155 ,
2746 4091 2975 4160 relegare
3026 4089 3081 4160 (1
3109 4088 3252 4144 Petri
3284 4089 3383 4160 ιιι).

1871 4181 1924 4236 4.
1970 4181 2038 4236 Ut
2063 4183 2130 4234 ad
2155 4181 2294 4235 hanc
2317 4179 2601 4250 epistolam
2621 4181 3013 4249 responderent
3037 4182 3145 4235 srlti
3163 4182 3377 4236 smat’ci.

1798 4275 1992 4344 scripta
2033 4273 2247 4326 diversis
2293 4273 2486 4342 infecta
2530 4273 2784 4342 contagiis
2814 4271 3143 4333 direxerant,
3192 4271 3370 4339 quibat!

1801 4362 2019 4416 Patrum
2048 4361 2352 4418 testimonia
2378 4362 2666 4429 incongrua
2700 4371 2751 4415 ct
2782 4361 2847 4414 ad
2871 4377 3083 4418 causam
3118 4377 3221 4416 non
3255 4377 3350 4429 per

133 4437 264 4502 ciunt,
293 4441 426 4507 quod
467 4443 521 4496 in
565 4444 813 4513 regimine
848 4449 1144 4500 monasterii
1171 4448 1494 4506 exhibuimus
1525 4451 1694 4524 infor-
1722 4457 1771 4515 ι)
1803 4456 2024 4509 liuentia
2053 4455 2417 4522 inseruerunt,
2447 4454 2636 4509 ordine
2667 4455 2737 4508 ita
2765 4456 2996 4520 turbato,
3017 4465 3073 4509 ut
3094 4456 3229 4527 quod
3249 4458 3364 4510 srri'

134 4529 488 4595 mat?(Concil.
518 4549 573 4588 ιιι
595 4549 682 4587 seu
710 4534 958 4590 Lateran.
991 4537 1082 4591 sub
1109 4539 1172 4593 S.
1201 4537 1379 4611 (ἔνθα.)

191 4617 240 4669 2.
278 4619 477 4677 Sancto
511 4621 627 4678 viro
658 4624 710 4678 in
744 4627 1061 4682 monasterii
1089 4644 1308 4686 recessu
1337 4632 1506 4687 Otium
1535 4644 1592 4689 et
1613 4635 1692 4690 la-

135 4705 292 4762 tebras
335 4712 596 4778 quaerenti
618 4755 632 4778 ,
683 4713 774 4768 diu
799 4725 977 4771 tamen
1007 4716 1075 4773 iis
1101 4734 1322 4787 prorsus
1350 4721 1453 4776 frui
1485 4738 1592 4776 non
1623 4724 1690 4778 li-

133 4799 253 4864 cuit,
295 4810 387 4856 aut
416 4804 483 4858 ab
510 4805 759 4861 omnibus
789 4809 1002 4878 penitus
1038 4810 1414 4867 ecclesiasticis
1461 4815 1691 4884 negotiis

136 4887 307 4946 feriari.
340 4891 472 4948 Nam
520 4902 576 4949 ut
604 4897 730 4951 olim
763 4899 1120 4971 Hieronymus
1159 4901 1214 4956 S.
1249 4903 1476 4958 Damaso
1507 4921 1687 4974 paprc,

134 4975 345 5052 Prosper
370 4983 430 5038 S.
465 4983 633 5042 Leoni
673 4987 900 5057 Magno,
931 4991 1010 5045 sie.
1040 4991 1129 5047 ille
1161 4991 1374 5062 Pelagio
1404 4994 1610 5051 Juniori
1642 4997 1694 5052 in

134 5067 410 5126 scribendis
441 5074 683 5144 epistolis
705 5077 920 5145 adjutor
950 5081 1068 5135 lttit.
1100 5081 1177 5136 lta
1206 5085 1372 5139 sensit
1395 5085 1690 5153 Baronius;

133 5166 176 5209 et
210 5175 334 5216 sane
391 5165 492 5235 ipsi
545 5169 730 5224 ttibuit
778 5169 975 5227 Paulus
1015 5173 1335 5231 Warnclridi
1391 5177 1482 5232 lib.
1516 5196 1572 5233 ιιι
1627 5180 1694 5235 dc

133 5251 276 5312 gestis
369 5255 888 5331 Langobardorum,
962 5270 1090 5323 satis
1167 5272 1342 5325 utilem
1419 5275 1691 5343 epistolam

163 5362 605 5454 2’ξι-ριξῗεῆςτίιὶςίρ
633 5390 729 5454 pro
745 5375 1020 5454 defunctis
1048 5379 1226 5436 ollerri
1267 5384 1428 5454 solito
1472 5384 1582 5454 jam
1615 5387 1697 5441 di-

133 5440 288 5521 anq‘s
313 5440 368 5521 in
400 5449 514 5493 not.
542 5443 608 5496 ad
637 5440 758 5499 libri
790 5463 838 5500 ιν
870 5447 1075 5516 Dialog.
1108 5462 1267 5521 caput
1298 5451 1384 5506 55,

196 5499 576 5585 "Sicdoannes
606 5524 766 5568 vocat
807 5499 1124 5572 monachum
1176 5499 1410 5577 vestiat'ii
1443 5525 1699 5579 custodire

139 5580 486 5660 gﬁpositum.
519 5581 685 5660 Porro
704 5585 755 5639 in
783 5587 1040 5660 chronica
1062 5591 1340 5647 Casinensi
1358 5593 1448 5647 lib.
1473 5612 1511 5660 ι,
1535 5611 1582 5649 c.
1606 5595 1696 5659 ‘25,

138 5641 429 5701 vv‘stiarium
468 5654 762 5722 appellatur
795 5641 941 5714 locus
957 5641 1057 5716 ubi

1798 4557 1940 4620 ptum
1982 4547 2190 4602 nomine
2223 4548 2435 4602 alterius
2484 4548 2673 4618 fuerat,
2727 4547 2939 4601 alterius
2979 4548 3204 4600 nominis
3237 4545 3372 4600 titult

1795 4651 2135 4714 promeretur,
2168 4643 2243 4696 uti
2272 4642 2523 4698 observat
2569 4641 2813 4709 Pelagius
2845 4642 2896 4695 in
2927 4657 3012 4708 cp.
3046 4640 3082 4692 2
3110 4635 3174 4692 ad
3212 4623 3373 4691 Eliant

1794 4732 2019 4802 ejusque
2037 4742 2383 4802 symmystas,
2409 4731 2548 4785 unde
2577 4732 2704 4800 ipsis
2727 4732 2840 4786 hch
2854 4731 2920 4785 ab
2948 4729 3208 4800 Apostolo
3235 4730 3379 4783 dicta

1796 4821 1978 4875 tribuit
2005 4839 2017 4872 :
2044 4819 2347 4874 Nescientes
2395 4838 2556 4893 neque
2585 4822 2648 4875 de
2690 4823 2870 4893 quibus
2898 4821 3095 4886 dicunt,
3129 4836 3290 4891 neque
3317 4821 3380 4873 de

1799 4911 1977 4981 quibus
2019 4913 2288 4980 affirmant
2340 4911 2392 4983 (1
2429 4911 2563 4968 Tim.
2620 4929 2654 4965 ι.
2686 4914 2764 4982 7).
2811 4913 2996 4983 itaque
3041 4920 3097 4966 ιιι
3146 4913 3288 4966 veris
3328 4923 3379 4966 et

1798 5001 2041 5072 genuinis
2091 5003 2220 5056 falsa
2265 5011 2320 5055 et
2362 5002 2700 5070 supposititia
2749 5003 3081 5070 destrueret,
3136 5002 3380 5069 Pelagius

1798 5096 2006 5148 curavit
2033 5095 2497 5150 schisntaticorum
2524 5095 2710 5164 legatis
2732 5111 2796 5148 ex
2824 5097 3060 5165 antiquis
3091 5097 3380 5167 potu-inge“

1796 5188 1975 5241 scrinii
2017 5197 2213 5242 sancta:
2257 5188 2394 5240 sedis
2453 5188 2750 5257 apostolica:
2797 5187 3002 5241 sincera
3052 5190 3377 5260 syno-tlorntu

1797 5288 1916 5332 acta
1945 5279 2218 5345 exhiberi;
2271 5279 2523 5347 ipsosque
2543 5279 2785 5334 secunda
2820 5295 2910 5332 sna
2945 5281 3169 5350 cpistola
3212 5283 3377 5336 Vthe-

1804 5388 1983 5442 batur.
2018 5389 2237 5456 Proprie
2267 5388 2574 5442 vestiat-ium
2605 5398 2686 5442 est
2718 5391 2868 5447 locus
2894 5393 2980 5446 ubi
3015 5401 3188 5448 vestes
3214 5409 3379 5449 sat-rte

1807 5469 1861 5510 et
1898 5473 2025 5533 vasa
2064 5458 2128 5509 ad
2171 5458 2352 5533 a_l_ta_ris
2396 5457 2747 5533 ministerium
2785 5464 2995 5532 aliaque
3026 5466 3259 5533 pretiosa
3291 5479 3373 5518 re-

1805 5528 1976 5599 posita
2020 5527 2488 5599 custodiebantur;
2527 5530 2616 5596 qui
2654 5546 2775 5585 cum
2817 5527 2963 5586 esset
3003 5527 3186 5599 tutior,
3243 5536 3375 5589 forte

1803 5597 2090 5676 aliquando
2157 5597 2546 5676 aduri-emittiant
2597 5604 2974 5676 asservandum
3024 5597 3370 5676 de'igebatur.

1804 5666 1934 5722 Vide
1964 5676 2146 5722 notam
2181 5665 2314 5720 lOEii
2344 5669 2407 5723 ad
2437 5669 2624 5723 librum
2657 5671 2892 5728 Sacram.
