3992 6292
661 243 767 301 375

1152 242 1209 295 S.
1251 238 1577 293 GREGURII
1623 235 1838 294 MACNi
1882 236 2060 305 VITA,
2105 236 2198 289 EX
2241 235 2397 293 EJUS
2434 236 2735 293 SClllPTlS
2772 239 3172 296 ADORNATA.
3214 240 3344 296 LIB.
3386 240 3427 296 Ι.

3845 247 3905 300 76

656 365 866 413 menter
901 365 983 411 est
1010 355 1324 412 cohortatus
1353 354 1420 409 ad
1467 354 1783 410 charitatem
1834 362 1890 408 et
1936 353 2193 407 unitatem
2213 392 2228 418 ,
2262 358 2309 415 Α
2408 353 2573 423 Digna
2601 368 2731 410 sane
2751 364 2834 412 est
2860 356 2977 411 hmo
3005 356 3263 427 epistola,
3295 372 3412 428 qua)
3438 373 3504 415 ex
3533 364 3743 428 integro
3765 360 3899 430 lega.

654 450 807 521 cujus
831 450 1018 505 scissio
1048 448 1201 519 culpa
1230 456 1313 503 est
1340 448 1413 502 ita
1441 446 1810 516 inexpiabilis,
1843 455 1902 500 ut
1930 461 1997 500 ne
2028 453 2233 515 marty-

654 543 737 598 rio
763 542 979 613 quidem
1006 549 1281 612 purgetur.
1310 540 1592 594 Postremo
1622 537 1812 591 invitat
1852 550 1947 591 eos
1974 535 2041 590 ad
2071 535 2236 590 colla-

656 632 858 687 tionem
885 631 1069 687 Romae
1090 644 1186 700 per
1213 629 1419 697 legatos
1440 627 1739 682 habendam
1763 644 1779 694 ;
1810 633 1902 680 aut
1921 626 1966 681 si
1992 625 2232 682 locorum

655 730 873 786 obstent
892 726 1188 791 intervalla,
1218 732 1373 794 rogat
1402 732 1461 779 ut
1483 723 1623 795 apud
1650 722 2018 778 Ravennatem
2042 720 2231 775 urbem

658 822 821 878 lstritc
839 820 1114 875 ﬁnitimam
1140 817 1484 884 conveniant,
1504 831 1611 887 quo
1638 831 1696 871 se
1720 816 1926 884 legatos
1947 813 2231 869 missurum

651 913 956 983 pollicetur,
984 910 1077 980 qui
1101 911 1216 967 vice
1240 909 1324 965 sui
1348 908 1554 981 synodo
1581 907 1849 963 intersint.

719 1001 768 1058 5.
810 1001 965 1057 Irrita
1016 1002 1113 1057 fuit
1168 1000 1557 1071 vigilantissimi
1629 998 1862 1068 pastoris
1926 995 2231 1052 sollicitudo

646 1106 882 1160 curaque
907 1104 1037 1159 erga
1089 1106 1219 1145 oves
1263 1097 1419 1145 extra
1444 1086 1703 1143 Ecclesiae
1748 1093 1899 1155 septa
1928 1092 1983 1139 et
2032 1099 2230 1154 pascua

648 1191 919 1250 vagantes.
950 1180 1128 1251 thue
1155 1195 1306 1236 suam
1331 1180 1385 1233 in
1412 1178 1703 1233 schismate
1730 1175 2081 1246 pertinaciam
2112 1183 2230 1229 tue-

648 1282 860 1337 rentur,
905 1286 1005 1341 pro
1056 1269 1371 1343 delensione
1415 1268 1789 1323 damnatorum
1838 1266 1892 1320 in
1934 1281 1967 1320 v
2021 1264 2229 1335 synodo

649 1365 808 1417 trium
836 1363 1217 1433 capitulorum,
1259 1361 1565 1431 apologiam
1587 1359 1904 1429 evulgarunt
1930 1376 1942 1411 :
1968 1357 2034 1411 ad
2067 1370 2227 1425 quam

649 1450 997 1508 refellendam
1029 1450 1295 1520 Pelagius,
1341 1447 1589 1519 Gregorii
1631 1462 1795 1517 opera
1822 1461 2030 1501 rursum
2061 1460 2223 1509 usus,

648 1543 858 1598 tertiam
887 1542 1101 1611 scripsit
1128 1541 1446 1611 epistolam,
1496 1554 1655 1609 quam
1681 1538 1798 1607 ipse
1842 1537 2133 1606 Gregorius
2154 1535 2230 1591 Ἰἰ-

647 1630 798 1687 brum
821 1631 1058 1701 appellat
1088 1629 1229 1701 (Lib.
1260 1645 1317 1697 ιι,
1350 1644 1434 1699 ep.
1468 1626 1581 1698 51).
1637 1626 1717 1681 Ex
1744 1627 1846 1682 hac
1870 1626 2100 1697 epistola
2147 1628 2229 1682 in-

2333 455 2444 501 tur.
2475 446 2641 504 Nemo
2669 457 2849 504 autem
2873 447 3087 521 legens,
3122 449 3221 505 nisi
3251 451 3305 506 in
3332 449 3391 506 S.
3422 450 3670 521 Gregorii
3699 453 3897 523 scriptis

2336 538 2678 607 peregrinus,
2742 539 2989 596 dubitare
3034 541 3266 611 poterit,
3317 557 3385 598 an
3425 542 3496 597 sit
3539 542 3707 612 ipsius
3746 544 3899 613 fetus;

2333 630 2531 700 quippe
2574 630 2713 700 sapit
2751 629 3143 701 Gregorianam
3194 633 3463 703 phrasim,
3494 642 3551 689 et
3591 635 3903 704 explicanda:

2332 734 2498 776 sacrze
2525 720 2815 791 Scriptura:
2840 722 3177 779 methodum.
3207 722 3354 779 Idem
3378 724 3449 779 sit
3474 723 3541 779 de
3562 724 3769 781 duabus
3798 729 3903 782 aliis

2331 810 2624 864 criterium.
2659 810 2795 866 Hinc
2824 826 2916 866 eas
2945 812 3048 867 hoc
3078 812 3198 867 loco
3228 812 3562 878 inserendas,
3596 813 3772 883 aliqua
3806 817 3900 869 sal-

2334 909 2439 955 tem
2463 916 2527 955 ex
2556 910 2706 970 parte
2729 900 3107 970 judicavimus.

2402 992 2454 1047 6.
2496 991 2591 1048 His
2617 993 2781 1048 armis
2811 1008 2934 1048 cum
2962 995 3258 1064 expugnari
3286 1009 3395 1049 nou
3442 994 3750 1065 potuissent
3774 995 3901 1049 schi-

2330 1080 2540 1135 smatici
2570 1081 2907 1150 pertinaces,
2934 1081 3264 1153 Smaragdus
3300 1083 3550 1151 patricius
3569 1122 3582 1146 ,
3616 1083 3821 1136 veniens
3847 1083 3900 1137 de

2333 1169 2579 1225 Ravenna
2620 1173 2675 1225 in
2702 1172 2953 1238 Gradum,
3002 1190 3094 1240 per
3142 1173 3472 1241 semetipsum
3502 1190 3531 1227 e
3560 1173 3777 1226 basilica
3816 1191 3900 1227 ex-

2330 1261 2540 1314 trahens
2570 1260 2832 1325 Severum,
2866 1260 3263 1329 Aquileiensem
3291 1277 3388 1318 seu
3415 1263 3749 1318 Gradensem
3791 1266 3898 1333 epi-

2329 1367 2569 1422 scopum,
2598 1353 2894 1408 Ravennam
2919 1370 3031 1408 cum
3061 1356 3256 1425 injuria
3278 1355 3449 1422 duxit,
3474 1371 3590 1408 cum
3612 1357 3731 1409 aliis
3754 1357 3898 1409 tribus

2327 1444 2579 1513 episcopis
2629 1442 2835 1514 (Verba
2864 1453 2987 1498 sunt
3034 1442 3184 1498 Pauli
3231 1443 3557 1499 Warnefridi
3594 1445 3649 1499 in
3686 1444 3896 1501 historia

2329 1531 2865 1604 Langobardorum);
2896 1532 3078 1604 quibus
3124 1535 3445 1588 comminans
3492 1536 3702 1593 exsilia,
3755 1544 3895 1605 atque

2329 1626 2622 1683 violentiam
2670 1629 2929 1699 inferens,
2988 1630 3366 1684 communicare
3415 1632 3666 1701 compulit
3713 1630 3892 1685 Joanni

648 1723 936 1792 telligimus
960 1722 1276 1792 conjuratos
1301 1722 1469 1777 lstrizn
1508 1722 1913 1791 vicinarumque
1942 1721 2219 1791 regionum
2257 1719 2294 1775 Β
2326 1718 2682 1773 Ravennati...
2714 1720 2920 1775 Exacto
2962 1737 3081 1778 vero
3121 1738 3259 1778 anno
3288 1738 3353 1777 ea:
3381 1722 3632 1777 Ravenna
3678 1722 3890 1778 Crudum

643 1814 945 1883 episcopos,
974 1828 1040 1869 eo
1067 1813 1285 1868 insania:
1314 1820 1619 1883 provectos,
1650 1818 1709 1869 ut
1736 1827 1948 1867 summo
1977 1809 2219 1881 pontifici

642 1911 750 1957 tam
780 1903 1036 1972 praeclara
1066 1902 1383 1957 humilita'is
1424 1909 1482 1959 et
1518 1901 1792 1958 charitatis
1820 1901 2065 1972 exempla
2086 1916 2223 1972 prm-

645 1994 816 2057 beuti,
853 1994 1139 2049 deliberata
1159 1995 1349 2067 judicii
1372 1996 1629 2051 sententia
1652 1996 1986 2063 imperarent,
2014 1994 2222 2049 atrium

640 2084 997 2154 capitulorum
1018 2085 1362 2140 damnatione
1379 2086 1603 2140 resilire.
1630 2084 1705 2139 De
1727 2084 1827 2139 hac
1858 2084 2223 2154 perduellione

638 2174 807 2242 gemit
834 2172 1112 2243 Pelagius,
1151 2174 1405 2244 doletque
1430 2189 1560 2229 oves
1587 2181 1739 2228 extra
1787 2173 2002 2237 caulas,
2050 2173 2222 2231 leonis

638 2263 901 2332 rugientis
941 2264 1208 2319 morsibus
1231 2276 1435 2333 patere,
1467 2263 1716 2334 palmites
1754 2279 1785 2317 a
1812 2265 1921 2319 vite
1962 2264 2221 2320 reseissos

637 2353 895 2413 exsiccari
937 2362 993 2409 et
1018 2354 1084 2410 ad
1113 2354 1545 2410 combustionem
1592 2355 1910 2425 praeparari,
1940 2354 2219 2425 operarios

636 2452 791 2500 extra
810 2444 1020 2499 vineam
1052 2445 1361 2500 laborantes
1390 2453 1445 2500 ct
1470 2445 1796 2499 desudantes
1836 2445 2085 2500 mercede
2125 2459 2219 2500 ca-

637 2548 794 2601 rere;
817 2549 959 2589 novo
980 2534 1181 2591 (ιιιυνὶο
1203 2534 1458 2589 mundum
1479 2534 1761 2599 obruente,
1786 2549 2016 2589 vesanus
2037 2534 2216 2590 homi-

638 2640 734 2682 nes
759 2641 940 2681 arcam
969 2626 1174 2695 fugere.
1204 2624 1275 2681 Ut
1302 2634 1482 2681 autem
1502 2623 1797 2682 satisfaciat
1824 2626 2073 2680 omnibus
2098 2640 2218 2697 qua:

634 2716 987 2775 obtruderant
1014 2717 1341 2778 schismatici
1366 2759 1381 2785 ,
1412 2717 1643 2788 primum
1670 2717 1980 2786 singillatim
2012 2732 2217 2788 expen-

632 2805 711 2860 dit
738 2820 802 2860 ea
834 2806 1027 2877 quibus
1056 2806 1419 2863 abutebantur
1463 2803 1521 2861 8.
1554 2804 1752 2862 Leonis
1780 2821 1929 2877 papae
1959 2821 2056 2878 pro
2093 2822 2220 2863 con-

634 2896 757 2957 cilio
785 2896 1215 2953 Chalcedonensi
1244 2896 1574 2964 testimonia,
1623 2911 1745 2969 qua:
1786 2898 1888 2952 soli
1934 2897 2057 2954 tidei
2084 2896 2217 2953 deli-

632 2988 824 3048 nitioni
873 2987 1056 3045 favere
1106 2987 1473 3055 ostendit;at
1515 2988 1584 3043 de
1629 3002 1694 3043 ea
1742 3003 1849 3042 non
1895 2990 1980 3058 agi
2025 2989 2120 3045 sed
2146 2989 2215 3044 de

630 3078 899 3149 personis,
929 3089 989 3135 ut
1032 3079 1195 3135 etiam
1225 3079 1280 3133 in
1326 3078 1592 3149 superiori
1640 3078 1867 3149 epistola
1914 3078 2211 3136 luculenter
2238 3077 2287 3142 C

632 3171 916 3235 probatum
944 3177 1049 3236 est,
1075 3170 1375 3225 contendit.
1404 3169 1607 3224 Deinde
1636 3170 1835 3224 nodum
1864 3169 2025 3225 solvit
2051 3184 2214 3240 quem

633 3275 699 3316 ex
726 3259 904 3328 Vigilii
932 3274 1084 3329 papa:
1128 3259 1465 3328 aliorumque
1494 3258 1807 3315 Latinorum
1838 3261 2214 3332 episcoporum

632 3350 952 3407 reluctantia
981 3348 1418 3419 adstringebant;
1465 3349 1557 3419 qui
1587 3350 1791 3407 scilicet
1818 3353 1965 3421 prius
1992 3353 2216 3409 damna-

633 3440 768 3497 tioni
819 3440 981 3495 trium
1011 3440 1371 3511 capitulorum
1417 3441 1577 3513 215
1618 3442 1927 3498 consentire
1955 3455 2216 3499 constan-

641 3531 851 3592 tissime
903 3540 1237 3589 recusarant.
1298 3532 1388 3588 Ait
1436 3534 1684 3590 nimirum
1751 3533 1971 3591 Latinos
2026 3537 2216 3607 linguae

634 3623 833 3679 Graece
860 3623 1041 3679 minus
1070 3623 1299 3693 peritos,
1348 3637 1562 3680 errores
1590 3625 1641 3679 in
1674 3622 2013 3692 Theodoriti,
2047 3626 2216 3681 Theo-
2263 3674 2283 3693 ,

631 3716 746 3772 dori
769 3724 825 3771 et
846 3714 952 3770 Iba:
976 3714 1192 3784 scriptis
1217 3714 1446 3769 latentes
1486 3715 1669 3770 statim
1698 3731 1805 3770 non
1843 3717 2083 3786 potu‘sse
2114 3716 2213 3771 de-

631 3815 848 3876 tegere;
896 3804 1090 3876 quibus
1120 3802 1333 3858 tandem
1374 3804 1603 3873 cognitis
1651 3819 1836 3861 eomnt
1882 3805 2215 3860 condemna-

630 3895 764 3952 tioni
790 3895 930 3951 ultro
951 3894 1416 3963 subscripserunt;
1438 3902 1492 3947 et
1512 3895 1663 3965 prius
1685 3904 1803 3949 acta
1827 3902 2209 3951 retractarunt.

628 3986 893 4041 Cmterum
922 3986 1115 4040 tnirum
1143 3999 1251 4039 non
1274 3999 1394 4039 esse
1423 3983 1569 4039 Petri
1587 4001 1977 4054 successorem,
2008 3986 2061 4040 in
2082 4002 2209 4040 sen-

629 4078 797 4131 tentia
818 4075 1078 4146 variasse,
1107 4091 1228 4130 cum
1259 4076 1375 4146 ipse
1403 4074 1596 4131 Petrus
1621 4078 1712 4146 qui
1741 4078 1884 4146 prius
1930 4080 2118 4132 restitit
2147 4096 2212 4133 ne

630 4167 696 4220 ad
716 4167 875 4237 ﬁdem
904 4177 1078 4238 gentes
1117 4176 1299 4224 sancta
1324 4165 1559 4222 Ecclesia
1581 4169 1691 4222 sine
1716 4168 2107 4223 circumcisione
2127 4186 2211 4224 re-

631 4258 841 4326 ciperet,
871 4264 1059 4325 postea
1090 4254 1256 4311 Paulo
1285 4258 1702 4327 reprehendenti
1731 4260 1916 4327 cessit,
1963 4268 2020 4315 et
2046 4262 2214 4316 obsti-

628 4346 782 4411 titne
802 4344 990 4414 jugum
1039 4343 1288 4400 Mosaicae
1316 4345 1448 4414 legis
1492 4348 1777 4416 gentilibus
1823 4351 2207 4419 imponeretur.

628 4435 870 4506 Denique
913 4433 1161 4511 Pelagius
1211 4438 1378 4497 multa
1426 4453 1492 4492 ex
1540 4437 1810 4494 Theodori
1848 4440 2211 4511 Mopsuesteni

626 4526 840 4598 scriptis
882 4525 1088 4595 profert
1118 4526 1171 4581 in
1194 4525 1467 4582 Christum
1493 4528 1829 4597 impiissima,
1870 4532 2039 4587 multa
2067 4546 2207 4601 quo-

626 4633 733 4689 que
760 4633 827 4674 ex
858 4617 961 4673 [hae
982 4618 1208 4694 epistola
1227 4659 1243 4686 ,
1288 4620 1480 4687 quibus
1507 4619 1685 4691 palam
1726 4621 1783 4676 ﬁt
1810 4632 2010 4694 quanta
2039 4625 2209 4695 perti-

626 4710 783 4765 nacia
833 4708 1083 4765 Nestorio
1120 4710 1436 4776 adhaeserit,
1488 4712 1617 4767 etin
1667 4712 1725 4768 8.
1754 4712 2011 4785 Cyrillum
2059 4714 2209 4786 impii

626 4800 864 4861 Nestorii
917 4800 1283 4857 adversarium
1331 4803 1622 4871 exarserit;
1678 4805 1821 4861 unde
1868 4805 2208 4863 manifestum

625 4902 711 4950 est
737 4908 926 4952 eorum
955 4893 1157 4971 scripta
1181 4892 1267 4948 vel
1296 4893 1549 4949 bzerelica
1568 4937 1584 4964 ,
1618 4897 1702 4951 vel
1724 4898 1914 4953 hazresi
1942 4897 2204 4968 faventia,

626 5001 733 5041 non
757 4984 1026 5040 immerito
1054 4983 1217 5039 fuisse
1244 4984 1516 5040 damnata.
1545 4986 1625 5040 Ad
1652 4987 2037 5049 Theodoritum
2063 4992 2209 5060 quod

623 5087 851 5149 spectat,
891 5078 1005 5134 [nec
1033 5077 1110 5133 ait
1138 5076 1383 5147 Pelagius
1414 5097 1426 5133 :
1457 5077 1639 5151 Neque
1684 5079 1984 5137 Tlteodoriti
2032 5085 2209 5145 omnia

600 5170 817 5238 scripta
860 5169 1190 5235 damnamus,
1241 5168 1333 5222 sed
1380 5168 1493 5223 sola
1548 5184 1663 5241 qua:
1711 5178 1892 5225 contra
1938 5172 2209 5227 duodecim

627 5262 807 5334 Cyrilli
818 5263 1066 5333 capitula,
1096 5263 1207 5317 sola
1224 5278 1338 5333 quae
1352 5271 1531 5316 contra
1553 5270 1742 5317 rectam
1760 5264 1916 5333 ﬁdem
1930 5264 2211 5335 aliquando

624 5355 891 5423 scripsisse
945 5361 1287 5417 monstratur,
1335 5368 1450 5423 qua:
1495 5360 1664 5407 tamen
1694 5351 1742 5407 et
1787 5355 1896 5423 ipse
1929 5355 2210 5408 damnasse

624 5444 970 5513 cognoscitur.

2245 4495 2285 4551 ι)

2326 1811 2512 1864 reversi
2540 1819 2680 1874 sunt,
2710 1810 2893 1882 quibus
2922 1827 3013 1865 nec
3031 1812 3172 1881 plebs
3194 1814 3577 1881 communicare
3602 1815 3787 1879 voluit,
3810 1832 3891 1869 nec

2323 1907 2494 1961 ceteri
2514 1908 2740 1976 episcOpi
2761 1922 2847 1961 eos
2867 1915 3222 1976 susceperunt.
3240 1905 3499 1963 Severum
3519 1910 3888 1978 incorporatum

2324 1996 2484 2067 fuisse
2528 1995 2584 2049 in
2630 1996 2880 2049 unitatem
2925 1995 3175 2051 Ecclesia:
3222 2012 3383 2067 quam
3430 2007 3616 2067 postea
3668 1999 3889 2054 deseruit

2322 2091 2551 2138 testatur
2594 2083 2652 2139 S.
2703 2080 2993 2152 Gregorius
3039 2084 3127 2139 lib.
3161 2100 3199 2150 I,
3240 2100 3326 2155 ep.
3378 2084 3478 2151 i6,
3532 2086 3602 2141 ad
3653 2088 3888 2142 eumdem

2321 2174 2540 2244 scripta.

2395 2267 2445 2321 7.
2487 2266 2566 2323 Eo
2586 2275 2829 2339 tempore
2857 2284 2979 2324 cum
3006 2270 3166 2341 paulo
3192 2270 3432 2327 liberiori
3473 2272 3587 2328 otio
3617 2272 3887 2339 frueretur,

2320 2374 2472 2419 suam
2500 2361 2554 2415 iu
2585 2359 2687 2416 Job
2715 2362 3111 2431 expositionem
3132 2363 3201 2418 ad
3220 2363 3401 2418 limam
3427 2366 3722 2431 revocavit,
3744 2369 3889 2419 multa

2321 2468 2536 2522 augens,
2582 2468 2750 2523 pauca
2794 2452 3131 2521 subtrahens,
3163 2462 3221 2509 ut
3248 2454 3363 2525 ipse
3390 2456 3467 2510 ait
3492 2456 3545 2510 in
3592 2457 3790 2526 praevia
3833 2458 3891 2512 ad

2322 2540 2443 2596 illos
2489 2540 2655 2595 libros
2709 2542 2967 2611 epistola,
3018 2543 3108 2597 ubi
3132 2542 3250 2610 lege
3280 2552 3497 2613 uetera,
3527 2560 3647 2615 qua:
3704 2546 3757 2599 in
3802 2545 3892 2601 hac

2321 2631 2487 2686 veluti
2533 2632 2766 2686 secunda
2826 2632 3108 2689 Moralium
3165 2635 3405 2691 editione
3463 2637 3734 2705 praestitit.
3794 2635 3892 2691 Sed

2319 2722 2548 2777 amicam
2597 2721 2739 2776 illam
2786 2723 3021 2792 quietem
3078 2724 3327 2781 turbavit
3370 2726 3539 2795 pestis
3590 2726 3893 2794 gravissima

2318 2826 2436 2881 qua:
2486 2810 2715 2866 Romam
2764 2812 3079 2883 Italiamque
3120 2814 3458 2882 devastavit,
3512 2824 3569 2870 et
3625 2814 3892 2885 Pelagium

2317 2920 2584 2961 summum
2612 2904 2923 2976 pontiﬁcem
2951 2906 3251 2974 interemit;
3283 2906 3435 2977 cujus
3460 2907 3582 2963 loco
3609 2906 3892 2976 Gregorius

2318 2995 2525 3053 electus
2548 3005 2649 3053 est.
2678 2997 2755 3053 De
2778 2997 2863 3053 his
2889 3013 3031 3054 nunc
3055 2998 3325 3055 morosius
3352 3007 3436 3055 est
3462 2999 3759 3068 agendum.

2918 3108 3147 3166 CAPUT
3178 3108 3285 3164 VII.

2317 3204 2672 3255 ARGUIEN‘ITM.
2698 3229 2759 3240 —-
2783 3204 2828 3255 1.
2869 3203 3066 3253 Tiberis
3111 3203 3394 3253 exundatio.
3428 3229 3490 3240 —
3526 3206 3574 3254 2.
3621 3202 3745 3252 Mala
3786 3204 3889 3251 inde

2377 3266 2657 3315 subsecuta.
2685 3266 2736 3313 ln
2761 3267 2837 3314 his
2862 3269 3031 3327 pestis.
3060 3265 3261 3325 Pelagio
3284 3274 3426 3326 peste
3464 3265 3679 3326 sublato,
3704 3266 3888 3325 Grego-

2380 3329 2483 3375 rius
2505 3329 2554 3375 in
2577 3329 2685 3387 ejus
2709 3329 2864 3375 locum
2890 3327 3108 3387 eligitur.
3138 3327 3325 3376 Petitur
3352 3330 3662 3388 imperatoris
3684 3340 3887 3376 consen-

2378 3402 2481 3439 sus.
2506 3416 2568 3426 —
2586 3392 2634 3438 3.
2661 3388 2784 3438 Jure
2809 3401 2868 3437 an
2888 3390 3078 3450 injuria.
3096 3389 3221 3437 -4.
3248 3388 3371 3436 Num
3395 3389 3454 3437 ad
3492 3401 3785 3436 consensum
3808 3390 3889 3435 im-

2391 3450 2835 3513 )etrattdumsoluta
2855 3449 3079 3513 pecunia.
3105 3478 3162 3486 —
3187 3450 3231 3498 5.
3260 3450 3433 3513 Acrius
3472 3449 3683 3499 dessevit
3725 3451 3885 3513 pestis.

2424 3514 2647 3575 regnrius
2671 3510 2923 3575 Romanos
2952 3512 3010 3559 ad
3034 3513 3371 3575 ipmnitentiam
3396 3512 3631 3560 hortatur.
3657 3538 3722 3575 -τ-
3741 3515 3789 3563 6.
3815 3510 3888 3558 ln-

2379 3573 2501 3622 tlicii
2537 3575 2751 3634 publicas
2790 3573 3183 3634 supplicationes.
3211 3598 3270 3634 :—
3293 3573 3339 3621 7.
3379 3575 3480 3631 Qua
3503 3574 3815 3634 auctoritate.
3842 3597 3890 3606 -—

2376 3638 2425 3685 8.
2456 3632 2601 3695 Fugit
2634 3642 2683 3684 et
2703 3632 2923 3696 latebras
2964 3637 3159 3696 qtuerit.
3208 3632 3392 3684 Iudicio
3427 3634 3663 3683 columna:
3705 3633 3889 3695 fulgidae

2376 3699 2667 3759 agnoscitur.
2691 3695 2805 3757 (An.
2832 3698 2923 3747 589
2944 3695 2993 3744 et
3015 3696 3148 3758 59).)

2388 3800 2440 3854 1.
2482 3799 2637 3855 Δηηο
2658 3799 2993 3868 octogesimo
3023 3815 3167 3855 nouo
3194 3814 3356 3870 supra
3382 3799 3887 3868 quingentesimum,

2315 3909 2500 3948 mense
2529 3908 2675 3947 nono
2702 3908 2798 3947 seu
2825 3892 3141 3947 Novembris
3162 3902 3305 3946 tanta
3329 3892 3672 3945 inundatione
3700 3891 3887 3944 Tiberis

2314 3984 2498 4054 ﬂuvius
2518 3982 2692 4037 urbem
2717 3982 2935 4037 Romam
2973 3983 3187 4045 obtsmit,
3215 3990 3270 4036 ut
3298 3982 3432 4037 ardes
3458 3984 3688 4057 antiqua:
3726 3981 3888 4034 dirue-

2313 4084 2520 4137 rentur;
2545 4074 2731 4128 horrea
2759 4074 2915 4127 etiam
2938 4072 3186 4127 Ecclesia’
3203 4072 3444 4126 subversa
3468 4073 3592 4139 sint,
3622 4072 3679 4124 in
3717 4069 3887 4140 quibus

2314 4166 2563 4221 nonnulla
2593 4166 2760 4219 millia
2789 4164 3080 4219 modiorum
3127 4166 3286 4218 tritici
3315 4165 3541 4233 periere,
3571 4163 3747 4231 inquit
3784 4162 3885 4231 pri-

2312 4272 2432 4310 mus
2456 4272 2634 4311 rerum
2664 4254 3037 4308 FranciCarum
3066 4254 3297 4323 scriptor
3345 4252 3536 4325 (Greg.
3572 4252 3765 4307 Turon.
3797 4251 3881 4304 lib.

2312 4364 2369 4413 κ,
2399 4365 2446 4401 c.
2483 4347 2571 4415 1);
2605 4348 2964 4414 observatque
2990 4345 3042 4399 id
3071 4346 3360 4413 contigisse
3383 4359 3529 4399 anno
3557 4360 3648 4398 x1v
3676 4341 3881 4398 Childe-

2312 4439 2453 4494 berti
2480 4438 2654 4507 regis;
2685 4437 2831 4506 quod
2862 4438 2929 4491 de
2974 4452 3115 4491 anno
3152 4438 3256 4493 hoc
3302 4452 3410 4491 non
3463 4436 3754 4499 inchoato,
3796 4432 3883 4487 sed

2313 4530 2585 4598 completo
2631 4527 3036 4597 intelligendum
3080 4536 3181 4581 est.
3231 4527 3363 4581 Nam
3411 4526 3605 4581 eodem
3632 4525 3882 4592 Gregorio

2315 4620 2572 4676 historico
2605 4626 2770 4684 teste,
2820 4617 2998 4671 medio
3027 4631 3213 4671 mense
3248 4625 3275 4652 ⁸
3296 4616 3568 4669 undecimo
3611 4614 3881 4682 sequenti,

2316 4714 2419 4770 hoc
2446 4720 2529 4768 est
2550 4712 2828 4782 januario,
2860 4710 3104 4779 Pelagius
3132 4724 3269 4781 papa
3300 4717 3448 4777 peste
3476 4723 3764 4778 percussus
3787 4715 3881 4761 est.

2317 4808 2385 4863 Et
2413 4807 2534 4879 quia
2557 4804 2791 4859 Ecclesia
2814 4803 2912 4859 Dei
2934 4804 3122 4874 absque
3166 4812 3361 4858 rectore
3386 4820 3496 4856 esse
3523 4819 3629 4856 non
3660 4808 3881 4872 poterat,

2318 4900 2623 4971 Gregorium
2669 4897 2944 4951 diaconum
2980 4896 3119 4967 plebs
3152 4896 3319 4950 omnis
3354 4896 3527 4963 eleqit.
3573 4892 3882 4961 Gregorium

2317 4990 2619 5044 ordinatum
2643 5002 2763 5048 esse
2791 5002 2976 5041 mense
2997 4985 3299 5056 Septembri
3328 4986 3455 5039 anni
3477 4982 3579 5037 590
3606 4998 3764 5039 nemo
3792 4980 3882 5036 dif-

2318 5082 2519 5136 litetur.
2549 5082 2619 5135 At
2644 5079 2689 5135 si
2717 5079 2929 5135 decimo
2950 5087 3142 5149 quarto
3168 5093 3309 5132 anno
3332 5076 3663 5132 Childeberti
3685 5084 3882 5129 tantum

2318 5173 2591 5236 inchoato,
2642 5169 2888 5239 Pelagius
2915 5178 3067 5238 peste
3107 5177 3386 5238 correptus
3429 5169 3739 5233 interiisset,
3789 5168 3884 5220 hoc

2315 5270 2399 5317 est
2428 5277 2570 5317 anno
2602 5259 2727 5329 588,
2756 5274 2851 5330 per
2878 5259 3065 5328 viginti
3092 5273 3307 5314 menses
3330 5268 3580 5314 vacasset
3600 5257 3759 5313 sedes
3786 5255 3883 5309 Ro-

2316 5368 2496 5419 manu,
2529 5352 2738 5407 scilicet
2762 5366 2792 5405 a
2812 5349 3069 5406 Januario
3110 5350 3235 5404 anni
3256 5348 3362 5404 588
3388 5365 3559 5421 usque
3582 5348 3650 5404 ad
3676 5347 3883 5403 ordina-

2315 5443 2520 5497 tionem
2544 5440 2602 5497 8.
2634 5439 2880 5509 Gregorii
2903 5455 3087 5494 mense
3126 5439 3433 5510 Septembri
3462 5455 3551 5493 an.
3585 5436 3720 5503 590;
3751 5442 3882 5491 tam-

701 5607 725 5632 ⁸
750 5596 883 5651 Cum
928 5599 1015 5654 bie
1062 5599 1194 5666 legis
1240 5598 1551 5654 Januarium
1593 5614 1712 5655 esse
1742 5600 1864 5654 anui
1916 5597 2254 5653 undecimum
2302 5612 2569 5663 mensem,
2602 5595 2838 5665 intelligo
2865 5592 3181 5660 Gregorium
3212 5587 3415 5646 Turon.
3446 5603 3645 5644 annum
3676 5599 3783 5642 non
3814 5582 3889 5643 itt-

626 5665 847 5738 oltoasse
870 5683 897 5721 a
928 5668 1200 5733 Januario,
1223 5669 1312 5724 sed
1342 5685 1371 5722 a
1394 5668 1601 5723 Martio.
