3992 6304
148 199 247 253 S77

636 195 696 250 S.
739 194 1069 256 GREGORII
1108 200 1325 257 ΜΔΕ-Νι
1366 201 1546 272 νισι-Α,
1590 205 1680 263 EX
1718 206 1876 268 EJUS
1915 210 2222 274 SCRIPTIS
2259 218 2658 279 ADORNATA.
2700 226 2826 284 LIB.
2871 230 2911 286 Ι.

3310 239 3419 295 278

146 313 233 367 diu
264 318 449 424 autem
468 311 715 424 Romam,
748 313 1042 424 imoltotam.
1066 312 1490 424 Ecclesiamnsine
1511 328 1728 424 pastore
1754 328 1802 385 A
1829 327 2009 396 cham,
2059 340 2119 386 ut
2145 333 2480 406 imperatori,
2529 344 2672 413 apud
2703 361 2864 415 quem
2907 349 3077 418 gratia
3125 353 3413 424 plurimum

146 415 274 461 tunc
314 403 478 460 fuisse
518 405 693 461 nullus
744 420 813 460 ex
854 405 1092 461 historiae
1121 408 1472 478 scriptoribus
1522 410 1719 470 litteris

142 499 500 567 consignavit.
543 498 729 567 Itaque
757 497 1035 553 inundatio
1062 500 1132 554 de
1160 515 1264 569 qua
1291 501 1583 572 Gregorius
1612 504 1723 559 Tu-

142 588 392 642 ronensis
411 582 604 643 accidit
628 601 812 642 mense
834 585 1123 644 Novembri
1152 604 1242 644 an.
1297 589 1401 646 589
1421 630 1438 657 ,
1468 591 1726 650 Januario

140 679 388 747 sequenti
419 677 721 748 pestilentia
757 675 1030 745 Pelagium
1059 693 1255 748 papam
1284 680 1527 736 abstulit.
1560 681 1727 738 Paulo

140 780 264 839 post
289 771 491 826 electus
517 778 601 825 est
644 768 939 838 Gregorius
986 771 1040 824 in
1082 786 1351 827 summum
1389 774 1721 843 pontiﬁcem.

136 860 335 916 Verum
348 878 465 917 cum
480 862 864 931 reluctaretur,
883 865 1390 934 exspectandusque
1410 866 1548 921 foret
1561 867 1725 935 impc-

132 951 331 1006 ratoris
351 964 664 1021 consensus,
688 950 806 1021 ejus
833 950 1101 1006 ordinatio
1130 952 1285 1007 citius
1305 969 1463 1021 quam
1488 954 1716 1009 ineunte

132 1055 323 1095 mense
363 1040 663 1111 Septembri
706 1040 955 1111 proximo
1000 1056 1108 1096 non
1136 1042 1313 1112 potuit
1351 1042 1579 1112 impleri.
1628 1044 1722 1099 llis

129 1130 297 1185 certis
320 1130 561 1185 terminis
587 1129 885 1186 deiicienda
912 1129 1013 1185 fuit
1042 1140 1097 1186 et
1124 1132 1442 1186 stabilienda
1482 1132 1717 1188 chrono-

128 1220 293 1289 logia,
311 1229 599 1290 antequam
621 1230 817 1277 caztera
832 1237 950 1291 quae
965 1222 1048 1277 vel
1065 1232 1457 1292 praecesserunt
1471 1222 1717 1292 Gregorii

124 1313 469 1379 electionem,
498 1314 585 1368 vel
614 1315 902 1369 subsecuta
924 1321 1068 1378 sunt,
1101 1330 1571 1391 prosequeremur.

192 1401 572 1458 lnundationis
594 1403 804 1459 Tiberis
822 1404 1068 1458 meminit
1098 1404 1213 1473 ipse
1234 1388 1525 1472 Gregorius
1544 1388 1637 1458 lib.
1662 1420 1716 1459 nt

127 1492 337 1562 Dialog.
367 1510 492 1564 cap.
525 1493 594 1547 19
624 1495 708 1551 his
732 1495 910 1550 verbis
943 1510 956 1547 :
988 1494 1122 1550 Ante
1150 1494 1246 1548 hoc
1282 1496 1389 1564 fere
1430 1495 1716 1564 quinquen-

122 1584 293 1649 nium,
344 1584 551 1654 quando
601 1585 741 1655 apud
785 1585 917 1637 hanc
958 1584 1254 1637 Romanam
1299 1582 1475 1637 urbem
1516 1585 1716 1639 alveum

1830 420 2091 488 pollebat,
2122 427 2485 484 rescindenda:
2514 432 2671 501 hujus
2715 437 2997 494 electionis
3022 420 3211 497 suasor
3230 457 3284 500 et
3313 461 3410 499 au-

1830 516 1949 564 ctor
1972 522 2135 606 esset,
2186 516 2474 586 conjicitur
2526 538 2591 578 ex
2639 526 2864 596 cpistola
2916 530 2950 584 4
2977 531 3099 588 libri
3134 550 3172 600 ι,
3230 537 3412 606 inquo

1830 612 1951 654 cum
1980 602 2097 671 ipso
2126 609 2455 678 expostulat,
2504 613 2648 681 quod
2700 631 2768 671 ne
2796 617 2863 672 ad
2890 619 3257 691 episcopatum
3286 602 3412 680 eie-

1827 691 2051 746 heretur
2077 695 2297 752 minime
2324 698 2615 759 obstiterit.
2665 702 2771 761 Sed
2800 708 3080 777 praefectus
3108 714 3254 770 urbis
3298 715 3409 772 Rc-

1827 794 1950 844 mze,
1984 790 2008 817 δ
2039 797 2328 851 germanus
2355 788 2491 856 ejus,
2523 804 2900 867 prtnoccupato
2923 801 3128 868 nuntio,
3170 804 3317 858 misit
3339 807 3406 861 ad

1826 872 2205 939 imperatorem
2229 878 2470 935 solemne
2490 882 2773 943 electionis
2798 888 3093 946 decretum.
3124 892 3407 951 Mauricius

1824 955 1936 1057 lleo
1956 962 2159 1057 gratias
2186 980 2373 1057 agens,
2430 974 2575 1039 quod
2604 974 2865 1034 diaconus
2890 979 2991 1035 sibi
3019 983 3251 1038 amicitia
3279 1001 3406 1041 con-

1816 1049 2207 1119 junctissimus,
2232 1055 2299 1108 ad
2339 1060 2475 1113 tanti
2499 1061 2721 1119 honoris
2763 1067 2973 1123 culmen
3001 1072 3183 1141 populi
3211 1074 3406 1130 suifra-

1820 1141 1921 1210 giis
1959 1141 2149 1201 fuisset
2179 1158 2425 1216 vocatus,
2475 1153 2602 1209 dato
2651 1171 2717 1211 ex
2750 1174 2900 1214 more
2943 1174 3213 1235 praecepto
3248 1168 3407 1237 jussit

1819 1247 1940 1287 eum
1969 1235 2176 1293 institui
2203 1246 2259 1296 et
2279 1241 2539 1297 ordinari.
2593 1246 2718 1303 [hcc
2747 1263 2815 1303 ex
2854 1248 3116 1321 Gregorio
3144 1235 3404 1315 historico

1816 1337 2094 1399 excerpta,
2123 1347 2244 1401 quas
2273 1336 2387 1403 ipse
2412 1336 2480 1391 ab
2508 1340 2723 1396 oculato
2746 1351 2925 1409 teste,.
2951 1345 3277 1407 Turonensis
3302 1354 3403 1409 Ec-

1818 1418 1996 1474 clesia:
2017 1422 2245 1479 diacono
2268 1427 2489 1498 (quippe
2516 1431 2607 1500 qui
2638 1440 2763 1489 tunc
2793 1434 2977 1491 Roma:
3007 1442 3236 1511 ageret),
3266 1444 3403 1499 didi-

1816 1521 1985 1605 cerat.
2029 1513 2175 1605 Inter
2203 1521 2493 1588 optimates
2521 1525 2612 1593 qui
2663 1526 2732 1581 ad
2787 1528 3105 1587 electionem
3155 1533 3401 1605 Gregorii

1817 1602 2250 1698 suissuﬂ‘ragiis
2313 1619 2369 1667 et
2418 1612 2646 1672 fortasse
2687 1620 2926 1676 consiliis
2974 1602 3399 1698 auctoritateque

122 1691 267 1727 suum
299 1673 870 1778 Tiberis'egressus‘est,
894 1682 1091 1727 tantum
1114 1691 1350 1778 crescens
1374 1685 1430 1729 ut
1450 1676 1561 1746 ejus
1578 1678 1719 1732 unda
1754 1686 1793 1744 Β
1823 1692 2110 1761 plurimum
2135 1673 2499 1769 έοηωιεωηί,
2555 1708 2878 1778 pmcipllam
2920 1711 3131 1769 laudem
3182 1673 3399 1774 mem;

121 1780 275 1831 super
299 1779 474 1818 muros
500 1763 658 1817 Urbis
688 1764 954 1833 influeret,
986 1771 1137 1835 atque
1175 1766 1299 1820 inde
1313 1767 1428 1837 jam
1454 1769 1712 1823 maximas

122 1856 361 1923 regiones
408 1862 701 1923 occuparet,
736 1852 877 1921 apud
911 1851 1261 1908 Veronensem
1308 1856 1485 1910 urbem
1528 1858 1712 1927 [iuvius

125 1945 330 1999 Athesis
361 1959 690 2010 excrescens,
725 1943 794 1997 ad
839 1942 974 1998 beati
1015 1943 1246 2000 Zenonis
1284 1949 1532 2018 martyris
1562 1956 1714 2018 atque

124 2036 390 2104 pontiﬁcis
426 2034 693 2090 ecclesiam
721 2034 877 2089 venit.
922 2033 1048 2090 Iltcc
1092 2036 1262 2104 magis
1291 2050 1355 2091 ac
1385 2038 1553 2105 magis
1583 2053 1707 2092 con.

122 2126 341 2181 ﬁrmant
366 2126 652 2181 stabilitam
683 2141 712 2179 a
738 2126 897 2183 nobis
947 2126 1374 2196 cbronologiam.
1417 2128 1711 2197 Gregorius

119 2218 262 2271 enim
282 2217 497 2287 scripsit
529 2216 781 2286 Dialogos
809 2232 897 2271 an.
932 2214 1068 2286 595,
1094 2218 1184 2289 qui
1207 2228 1324 2273 erat
1352 2221 1460 2290 fere
1480 2222 1705 2291 quintus,

120 2309 220 2364 hoc
265 2318 349 2364 est
387 2310 604 2378 quintus
645 2310 932 2365 inchoatus
961 2311 1028 2365 ab
1057 2326 1199 2365 anno
1225 2311 1348 2366 589.
1383 2312 1592 2368 Tiberis
1620 2314 1706 2369 in-

119 2400 267 2455 ﬂatio
304 2400 416 2470 jam
443 2410 599 2455 antea
642 2401 828 2456 Romae
862 2416 971 2457 non
1001 2402 1169 2457 semel
1220 2403 1455 2460 exitialis
1496 2404 1702 2474 fuerat,

120 2494 427 2563 videratquc
452 2494 562 2548 suis
584 2493 913 2563 temporibus
934 2493 1192 2550 lloratius
1216 2512 1231 2549 :

483 2604 701 2654 Tiberim
723 2606 920 2655 retortis

302 2665 494 2716 Littore
520 2666 721 2715 Etrusco
741 2667 988 2715 violenter
1010 2668 1153 2716 undis

300 2726 381 2777 Ire
403 2728 651 2791 dejectum
676 2736 992 2791 monumenta
1018 2727 1187 2791 Regis,

481 2787 783 2850 Templaque
810 2790 992 2839 \‘estaa.
1020 2787 1145 2852 (Lib.
1167 2787 1201 2850 ἰ,
1226 2792 1309 2842 od.
1329 2792 1403 2855 2.)

178 2889 325 2945 Inter
352 2890 617 2945 maximas
644 2898 825 2947 autem
857 2890 1014 2948 Urbis
1042 2900 1099 2947 et
1131 2893 1278 2948 orbis
1316 2892 1498 2951 clades
1538 2895 1703 2965 hujus

123 2980 345 3037 ﬂuminis
390 2982 683 3037 exundatio
746 2984 1086 3039 censebatur.
1132 2982 1287 3039 Unde
1337 2984 1702 3042 Tertullianus

1815 1791 1941 1838 runt
1992 1783 2251 1855 Joannes,
2305 1795 2561 1850 exconsul
2609 1804 2666 1852 et
2709 1808 2977 1868 qumstor,
3021 1803 3103 1858 vir
3155 1804 3398 1862 Patriciae

1817 1875 2131 1965 nobilitatis,
2176 1897 2391 1939 necnon
2438 1882 2731 1958 Philippus,
2781 1893 3151 1950 excubitorum
3191 1913 3394 1965 comes,

1813 1963 1881 2020 de
1909 1969 2104 2037 quibus
2159 1987 2280 2028 eam
2326 1975 2397 2030 ob
2452 1992 2568 2032 rem
2609 1980 2853 2044 queritur
2880 1984 3120 2053 epistolis
3141 1988 3199 2042 ει
3236 1997 3292 2047 et
3329 1963 3397 2045 52

1882 2146 2201 2218 Gregorium
2249 2153 2589 2214 Solutnmodo
2634 2160 2918 2217 diaconum
2950 2165 3113 2223 fuisse
3160 2185 3279 2225 cum
3328 2172 3395 2225 ad

1810 2239 2182 2308 pontiﬁcatum
2212 2256 2432 2303 evectus
2460 2254 2575 2316 est,
2633 2264 2701 2305 ex
2729 2251 2835 2307 hoc
2884 2255 3104 2312 alterius
3151 2260 3391 2329 Gregorii

1811 2330 2115 2389 testimonio
2142 2333 2330 2405 liquet.
2359 2336 2542 2408 Neque
2564 2354 2694 2396 vero
2722 2340 2949 2413 legimus
2974 2360 3098 2401 eum
3120 2346 3148 2387 δ
3170 2351 3392 2421 presby-

1808 2431 1983 2479 teratu
2011 2426 2293 2497 donatum,
2341 2437 2629 2500 antequam
2681 2434 2735 2488 in
2757 2436 3065 2504 pontiﬁcem
3104 2452 3393 2510 angeretur

1807 2522 1864 2573 et
1882 2528 2320 2581 consecraretur:
2373 2523 2516 2593 quod
2570 2524 2849 2583 bodiernis
2892 2529 3106 2597 quidem
3153 2534 3393 2590 moribus

1808 2606 2079 2663 adversari
2109 2608 2253 2665 haud
2278 2611 2600 2681 difﬁtemur;
2641 2615 2735 2671 sed
2765 2632 2873 2673 non
2897 2618 2970 2673 ita
2994 2616 3226 2677 fortasse
3254 2625 3390 2679 anti-

1806 2698 1949 2768 quis.

1877 2793 1931 2847 3.
1970 2793 2359 2851 Nonnullorum
2380 2812 2596 2868 quoque
2646 2808 2882 2857 mentem
2904 2803 3048 2859 baud
3081 2804 3243 2861 dubie
3270 2807 3389 2875 pul-

1806 2883 1963 2951 sabit,
1994 2886 2137 2954 quod
2158 2895 2343 2943 narrat
2368 2889 2617 2948 laudatus
2640 2892 2894 2964 scriptor,
2924 2894 2992 2950 de
3014 2896 3183 2964 petito
3212 2905 3268 2951 et
3295 2914 3391 2952 ex-

1805 2984 2023 3045 pectato
2046 2977 2391 3049 imperatoris
2440 2997 2730 3050 consensu,
2783 2993 3073 3054 antequam
3102 2986 3393 3056 Gregorius

122 3072 273 3144 216
300 3072 636 3142 Apologetici
659 3088 709 3128 c.
733 3072 803 3128 40
834 3091 847 3126 :
882 3072 945 3128 Si
969 3072 1203 3141 Tiberis,
1227 3074 1432 3143 inquit,
1464 3076 1702 3129 ascendit

1814 3066 2014 3122 electus
2034 3068 2399 3127 ordinaretur.
2447 3071 2555 3128 Sed
2576 3088 2607 3128 a
2650 3088 2834 3143 regum
2858 3073 3157 3131 Gothorum
3185 3054 3391 3133 Italiam

123 3165 180 3216 ad
225 3166 430 3230 mtznia,
468 3165 533 3233 si
581 3162 740 3224 Nilus
795 3181 899 3219 non
920 3163 1155 3218 ascendit
1191 3165 1247 3219 in
1271 3181 1425 3229 arva;
1452 3166 1497 3219 si
1522 3166 1703 3221 mlum

123 3253 265 3319 stetit,
296 3254 340 3307 si
367 3262 510 3307 terra
546 3255 729 3319 movit;
765 3255 813 3308 si
842 3255 1033 3325 fames,
1067 3255 1113 3309 si
1152 3254 1260 3309 lues
1290 3270 1309 3309 :
1332 3257 1509 3310 statim
1551 3255 1703 3310 Chri-

124 3343 306 3397 stianos
334 3343 404 3396 ad
426 3344 655 3404 leonem;
684 3343 839 3413 quasi
867 3352 949 3400 tot
974 3344 1343 3401 calamitatum
1362 3346 1476 3402 suis
1487 3347 1702 3417 ﬂagitiis

124 3443 490 3503 provocatores
515 3444 570 3490 et
597 3445 860 3492 auctores.

184 3528 235 3581 9..
275 3527 482 3594 Quanta
530 3529 672 3583 mala
697 3528 939 3585 intulerit
981 3530 1099 3586 [nec
1133 3530 1347 3587 Tiberis
1393 3546 1566 3601 prope
1596 3532 1699 3586 im-

128 3634 290 3675 mensa
329 3618 542 3687 effusio,
597 3627 781 3676 narrat
806 3618 1103 3689 Gregorius
1139 3621 1433 3677 Francicus
1461 3622 1545 3677 his
1574 3638 1696 3677 ver-

127 3712 227 3768 bis:
254 3713 534 3768 Multitudo
567 3715 724 3767 etiam
763 3714 1079 3785 serpentium
1108 3731 1222 3769 cum
1248 3732 1442 3786 magno
1471 3715 1699 3770 dracone

128 3807 171 3859 in
196 3808 391 3860 modum
423 3806 585 3861 trabis
615 3807 822 3872 valida,
874 3825 965 3877 per
1010 3807 1162 3878 hujus
1213 3810 1355 3874 ﬂuvii
1402 3810 1602 3863 a'veum
1642 3809 1695 3863 in

129 3916 253 3953 mare
270 3900 565 3963 descendit;
610 3900 701 3954 sed
726 3900 993 3969 stt/focula:
1024 3900 1198 3955 bestia:
1218 3901 1353 3954 inter
1382 3899 1550 3954 salsos
1579 3916 1695 3954 ma-

128 3993 189 4044 ris
213 3991 394 4045 turbidi
422 3992 610 4062 ﬂuctus
638 3990 799 4045 littari
827 3992 1006 4061 ejecta:
1032 4000 1170 4045 sunt.
1203 3990 1489 4046 Subsecuta
1515 3998 1591 4046 est
1634 3990 1697 4044 de

126 4083 314 4152 uestigio
334 4081 511 4135 clades
537 4097 693 4152 quam
717 4081 1069 4150 inguinariam
1097 4090 1304 4135 vocant.
1338 4080 1548 4136 Primus
1573 4096 1692 4136 om,

128 4170 254 4225 nium
280 4170 387 4227 hoc
416 4169 630 4239 ﬂagello
672 4185 961 4240 percussus
1012 4171 1218 4247 interiit
1256 4169 1502 4238 Pelagius
1528 4186 1691 4240 papa,

1808 3157 2165 3214 obtinentium
2213 3160 2405 3217 saltem
2452 3165 2784 3234 temporibus
2808 3174 3124 3236 usurpatum
3152 3177 3288 3237 erat,
3334 3179 3390 3227 ut

1808 3250 2012 3307 electus
2049 3268 2189 3323 papa
2217 3268 2326 3308 non
2356 3253 2573 3311 sederet
2614 3258 2715 3312 nisi
2745 3258 3038 3313 accedente
3066 3258 3214 3328 prius
3238 3262 3389 3332 prin-

1805 3343 1941 3413 cipis
1967 3343 2399 3401 conﬁrmatione.
2448 3346 2586 3405 Huic
2620 3348 2727 3417 juri
2766 3352 2849 3407 vel
2894 3352 3103 3421 injuria:
3138 3344 3390 3425 quaesitus

1804 3435 1893 3501 hic
1917 3436 2089 3505 color,
2119 3437 2263 3507 quod
2308 3453 2431 3494 cum
2476 3440 2669 3496 summi
2714 3444 2980 3513 pontiﬁcis
3027 3446 3238 3514 electio,
3280 3463 3387 3503 non

1803 3526 1975 3583 solum
2006 3528 2073 3583 ad
2118 3529 2346 3599 clerum,
2401 3531 2496 3588 sed
2524 3534 2686 3589 etiam
2718 3535 2787 3590 ad
2823 3545 3069 3592 senatum
3102 3538 3387 3608 populum-

1801 3632 1908 3689 que
1960 3619 2263 3675 Romanum
2317 3630 2445 3677 tunc
2489 3634 2779 3693 spectaret,
2821 3626 2956 3681 citra
3012 3627 3386 3683 auctoritatem

1800 3709 2144 3779 imperatoris
2165 3720 2258 3766 aut
2287 3712 2562 3784 principis,
2612 3715 2703 3784 qui
2734 3725 2953 3772 senatus
2978 3719 3269 3788 p0pulique
3297 3735 3385 3773 ca-

1799 3808 1897 3869 put
1925 3811 2061 3864 erat,
2093 3809 2240 3858 stare
2261 3819 2369 3859 non
2412 3804 2653 3860 deberet.
2712 3805 2896 3875 Neque
2917 3822 3047 3861 vero
3076 3808 3385 3876 Gregorius,

1799 3890 1891 3958 qui
1920 3905 2131 3945 sacrum
2164 3903 2186 3929 ο
2239 3891 2341 3945 sibi
2367 3892 2725 3946 ministerium
2752 3894 2820 3947 ab
2866 3895 3190 3963 imperatore
3236 3911 3385 3950 com-

1797 3980 2018 4035 missum
2046 3981 2288 4050 agnoscit
2313 3979 2452 4050 (Lib.
2486 3997 2521 4046 ι,
2553 3998 2635 4051 ep.
2653 3979 2729 4051 5),
2759 3983 2901 4038 hunc
2932 3998 3135 4038 morem
3161 4000 3385 4052 usquam

1798 4070 2055 4126 damnare
2084 4071 2228 4127 visus
2255 4080 2359 4135 est,
2386 4080 2479 4125 aut
2508 4072 2868 4142 improbasse.
2903 4072 3034 4128 Nam
3057 4074 3198 4141 quod
3231 4074 3385 4132 aﬁert

1795 4162 2058 4218 Baronius
2079 4170 2137 4216 ut
2157 4162 2496 4233 displicuisse
2524 4164 2865 4219 sanctissimo
2908 4163 3147 4233 pontiﬁci
3178 4181 3385 4221 morem

128 4264 292 4319 eodem
329 4262 593 4332 Gregorio
620 4270 778 4328 teste,
814 4263 968 4333 juxta
992 4261 1120 4317 illud
1158 4262 1299 4331 quod
1332 4262 1381 4315 in
1406 4261 1693 4320 Ezechiele
1794 4253 1938 4309 hunc
1962 4253 2233 4321 οειθηάθῑν
2274 4253 2325 4309 id
2369 4270 2436 4309 ex
2479 4254 2669 4323 δρυΐίο
2712 4255 2797 4309 "el
2825 4255 3016 4311 Saltem
3042 4258 3203 4313 dumo
3232 4274 3383 4314 θυω-

128 4355 360 4423 propheta
388 4354 611 4424 .legitur
657 4371 670 4407 :
712 4354 755 4406 Α
802 4353 1102 4408 sanctuario
1132 4369 1243 4407 meo
1272 4354 1504 4424 incipite.
1560 4353 1686 4409 Mox

1792 4346 2041 4401 mentarii
2070 4346 2124 4400 in
2169 4346 2194 4383 α
2229 4346 2472 4401 Psalmos
2502 4344 2911 4403 Pmnitcntialcs
2935 4349 3059 4404 loco
3089 4351 3382 4422 depromp-

128 4446 382 4502 subsecuta
408 4455 493 4503 est
541 4460 733 4515 magna
763 4446 948 4516 populi
994 4453 1223 4514 strages.
1273 4444 1329 4499 In
1362 4453 1509 4499 tanta
1553 4460 1683 4515 ergo
1715 4437 1763 4496 Ι)
1788 4438 1877 4493 sit.
1908 4437 2178 4493 Restituto
2209 4440 2261 4493 in
2293 4437 2587 4494 Occidente
2630 4440 2874 4510 imperio,
2905 4439 3132 4499 Carolus
3160 4443 3383 4515 Magnus

128 4535 401 4590 calamitate
427 4536 658 4606 populus
689 4535 966 4590 Romanus
991 4534 1058 4589 ad
1080 4534 1399 4603 Gregorium
1425 4534 1687 4604 confugit,

128 4639 328 4693 cumque
372 4627 427 4679 in
462 4641 731 4680 summum
762 4625 1072 4695 pontiﬁcem
1103 4625 1284 4692 elegit.
1348 4626 1412 4678 At
1440 4627 1530 4680 ille
1558 4628 1691 4680 hunc

130 4715 295 4781 apicem
322 4716 569 4770 attentius
602 4718 781 4787 fugere
812 4725 1039 4781 tentans,
1071 4730 1133 4768 ne
1161 4715 1295 4784 quod
1317 4716 1461 4785 prius
1488 4716 1689 4787 objece-

130 4813 219 4867 rat,
258 4823 458 4860 rursum
487 4807 616 4859 eiin
664 4806 851 4859 sa'culo
878 4806 942 4859 de
969 4804 1156 4875 adepto
1185 4804 1380 4858 honore
1422 4805 1689 4873 jactantia

130 4898 333 4969 qua'dum
360 4898 675 4967 subreperet,
706 4895 1025 4950 Mauricium
1053 4896 1373 4963 Augustum,
1428 4896 1579 4965 cujus
1625 4894 1687 4947 li-

130 4987 236 5042 lium
258 5005 322 5044 ex
346 5004 500 5045 sacro
518 4988 669 5044 fonte
694 4994 1028 5058 susceperat,
1053 4986 1337 5041 confestim
1361 4986 1691 5058 supplicibus

132 5079 294 5136 litteris
321 5081 516 5145 oravit,
570 5088 631 5135 ut
680 5095 1006 5136 consensum
1035 5078 1256 5147 cligenti
1293 5080 1496 5150 pepulo
1524 5094 1691 5148 seque

132 5167 188 5221 ad
226 5172 586 5240 episc0patum
626 5170 945 5240 deposcenti
998 5169 1307 5238 denegaret.
1394 5168 1688 5239 Scripsisse

132 5276 316 5333 quoque
350 5265 419 5318 ad
447 5265 734 5329 Joannem,
766 5262 1417 5333 Constantinopolitanum
1462 5264 1687 5332 patriar-

195 5387 214 5414 ⁸
246 5380 411 5452 Aliqui
444 5382 625 5449 legunt
653 5381 792 5450 apud
837 5379 998 5452 Grcg.
1023 5378 1251 5452 Turon.,
1278 5376 1688 5452 Prw[cctus_ur-

136 5446 200 5501 bis
222 5446 477 5520 germanus
500 5446 530 5517 ⁷,
566 5446 703 5521 ejus,
749 5460 879 5521 εις.)
922 5446 1140 5521 minimc
1170 5449 1289 5521 grati
1332 5446 1686 5521 feferendum

136 5516 355 5590 esséejus
383 5523 449 5576 ad
498 5516 790 5589 germanus.
849 5518 905 5575 S.
957 5516 1271 5587 Gregorium
1319 5517 1542 5590 fratrem
1592 5533 1686 5571 seu

136 5587 408 5715 Κοττυηᾰέδιηιι
459 5587 705 5647 habuisse
758 5592 869 5661 jam
917 5605 1076 5662 supra
1139 5587 1481 5646 ostendimus
1535 5602 1584 5643 c.
1628 5603 1682 5655 ι,

138 5670 257 5708 ltllttl.
315 5700 328 5715 ,

138 5670 257 5708 ltllttl.
278 5670 328 5716 ξ),

1799 4529 2023 4600 ejusque
2043 4532 2261 4600 posteri,
2288 4533 2390 4588 hoc
2412 4533 2535 4601 jure
2561 4533 2913 4593 conﬁrmandi
2937 4537 3130 4590 summi
3161 4540 3380 4605 pontiﬁ-

1797 4625 1892 4689 cis,
1927 4625 2072 4680 nullo
2096 4634 2448 4694 repugnante,
2488 4626 2645 4695 potiti
2680 4635 2823 4692 sunt,
2873 4637 2932 4681 ut
2962 4643 3027 4682 ex
3075 4628 3382 4696 Anastasio,

1795 4714 2044 4771 Ecclesia:
2094 4715 2351 4771 Romana:
2398 4716 2809 4771 bibliothecario
2848 4727 2902 4771 et
2929 4733 2997 4773 cx
3040 4718 3157 4772 aliis
3182 4720 3378 4787 passim

1797 4822 1905 4861 non
1956 4806 2152 4876 iniquis
2206 4820 2334 4876 erga
2376 4806 2559 4862 sedem
2615 4808 2968 4878 apostolicam
3027 4808 3381 4878 scriptoribus

1797 4905 2031 4953 constat.

1870 4990 1924 5044 4.
1978 4989 2126 5044 Idem
2184 4999 2207 5027 ε
2264 4989 2721 5047 eminentissimus
2776 4989 3063 5047 cardinalis
3108 4991 3380 5047 existimat

1797 5081 2041 5136 Mauricii
2083 5095 2405 5135 consensum
2458 5081 2511 5135 in
2540 5079 2783 5149 Gregorii
2830 5081 3148 5137 electionem
3204 5082 3377 5137 soluta

1795 5171 2020 5240 pecunia
2045 5177 2414 5239 comparatum
2442 5168 2634 5235 fuisse;
2662 5170 2804 5237 quod
2830 5170 3013 5224 nescio
3051 5187 3119 5227 an
3145 5172 3198 5227 in
3221 5172 3379 5241 hujus

1794 5270 1887 5316 aut
1913 5259 2179 5315 inferioris
2229 5260 2329 5315 αινί
2375 5260 2578 5329 scripto
2628 5259 2807 5327 aliquo
2857 5259 3083 5331 legatur.
3148 5264 3381 5331 Qucrcla

1866 5376 1895 5415 δ
1935 5375 2076 5443 Lege
2106 5384 2262 5430 notas
2292 5375 2357 5428 ad
2380 5390 2465 5443 ep.
2500 5374 2569 5427 54
2597 5375 2687 5428 lib.
2721 5392 2775 5438 χ,
2808 5387 2931 5432 nota
2960 5380 3014 5436 tl.

1871 5457 1893 5485 ε
1937 5447 2035 5509 Qui
2067 5446 2266 5500 virtutis
2287 5444 2627 5515 ministerium
2656 5446 2862 5515 inﬁrmo
2889 5453 3162 5509 commisit.

1868 5517 1892 5553 ἀ
1936 5516 2069 5571 Vide
2102 5531 2385 5596 censuram
2427 5516 2494 5569 de
2543 5514 2645 5570 huc
2691 5514 3091 5579 Gonnncntario
3123 5534 3251 5581 tom.
3285 5522 3373 5596 lli,

1795 5605 1829 5644 ll
1854 5596 2024 5656 parte,
2055 5587 2168 5656 col.
2195 5584 2316 5638 405.

1869 5669 1891 5696 ο
1935 5658 2012 5712 Ad
2045 5673 2129 5712 an.
2159 5655 2279 5722 590,
2307 5671 2451 5710 num.
2486 5654 2536 5710 5.
