3992 6300
571 216 674 272 279

1071 213 1130 268 S.
1171 206 1501 265 GREGOR‘H
1538 204 1755 262 MAGNI
1798 203 1979 270 VITA,
2025 202 2113 258 EX
2157 201 2317 258 EJUS
2358 198 2666 257 SCRIPTIS
2708 198 3101 283 ADORNATA.
3142 199 3273 255 LIB.
3314 203 3355 257 Ι.
3749 207 3831 264 2-29

572 332 714 388 enim
742 329 809 385 de
834 343 1033 399 sponsa
1056 325 1256 382 Christi
1284 323 1498 395 captiva
1528 320 1669 375 facta
1700 325 1754 375 et
1803 317 2008 372 tributo
2037 316 2166 371 sub-
2198 318 2248 377 Λ
2274 329 2390 369 rum
2419 314 2696 382 regionum
2720 314 3068 386 presbyteris,
3116 315 3185 371 ad
3213 324 3415 373 sancta:
3444 317 3539 373 Dei
3573 318 3832 383 Cenitrlcis

573 423 705 487 dita,
729 435 849 490 qua)
880 420 1147 490 profertur
1176 432 1243 471 ex
1266 411 1656 471 commentario
1686 409 1738 463 in
1771 408 2013 462 Psalmos
2041 420 2157 475 pcn-

578 512 889 568 nitentiales
920 524 1092 580 neque
1122 508 1173 562 id
1200 506 1482 575 signiﬁcat,
1519 516 1693 571 neque
1723 509 1873 555 extra
1895 497 2160 569 suspicio-

581 622 705 660 nem
754 602 1184 673 interpolationis
1238 608 1294 654 et
1342 594 1725 667 suppositionis
1772 600 1875 647 est.
1925 592 2043 646 Non
2075 604 2163 646 me

578 695 711 763 fugit
743 692 1105 747 Athalaricum
1148 689 1404 742 Arianum
1432 686 1719 755 aliquando
1743 684 2037 753 imperasse
2062 682 2162 735 tria

578 783 867 837 solidorum
900 778 1062 833 millia
1092 792 1189 846 pro
1232 775 1641 831 conﬁrmatione
1696 773 1966 843 apostolici
1986 776 2161 841 ponti-

580 875 714 945 ﬁcis,
745 880 797 925 et
819 872 926 924 duo
957 868 1122 924 millia
1149 884 1249 939 pro
1283 867 1648 924 confirmanda
1678 866 1904 919 aliorum
1932 864 2165 934 patriar-

581 961 826 1030 charum,
880 959 985 1013 hoc
1031 968 1114 1013 est
1159 958 1698 1028 metropolitanorum
1746 956 2041 1020 electione;
2073 952 2167 1008 sed

579 1048 875 1105 catholicos
904 1047 1195 1117 principes,
1219 1047 1443 1102 liberata
1474 1061 1504 1100 a
1556 1044 1747 1100 Gothis
1800 1043 1974 1105 Italia,
2026 1041 2167 1097 idem

585 1141 851 1209 exegisse,
912 1149 1006 1195 aut
1047 1139 1364 1209 Gregorium
1406 1138 1473 1193 ab
1525 1136 1827 1205 hujusmodi
1873 1135 2168 1191 simoniaca

587 1233 827 1303 pewnize
876 1231 1237 1301 peusitatione
1266 1244 1373 1283 non
1413 1228 1757 1282 abhorruisse
1778 1240 2041 1294 nusquam
2071 1224 2171 1279 sibi

586 1321 913 1393 persuadere
936 1321 1157 1391 poterit,
1209 1320 1299 1391 qui
1327 1318 1519 1387 legerit
1565 1318 1680 1386 ejus
1708 1316 1963 1386 epistolas
1991 1329 2174 1383 quam-

589 1413 847 1483 plurimas
871 1420 1059 1467 contra
1082 1411 1434 1466 simoniacam
1456 1408 1698 1463 lueresim
1730 1407 1976 1476 scriptas.
2028 1404 2172 1459 Prae-

590 1514 741 1558 terea
774 1519 869 1557 rex
899 1502 1131 1556 Arianus
1158 1499 1439 1569 pecuniam
1470 1497 1704 1567 persolvi
1735 1512 1843 1550 non
1871 1496 2041 1565 jubet,
2073 1494 2174 1548 nisi

587 1611 710 1650 cum
741 1594 809 1648 de
831 1593 1098 1647 electione
1122 1600 1215 1645 aut
1235 1590 1573 1645 ordinatione
1601 1589 1906 1658 prmsulum,
1926 1588 1996 1641 ad
2023 1588 2175 1657 pala-

2264 401 2539 455 basilicam
2563 416 2627 456 ex
2656 402 2921 458 conducto
2943 418 3064 459 cum
3095 405 3344 473 precibus
3370 414 3425 461 et
3446 406 3703 472 lacrvmis
3729 427 3835 480 pro-

2264 495 2536 548 cederent.
2580 493 2801 564 InSuper
2848 498 3184 565 congregatis
3218 498 3555 554 Clericorum
3587 506 3821 571 catervis,

2270 587 2526 656 preceepit
2577 586 2804 655 psallere
2859 602 2957 657 per
3004 589 3258 644 triduum.
3301 589 3451 649 Hora
3501 594 3663 661 igitur
3711 600 3834 651 tertia

2272 679 2483 745 (nostro
2515 692 2663 732 more
2684 676 2846 749 nona)
2871 678 3137 732 veniebant
3158 696 3336 735 omnes
3353 682 3500 737 chori
3520 683 3836 752 psallentium

2268 768 2337 821 ad
2375 767 2681 832 Ecclesium,
2711 770 2994 822 clamantes
3022 787 3113 838 per
3139 771 3359 840 plateas,
3423 770 3591 843 Kgrie
3640 776 3835 830 eleison.

2268 859 2388 928 Ipso
2419 868 2596 913 autem
2620 860 3025 930 supplicationis
3054 869 3299 931 tempore
3357 862 3496 917 intra
3529 865 3687 919 unius
3715 866 3840 920 hora:

2269 949 2503 1017 spatium
2532 950 2802 1018 octoginta
2828 950 3076 1005 homines
3096 950 3345 1022 spiritum
3366 953 3707 1008 exhalarunt.
3739 954 3840 1010 Haec

2271 1040 2562 1111 Gregorius
2615 1041 2890 1096 Turonum
2939 1043 3247 1114 episcopus,
3303 1059 3372 1100 ex
3421 1047 3501 1100 sui
3531 1046 3743 1101 diaconi
3769 1053 3840 1117 qui

2271 1141 2400 1189 tunc
2461 1132 2645 1186 Romae
2697 1141 2814 1187 erat
2860 1133 3004 1189 haud
3048 1134 3209 1189 dubia
3266 1134 3534 1192 relatione
3585 1140 3843 1194 memoria:

2274 1223 2524 1292 prodidit,
2549 1223 2634 1278 cui
2661 1222 2974 1292 subscripsit
3002 1221 3200 1279 Paulus
3228 1222 3495 1280 Diaconus
3531 1221 3676 1290 (Lib.
3709 1242 3765 1280 ιη
3790 1229 3841 1283 de

2274 1312 2445 1366 Gestis
2466 1310 2632 1383 Lang.
2660 1329 2704 1366 ε.
2732 1311 2843 1383 25).
2873 1311 3109 1369 Joannes
3128 1312 3395 1369 Diaconus
3416 1330 3550 1371 vero
3561 1324 3617 1371 et
3643 1316 3733 1371 alii
3758 1333 3845 1373 non

2276 1420 2464 1474 parum
2495 1403 2803 1473 discrepant
2831 1404 2899 1459 ab
2930 1405 3048 1460 aliis
3088 1405 3444 1475 scriptoribus
3472 1408 3589 1462 sive
3611 1409 3665 1462 in
3690 1425 3845 1464 recen-

2275 1493 2443 1548 sendo
2467 1508 2818 1563 personarum
2849 1493 3058 1559 ordine,
3111 1495 3224 1549 sive
3254 1495 3306 1549 in
3347 1496 3685 1565 assignandis
3726 1498 3849 1553 basi-

2281 1581 2416 1637 licis.
2475 1583 2608 1637 Nam
2639 1582 2875 1639 Joannes
2924 1583 3192 1640 Diaconus
3231 1585 3471 1655 assignat
3525 1602 3627 1657 pro
3684 1588 3847 1643 lilauia

588 1686 714 1738 tium
768 1682 1019 1751 producta
1068 1682 1223 1751 fuerit
1252 1681 1523 1734 altercatio
1580 1678 1903 1749 populorum.
1934 1687 1961 1716 δ
2006 1678 2076 1732 At
2120 1678 2173 1733 in
2206 1678 2253 1737 B
2281 1674 2600 1730 clericorum
2631 1675 2917 1729 ecclesiam
2951 1675 3007 1730 S.
3032 1672 3275 1741 Joannis,
3310 1677 3693 1747 consentitque
3717 1678 3848 1733 char-

587 1776 856 1831 clectione
886 1772 1133 1842 Gregorii
1162 1772 1329 1825 mirus
1360 1771 1458 1825 fuit
1500 1770 1819 1839 populorum
1862 1785 2174 1826 consensus.

587 1867 740 1922 Addo
772 1868 992 1936 insuper
1020 1866 1305 1920 obscurum
1346 1878 1465 1918 esse
1494 1863 1669 1918 locum
1720 1864 1861 1917 hunc
1890 1879 1956 1918 ex
1988 1863 2179 1917 rescri-

589 1968 683 2029 pto
708 1958 775 2013 ad
803 1956 1065 2012 Joannem
1094 1970 1289 2026 papam
1319 1954 1625 2023 quaesitum,
1646 1952 2079 2021 quandoquidem
2126 1951 2179 2006 in

589 2064 657 2105 eo
686 2064 782 2104 rex
810 2055 999 2103 contra
1023 2046 1372 2111 simoniacos,
1402 2046 1517 2100 sive
1531 2044 1623 2114 qui
1649 2044 1798 2109 dant,
1827 2044 1941 2098 sive
1968 2043 2061 2111 qui
2089 2058 2179 2098 ac-

593 2140 825 2210 cipiunt,
846 2137 1199 2193 saluberrima
1228 2136 1532 2207 promulgat
1559 2134 1796 2191 decreta.
1829 2134 1934 2207 (Cf.
1969 2135 2177 2189 Cassio-

593 2231 710 2284 dor.
736 2231 775 2284 ι.
808 2246 882 2292 Ix,
914 2247 996 2298 ep.
1023 2226 1135 2297 15.)

659 2321 712 2375 5.
755 2321 965 2375 lnterea
990 2319 1119 2374 dum
1148 2324 1536 2388 expectaretur
1567 2316 1790 2385 Augusti
1827 2315 2104 2385 responsio
2126 2323 2182 2372 et

591 2426 861 2477 assensus,
918 2412 971 2465 in
1030 2410 1149 2466 dies
1178 2410 1475 2478 angebatur
1527 2407 1852 2479 pestilentia,
1904 2407 2181 2477 Romaque

592 2504 860 2559 continuis
892 2504 1165 2558 funeribus
1186 2501 1588 2557 devastabatur.
1608 2500 1690 2556 Ab
1706 2501 1809 2556 hac
1830 2501 1917 2554 lue
1945 2500 2180 2556 immune

594 2609 701 2650 non
723 2594 825 2648 fuit
852 2592 908 2649 S.
936 2592 1161 2649 Andreae
1207 2591 1544 2657 coenobium;
1577 2598 1812 2659 tuncque
1840 2589 2035 2644 enituit
2061 2603 2179 2645 ma—

598 2684 743 2738 xime
768 2683 994 2736 fratrum
1026 2681 1265 2737 omnium
1305 2678 1611 2735 sollicitudo
1666 2687 1720 2732 et
1768 2677 2005 2732 charitas
2053 2690 2180 2747 erga

600 2774 945 2830 Theodorum
976 2772 1373 2828 adolescentem
1406 2771 1510 2825 hoc
1538 2771 1728 2825 morbo
1756 2777 2085 2838 correptum,
2125 2776 2182 2823 et

595 2863 661 2917 ad
694 2873 933 2917 extrema
972 2862 1291 2932 perductum
1319 2877 1332 2927 ;
1363 2874 1522 2931 quem
1549 2875 1736 2916 eorum
1766 2859 2100 2914 orationibus
2148 2874 2181 2914 a

593 2954 788 3022 duplici
838 2963 1013 3007 morte
1041 2953 1234 3006 animae
1261 2951 1466 3006 scilicet
1509 2966 1573 3007 ac
1623 2950 1866 3021 corporis
1895 2949 2177 3005 liberatum

2282 1777 2335 1820 ta
2360 1766 2427 1822 de
2452 1767 2650 1821 litaniis
2676 1781 2794 1837 quae
2816 1782 2957 1822 nunc
2984 1766 3177 1835 legitur
3204 1768 3256 1822 in
3284 1768 3584 1838 appendioe
3606 1768 3848 1840 Epistola-

2282 1873 2447 1911 rum:
2508 1856 2798 1927 Gregorius
2848 1856 3178 1925 Tur.’vero,
3233 1858 3509 1914 basilicam
3561 1869 3848 1915 sanctorum

2287 1946 2499 2002 Cosmae
2528 1956 2583 2003 et
2607 1947 2870 2002 Damiani.
2922 1947 3037 2003 Hoc
3091 1955 3271 2003 tamen
3310 1947 3591 2005 dissidium
3620 1950 3848 2019 componi

2282 2046 2464 2109 potest
2491 2039 2535 2093 si
2562 2040 2804 2095 dicamus
2832 2054 2940 2094 non
2963 2039 3131 2095 semel
3154 2038 3383 2094 indictas
3402 2039 3565 2095 fuisse
3594 2042 3847 2111 supplica-

2282 2128 2459 2184 tiones
2490 2129 2637 2196 illas;
2682 2138 2737 2184 et
2783 2130 2836 2185 in
2885 2130 2968 2185 his
3011 2128 3227 2200 quidem
3258 2138 3531 2187 servatum
3563 2133 3799 2186 ordinem
3823 2148 3848 2187 a

2283 2220 2543 2292 Gregorio
2572 2221 2837 2278 Turonico
2864 2222 3113 2290 relatum,
3140 2222 3192 2277 in
3210 2224 3328 2279 aliis
3357 2222 3591 2279 alterum
3613 2239 3643 2277 a
3665 2222 3850 2281 Joanne

2282 2315 2645 2385 assignatum;
2694 2314 2839 2385 quod
2868 2330 2935 2370 ex
2981 2316 3262 2371 ritualibus
3288 2317 3435 2371 libris
3466 2326 3650 2386 potest
3678 2318 3848 2373 conﬁr-

2282 2404 2436 2471 mari,
2460 2406 2503 2459 si
2528 2403 2701 2459 Emin.
2751 2405 3033 2460 Annalium
3064 2405 3208 2462 Eccl.
3243 2408 3448 2477 parenti
3479 2407 3614 2463 fides
3646 2409 3733 2463 sit.
3766 2408 3851 2462 Ile

2283 2496 2422 2558 bent,
2457 2495 2630 2564 inquit
2659 2494 2920 2550 Baronius
2950 2495 3054 2565 (Ad
3075 2513 3168 2550 an.
3194 2494 3314 2560 590,
3339 2514 3483 2553 num.
3519 2497 3631 2567 18),
3662 2500 3853 2553 rituales

2281 2584 2401 2638 libri
2429 2584 2624 2639 ultimis
2644 2585 2844 2639 litaniis
2870 2602 2979 2640 esse
3006 2604 3300 2657 processum
3346 2588 3414 2640 ad
3440 2587 3712 2642 basilicam
3736 2606 3849 2658 apo-

2283 2674 2530 2729 stolorum
2555 2675 2825 2746 principis,
2871 2684 3024 2745 atque
3051 2675 3115 2729 ab
3148 2676 3396 2748 Gregorio
3422 2688 3661 2731 sanctam
3690 2680 3854 2751 imagi-

2282 2782 2401 2821 nem
2431 2777 2453 2805 ε
2479 2767 2727 2837 Deipara:
2750 2784 2939 2839 magna
2978 2771 3307 2823 veneratione
3327 2769 3576 2824 delatam.
3608 2770 3757 2826 Tunc
3788 2770 3855 2824 le-

2282 2866 2409 2911 runt
2432 2872 2598 2928 prope
2620 2858 2816 2912 molem
2838 2857 3091 2913 Hadriani
3115 2858 3293 2915 Tiberi
3325 2860 3664 2929 adjacentem
3694 2861 3851 2917 visum

2283 2963 2403 3005 esse
2427 2948 2697 3017 angelum,
2722 2950 2775 3004 in
2804 2951 3013 3020 signum
3040 2952 3373 3007 reconciliati
3402 2952 3670 3018 Numinis,
3715 2955 3857 3008 nuda-
3916 3010 3919 3013 μ

594 3044 755 3097 refert
783 3041 1076 3111 Gregorius
1105 3050 1216 3095 tum
1238 3041 1425 3096 homil.
1462 3041 1530 3097 19
1579 3049 1635 3095 et
1662 3040 1729 3095 58
1782 3040 1834 3093 in
1863 3038 2174 3109 Evangelia,
2206 3040 2251 3103 C
2283 3048 2389 3095 tum
2409 3041 2639 3111 gladium
2666 3043 2719 3096 in
2742 3044 2981 3113 vaginam
3011 3061 3277 3115 reponere,
3294 3062 3450 3117 eoque
3473 3047 3705 3117 symbolo
3728 3065 3855 3103 mor-

596 3144 705 3187 tum
734 3134 824 3188 lib.
859 3150 911 3188 ιν
941 3134 1146 3203 Dialog.
1177 3149 1297 3203 cap.
1322 3132 1411 3187 58.

667 3226 867 3278 Aberat
897 3233 1022 3277 tunc
1050 3240 1079 3277 a
1110 3224 1437 3278 monasterio
1484 3231 1701 3278 sanctus
1757 3222 1929 3290 Pater,
1986 3239 2182 3294 procu-

598 3298 781 3369 randis
810 3315 1021 3370 afﬂictae
1067 3316 1271 3369 civitati
1312 3316 1519 3371 solatiis
1548 3322 1695 3369 totus
1722 3314 2054 3371 incumbens.
2111 3314 2183 3371 Ut

546 3473 556 3483 '
602 3415 780 3459 autem
814 3420 950 3475 pene
974 3404 1085 3473 jam
1109 3404 1503 3474 despondentes
1525 3407 1759 3459 animum
1790 3404 2065 3461 Romanos
2088 3421 2183 3476 spe

596 3495 849 3550 iureDcum
880 3496 1148 3563 erigeret,
1199 3503 1359 3565 atque
1387 3494 1453 3548 ad
1502 3495 1868 3564 pmnitentiam
1922 3503 2004 3550 tot
2042 3496 2183 3550 inter

597 3586 803 3657 ﬂagella
832 3588 916 3641 vel
938 3588 1134 3641 invitos
1163 3595 1511 3656 provocaret,
1557 3588 1873 3642 concionem
1916 3590 1980 3641 ad
2012 3603 2183 3657 popu-

598 3679 707 3733 lum
732 3680 938 3745 habuit,
964 3678 1177 3746 dignam
1208 3694 1338 3734 sane
1359 3694 1519 3749 quam
1552 3679 1746 3734 litteris
1788 3679 2183 3748 consignavcrit

600 3772 758 3840 217
803 3770 1093 3838 Gregorius
1141 3768 1487 3824 Turonensis.
1533 3769 1783 3839 Ejusdem
1824 3771 2185 3825 meminerunt

598 3859 790 3913 Paulus
815 3869 870 3914 et
895 3858 1132 3914 Joannes
1157 3859 1391 3925 diaconi,
1421 3874 1632 3915 necnon
1664 3860 1752 3914 alii
1782 3860 2180 3931 quamplurimi.

597 3953 943 4023 lapriuribus
971 3953 1129 4007 editis
1178 3953 1373 4021 legitur
1429 3952 1610 4007 habita
1669 3953 1959 4007 indictione
2006 3961 2181 4019 sexta,

596 4044 749 4109 cujus
776 4044 896 4098 loco
944 4044 1125 4112 potius
1174 4044 1477 4111 legendum,
1508 4042 1785 4096 indictione
1808 4044 1915 4111 viij.
1959 4043 2184 4097 Constat

597 4135 740 4187 enim
762 4131 1081 4200 Gregorium
1104 4134 1393 4201 incipiente
1423 4132 1715 4187 indictione
1738 4148 1878 4186 nona
1912 4132 2074 4187 luisse
2094 4147 2184 4186 or-

598 4224 859 4276 dinatum.
910 4220 1123 4277 Erroris
1145 4238 1307 4277 causa
1344 4224 1461 4287 fuit,
1493 4222 1638 4292 quod
1675 4224 1791 4278 lucc
1820 4224 1994 4279 oratio
2046 4224 2182 4279 libro

597 4313 953 4383 Epistolarum
1004 4313 1131 4366 olim
1182 4330 1261 4376 χι,
1310 4330 1452 4369 nunc
1502 4331 1634 4383 xm,
1684 4316 1841 4370 fuerit
1886 4317 2179 4386 prmmissa,

2284 3133 2402 3188 bum
2424 3151 2651 3190 cessasse
2670 3136 2970 3207 signiﬁcare
3000 3136 3237 3191 voluisse.
3285 3137 3360 3191 De
3386 3138 3856 3206 supplicationibus

2282 3225 2477 3295 saepius
2506 3226 2719 3292 habitis,
2767 3235 2823 3281 et
2879 3226 3068 3281 ultimo
3112 3226 3231 3282 loco
3261 3225 3417 3282 factis
3447 3227 3503 3281 in
3550 3228 3765 3283 basilica
3808 3227 3857 3282 S.

2283 3315 2429 3371 Petri
2456 3316 2784 3372 contendere
2809 3318 3027 3373 minime
3050 3317 3315 3383 volumus,
3358 3318 3461 3373 etsi
3510 3319 3579 3373 de
3607 3318 3849 3387 multipli-

2284 3408 2354 3473 ci,
2387 3417 2480 3461 aut
2510 3408 2675 3462 etiam
2705 3407 2905 3477 duplici
2935 3408 3281 3478 processione
3309 3417 3555 3479 tempore
3579 3409 3747 3480 pestis
3778 3410 3860 3463 ba-

2283 3500 2393 3554 bita
2440 3500 2735 3569 scriptores
2782 3515 2970 3555 omnes
3000 3500 3214 3555 sileant.
3246 3500 3311 3555 At
3342 3516 3461 3570 qua:
3490 3511 3778 3556 narrantur
3802 3502 3860 3556 de

2283 3591 2401 3645 viso
2424 3593 2613 3660 angelo
2640 3600 2697 3647 et
2733 3592 2919 3646 sedata
2950 3601 3101 3662 peste
3131 3592 3306 3647 dubia:
3353 3593 3603 3648 videntur
3628 3594 3770 3648 ﬁdei.
3811 3594 3861 3647 Si

2284 3683 2425 3737 enim
2452 3682 2503 3736 id
2533 3683 2775 3752 contigit,
2832 3697 3065 3751 quonam
3120 3692 3280 3752 pacto
3330 3682 3627 3751 Gregorius
3668 3683 3859 3739 Turou.

2285 3773 2339 3828 id
2362 3790 2394 3829 a
2423 3789 2520 3829 suo
2548 3775 2775 3829 diacono
2805 3790 2912 3829 non
2939 3774 3265 3844 aceepit?‘Si
3285 3790 3418 3830 vero
3440 3775 3614 3845 ipsum
3645 3775 3862 3830 audierit

2286 3878 2433 3923 tanta
2454 3868 2709 3923 nnracula
2737 3868 3081 3933 referentem,
3123 3868 3393 3938 quomodo
3425 3868 3491 3922 ab
3538 3868 3665 3938 ipsis
3716 3884 3858 3924 com-

2285 3958 2645 4021 memorandis
2673 3958 2949 4024 abstinuit,
3002 3958 3090 4027 qui
3123 3958 3410 4026 aliquando
3459 3959 3729 4015 levissima
3774 3973 3862 4013 nec

2286 4048 2359 4103 ita
2411 4058 2558 4103 certa
2599 4048 2801 4103 referre
2853 4048 3186 4101 delectatur?
3218 4048 3395 4102 Altum
3448 4058 3531 4104 est
3567 4065 3779 4119 quoque
3800 4049 3861 4102 de

2286 4138 2402 4193 istis
2432 4138 2609 4205 Beda‘,
2637 4137 2808 4205 Pauli,
2836 4146 2889 4193 et
2916 4137 3136 4193 Joannis
3166 4139 3458 4194 silentium.
3506 4140 3859 4196 Pestilentiam

2288 4238 2467 4284 tamen
2491 4230 2758 4298 quievisse
2786 4229 2981 4284 Paulus
3012 4238 3065 4285 et
3092 4228 3345 4296 Joannes,
3378 4233 3467 4301 qui
3497 4248 3582 4286 res
3608 4249 3638 4285 a
3666 4231 3860 4299 Grego-

2288 4321 2369 4375 rio
2399 4329 2575 4388 gestas
2625 4320 2929 4375 accuratius
2959 4321 3231 4390 prosecuti
3275 4331 3422 4390 sunt,
3478 4338 3595 4393 non
3642 4323 3859 4377 obscura

597 4410 749 4477 eujus
798 4407 1048 4463 videlicet
1095 4408 1216 4462 libri
1260 4408 1480 4464 indictio
1526 4418 1607 4463 est
1649 4419 1821 4464 sexta.
1852 4409 1878 4448 δ
1928 4410 2038 4464 Nec
2081 4410 2182 4464 mi-
2214 4419 2268 4478 D
2293 4419 2587 4477 testantur;
2617 4411 2711 4465 sed
2740 4411 2886 4465 brevi
2914 4411 3249 4466 recruduisse
3287 4421 3474 4482 postea
3504 4415 3857 4468 ostendemus.

600 4516 699 4553 nus
754 4497 1009 4553 mendose
1040 4499 1340 4569 assignatur
1393 4500 1508 4555 dies
1552 4510 1740 4569 quarta
1773 4500 1993 4556 Kalend.
2048 4500 2183 4572 Sep-

605 4596 844 4648 tnmbris.

669 4688 721 4739 6.
754 4686 884 4742 Post
904 4684 1292 4742 coneionemS.
1328 4684 1621 4755 Gregorius
1649 4686 1889 4755 publicas
1915 4686 2187 4756 supplica-

597 4778 774 4831 tiones
796 4791 890 4832 seu
923 4777 1138 4831 litanias
1163 4776 1372 4839 indixit,
1395 4776 1753 4845 praecepitque
1778 4784 1834 4829 ut
1859 4778 2186 4833 convenien-

597 4877 679 4921 tes
708 4867 772 4921 ad
801 4875 1009 4936 septem
1028 4866 1332 4935 designatas
1362 4868 1411 4919 in
1438 4865 1660 4919 totidem
1693 4863 1850 4920 Urbis
1878 4867 2187 4936 regionibus

597 4959 863 5022 htsilicas,
924 4973 1113 5011 omnes
1141 4958 1342 5020 clerici,
1394 4956 1671 5024 tnonachi,
1711 4972 1880 5011 sacra:
1930 4958 2187 5029 virgines,

599 5050 853 5115 infantes,
888 5052 1034 5114 laici,
1078 5050 1269 5115 vidum,
1301 5049 1623 5119 conjugatzc,
1654 5048 1777 5104 inde
1804 5066 1925 5104 cum
1954 5051 2189 5120 singula-

669 5183 692 5209 τι
742 5172 943 5226 Eodem
968 5187 1129 5225 sensu
1162 5171 1321 5226 debet
1351 5170 1579 5238 intelligi
1599 5168 1883 5224 Justiniani
1908 5169 2084 5237 jussio
2118 5170 2186 5226 de

596 5258 697 5309 qua
723 5243 983 5295 Barnuius
1012 5242 1078 5295 ad
1119 5258 1206 5295 an.
1235 5241 1355 5299 556.
1403 5258 1551 5294 num.
1592 5242 1608 5291 l
1637 5249 1692 5294 et
1721 5240 1774 5303 2,
1802 5249 1857 5293 et
1883 5242 2024 5310 quod
2055 5242 2185 5309 legi-

599 5314 841 5391 t:tr_apt_nl
867 5313 1204 5391 dnastasiutn
1235 5312 1272 5365 ll
1299 5313 1487 5391 liliotli.
1514 5312 1565 5365 in
1594 5311 1916 5391 Agathone;
1952 5311 2052 5391 llic
2069 5328 2185 5391 sus:-

596 5386 725 5452 cepit
756 5384 972 5437 divalem
995 5384 1281 5451 jussionem
1328 5382 1692 5451 (imperatoris
1721 5382 2183 5452 constitutionem)

597 5469 689 5519 per
716 5471 867 5524 quant
906 5456 1129 5506 relevata
1171 5463 1245 5505 est
1298 5453 1560 5522 quantitas
1585 5453 1903 5524 guttisolita
1932 5459 2042 5504 erat
2070 5452 2185 5506 dari

598 5539 692 5588 pro
722 5522 1048 5577 ordinatione
1097 5524 1354 5591 pontiﬁcis
1384 5522 1647 5593 facienda,
1684 5523 1769 5593 sic
1821 5531 2013 5593 tamen,
2064 5524 2186 5576 utsi

600 5601 716 5662 post
762 5594 871 5661 ejus
914 5594 1187 5644 transitum
1232 5591 1501 5662 contigerit
1543 5591 1844 5646 electionem
1892 5592 2037 5660 fieri,
2084 5608 2187 5645 non

605 5660 794 5717 deberat
813 5663 1042 5717 ordinari
1069 5664 1152 5728 qui
1182 5660 1549 5729 electus—fuerit
1569 5705 1584 5729 ,
1630 5664 1730 5716 nisi
1757 5664 1900 5729 prius
1929 5662 2186 5716 decretum

2292 4500 2427 4556 Cum
2458 4502 2523 4556 de
2551 4502 3028 4571 supplicationibus
3059 4503 3254 4557 iterum
3288 4511 3381 4558 aut
3407 4504 3600 4573 smpius
3631 4513 3862 4572 tempore

2292 4595 2457 4664 pestis
2483 4594 2703 4661 habitis,
2736 4595 3031 4663 scriptores
3061 4610 3250 4650 omnes
3274 4596 3496 4661 sileant;
3530 4596 3731 4650 felicius
3760 4594 3861 4648 for-

2296 4693 2438 4739 tasse
2485 4685 2806 4740 dissidentes
2835 4687 3128 4755 scriptores
3176 4686 3243 4740 ad
3289 4688 3633 4743 concordiam
3660 4701 3864 4742 revoca-

2294 4776 2511 4840 buntur,
2563 4776 2792 4830 dicendo
2824 4776 2981 4831 unius
3010 4776 3358 4845 ejusdemque
3413 4778 3609 4832 Iitanim
3637 4777 3864 4831 ordinem

2294 4866 2443 4921 varie
2472 4864 2731 4920 indictum
2761 4880 2825 4921 ac
2864 4867 3252 4935 prtescriptum.
3302 4866 3506 4937 Nempe
3562 4883 3682 4921 eum
3728 4865 3865 4936 ptius

2297 4959 2580 5028 assignatur
2611 4959 2835 5013 fuissent
2869 4958 2952 5012 ha:
2985 4968 3039 5013 et
3062 4959 3164 5013 illa:
3194 4959 3429 5014 basilica:
3459 4976 3568 5030 quo
3591 4960 3718 5013 varii
3740 4975 3866 5013 con—

2297 5052 2546 5107 venirent
2574 5050 2808 5114 ordines,
2832 5049 2947 5104 alia:
2978 5059 3161 5120 postea
3186 5058 3390 5105 mutato
3412 5051 3641 5106 consilio
3662 5050 3867 5104 delecta:

2288 5170 2529 5242 generale
2549 5168 2911 5242 introdstcatur
2939 5170 2993 5242 in
3023 5166 3417 5242 regiarnyrbent
3441 5166 3717 5242 secundum
3734 5160 3869 5215 anti-

2322 5258 2441 5294 uam
2470 5241 2908 5295 consuetudinem.
2937 5238 3089 5293 Tum.
3124 5238 3191 5291 Vl
3214 5238 3421 5292 Coneil.
3457 5239 3511 5291 in
3540 5237 3726 5305 Agath.
3747 5247 3866 5302 pag.

2328 5311 2410 5363 74.
2454 5312 2719 5364 Caeterum
2748 5311 2846 5364 ista
2872 5311 3093 5376 pecunia
3129 5308 3424 5378 persolutio
3449 5307 3626 5378 potius
3671 5306 3871 5358 videtur

2288 5381 2502 5452 populis
2531 5381 2849 5452 eligentibus
2877 5377 3161 5452 imperata,
3190 5388 3255 5452 _ut
3277 5377 3365 5446 jus
3394 5377 3627 5446 eligendi
3670 5389 3871 5429 conser-

2290 5447 2499 5514 varent,
2532 5466 2696 5519 quam
2732 5450 2919 5504 electis
2945 5447 3313 5519 pontificibus.

2365 5521 2390 5560 δ
2434 5518 2575 5588 Lege
2612 5529 2799 5574 notam
2839 5518 2951 5588 qua
2990 5519 3089 5573 ista
3119 5519 3359 5589 priorum
3390 5518 3658 5575 editorum
3701 5520 3872 5571 errata

2296 5586 2675 5659 castigavimus
2700 5599 2833 5644 tom.
2858 5586 2909 5653 Ι,
2950 5589 3058 5659 col.
3094 5586 3249 5659 {665.

2369 5674 2391 5701 ε
2433 5656 2603 5728 Quam
2631 5660 2814 5717 dicunt
2843 5674 2873 5715 a
2902 5658 2959 5717 S.
2991 5658 3135 5717 Luca
3164 5656 3379 5716 factam.
