  <div class='ocr_page' id='page_1' title='image "/cluster/home/n/w/nwhite01/storage/ocr_20150623/75/uva.x000827087/148.png"; bbox 0 0 3992 6308; ppageno 0'>
   <div class='ocr_carea' id='block_1_1' title="bbox 182 244 275 299">
    <p class='ocr_par' dir='ltr' id='par_1_1' title="bbox 182 244 275 299">
     <span class='ocr_line' id='line_1_1' title="bbox 182 244 275 299; baseline 0.011 -2"><span class='ocrx_word' id='word_1_1' title='bbox 182 244 275 299; x_wconf 73' lang='lat'><strong>28!</strong></span> 
     </span>
    </p>
   </div>
   <div class='ocr_carea' id='block_1_2' title="bbox 672 241 2956 339">
    <p class='ocr_par' dir='ltr' id='par_1_2' title="bbox 672 241 2956 339">
     <span class='ocr_line' id='line_1_2' title="bbox 672 241 2956 339; baseline 0.008 -38"><span class='ocrx_word' id='word_1_2' title='bbox 672 246 731 301; x_wconf 88' lang='lat' dir='ltr'><strong>S.</strong></span> <span class='ocrx_word' id='word_1_3' title='bbox 771 241 1092 299; x_wconf 77' lang='lat' dir='ltr'><strong>GREGORII</strong></span> <span class='ocrx_word' id='word_1_4' title='bbox 1132 244 1345 301; x_wconf 73' lang='lat' dir='ltr'><strong>MAGNI</strong></span> <span class='ocrx_word' id='word_1_5' title='bbox 1393 246 1574 317; x_wconf 79' lang='lat' dir='ltr'><strong>VITA,</strong></span> <span class='ocrx_word' id='word_1_6' title='bbox 1618 247 1712 304; x_wconf 78' lang='lat' dir='ltr'><strong>EX</strong></span> <span class='ocrx_word' id='word_1_7' title='bbox 1756 246 1922 304; x_wconf 79' lang='lat' dir='ltr'><strong>EJUS</strong></span> <span class='ocrx_word' id='word_1_8' title='bbox 1958 249 2266 310; x_wconf 80' lang='lat' dir='ltr'><strong>SCRIPTIS</strong></span> <span class='ocrx_word' id='word_1_9' title='bbox 2307 255 2702 339; x_wconf 73' lang='lat' dir='ltr'><strong>ADORNATA.</strong></span> <span class='ocrx_word' id='word_1_10' title='bbox 2748 263 2877 321; x_wconf 68' lang='grc' dir='ltr'><strong>ΗΒ.</strong></span> <span class='ocrx_word' id='word_1_11' title='bbox 2919 266 2956 320; x_wconf 91' lang='grc'>1.</span> 
     </span>
    </p>
   </div>
   <div class='ocr_carea' id='block_1_3' title="bbox 3346 276 3452 331">
    <p class='ocr_par' dir='ltr' id='par_1_3' title="bbox 3346 276 3452 331">
     <span class='ocr_line' id='line_1_3' title="bbox 3346 276 3452 331; baseline 0.019 -2"><span class='ocrx_word' id='word_1_12' title='bbox 3346 276 3452 331; x_wconf 65' lang='lat'><strong>282</strong></span> 
     </span>
    </p>
   </div>
   <div class='ocr_carea' id='block_1_4' title="bbox 181 359 3454 447">
    <p class='ocr_par' dir='ltr' id='par_1_4' title="bbox 181 359 3454 447">
     <span class='ocr_line' id='line_1_4' title="bbox 181 359 3454 447; baseline 0.01 -34"><span class='ocrx_word' id='word_1_13' title='bbox 181 368 324 427; x_wconf 62' lang='lat' dir='ltr'><strong>sunt,</strong></span> <span class='ocrx_word' id='word_1_14' title='bbox 356 359 440 415; x_wconf 82' lang='lat' dir='ltr'><strong>vel</strong></span> <span class='ocrx_word' id='word_1_15' title='bbox 469 359 611 430; x_wconf 90' lang='lat' dir='ltr'><strong>quod</strong></span> <span class='ocrx_word' id='word_1_16' title='bbox 638 360 946 429; x_wconf 83' lang='lat' dir='ltr'><strong>ampliores,</strong></span> <span class='ocrx_word' id='word_1_17' title='bbox 973 360 1055 415; x_wconf 90' lang='lat' dir='ltr'><strong>vel</strong></span> <span class='ocrx_word' id='word_1_18' title='bbox 1086 362 1228 429; x_wconf 89' lang='lat' dir='ltr'><strong>quod</strong></span> <span class='ocrx_word' id='word_1_19' title='bbox 1252 363 1534 432; x_wconf 76' lang='lat' dir='ltr'><strong>propiores</strong></span> <span class='ocrx_word' id='word_1_20' title='bbox 1566 364 1765 427; x_wconf 88' lang='lat' dir='ltr'><strong>lorent,</strong></span> <span class='ocrx_word' id='word_1_21' title='bbox 1796 364 1844 421; x_wconf 86' lang='lat' dir='ltr'><strong>A</strong></span> <span class='ocrx_word' id='word_1_22' title='bbox 1870 363 2103 421; x_wconf 89' lang='lat' dir='ltr'><strong>electum</strong></span> <span class='ocrx_word' id='word_1_23' title='bbox 2152 369 2353 439; x_wconf 88' lang='lat' dir='ltr'><strong>studio,</strong></span> <span class='ocrx_word' id='word_1_24' title='bbox 2401 375 2691 431; x_wconf 72' lang='lat' dir='ltr'><strong>certiorem</strong></span> <span class='ocrx_word' id='word_1_25' title='bbox 2746 376 2994 445; x_wconf 77' lang='lat' dir='ltr'><strong>faciebat,</strong></span> <span class='ocrx_word' id='word_1_26' title='bbox 3052 384 3154 439; x_wconf 81' lang='lat' dir='ltr'><strong>sibi</strong></span> <span class='ocrx_word' id='word_1_27' title='bbox 3218 390 3454 447; x_wconf 83' lang='lat' dir='ltr'><strong>maxime</strong></span> 
     </span>
    </p>
   </div>
   <div class='ocr_carea' id='block_1_5' title="bbox 179 450 1762 520">
    <p class='ocr_par' dir='ltr' id='par_1_5' title="bbox 179 450 1762 520">
     <span class='ocr_line' id='line_1_5' title="bbox 179 450 1762 520; baseline 0.003 -15"><span class='ocrx_word' id='word_1_28' title='bbox 179 452 260 506; x_wconf 85' lang='lat' dir='ltr'><strong>vel</strong></span> <span class='ocrx_word' id='word_1_29' title='bbox 310 450 453 519; x_wconf 87' lang='lat' dir='ltr'><strong>quod</strong></span> <span class='ocrx_word' id='word_1_30' title='bbox 484 451 537 503; x_wconf 92' lang='lat' dir='ltr'><strong>in</strong></span> <span class='ocrx_word' id='word_1_31' title='bbox 578 450 886 520; x_wconf 82' lang='lat' dir='ltr'><strong>regionibus</strong></span> <span class='ocrx_word' id='word_1_32' title='bbox 916 451 1001 505; x_wconf 89' lang='lat' dir='ltr'><strong>ubi</strong></span> <span class='ocrx_word' id='word_1_33' title='bbox 1051 452 1169 506; x_wconf 77' lang='lat' dir='ltr'><strong>sita:</strong></span> <span class='ocrx_word' id='word_1_34' title='bbox 1193 462 1347 507; x_wconf 89' lang='lat' dir='ltr'><strong>erant</strong></span> <span class='ocrx_word' id='word_1_35' title='bbox 1383 454 1627 510; x_wconf 83' lang='lat' dir='ltr'><strong>ecclesia:</strong></span> <span class='ocrx_word' id='word_1_36' title='bbox 1659 454 1762 509; x_wconf 77' lang='lat' dir='ltr'><strong>illa:</strong></span> 
     </span>
    </p>
   </div>
   <div class='ocr_carea' id='block_1_6' title="bbox 178 542 1762 613">
    <p class='ocr_par' dir='ltr' id='par_1_6' title="bbox 178 542 1762 613">
     <span class='ocr_line' id='line_1_6' title="bbox 178 542 1762 613; baseline 0.003 -16"><span class='ocrx_word' id='word_1_37' title='bbox 178 542 343 613; x_wconf 78' lang='lat' dir='ltr'><strong>pestis</strong></span> <span class='ocrx_word' id='word_1_38' title='bbox 366 542 542 596; x_wconf 90' lang='lat' dir='ltr'><strong>minus</strong></span> <span class='ocrx_word' id='word_1_39' title='bbox 568 550 917 610; x_wconf 71' lang='lat' dir='ltr'><strong>grassaretur.</strong></span> <span class='ocrx_word' id='word_1_40' title='bbox 951 542 1212 598; x_wconf 89' lang='lat' dir='ltr'><strong>Nimirum</strong></span> <span class='ocrx_word' id='word_1_41' title='bbox 1243 546 1540 600; x_wconf 89' lang='lat' dir='ltr'><strong>cavendum</strong></span> <span class='ocrx_word' id='word_1_42' title='bbox 1567 554 1684 601; x_wconf 88' lang='lat' dir='ltr'><strong>erat</strong></span> <span class='ocrx_word' id='word_1_43' title='bbox 1731 562 1762 602; x_wconf 88' lang='lat' dir='ltr'><strong>a</strong></span> 
     </span>
    </p>
   </div>
   <div class='ocr_carea' id='block_1_7' title="bbox 176 632 1762 706">
    <p class='ocr_par' dir='ltr' id='par_1_7' title="bbox 176 632 1762 706">
     <span class='ocr_line' id='line_1_7' title="bbox 176 632 1762 706; baseline 0.003 -19"><span class='ocrx_word' id='word_1_44' title='bbox 176 632 311 688; x_wconf 89' lang='lat' dir='ltr'><strong>locis</strong></span> <span class='ocrx_word' id='word_1_45' title='bbox 342 633 395 686; x_wconf 91' lang='lat' dir='ltr'><strong>in</strong></span> <span class='ocrx_word' id='word_1_46' title='bbox 438 632 627 700; x_wconf 88' lang='lat' dir='ltr'><strong>quibus</strong></span> <span class='ocrx_word' id='word_1_47' title='bbox 664 632 838 687; x_wconf 87' lang='lat' dir='ltr'><strong>acrius</strong></span> <span class='ocrx_word' id='word_1_48' title='bbox 893 633 1115 687; x_wconf 80' lang='lat' dir='ltr'><strong>morbus</strong></span> <span class='ocrx_word' id='word_1_49' title='bbox 1172 634 1516 689; x_wconf 59' lang='lat' dir='ltr'><strong>desaeviebat.</strong></span> <span class='ocrx_word' id='word_1_50' title='bbox 1573 636 1762 706; x_wconf 82' lang='lat' dir='ltr'><strong>Itaque</strong></span> 
     </span>
    </p>
   </div>
   <div class='ocr_carea' id='block_1_8' title="bbox 175 722 1761 794">
    <p class='ocr_par' dir='ltr' id='par_1_8' title="bbox 175 722 1761 794">
     <span class='ocr_line' id='line_1_8' title="bbox 175 722 1761 794; baseline 0.005 -19"><span class='ocrx_word' id='word_1_51' title='bbox 175 724 323 791; x_wconf 74' lang='lat' dir='ltr'><strong>juxta</strong></span> <span class='ocrx_word' id='word_1_52' title='bbox 352 722 655 794; x_wconf 86' lang='lat' dir='ltr'><strong>Opinionem</strong></span> <span class='ocrx_word' id='word_1_53' title='bbox 686 723 827 777; x_wconf 89' lang='lat' dir='ltr'><strong>hanc</strong></span> <span class='ocrx_word' id='word_1_54' title='bbox 876 739 1035 794; x_wconf 89' lang='lat' dir='ltr'><strong>quam</strong></span> <span class='ocrx_word' id='word_1_55' title='bbox 1064 724 1207 779; x_wconf 91' lang='lat' dir='ltr'><strong>ultro</strong></span> <span class='ocrx_word' id='word_1_56' title='bbox 1237 724 1410 780; x_wconf 86' lang='lat' dir='ltr'><strong>fateor</strong></span> <span class='ocrx_word' id='word_1_57' title='bbox 1448 728 1636 782; x_wconf 90' lang='lat' dir='ltr'><strong>nullibi</strong></span> <span class='ocrx_word' id='word_1_58' title='bbox 1687 729 1761 783; x_wconf 89' lang='lat' dir='ltr'><strong>le-</strong></span> 
     </span>
    </p>
   </div>
   <div class='ocr_carea' id='block_1_9' title="bbox 174 814 1758 883">
    <p class='ocr_par' dir='ltr' id='par_1_9' title="bbox 174 814 1758 883">
     <span class='ocr_line' id='line_1_9' title="bbox 174 814 1758 883; baseline 0.004 -16"><span class='ocrx_word' id='word_1_59' title='bbox 174 816 315 882; x_wconf 87' lang='lat' dir='ltr'><strong>gisse</strong></span> <span class='ocrx_word' id='word_1_60' title='bbox 346 830 451 883; x_wconf 90' lang='lat' dir='ltr'><strong>me,</strong></span> <span class='ocrx_word' id='word_1_61' title='bbox 483 824 595 869; x_wconf 91' lang='lat' dir='ltr'><strong>tum</strong></span> <span class='ocrx_word' id='word_1_62' title='bbox 624 814 867 871; x_wconf 83' lang='lat' dir='ltr'><strong>Ecclesia</strong></span> <span class='ocrx_word' id='word_1_63' title='bbox 897 815 955 869; x_wconf 92' lang='lat' dir='ltr'><strong>S.</strong></span> <span class='ocrx_word' id='word_1_64' title='bbox 984 814 1228 883; x_wconf 86' lang='lat' dir='ltr'><strong>Joannis,</strong></span> <span class='ocrx_word' id='word_1_65' title='bbox 1292 825 1402 871; x_wconf 91' lang='lat' dir='ltr'><strong>tum</strong></span> <span class='ocrx_word' id='word_1_66' title='bbox 1448 830 1758 874; x_wconf 87' lang='lat' dir='ltr'><strong>sanctorum</strong></span> 
     </span>
    </p>
   </div>
   <div class='ocr_carea' id='block_1_10' title="bbox 173 907 1758 980">
    <p class='ocr_par' dir='ltr' id='par_1_10' title="bbox 173 907 1758 980">
     <span class='ocr_line' id='line_1_10' title="bbox 173 907 1758 980; baseline 0.003 -20"><span class='ocrx_word' id='word_1_67' title='bbox 173 915 469 977; x_wconf 85' lang='lat' dir='ltr'><strong>martyrum</strong></span> <span class='ocrx_word' id='word_1_68' title='bbox 498 907 702 962; x_wconf 62' lang='lat' dir='ltr'><strong>Canna:</strong></span> <span class='ocrx_word' id='word_1_69' title='bbox 749 919 804 963; x_wconf 87' lang='lat' dir='ltr'><strong>et</strong></span> <span class='ocrx_word' id='word_1_70' title='bbox 834 909 1078 963; x_wconf 88' lang='lat' dir='ltr'><strong>Damiani</strong></span> <span class='ocrx_word' id='word_1_71' title='bbox 1106 908 1399 980; x_wconf 76' lang='lat' dir='ltr'><strong>designatae</strong></span> <span class='ocrx_word' id='word_1_72' title='bbox 1448 920 1591 973; x_wconf 80' lang='lat' dir='ltr'><strong>sunt,</strong></span> <span class='ocrx_word' id='word_1_73' title='bbox 1650 927 1758 980; x_wconf 91' lang='lat' dir='ltr'><strong>quo</strong></span> 
     </span>
    </p>
   </div>
   <div class='ocr_carea' id='block_1_11' title="bbox 169 999 1760 1072">
    <p class='ocr_par' dir='ltr' id='par_1_11' title="bbox 169 999 1760 1072">
     <span class='ocr_line' id='line_1_11' title="bbox 169 999 1760 1072; baseline 0.006 -22"><span class='ocrx_word' id='word_1_74' title='bbox 169 999 487 1054; x_wconf 84' lang='lat' dir='ltr'><strong>conveniret</strong></span> <span class='ocrx_word' id='word_1_75' title='bbox 506 999 691 1053; x_wconf 83' lang='lat' dir='ltr'><strong>litania</strong></span> <span class='ocrx_word' id='word_1_76' title='bbox 710 1001 1056 1069; x_wconf 84' lang='lat' dir='ltr'><strong>clericorum,</strong></span> <span class='ocrx_word' id='word_1_77' title='bbox 1085 1009 1140 1056; x_wconf 92' lang='lat' dir='ltr'><strong>et</strong></span> <span class='ocrx_word' id='word_1_78' title='bbox 1179 1003 1319 1057; x_wconf 91' lang='lat' dir='ltr'><strong>unde</strong></span> <span class='ocrx_word' id='word_1_79' title='bbox 1346 1009 1533 1071; x_wconf 90' lang='lat' dir='ltr'><strong>postea</strong></span> <span class='ocrx_word' id='word_1_80' title='bbox 1569 1018 1760 1072; x_wconf 88' lang='lat' dir='ltr'><strong>proce-</strong></span> 
     </span>
    </p>
   </div>
   <div class='ocr_carea' id='block_1_12' title="bbox 165 1088 1757 1162">
    <p class='ocr_par' dir='ltr' id='par_1_12' title="bbox 165 1088 1757 1162">
     <span class='ocr_line' id='line_1_12' title="bbox 165 1088 1757 1162; baseline 0.004 -19"><span class='ocrx_word' id='word_1_81' title='bbox 165 1088 325 1144; x_wconf 83' lang='lat' dir='ltr'><strong>deret</strong></span> <span class='ocrx_word' id='word_1_82' title='bbox 378 1091 543 1161; x_wconf 91' lang='lat' dir='ltr'><strong>(idem</strong></span> <span class='ocrx_word' id='word_1_83' title='bbox 570 1091 636 1145; x_wconf 91' lang='lat' dir='ltr'><strong>de</strong></span> <span class='ocrx_word' id='word_1_84' title='bbox 659 1092 869 1147; x_wconf 59' lang='lat' dir='ltr'><strong>caeteris</strong></span> <span class='ocrx_word' id='word_1_85' title='bbox 906 1094 958 1146; x_wconf 93' lang='lat' dir='ltr'><strong>in</strong></span> <span class='ocrx_word' id='word_1_86' title='bbox 989 1094 1181 1162; x_wconf 85' lang='lat' dir='ltr'><strong>quibus</strong></span> <span class='ocrx_word' id='word_1_87' title='bbox 1209 1094 1493 1148; x_wconf 88' lang='lat' dir='ltr'><strong>discrimen</strong></span> <span class='ocrx_word' id='word_1_88' title='bbox 1526 1102 1629 1160; x_wconf 88' lang='lat' dir='ltr'><strong>est,</strong></span> <span class='ocrx_word' id='word_1_89' title='bbox 1676 1095 1757 1149; x_wconf 82' lang='lat' dir='ltr'><strong>di-</strong></span> 
     </span>
    </p>
   </div>
   <div class='ocr_carea' id='block_1_13' title="bbox 163 1182 1757 1252">
    <p class='ocr_par' dir='ltr' id='par_1_13' title="bbox 163 1182 1757 1252">
     <span class='ocr_line' id='line_1_13' title="bbox 163 1182 1757 1252; baseline 0.005 -20"><span class='ocrx_word' id='word_1_90' title='bbox 163 1182 474 1252; x_wconf 88' lang='lat' dir='ltr'><strong>cendum),</strong></span> <span class='ocrx_word' id='word_1_91' title='bbox 538 1182 634 1238; x_wconf 82' lang='lat' dir='ltr'><strong>sed</strong></span> <span class='ocrx_word' id='word_1_92' title='bbox 692 1184 758 1238; x_wconf 85' lang='lat' dir='ltr'><strong>ad</strong></span> <span class='ocrx_word' id='word_1_93' title='bbox 821 1184 1135 1238; x_wconf 85' lang='lat' dir='ltr'><strong>alterutram</strong></span> <span class='ocrx_word' id='word_1_94' title='bbox 1187 1191 1390 1238; x_wconf 90' lang='lat' dir='ltr'><strong>tantum</strong></span> <span class='ocrx_word' id='word_1_95' title='bbox 1453 1200 1757 1241; x_wconf 89' lang='lat' dir='ltr'><strong>convenere</strong></span> 
     </span>
    </p>
   </div>
   <div class='ocr_carea' id='block_1_14' title="bbox 160 1272 372 1329">
    <p class='ocr_par' dir='ltr' id='par_1_14' title="bbox 160 1272 372 1329">
     <span class='ocr_line' id='line_1_14' title="bbox 160 1272 372 1329; baseline 0.014 -3"><span class='ocrx_word' id='word_1_96' title='bbox 160 1272 372 1329; x_wconf 80' lang='lat' dir='ltr'><strong>clerici.</strong></span> 
     </span>
    </p>
   </div>
   <div class='ocr_carea' id='block_1_15' title="bbox 232 1364 1755 1437">
    <p class='ocr_par' dir='ltr' id='par_1_15' title="bbox 232 1364 1755 1437">
     <span class='ocr_line' id='line_1_15' title="bbox 232 1364 1755 1437; baseline 0.003 -20"><span class='ocrx_word' id='word_1_97' title='bbox 232 1364 319 1418; x_wconf 77' lang='lat' dir='ltr'><strong>Ab</strong></span> <span class='ocrx_word' id='word_1_98' title='bbox 368 1365 472 1420; x_wconf 88' lang='lat' dir='ltr'><strong>illis</strong></span> <span class='ocrx_word' id='word_1_99' title='bbox 498 1366 981 1437; x_wconf 84' lang='lat' dir='ltr'><strong>supplicationibus</strong></span> <span class='ocrx_word' id='word_1_100' title='bbox 1019 1367 1281 1437; x_wconf 81' lang='lat' dir='ltr'><strong>originem</strong></span> <span class='ocrx_word' id='word_1_101' title='bbox 1312 1369 1539 1423; x_wconf 69' lang='lat' dir='ltr'><strong>traxisse</strong></span> <span class='ocrx_word' id='word_1_102' title='bbox 1569 1368 1755 1423; x_wconf 89' lang='lat' dir='ltr'><strong>viden-</strong></span> 
     </span>
    </p>
   </div>
   <div class='ocr_carea' id='block_1_16' title="bbox 158 1456 1751 1527">
    <p class='ocr_par' dir='ltr' id='par_1_16' title="bbox 158 1456 1751 1527">
     <span class='ocr_line' id='line_1_16' title="bbox 158 1456 1751 1527; baseline 0.005 -21"><span class='ocrx_word' id='word_1_103' title='bbox 158 1463 252 1507; x_wconf 85' lang='lat' dir='ltr'><strong>tur</strong></span> <span class='ocrx_word' id='word_1_104' title='bbox 282 1464 310 1491; x_wconf 72' lang='grc'>⁸</span> <span class='ocrx_word' id='word_1_105' title='bbox 369 1456 570 1512; x_wconf 83' lang='lat' dir='ltr'><strong>litaniae</strong></span> <span class='ocrx_word' id='word_1_106' title='bbox 617 1472 737 1527; x_wconf 79' lang='lat' dir='ltr'><strong>qua:</strong></span> <span class='ocrx_word' id='word_1_107' title='bbox 787 1458 1035 1513; x_wconf 88' lang='lat' dir='ltr'><strong>dicuntur</strong></span> <span class='ocrx_word' id='word_1_108' title='bbox 1076 1458 1330 1527; x_wconf 86' lang='lat' dir='ltr'><strong>majores,</strong></span> <span class='ocrx_word' id='word_1_109' title='bbox 1373 1458 1501 1513; x_wconf 87' lang='lat' dir='ltr'><strong>etin</strong></span> <span class='ocrx_word' id='word_1_110' title='bbox 1528 1458 1663 1513; x_wconf 80' lang='lat' dir='ltr'><strong>festo</strong></span> <span class='ocrx_word' id='word_1_111' title='bbox 1693 1458 1751 1514; x_wconf 90' lang='lat' dir='ltr'><strong>S.</strong></span> 
     </span>
    </p>
   </div>
   <div class='ocr_carea' id='block_1_17' title="bbox 154 1544 1755 1619">
    <p class='ocr_par' dir='ltr' id='par_1_17' title="bbox 154 1544 1755 1619">
     <span class='ocr_line' id='line_1_17' title="bbox 154 1544 1755 1619; baseline 0.004 -22"><span class='ocrx_word' id='word_1_112' title='bbox 154 1544 326 1600; x_wconf 76' lang='lat' dir='ltr'><strong>Marci</strong></span> <span class='ocrx_word' id='word_1_113' title='bbox 361 1548 655 1616; x_wconf 89' lang='lat' dir='ltr'><strong>quotannis</strong></span> <span class='ocrx_word' id='word_1_114' title='bbox 677 1549 1051 1615; x_wconf 86' lang='lat' dir='ltr'><strong>celebrantur,</strong></span> <span class='ocrx_word' id='word_1_115' title='bbox 1099 1564 1219 1603; x_wconf 92' lang='lat' dir='ltr'><strong>cum</strong></span> <span class='ocrx_word' id='word_1_116' title='bbox 1272 1549 1374 1602; x_wconf 77' lang='lat' dir='ltr'><strong>illa:</strong></span> <span class='ocrx_word' id='word_1_117' title='bbox 1417 1565 1537 1619; x_wconf 83' lang='lat' dir='ltr'><strong>quae</strong></span> <span class='ocrx_word' id='word_1_118' title='bbox 1582 1550 1635 1603; x_wconf 93' lang='lat' dir='ltr'><strong>in</strong></span> <span class='ocrx_word' id='word_1_119' title='bbox 1668 1551 1755 1604; x_wconf 89' lang='lat' dir='ltr'><strong>tri-</strong></span> 
     </span>
    </p>
   </div>
   <div class='ocr_carea' id='block_1_18' title="bbox 156 1638 1751 1706">
    <p class='ocr_par' dir='ltr' id='par_1_18' title="bbox 156 1638 1751 1706">
     <span class='ocr_line' id='line_1_18' title="bbox 156 1638 1751 1706; baseline 0.004 -16"><span class='ocrx_word' id='word_1_120' title='bbox 156 1638 271 1692; x_wconf 87' lang='lat' dir='ltr'><strong>duo</strong></span> <span class='ocrx_word' id='word_1_121' title='bbox 303 1647 438 1695; x_wconf 90' lang='lat' dir='ltr'><strong>ante</strong></span> <span class='ocrx_word' id='word_1_122' title='bbox 466 1641 850 1695; x_wconf 86' lang='lat' dir='ltr'><strong>Ascensionem</strong></span> <span class='ocrx_word' id='word_1_123' title='bbox 906 1639 1115 1695; x_wconf 91' lang='lat' dir='ltr'><strong>Domini</strong></span> <span class='ocrx_word' id='word_1_124' title='bbox 1166 1640 1317 1706; x_wconf 85' lang='lat' dir='ltr'><strong>iiunt,</strong></span> <span class='ocrx_word' id='word_1_125' title='bbox 1362 1640 1611 1697; x_wconf 86' lang='lat' dir='ltr'><strong>dicantur</strong></span> <span class='ocrx_word' id='word_1_126' title='bbox 1647 1642 1751 1697; x_wconf 88' lang='lat' dir='ltr'><strong>mi-</strong></span> 
     </span>
    </p>
   </div>
   <div class='ocr_carea' id='block_1_19' title="bbox 153 1726 529 1783">
    <p class='ocr_par' dir='ltr' id='par_1_19' title="bbox 153 1726 529 1783">
     <span class='ocr_line' id='line_1_19' title="bbox 153 1726 529 1783; baseline 0.013 -2"><span class='ocrx_word' id='word_1_127' title='bbox 153 1742 347 1783; x_wconf 81' lang='lat' dir='ltr'><strong>nores.</strong></span> <span class='ocrx_word' id='word_1_128' title='bbox 523 1726 529 1731; x_wconf 60' lang='grc'><strong>’</strong></span> 
     </span>
    </p>
   </div>
   <div class='ocr_carea' id='block_1_20' title="bbox 228 1821 1753 1892">
    <p class='ocr_par' dir='ltr' id='par_1_20' title="bbox 228 1821 1753 1892">
     <span class='ocr_line' id='line_1_20' title="bbox 228 1821 1753 1892; baseline 0.002 -15"><span class='ocrx_word' id='word_1_129' title='bbox 228 1824 286 1877; x_wconf 85' lang='lat'><strong>7.</strong></span> <span class='ocrx_word' id='word_1_130' title='bbox 355 1822 533 1890; x_wconf 76' lang='lat' dir='ltr'><strong>Quteri</strong></span> <span class='ocrx_word' id='word_1_131' title='bbox 563 1830 745 1892; x_wconf 88' lang='lat' dir='ltr'><strong>potest</strong></span> <span class='ocrx_word' id='word_1_132' title='bbox 795 1836 904 1891; x_wconf 91' lang='lat' dir='ltr'><strong>quo</strong></span> <span class='ocrx_word' id='word_1_133' title='bbox 956 1821 1174 1876; x_wconf 88' lang='lat' dir='ltr'><strong>nomine</strong></span> <span class='ocrx_word' id='word_1_134' title='bbox 1226 1835 1402 1891; x_wconf 86' lang='lat' dir='ltr'><strong>quave</strong></span> <span class='ocrx_word' id='word_1_135' title='bbox 1428 1824 1753 1881; x_wconf 88' lang='lat' dir='ltr'><strong>auctoritate</strong></span> 
     </span>
    </p>
   </div>
   <div class='ocr_carea' id='block_1_21' title="bbox 154 1913 1751 1987">
    <p class='ocr_par' dir='ltr' id='par_1_21' title="bbox 154 1913 1751 1987">
     <span class='ocr_line' id='line_1_21' title="bbox 154 1913 1751 1987; baseline 0.005 -21"><span class='ocrx_word' id='word_1_136' title='bbox 154 1913 456 1984; x_wconf 78' lang='lat' dir='ltr'><strong>Gregorius</strong></span> <span class='ocrx_word' id='word_1_137' title='bbox 484 1914 661 1969; x_wconf 88' lang='lat' dir='ltr'><strong>adhuc</strong></span> <span class='ocrx_word' id='word_1_138' title='bbox 711 1914 969 1970; x_wconf 87' lang='lat' dir='ltr'><strong>diaconus</strong></span> <span class='ocrx_word' id='word_1_139' title='bbox 999 1922 1230 1983; x_wconf 90' lang='lat' dir='ltr'><strong>tantum,</strong></span> <span class='ocrx_word' id='word_1_140' title='bbox 1285 1915 1489 1972; x_wconf 89' lang='lat' dir='ltr'><strong>electus</strong></span> <span class='ocrx_word' id='word_1_141' title='bbox 1534 1918 1751 1987; x_wconf 88' lang='lat' dir='ltr'><strong>quidem</strong></span> 
     </span>
    </p>
   </div>
   <div class='ocr_carea' id='block_1_22' title="bbox 155 2004 1752 2077">
    <p class='ocr_par' dir='ltr' id='par_1_22' title="bbox 155 2004 1752 2077">
     <span class='ocr_line' id='line_1_22' title="bbox 155 2004 1752 2077; baseline 0.003 -18"><span class='ocrx_word' id='word_1_142' title='bbox 155 2007 221 2059; x_wconf 84' lang='lat' dir='ltr'><strong>ad</strong></span> <span class='ocrx_word' id='word_1_143' title='bbox 280 2004 671 2077; x_wconf 81' lang='lat' dir='ltr'><strong>pontiﬁcatum,</strong></span> <span class='ocrx_word' id='word_1_144' title='bbox 721 2004 815 2060; x_wconf 87' lang='lat' dir='ltr'><strong>sed</strong></span> <span class='ocrx_word' id='word_1_145' title='bbox 868 2005 1106 2060; x_wconf 90' lang='lat' dir='ltr'><strong>nondum</strong></span> <span class='ocrx_word' id='word_1_146' title='bbox 1143 2006 1445 2071; x_wconf 89' lang='lat' dir='ltr'><strong>ordinatus,</strong></span> <span class='ocrx_word' id='word_1_147' title='bbox 1498 2006 1752 2065; x_wconf 75' lang='lat' dir='ltr'><strong>Ecclesia:</strong></span> 
     </span>
    </p>
   </div>
   <div class='ocr_carea' id='block_1_23' title="bbox 156 2096 1750 2170">
    <p class='ocr_par' dir='ltr' id='par_1_23' title="bbox 156 2096 1750 2170">
     <span class='ocr_line' id='line_1_23' title="bbox 156 2096 1750 2170; baseline 0.003 -19"><span class='ocrx_word' id='word_1_148' title='bbox 156 2097 421 2153; x_wconf 70' lang='lat' dir='ltr'><strong>Romanae</strong></span> <span class='ocrx_word' id='word_1_149' title='bbox 441 2096 911 2167; x_wconf 84' lang='lat' dir='ltr'><strong>gubernationem,</strong></span> <span class='ocrx_word' id='word_1_150' title='bbox 940 2098 1176 2167; x_wconf 88' lang='lat' dir='ltr'><strong>quodam</strong></span> <span class='ocrx_word' id='word_1_151' title='bbox 1213 2100 1375 2155; x_wconf 90' lang='lat' dir='ltr'><strong>modo</strong></span> <span class='ocrx_word' id='word_1_152' title='bbox 1399 2115 1750 2170; x_wconf 81' lang='lat' dir='ltr'><strong>praeoccupa-</strong></span> 
     </span>
    </p>
   </div>
   <div class='ocr_carea' id='block_1_24' title="bbox 156 2190 1751 2261">
    <p class='ocr_par' dir='ltr' id='par_1_24' title="bbox 156 2190 1751 2261">
     <span class='ocr_line' id='line_1_24' title="bbox 156 2190 1751 2261; baseline 0.004 -19"><span class='ocrx_word' id='word_1_153' title='bbox 156 2192 260 2255; x_wconf 79' lang='lat' dir='ltr'><strong>vit,</strong></span> <span class='ocrx_word' id='word_1_154' title='bbox 293 2191 472 2246; x_wconf 85' lang='lat' dir='ltr'><strong>omnia</strong></span> <span class='ocrx_word' id='word_1_155' title='bbox 500 2205 619 2259; x_wconf 78' lang='lat' dir='ltr'><strong>qua:</strong></span> <span class='ocrx_word' id='word_1_156' title='bbox 646 2190 894 2261; x_wconf 82' lang='lat' dir='ltr'><strong>superius</strong></span> <span class='ocrx_word' id='word_1_157' title='bbox 922 2190 1205 2246; x_wconf 87' lang='lat' dir='ltr'><strong>retulimus</strong></span> <span class='ocrx_word' id='word_1_158' title='bbox 1226 2190 1587 2248; x_wconf 89' lang='lat' dir='ltr'><strong>decernendo.</strong></span> <span class='ocrx_word' id='word_1_159' title='bbox 1614 2191 1751 2249; x_wconf 85' lang='lat' dir='ltr'><strong>Eum</strong></span> 
     </span>
    </p>
   </div>
   <div class='ocr_carea' id='block_1_25' title="bbox 158 2280 1752 2355">
    <p class='ocr_par' dir='ltr' id='par_1_25' title="bbox 158 2280 1752 2355">
     <span class='ocr_line' id='line_1_25' title="bbox 158 2280 1752 2355; baseline 0.004 -20"><span class='ocrx_word' id='word_1_160' title='bbox 158 2280 387 2350; x_wconf 86' lang='lat' dir='ltr'><strong>quidem</strong></span> <span class='ocrx_word' id='word_1_161' title='bbox 411 2281 523 2351; x_wconf 90' lang='lat' dir='ltr'><strong>jam</strong></span> <span class='ocrx_word' id='word_1_162' title='bbox 571 2281 941 2353; x_wconf 81' lang='lat' dir='ltr'><strong>presbyterum</strong></span> <span class='ocrx_word' id='word_1_163' title='bbox 982 2281 1181 2337; x_wconf 90' lang='lat' dir='ltr'><strong>factum</strong></span> <span class='ocrx_word' id='word_1_164' title='bbox 1204 2282 1369 2340; x_wconf 88' lang='lat' dir='ltr'><strong>fuisse</strong></span> <span class='ocrx_word' id='word_1_165' title='bbox 1398 2292 1590 2355; x_wconf 88' lang='lat' dir='ltr'><strong>putant</strong></span> <span class='ocrx_word' id='word_1_166' title='bbox 1614 2299 1752 2341; x_wconf 81' lang='lat' dir='ltr'><strong>non-</strong></span> 
     </span>
    </p>
   </div>
   <div class='ocr_carea' id='block_1_26' title="bbox 157 2370 1749 2444">
    <p class='ocr_par' dir='ltr' id='par_1_26' title="bbox 157 2370 1749 2444">
     <span class='ocr_line' id='line_1_26' title="bbox 157 2370 1749 2444; baseline 0.006 -21"><span class='ocrx_word' id='word_1_167' title='bbox 157 2371 316 2434; x_wconf 88' lang='lat' dir='ltr'><strong>nulli,</strong></span> <span class='ocrx_word' id='word_1_168' title='bbox 348 2386 482 2440; x_wconf 90' lang='lat' dir='ltr'><strong>quos</strong></span> <span class='ocrx_word' id='word_1_169' title='bbox 507 2370 649 2426; x_wconf 91' lang='lat' dir='ltr'><strong>inter</strong></span> <span class='ocrx_word' id='word_1_170' title='bbox 675 2372 876 2427; x_wconf 89' lang='lat' dir='ltr'><strong>eminet</strong></span> <span class='ocrx_word' id='word_1_171' title='bbox 904 2372 1184 2439; x_wconf 87' lang='lat' dir='ltr'><strong>Baronius,</strong></span> <span class='ocrx_word' id='word_1_172' title='bbox 1215 2382 1437 2444; x_wconf 90' lang='lat' dir='ltr'><strong>propter</strong></span> <span class='ocrx_word' id='word_1_173' title='bbox 1472 2374 1561 2430; x_wconf 90' lang='lat' dir='ltr'><strong>illa</strong></span> <span class='ocrx_word' id='word_1_174' title='bbox 1587 2376 1656 2432; x_wconf 92' lang='lat' dir='ltr'><strong>de</strong></span> <span class='ocrx_word' id='word_1_175' title='bbox 1681 2390 1749 2432; x_wconf 90' lang='lat' dir='ltr'><strong>eo</strong></span> 
     </span>
    </p>
   </div>
   <div class='ocr_carea' id='block_1_27' title="bbox 157 2462 1750 2533">
    <p class='ocr_par' dir='ltr' id='par_1_27' title="bbox 157 2462 1750 2533">
     <span class='ocr_line' id='line_1_27' title="bbox 157 2462 1750 2533; baseline 0.006 -16"><span class='ocrx_word' id='word_1_176' title='bbox 157 2463 406 2533; x_wconf 80' lang='lat' dir='ltr'><strong>Gregorii</strong></span> <span class='ocrx_word' id='word_1_177' title='bbox 435 2462 762 2519; x_wconf 88' lang='lat' dir='ltr'><strong>Turonensis</strong></span> <span class='ocrx_word' id='word_1_178' title='bbox 789 2464 932 2520; x_wconf 91' lang='lat' dir='ltr'><strong>dicta</strong></span> <span class='ocrx_word' id='word_1_179' title='bbox 966 2483 980 2518; x_wconf 91' lang='lat'><strong>:</strong></span> <span class='ocrx_word' id='word_1_180' title='bbox 1032 2465 1138 2521; x_wconf 59' lang='lat' dir='ltr'><strong>Sed</strong></span> <span class='ocrx_word' id='word_1_181' title='bbox 1164 2484 1266 2521; x_wconf 85' lang='lat' dir='ltr'><strong>non</strong></span> <span class='ocrx_word' id='word_1_182' title='bbox 1288 2467 1483 2522; x_wconf 75' lang='lat' dir='ltr'><strong>destitit</strong></span> <span class='ocrx_word' id='word_1_183' title='bbox 1505 2468 1750 2528; x_wconf 72' lang='lat' dir='ltr'><strong>sacerdos</strong></span> 
     </span>
    </p>
   </div>
   <div class='ocr_carea' id='block_1_28' title="bbox 158 2555 1749 2624">
    <p class='ocr_par' dir='ltr' id='par_1_28' title="bbox 158 2555 1749 2624">
     <span class='ocr_line' id='line_1_28' title="bbox 158 2555 1749 2624; baseline 0.006 -17"><span class='ocrx_word' id='word_1_184' title='bbox 158 2562 336 2607; x_wconf 82' lang='lat' dir='ltr'><strong>tantus</strong></span> <span class='ocrx_word' id='word_1_185' title='bbox 365 2555 651 2623; x_wconf 75' lang='lat' dir='ltr'><strong>prtedicare</strong></span> <span class='ocrx_word' id='word_1_186' title='bbox 680 2571 762 2624; x_wconf 72' lang='lat' dir='ltr'><strong>po;</strong></span> <span class='ocrx_word' id='word_1_187' title='bbox 782 2555 888 2620; x_wconf 90' lang='lat' dir='ltr'><strong>ulo,</strong></span> <span class='ocrx_word' id='word_1_188' title='bbox 912 2562 1019 2610; x_wconf 90' lang='lat' dir='ltr'><strong>etc.</strong></span> <span class='ocrx_word' id='word_1_189' title='bbox 1073 2556 1144 2609; x_wconf 84' lang='lat' dir='ltr'><strong>At</strong></span> <span class='ocrx_word' id='word_1_190' title='bbox 1170 2571 1303 2612; x_wconf 91' lang='lat' dir='ltr'><strong>vero</strong></span> <span class='ocrx_word' id='word_1_191' title='bbox 1333 2558 1628 2614; x_wconf 84' lang='lat' dir='ltr'><strong>sacerdotis</strong></span> <span class='ocrx_word' id='word_1_192' title='bbox 1652 2575 1749 2616; x_wconf 86' lang='lat' dir='ltr'><strong>no-</strong></span> 
     </span>
    </p>
   </div>
   <div class='ocr_carea' id='block_1_29' title="bbox 157 2646 1746 2721">
    <p class='ocr_par' dir='ltr' id='par_1_29' title="bbox 157 2646 1746 2721">
     <span class='ocr_line' id='line_1_29' title="bbox 157 2646 1746 2721; baseline 0.006 -24"><span class='ocrx_word' id='word_1_193' title='bbox 157 2646 303 2701; x_wconf 86' lang='lat' dir='ltr'><strong>mine</strong></span> <span class='ocrx_word' id='word_1_194' title='bbox 343 2661 453 2701; x_wconf 89' lang='lat' dir='ltr'><strong>non</strong></span> <span class='ocrx_word' id='word_1_195' title='bbox 505 2647 756 2701; x_wconf 89' lang='lat' dir='ltr'><strong>solebant</strong></span> <span class='ocrx_word' id='word_1_196' title='bbox 783 2656 993 2702; x_wconf 88' lang='lat' dir='ltr'><strong>veteres</strong></span> <span class='ocrx_word' id='word_1_197' title='bbox 1042 2647 1326 2716; x_wconf 86' lang='lat' dir='ltr'><strong>designare</strong></span> <span class='ocrx_word' id='word_1_198' title='bbox 1350 2651 1746 2721; x_wconf 81' lang='lat' dir='ltr'><strong>presbyterum.</strong></span> 
     </span>
    </p>
   </div>
   <div class='ocr_carea' id='block_1_30' title="bbox 158 2733 1751 2808">
    <p class='ocr_par' dir='ltr' id='par_1_30' title="bbox 158 2733 1751 2808">
     <span class='ocr_line' id='line_1_30' title="bbox 158 2733 1751 2808; baseline 0.005 -20"><span class='ocrx_word' id='word_1_199' title='bbox 158 2733 342 2805; x_wconf 81' lang='lat' dir='ltr'><strong>Itaque</strong></span> <span class='ocrx_word' id='word_1_200' title='bbox 371 2735 700 2793; x_wconf 66' lang='lat' dir='ltr'><strong>Turonensis</strong></span> <span class='ocrx_word' id='word_1_201' title='bbox 727 2738 1023 2808; x_wconf 87' lang='lat' dir='ltr'><strong>episcopus</strong></span> <span class='ocrx_word' id='word_1_202' title='bbox 1046 2747 1290 2794; x_wconf 91' lang='lat' dir='ltr'><strong>nostrum</strong></span> <span class='ocrx_word' id='word_1_203' title='bbox 1320 2736 1640 2808; x_wconf 79' lang='lat' dir='ltr'><strong>Gregorium</strong></span> <span class='ocrx_word' id='word_1_204' title='bbox 1662 2742 1751 2797; x_wconf 87' lang='lat' dir='ltr'><strong>hic</strong></span> 
     </span>
    </p>
   </div>
   <div class='ocr_carea' id='block_1_31' title="bbox 159 2826 1752 2901">
    <p class='ocr_par' dir='ltr' id='par_1_31' title="bbox 159 2826 1752 2901">
     <span class='ocr_line' id='line_1_31' title="bbox 159 2826 1752 2901; baseline 0.004 -20"><span class='ocrx_word' id='word_1_205' title='bbox 159 2843 265 2882; x_wconf 85' lang='lat' dir='ltr'><strong>non</strong></span> <span class='ocrx_word' id='word_1_206' title='bbox 315 2826 421 2881; x_wconf 87' lang='lat' dir='ltr'><strong>alia</strong></span> <span class='ocrx_word' id='word_1_207' title='bbox 451 2827 661 2883; x_wconf 89' lang='lat' dir='ltr'><strong>ratione</strong></span> <span class='ocrx_word' id='word_1_208' title='bbox 713 2829 1051 2883; x_wconf 88' lang='lat' dir='ltr'><strong>sacerdotem</strong></span> <span class='ocrx_word' id='word_1_209' title='bbox 1091 2830 1347 2900; x_wconf 87' lang='lat' dir='ltr'><strong>appellat,</strong></span> <span class='ocrx_word' id='word_1_210' title='bbox 1401 2846 1560 2901; x_wconf 90' lang='lat' dir='ltr'><strong>quam</strong></span> <span class='ocrx_word' id='word_1_211' title='bbox 1604 2831 1752 2901; x_wconf 90' lang='lat' dir='ltr'><strong>quod</strong></span> 
     </span>
    </p>
   </div>
   <div class='ocr_carea' id='block_1_32' title="bbox 159 2918 1749 2993">
    <p class='ocr_par' dir='ltr' id='par_1_32' title="bbox 159 2918 1749 2993">
     <span class='ocr_line' id='line_1_32' title="bbox 159 2918 1749 2993; baseline 0.003 -21"><span class='ocrx_word' id='word_1_212' title='bbox 159 2926 297 2973; x_wconf 83' lang='lat' dir='ltr'><strong>esset</strong></span> <span class='ocrx_word' id='word_1_213' title='bbox 334 2918 405 2972; x_wconf 90' lang='lat' dir='ltr'><strong>ad</strong></span> <span class='ocrx_word' id='word_1_214' title='bbox 452 2934 718 2973; x_wconf 92' lang='lat' dir='ltr'><strong>summum</strong></span> <span class='ocrx_word' id='word_1_215' title='bbox 760 2920 963 2975; x_wconf 88' lang='lat' dir='ltr'><strong>electus</strong></span> <span class='ocrx_word' id='word_1_216' title='bbox 992 2921 1390 2987; x_wconf 88' lang='lat' dir='ltr'><strong>sacerdotium;</strong></span> <span class='ocrx_word' id='word_1_217' title='bbox 1421 2921 1561 2977; x_wconf 93' lang='lat' dir='ltr'><strong>unde</strong></span> <span class='ocrx_word' id='word_1_218' title='bbox 1589 2922 1749 2993; x_wconf 90' lang='lat' dir='ltr'><strong>paulo</strong></span> 
     </span>
    </p>
   </div>
   <div class='ocr_carea' id='block_1_33' title="bbox 161 3010 1749 3079">
    <p class='ocr_par' dir='ltr' id='par_1_33' title="bbox 161 3010 1749 3079">
     <span class='ocr_line' id='line_1_33' title="bbox 161 3010 1749 3079; baseline 0.003 -15"><span class='ocrx_word' id='word_1_219' title='bbox 161 3019 277 3079; x_wconf 90' lang='lat' dir='ltr'><strong>post</strong></span> <span class='ocrx_word' id='word_1_220' title='bbox 310 3026 421 3065; x_wconf 90' lang='lat' dir='ltr'><strong>non</strong></span> <span class='ocrx_word' id='word_1_221' title='bbox 470 3010 699 3066; x_wconf 86' lang='lat' dir='ltr'><strong>obscure</strong></span> <span class='ocrx_word' id='word_1_222' title='bbox 747 3012 925 3066; x_wconf 90' lang='lat' dir='ltr'><strong>innuit</strong></span> <span class='ocrx_word' id='word_1_223' title='bbox 975 3028 1098 3066; x_wconf 89' lang='lat' dir='ltr'><strong>eum</strong></span> <span class='ocrx_word' id='word_1_224' title='bbox 1127 3012 1302 3068; x_wconf 89' lang='lat' dir='ltr'><strong>adhuc</strong></span> <span class='ocrx_word' id='word_1_225' title='bbox 1350 3013 1402 3067; x_wconf 91' lang='lat' dir='ltr'><strong>in</strong></span> <span class='ocrx_word' id='word_1_226' title='bbox 1431 3013 1749 3069; x_wconf 86' lang='lat' dir='ltr'><strong>diaconatus</strong></span> 
     </span>
    </p>
   </div>
   <div class='ocr_carea' id='block_1_34' title="bbox 1868 458 3447 547">
    <p class='ocr_par' dir='ltr' id='par_1_34' title="bbox 1868 458 3447 547">
     <span class='ocr_line' id='line_1_34' title="bbox 1868 458 3447 547; baseline 0.016 -36"><span class='ocrx_word' id='word_1_227' title='bbox 1868 458 2161 515; x_wconf 90' lang='lat' dir='ltr'><strong>timendum</strong></span> <span class='ocrx_word' id='word_1_228' title='bbox 2216 472 2383 530; x_wconf 90' lang='lat' dir='ltr'><strong>ratus,</strong></span> <span class='ocrx_word' id='word_1_229' title='bbox 2441 467 2507 522; x_wconf 91' lang='lat' dir='ltr'><strong>de</strong></span> <span class='ocrx_word' id='word_1_230' title='bbox 2557 470 2678 536; x_wconf 83' lang='lat' dir='ltr'><strong>fuga</strong></span> <span class='ocrx_word' id='word_1_231' title='bbox 2721 475 3115 543; x_wconf 85' lang='lat' dir='ltr'><strong>quamprimum</strong></span> <span class='ocrx_word' id='word_1_232' title='bbox 3171 479 3447 547; x_wconf 81' lang='lat' dir='ltr'><strong>cogitavit.</strong></span> 
     </span>
    </p>
   </div>
   <div class='ocr_carea' id='block_1_35' title="bbox 1864 549 3451 643">
    <p class='ocr_par' dir='ltr' id='par_1_35' title="bbox 1864 549 3451 643">
     <span class='ocr_line' id='line_1_35' title="bbox 1864 549 3451 643; baseline 0.017 -40"><span class='ocrx_word' id='word_1_233' title='bbox 1864 549 2211 643; x_wconf 51' lang='lat' dir='ltr'><strong>Formidabat</strong></span> <span class='ocrx_word' id='word_1_234' title='bbox 2258 557 2401 611; x_wconf 90' lang='lat' dir='ltr'><strong>enim</strong></span> <span class='ocrx_word' id='word_1_235' title='bbox 2431 562 2629 614; x_wconf 91' lang='lat' dir='ltr'><strong>celsum</strong></span> <span class='ocrx_word' id='word_1_236' title='bbox 2661 565 2899 631; x_wconf 89' lang='lat' dir='ltr'><strong>quidem,</strong></span> <span class='ocrx_word' id='word_1_237' title='bbox 2941 577 2996 621; x_wconf 91' lang='lat' dir='ltr'><strong>at</strong></span> <span class='ocrx_word' id='word_1_238' title='bbox 3017 569 3243 625; x_wconf 89' lang='lat' dir='ltr'><strong>arduum</strong></span> <span class='ocrx_word' id='word_1_239' title='bbox 3288 575 3451 643; x_wconf 76' lang='lat'><strong>218</strong></span> 
     </span>
    </p>
   </div>
   <div class='ocr_carea' id='block_1_36' title="bbox 1864 639 3448 726">
    <p class='ocr_par' dir='ltr' id='par_1_36' title="bbox 1864 639 3448 726">
     <span class='ocr_line' id='line_1_36' title="bbox 1864 639 3448 726; baseline 0.017 -32"><span class='ocrx_word' id='word_1_240' title='bbox 1864 639 2063 709; x_wconf 91' lang='lat' dir='ltr'><strong>locum,</strong></span> <span class='ocrx_word' id='word_1_241' title='bbox 2118 642 2189 697; x_wconf 84' lang='lat' dir='ltr'><strong>Et</strong></span> <span class='ocrx_word' id='word_1_242' title='bbox 2236 648 2312 700; x_wconf 88' lang='lat' dir='ltr'><strong>sic</strong></span> <span class='ocrx_word' id='word_1_243' title='bbox 2353 652 2607 705; x_wconf 78' lang='lat' dir='ltr'><strong>metuebat</strong></span> <span class='ocrx_word' id='word_1_244' title='bbox 2653 660 2965 726; x_wconf 81' lang='lat' dir='ltr'><strong>paupertatis</strong></span> <span class='ocrx_word' id='word_1_245' title='bbox 2994 677 3101 715; x_wconf 77' lang='lat' dir='ltr'><strong>sua:</strong></span> <span class='ocrx_word' id='word_1_246' title='bbox 3121 639 3448 720; x_wconf 43' lang='lat' dir='ltr'><strong>seatrirat—em</strong></span> 
     </span>
    </p>
   </div>
   <div class='ocr_carea' id='block_1_37' title="bbox 1863 733 3446 817">
    <p class='ocr_par' dir='ltr' id='par_1_37' title="bbox 1863 733 3446 817">
     <span class='ocr_line' id='line_1_37' title="bbox 1863 733 3446 817; baseline 0.016 -34"><span class='ocrx_word' id='word_1_247' title='bbox 1863 733 2095 802; x_wconf 85' lang='lat' dir='ltr'><strong>perdere,</strong></span> <span class='ocrx_word' id='word_1_248' title='bbox 2136 734 2288 790; x_wconf 81' lang='lat' dir='ltr'><strong>sicuti</strong></span> <span class='ocrx_word' id='word_1_249' title='bbox 2337 742 2482 793; x_wconf 85' lang='lat' dir='ltr'><strong>avari</strong></span> <span class='ocrx_word' id='word_1_250' title='bbox 2526 742 2706 797; x_wconf 80' lang='lat' dir='ltr'><strong>divites</strong></span> <span class='ocrx_word' id='word_1_251' title='bbox 2758 746 2922 799; x_wconf 82' lang='lat' dir='ltr'><strong>solent</strong></span> <span class='ocrx_word' id='word_1_252' title='bbox 2963 752 3216 817; x_wconf 89' lang='lat' dir='ltr'><strong>perituras</strong></span> <span class='ocrx_word' id='word_1_253' title='bbox 3239 753 3446 810; x_wconf 84' lang='lat' dir='ltr'><strong>divitias</strong></span> 
     </span>
    </p>
   </div>
   <div class='ocr_carea' id='block_1_38' title="bbox 1862 826 3442 913">
    <p class='ocr_par' dir='ltr' id='par_1_38' title="bbox 1862 826 3442 913">
     <span class='ocr_line' id='line_1_38' title="bbox 1862 826 3442 913; baseline 0.016 -38"><span class='ocrx_word' id='word_1_254' title='bbox 1862 826 2138 892; x_wconf 84' lang='lat' dir='ltr'><strong>custodire,</strong></span> <span class='ocrx_word' id='word_1_255' title='bbox 2190 834 2249 881; x_wconf 87' lang='lat' dir='ltr'><strong>ut</strong></span> <span class='ocrx_word' id='word_1_256' title='bbox 2276 829 2513 897; x_wconf 89' lang='lat' dir='ltr'><strong>ejusdem</strong></span> <span class='ocrx_word' id='word_1_257' title='bbox 2545 832 2789 902; x_wconf 87' lang='lat' dir='ltr'><strong>Gregorii</strong></span> <span class='ocrx_word' id='word_1_258' title='bbox 2838 836 2975 906; x_wconf 88' lang='lat' dir='ltr'><strong>(Lib.</strong></span> <span class='ocrx_word' id='word_1_259' title='bbox 3004 856 3081 901; x_wconf 86' lang='grc' dir='ltr'>ιιι,</span> <span class='ocrx_word' id='word_1_260' title='bbox 3127 840 3334 913; x_wconf 81' lang='lat' dir='ltr'><strong>Dialog.</strong></span> <span class='ocrx_word' id='word_1_261' title='bbox 3395 863 3442 900; x_wconf 87' lang='lat' dir='ltr'><strong>c.</strong></span> 
     </span>
    </p>
   </div>
   <div class='ocr_carea' id='block_1_39' title="bbox 1863 912 3445 1002">
    <p class='ocr_par' dir='ltr' id='par_1_39' title="bbox 1863 912 3445 1002">
     <span class='ocr_line' id='line_1_39' title="bbox 1863 912 3445 1002; baseline 0.013 -36"><span class='ocrx_word' id='word_1_262' title='bbox 1863 912 1950 983; x_wconf 64' lang='lat' dir='ltr'><strong>l4)</strong></span> <span class='ocrx_word' id='word_1_263' title='bbox 1978 917 2139 969; x_wconf 83' lang='lat' dir='ltr'><strong>verba</strong></span> <span class='ocrx_word' id='word_1_264' title='bbox 2166 935 2437 987; x_wconf 89' lang='lat' dir='ltr'><strong>usurpem.</strong></span> <span class='ocrx_word' id='word_1_265' title='bbox 2473 921 2669 977; x_wconf 90' lang='lat' dir='ltr'><strong>Verum</strong></span> <span class='ocrx_word' id='word_1_266' title='bbox 2701 942 2811 978; x_wconf 86' lang='lat' dir='ltr'><strong>cum</strong></span> <span class='ocrx_word' id='word_1_267' title='bbox 2835 926 3052 980; x_wconf 89' lang='lat' dir='ltr'><strong>latibula</strong></span> <span class='ocrx_word' id='word_1_268' title='bbox 3081 931 3217 999; x_wconf 71' lang='lat' dir='ltr'><strong>fugae</strong></span> <span class='ocrx_word' id='word_1_269' title='bbox 3241 912 3445 1002; x_wconf 75' lang='lat' dir='ltr'><strong>prwpa-</strong></span> 
     </span>
    </p>
   </div>
   <div class='ocr_carea' id='block_1_40' title="bbox 1860 1007 3449 1085">
    <p class='ocr_par' dir='ltr' id='par_1_40' title="bbox 1860 1007 3449 1085">
     <span class='ocr_line' id='line_1_40' title="bbox 1860 1007 3449 1085; baseline 0.011 -31"><span class='ocrx_word' id='word_1_270' title='bbox 1860 1012 2018 1068; x_wconf 88' lang='lat' dir='ltr'><strong>raret,</strong></span> <span class='ocrx_word' id='word_1_271' title='bbox 2052 1007 2271 1074; x_wconf 82' lang='lat' dir='ltr'><strong>capitur,</strong></span> <span class='ocrx_word' id='word_1_272' title='bbox 2303 1010 2547 1075; x_wconf 76' lang='lat' dir='ltr'><strong>trahitur,</strong></span> <span class='ocrx_word' id='word_1_273' title='bbox 2604 1021 2653 1064; x_wconf 84' lang='lat' dir='ltr'><strong>et</strong></span> <span class='ocrx_word' id='word_1_274' title='bbox 2675 1014 2743 1064; x_wconf 88' lang='lat' dir='ltr'><strong>ad</strong></span> <span class='ocrx_word' id='word_1_275' title='bbox 2774 1012 2910 1067; x_wconf 87' lang='lat' dir='ltr'><strong>beati</strong></span> <span class='ocrx_word' id='word_1_276' title='bbox 2938 1018 3159 1085; x_wconf 79' lang='lat' dir='ltr'><strong>apostoli</strong></span> <span class='ocrx_word' id='word_1_277' title='bbox 3185 1018 3326 1072; x_wconf 82' lang='lat' dir='ltr'><strong>Petri</strong></span> <span class='ocrx_word' id='word_1_278' title='bbox 3356 1019 3449 1072; x_wconf 85' lang='lat' dir='ltr'><strong>ba-</strong></span> 
     </span>
    </p>
   </div>
   <div class='ocr_carea' id='block_1_41' title="bbox 1857 1093 3450 1180">
    <p class='ocr_par' dir='ltr' id='par_1_41' title="bbox 1857 1093 3450 1180">
     <span class='ocr_line' id='line_1_41' title="bbox 1857 1093 3450 1180; baseline 0.011 -33"><span class='ocrx_word' id='word_1_279' title='bbox 1857 1093 2057 1148; x_wconf 78' lang='lat' dir='ltr'><strong>silicam</strong></span> <span class='ocrx_word' id='word_1_280' title='bbox 2094 1095 2389 1163; x_wconf 83' lang='lat' dir='ltr'><strong>deducitur,</strong></span> <span class='ocrx_word' id='word_1_281' title='bbox 2445 1100 2614 1170; x_wconf 80' lang='lat' dir='ltr'><strong>ibique</strong></span> <span class='ocrx_word' id='word_1_282' title='bbox 2641 1103 2711 1154; x_wconf 83' lang='lat' dir='ltr'><strong>ad</strong></span> <span class='ocrx_word' id='word_1_283' title='bbox 2752 1106 3068 1173; x_wconf 78' lang='lat' dir='ltr'><strong>pontiﬁcalis</strong></span> <span class='ocrx_word' id='word_1_284' title='bbox 3114 1111 3298 1177; x_wconf 68' lang='lat' dir='ltr'><strong>gratia?</strong></span> <span class='ocrx_word' id='word_1_285' title='bbox 3326 1111 3450 1180; x_wconf 79' lang='lat' dir='ltr'><strong>offi-</strong></span> 
     </span>
    </p>
   </div>
   <div class='ocr_carea' id='block_1_42' title="bbox 1857 1182 3450 1265">
    <p class='ocr_par' dir='ltr' id='par_1_42' title="bbox 1857 1182 3450 1265">
     <span class='ocr_line' id='line_1_42' title="bbox 1857 1182 3450 1265; baseline 0.014 -32"><span class='ocrx_word' id='word_1_286' title='bbox 1857 1182 1990 1236; x_wconf 87' lang='lat' dir='ltr'><strong>cium</strong></span> <span class='ocrx_word' id='word_1_287' title='bbox 2019 1195 2368 1249; x_wconf 89' lang='lat' dir='ltr'><strong>consecratus,</strong></span> <span class='ocrx_word' id='word_1_288' title='bbox 2397 1204 2534 1255; x_wconf 82' lang='lat' dir='ltr'><strong>papa</strong></span> <span class='ocrx_word' id='word_1_289' title='bbox 2561 1188 2688 1242; x_wconf 86' lang='lat' dir='ltr'><strong>Urbi</strong></span> <span class='ocrx_word' id='word_1_290' title='bbox 2718 1191 2870 1244; x_wconf 81' lang='lat' dir='ltr'><strong>datus</strong></span> <span class='ocrx_word' id='word_1_291' title='bbox 2895 1204 2991 1247; x_wconf 86' lang='lat' dir='ltr'><strong>est.</strong></span> <span class='ocrx_word' id='word_1_292' title='bbox 3019 1194 3145 1249; x_wconf 68' lang='lat' dir='ltr'><strong>llaec</strong></span> <span class='ocrx_word' id='word_1_293' title='bbox 3160 1197 3450 1265; x_wconf 85' lang='lat' dir='ltr'><strong>Gregorius</strong></span> 
     </span>
    </p>
   </div>
   <div class='ocr_carea' id='block_1_43' title="bbox 1859 1272 3450 1349">
    <p class='ocr_par' dir='ltr' id='par_1_43' title="bbox 1859 1272 3450 1349">
     <span class='ocr_line' id='line_1_43' title="bbox 1859 1272 3450 1349; baseline 0.011 -23"><span class='ocrx_word' id='word_1_294' title='bbox 1859 1272 2059 1328; x_wconf 85' lang='lat' dir='ltr'><strong>Turon.</strong></span> <span class='ocrx_word' id='word_1_295' title='bbox 2115 1274 2267 1344; x_wconf 84' lang='lat' dir='ltr'><strong>cujus</strong></span> <span class='ocrx_word' id='word_1_296' title='bbox 2294 1276 2481 1330; x_wconf 88' lang='lat' dir='ltr'><strong>ultima</strong></span> <span class='ocrx_word' id='word_1_297' title='bbox 2509 1278 2673 1331; x_wconf 86' lang='lat' dir='ltr'><strong>verba</strong></span> <span class='ocrx_word' id='word_1_298' title='bbox 2704 1281 2991 1349; x_wconf 79' lang='lat' dir='ltr'><strong>exscripsit</strong></span> <span class='ocrx_word' id='word_1_299' title='bbox 3032 1283 3230 1339; x_wconf 88' lang='lat' dir='ltr'><strong>Paulus</strong></span> <span class='ocrx_word' id='word_1_300' title='bbox 3258 1286 3450 1343; x_wconf 84' lang='lat' dir='ltr'><strong>Diaco-</strong></span> 
     </span>
    </p>
   </div>
   <div class='ocr_carea' id='block_1_44' title="bbox 1856 1365 3448 1443">
    <p class='ocr_par' dir='ltr' id='par_1_44' title="bbox 1856 1365 3448 1443">
     <span class='ocr_line' id='line_1_44' title="bbox 1856 1365 3448 1443; baseline 0.009 -23"><span class='ocrx_word' id='word_1_301' title='bbox 1856 1382 1977 1420; x_wconf 87' lang='lat' dir='ltr'><strong>nus.</strong></span> <span class='ocrx_word' id='word_1_302' title='bbox 2010 1365 2171 1421; x_wconf 85' lang='lat' dir='ltr'><strong>Addit</strong></span> <span class='ocrx_word' id='word_1_303' title='bbox 2210 1382 2340 1422; x_wconf 88' lang='lat' dir='ltr'><strong>vero</strong></span> <span class='ocrx_word' id='word_1_304' title='bbox 2399 1366 2739 1437; x_wconf 85' lang='lat' dir='ltr'><strong>Gregorium,</strong></span> <span class='ocrx_word' id='word_1_305' title='bbox 2800 1386 2922 1424; x_wconf 87' lang='lat' dir='ltr'><strong>cum</strong></span> <span class='ocrx_word' id='word_1_306' title='bbox 2953 1373 3021 1425; x_wconf 90' lang='lat' dir='ltr'><strong>ad</strong></span> <span class='ocrx_word' id='word_1_307' title='bbox 3078 1384 3261 1443; x_wconf 81' lang='lat' dir='ltr'><strong>portas</strong></span> <span class='ocrx_word' id='word_1_308' title='bbox 3292 1377 3448 1434; x_wconf 88' lang='lat' dir='ltr'><strong>Urbis</strong></span> 
     </span>
    </p>
   </div>
   <div class='ocr_carea' id='block_1_45' title="bbox 1857 1458 3446 1533">
    <p class='ocr_par' dir='ltr' id='par_1_45' title="bbox 1857 1458 3446 1533">
     <span class='ocr_line' id='line_1_45' title="bbox 1857 1458 3446 1533; baseline 0.006 -20"><span class='ocrx_word' id='word_1_309' title='bbox 1857 1458 2088 1514; x_wconf 79' lang='lat' dir='ltr'><strong>sollicite</strong></span> <span class='ocrx_word' id='word_1_310' title='bbox 2124 1460 2503 1525; x_wconf 81' lang='lat' dir='ltr'><strong>excubaretur,</strong></span> <span class='ocrx_word' id='word_1_311' title='bbox 2526 1477 2595 1515; x_wconf 89' lang='lat' dir='ltr'><strong>ne</strong></span> <span class='ocrx_word' id='word_1_312' title='bbox 2624 1462 2895 1528; x_wconf 79' lang='lat' dir='ltr'><strong>evaderet,</strong></span> <span class='ocrx_word' id='word_1_313' title='bbox 2963 1479 2992 1516; x_wconf 89' lang='lat' dir='ltr'><strong>a</strong></span> <span class='ocrx_word' id='word_1_314' title='bbox 3021 1466 3446 1533; x_wconf 85' lang='lat' dir='ltr'><strong>negotiatoribus</strong></span> 
     </span>
    </p>
   </div>
   <div class='ocr_carea' id='block_1_46' title="bbox 1858 1551 3445 1619">
    <p class='ocr_par' dir='ltr' id='par_1_46' title="bbox 1858 1551 3445 1619">
     <span class='ocr_line' id='line_1_46' title="bbox 1858 1551 3445 1619; baseline 0.008 -16"><span class='ocrx_word' id='word_1_315' title='bbox 1858 1551 2173 1619; x_wconf 88' lang='lat' dir='ltr'><strong>impetrasse</strong></span> <span class='ocrx_word' id='word_1_316' title='bbox 2203 1560 2261 1605; x_wconf 92' lang='lat' dir='ltr'><strong>ut</strong></span> <span class='ocrx_word' id='word_1_317' title='bbox 2288 1552 2341 1606; x_wconf 91' lang='lat' dir='ltr'><strong>in</strong></span> <span class='ocrx_word' id='word_1_318' title='bbox 2372 1561 2582 1607; x_wconf 86' lang='lat' dir='ltr'><strong>cratera</strong></span> <span class='ocrx_word' id='word_1_319' title='bbox 2604 1554 2903 1610; x_wconf 76' lang='lat' dir='ltr'><strong>occultatus</strong></span> <span class='ocrx_word' id='word_1_320' title='bbox 2931 1556 3250 1612; x_wconf 83' lang='lat' dir='ltr'><strong>educeretur</strong></span> <span class='ocrx_word' id='word_1_321' title='bbox 3293 1568 3445 1617; x_wconf 81' lang='lat' dir='ltr'><strong>extra</strong></span> 
     </span>
    </p>
   </div>
   <div class='ocr_carea' id='block_1_47' title="bbox 1858 1639 3446 1715">
    <p class='ocr_par' dir='ltr' id='par_1_47' title="bbox 1858 1639 3446 1715">
     <span class='ocr_line' id='line_1_47' title="bbox 1858 1639 3446 1715; baseline 0.008 -20"><span class='ocrx_word' id='word_1_322' title='bbox 1858 1639 2093 1710; x_wconf 86' lang='lat' dir='ltr'><strong>Urbem;</strong></span> <span class='ocrx_word' id='word_1_323' title='bbox 2121 1644 2305 1713; x_wconf 85' lang='lat' dir='ltr'><strong>sicque</strong></span> <span class='ocrx_word' id='word_1_324' title='bbox 2333 1660 2430 1715; x_wconf 88' lang='lat' dir='ltr'><strong>per</strong></span> <span class='ocrx_word' id='word_1_325' title='bbox 2452 1647 2687 1701; x_wconf 89' lang='lat' dir='ltr'><strong>triduum</strong></span> <span class='ocrx_word' id='word_1_326' title='bbox 2714 1647 3014 1715; x_wconf 84' lang='lat' dir='ltr'><strong>delituisse,</strong></span> <span class='ocrx_word' id='word_1_327' title='bbox 3043 1650 3135 1705; x_wconf 86' lang='lat' dir='ltr'><strong>sed</strong></span> <span class='ocrx_word' id='word_1_328' title='bbox 3164 1652 3320 1706; x_wconf 89' lang='lat' dir='ltr'><strong>tertia</strong></span> <span class='ocrx_word' id='word_1_329' title='bbox 3350 1668 3446 1708; x_wconf 77' lang='lat' dir='ltr'><strong>no-</strong></span> 
     </span>
    </p>
   </div>
   <div class='ocr_carea' id='block_1_48' title="bbox 1783 1733 3443 1804">
    <p class='ocr_par' dir='ltr' id='par_1_48' title="bbox 1783 1733 3443 1804">
     <span class='ocr_line' id='line_1_48' title="bbox 1783 1733 3443 1804; baseline 0.008 -19"><span class='ocrx_word' id='word_1_330' title='bbox 1783 1736 1828 1796; x_wconf 88' lang='lat' dir='ltr'><strong>B</strong></span> <span class='ocrx_word' id='word_1_331' title='bbox 1856 1740 1942 1786; x_wconf 91' lang='lat' dir='ltr'><strong>cte</strong></span> <span class='ocrx_word' id='word_1_332' title='bbox 1967 1733 2165 1788; x_wconf 87' lang='lat' dir='ltr'><strong>indicio</strong></span> <span class='ocrx_word' id='word_1_333' title='bbox 2196 1734 2407 1804; x_wconf 90' lang='lat' dir='ltr'><strong>fulgida:</strong></span> <span class='ocrx_word' id='word_1_334' title='bbox 2438 1737 2702 1794; x_wconf 84' lang='lat' dir='ltr'><strong>columna:</strong></span> <span class='ocrx_word' id='word_1_335' title='bbox 2723 1738 2888 1796; x_wconf 83' lang='lat' dir='ltr'><strong>fuisse</strong></span> <span class='ocrx_word' id='word_1_336' title='bbox 2909 1740 3182 1797; x_wconf 89' lang='lat' dir='ltr'><strong>detectum</strong></span> <span class='ocrx_word' id='word_1_337' title='bbox 3210 1753 3267 1798; x_wconf 91' lang='lat' dir='ltr'><strong>et</strong></span> <span class='ocrx_word' id='word_1_338' title='bbox 3291 1760 3443 1800; x_wconf 84' lang='lat' dir='ltr'><strong>com-</strong></span> 
     </span>
    </p>
   </div>
   <div class='ocr_carea' id='block_1_49' title="bbox 1853 1824 3441 1905">
    <p class='ocr_par' dir='ltr' id='par_1_49' title="bbox 1853 1824 3441 1905">
     <span class='ocr_line' id='line_1_49' title="bbox 1853 1824 3441 1905; baseline 0.009 -29"><span class='ocrx_word' id='word_1_339' title='bbox 1853 1824 2204 1893; x_wconf 87' lang='lat' dir='ltr'><strong>prehensum.</strong></span> <span class='ocrx_word' id='word_1_340' title='bbox 2257 1825 2415 1883; x_wconf 81' lang='lat' dir='ltr'><strong>Missa</strong></span> <span class='ocrx_word' id='word_1_341' title='bbox 2443 1828 2582 1885; x_wconf 82' lang='lat' dir='ltr'><strong>facio</strong></span> <span class='ocrx_word' id='word_1_342' title='bbox 2615 1841 2810 1887; x_wconf 66' lang='lat' dir='ltr'><strong>caetera</strong></span> <span class='ocrx_word' id='word_1_343' title='bbox 2840 1847 2960 1901; x_wconf 73' lang='lat' dir='ltr'><strong>quae</strong></span> <span class='ocrx_word' id='word_1_344' title='bbox 2981 1841 3091 1888; x_wconf 88' lang='lat' dir='ltr'><strong>tum</strong></span> <span class='ocrx_word' id='word_1_345' title='bbox 3115 1835 3441 1905; x_wconf 88' lang='lat' dir='ltr'><strong>obtigerunt,</strong></span> 
     </span>
    </p>
   </div>
   <div class='ocr_carea' id='block_1_50' title="bbox 1853 1918 3444 1997">
    <p class='ocr_par' dir='ltr' id='par_1_50' title="bbox 1853 1918 3444 1997">
     <span class='ocr_line' id='line_1_50' title="bbox 1853 1918 3444 1997; baseline 0.008 -27"><span class='ocrx_word' id='word_1_346' title='bbox 1853 1918 1987 1971; x_wconf 91' lang='lat' dir='ltr'><strong>mira</strong></span> <span class='ocrx_word' id='word_1_347' title='bbox 2032 1918 2249 1988; x_wconf 86' lang='lat' dir='ltr'><strong>quidem</strong></span> <span class='ocrx_word' id='word_1_348' title='bbox 2276 1929 2332 1974; x_wconf 90' lang='lat' dir='ltr'><strong>et</strong></span> <span class='ocrx_word' id='word_1_349' title='bbox 2379 1923 2664 1991; x_wconf 86' lang='lat' dir='ltr'><strong>stupenda,</strong></span> <span class='ocrx_word' id='word_1_350' title='bbox 2717 1926 2843 1992; x_wconf 91' lang='lat' dir='ltr'><strong>quia</strong></span> <span class='ocrx_word' id='word_1_351' title='bbox 2896 1926 3037 1995; x_wconf 85' lang='lat' dir='ltr'><strong>apud</strong></span> <span class='ocrx_word' id='word_1_352' title='bbox 3088 1927 3308 1982; x_wconf 89' lang='lat' dir='ltr'><strong>Paulum</strong></span> <span class='ocrx_word' id='word_1_353' title='bbox 3340 1929 3444 1997; x_wconf 88' lang='lat' dir='ltr'><strong>legi</strong></span> 
     </span>
    </p>
   </div>
   <div class='ocr_carea' id='block_1_51' title="bbox 1853 2009 3443 2080">
    <p class='ocr_par' dir='ltr' id='par_1_51' title="bbox 1853 2009 3443 2080">
     <span class='ocr_line' id='line_1_51' title="bbox 1853 2009 3443 2080; baseline 0.008 -18"><span class='ocrx_word' id='word_1_354' title='bbox 1853 2018 2078 2080; x_wconf 90' lang='lat' dir='ltr'><strong>queunt.</strong></span> <span class='ocrx_word' id='word_1_355' title='bbox 2129 2009 2364 2068; x_wconf 88' lang='lat' dir='ltr'><strong>Joannes</strong></span> <span class='ocrx_word' id='word_1_356' title='bbox 2395 2012 2665 2071; x_wconf 90' lang='lat' dir='ltr'><strong>Diaconns</strong></span> <span class='ocrx_word' id='word_1_357' title='bbox 2708 2015 2761 2071; x_wconf 90' lang='lat' dir='ltr'><strong>in</strong></span> <span class='ocrx_word' id='word_1_358' title='bbox 2792 2018 3041 2073; x_wconf 88' lang='lat' dir='ltr'><strong>omnibus</strong></span> <span class='ocrx_word' id='word_1_359' title='bbox 3080 2017 3192 2074; x_wconf 84' lang='lat' dir='ltr'><strong>fere</strong></span> <span class='ocrx_word' id='word_1_360' title='bbox 3221 2017 3443 2075; x_wconf 89' lang='lat' dir='ltr'><strong>Paulum</strong></span> 
     </span>
    </p>
   </div>
   <div class='ocr_carea' id='block_1_52' title="bbox 1851 2104 3443 2182">
    <p class='ocr_par' dir='ltr' id='par_1_52' title="bbox 1851 2104 3443 2182">
     <span class='ocr_line' id='line_1_52' title="bbox 1851 2104 3443 2182; baseline 0.007 -26"><span class='ocrx_word' id='word_1_361' title='bbox 1851 2111 2093 2171; x_wconf 87' lang='lat' dir='ltr'><strong>secutus,</strong></span> <span class='ocrx_word' id='word_1_362' title='bbox 2119 2104 2313 2160; x_wconf 89' lang='lat' dir='ltr'><strong>nullius</strong></span> <span class='ocrx_word' id='word_1_363' title='bbox 2345 2109 2692 2163; x_wconf 77' lang='lat' dir='ltr'><strong>tamenalius</strong></span> <span class='ocrx_word' id='word_1_364' title='bbox 2712 2110 2848 2176; x_wconf 81' lang='lat' dir='ltr'><strong>signi</strong></span> <span class='ocrx_word' id='word_1_365' title='bbox 2870 2111 3133 2173; x_wconf 88' lang='lat' dir='ltr'><strong>meminit,</strong></span> <span class='ocrx_word' id='word_1_366' title='bbox 3161 2128 3323 2182; x_wconf 69' lang='lat' dir='ltr'><strong>quam</strong></span> <span class='ocrx_word' id='word_1_367' title='bbox 3350 2126 3443 2167; x_wconf 84' lang='lat' dir='ltr'><strong>co-</strong></span> 
     </span>
    </p>
   </div>
   <div class='ocr_carea' id='block_1_53' title="bbox 1850 2191 3441 2271">
    <p class='ocr_par' dir='ltr' id='par_1_53' title="bbox 1850 2191 3441 2271">
     <span class='ocr_line' id='line_1_53' title="bbox 1850 2191 3441 2271; baseline 0.004 -25"><span class='ocrx_word' id='word_1_368' title='bbox 1850 2191 2046 2249; x_wconf 85' lang='lat' dir='ltr'><strong>lumna:</strong></span> <span class='ocrx_word' id='word_1_369' title='bbox 2073 2194 2303 2264; x_wconf 66' lang='lat' dir='ltr'><strong>fulgidte.</strong></span> <span class='ocrx_word' id='word_1_370' title='bbox 2354 2196 2475 2266; x_wconf 87' lang='lat' dir='ltr'><strong>Ipse</strong></span> <span class='ocrx_word' id='word_1_371' title='bbox 2500 2195 2792 2266; x_wconf 83' lang='lat' dir='ltr'><strong>Gregorius</strong></span> <span class='ocrx_word' id='word_1_372' title='bbox 2838 2200 3093 2255; x_wconf 90' lang='lat' dir='ltr'><strong>miracula</strong></span> <span class='ocrx_word' id='word_1_373' title='bbox 3127 2210 3252 2256; x_wconf 91' lang='lat' dir='ltr'><strong>tunc</strong></span> <span class='ocrx_word' id='word_1_374' title='bbox 3278 2200 3441 2271; x_wconf 81' lang='lat' dir='ltr'><strong>facta,</strong></span> 
     </span>
    </p>
   </div>
   <div class='ocr_carea' id='block_1_54' title="bbox 1851 2286 3440 2359">
    <p class='ocr_par' dir='ltr' id='par_1_54' title="bbox 1851 2286 3440 2359">
     <span class='ocr_line' id='line_1_54' title="bbox 1851 2286 3440 2359; baseline 0.006 -19"><span class='ocrx_word' id='word_1_375' title='bbox 1851 2286 1955 2340; x_wconf 85' lang='lat' dir='ltr'><strong>etsi</strong></span> <span class='ocrx_word' id='word_1_376' title='bbox 1984 2300 2229 2355; x_wconf 88' lang='lat' dir='ltr'><strong>premere</strong></span> <span class='ocrx_word' id='word_1_377' title='bbox 2255 2287 2496 2357; x_wconf 90' lang='lat' dir='ltr'><strong>silentio,</strong></span> <span class='ocrx_word' id='word_1_378' title='bbox 2553 2305 2662 2359; x_wconf 63' lang='lat' dir='ltr'><strong>prce</strong></span> <span class='ocrx_word' id='word_1_379' title='bbox 2682 2290 2945 2345; x_wconf 84' lang='lat' dir='ltr'><strong>modestia</strong></span> <span class='ocrx_word' id='word_1_380' title='bbox 2972 2300 3026 2344; x_wconf 90' lang='lat' dir='ltr'><strong>et</strong></span> <span class='ocrx_word' id='word_1_381' title='bbox 3054 2292 3217 2346; x_wconf 87' lang='lat' dir='ltr'><strong>animi</strong></span> <span class='ocrx_word' id='word_1_382' title='bbox 3247 2292 3440 2349; x_wconf 86' lang='lat' dir='ltr'><strong>demis-</strong></span> 
     </span>
    </p>
   </div>
   <div class='ocr_carea' id='block_1_55' title="bbox 1850 2375 3437 2449">
    <p class='ocr_par' dir='ltr' id='par_1_55' title="bbox 1850 2375 3437 2449">
     <span class='ocr_line' id='line_1_55' title="bbox 1850 2375 3437 2449; baseline 0.006 -19"><span class='ocrx_word' id='word_1_383' title='bbox 1850 2375 2004 2431; x_wconf 88' lang='lat' dir='ltr'><strong>sione</strong></span> <span class='ocrx_word' id='word_1_384' title='bbox 2026 2377 2168 2446; x_wconf 79' lang='lat' dir='ltr'><strong>(qua:</strong></span> <span class='ocrx_word' id='word_1_385' title='bbox 2196 2377 2365 2432; x_wconf 83' lang='lat' dir='ltr'><strong>amba:</strong></span> <span class='ocrx_word' id='word_1_386' title='bbox 2401 2378 2629 2434; x_wconf 88' lang='lat' dir='ltr'><strong>virtutes</strong></span> <span class='ocrx_word' id='word_1_387' title='bbox 2672 2380 2726 2434; x_wconf 91' lang='lat' dir='ltr'><strong>in</strong></span> <span class='ocrx_word' id='word_1_388' title='bbox 2758 2380 2873 2448; x_wconf 92' lang='lat' dir='ltr'><strong>ipso</strong></span> <span class='ocrx_word' id='word_1_389' title='bbox 2901 2383 3194 2449; x_wconf 66' lang='lat' dir='ltr'><strong>prtesertim</strong></span> <span class='ocrx_word' id='word_1_390' title='bbox 3226 2384 3437 2440; x_wconf 82' lang='lat' dir='ltr'><strong>enitue-</strong></span> 
     </span>
    </p>
   </div>
   <div class='ocr_carea' id='block_1_56' title="bbox 1850 2470 3439 2541">
    <p class='ocr_par' dir='ltr' id='par_1_56' title="bbox 1850 2470 3439 2541">
     <span class='ocr_line' id='line_1_56' title="bbox 1850 2470 3439 2541; baseline 0.007 -18"><span class='ocrx_word' id='word_1_391' title='bbox 1850 2477 1994 2537; x_wconf 91' lang='lat' dir='ltr'><strong>runt,</strong></span> <span class='ocrx_word' id='word_1_392' title='bbox 2027 2470 2315 2541; x_wconf 88' lang='lat' dir='ltr'><strong>plurimum</strong></span> <span class='ocrx_word' id='word_1_393' title='bbox 2345 2478 2606 2541; x_wconf 89' lang='lat' dir='ltr'><strong>optasset,</strong></span> <span class='ocrx_word' id='word_1_394' title='bbox 2644 2472 2984 2528; x_wconf 84' lang='lat' dir='ltr'><strong>dissimulare</strong></span> <span class='ocrx_word' id='word_1_395' title='bbox 3014 2482 3191 2529; x_wconf 88' lang='lat' dir='ltr'><strong>tamen</strong></span> <span class='ocrx_word' id='word_1_396' title='bbox 3218 2476 3439 2534; x_wconf 89' lang='lat' dir='ltr'><strong>omnino</strong></span> 
     </span>
    </p>
   </div>
   <div class='ocr_carea' id='block_1_57' title="bbox 1851 2562 3437 2638">
    <p class='ocr_par' dir='ltr' id='par_1_57' title="bbox 1851 2562 3437 2638">
     <span class='ocr_line' id='line_1_57' title="bbox 1851 2562 3437 2638; baseline 0.002 -19"><span class='ocrx_word' id='word_1_397' title='bbox 1851 2577 1960 2619; x_wconf 85' lang='lat' dir='ltr'><strong>non</strong></span> <span class='ocrx_word' id='word_1_398' title='bbox 1989 2562 2185 2632; x_wconf 89' lang='lat' dir='ltr'><strong>potuit,</strong></span> <span class='ocrx_word' id='word_1_399' title='bbox 2216 2563 2459 2618; x_wconf 87' lang='lat' dir='ltr'><strong>scribens</strong></span> <span class='ocrx_word' id='word_1_400' title='bbox 2487 2562 2555 2617; x_wconf 91' lang='lat' dir='ltr'><strong>ad</strong></span> <span class='ocrx_word' id='word_1_401' title='bbox 2599 2562 2867 2632; x_wconf 78' lang='lat' dir='ltr'><strong>Natalem,</strong></span> <span class='ocrx_word' id='word_1_402' title='bbox 2921 2564 3295 2621; x_wconf 89' lang='lat' dir='ltr'><strong>Salonitanum</strong></span> <span class='ocrx_word' id='word_1_403' title='bbox 3323 2568 3437 2638; x_wconf 87' lang='lat' dir='ltr'><strong>epi-</strong></span> 
     </span>
    </p>
   </div>
   <div class='ocr_carea' id='block_1_58' title="bbox 1849 2654 3437 2729">
    <p class='ocr_par' dir='ltr' id='par_1_58' title="bbox 1849 2654 3437 2729">
     <span class='ocr_line' id='line_1_58' title="bbox 1849 2654 3437 2729; baseline 0.002 -19"><span class='ocrx_word' id='word_1_404' title='bbox 1849 2670 2073 2724; x_wconf 63' lang='lat' dir='ltr'><strong>scorium</strong></span> <span class='ocrx_word' id='word_1_405' title='bbox 2107 2672 2121 2708; x_wconf 91' lang='lat'><strong>:</strong></span> <span class='ocrx_word' id='word_1_406' title='bbox 2153 2654 2538 2710; x_wconf 84' lang='lat' dir='ltr'><strong>Conscientiam</strong></span> <span class='ocrx_word' id='word_1_407' title='bbox 2566 2666 2799 2710; x_wconf 88' lang='lat' dir='ltr'><strong>nostram</strong></span> <span class='ocrx_word' id='word_1_408' title='bbox 2820 2656 3131 2721; x_wconf 76' lang='lat' dir='ltr'><strong>indicamus,</strong></span> <span class='ocrx_word' id='word_1_409' title='bbox 3162 2659 3321 2729; x_wconf 78' lang='lat' dir='ltr'><strong>ipsius</strong></span> <span class='ocrx_word' id='word_1_410' title='bbox 3343 2660 3437 2713; x_wconf 82' lang='lat' dir='ltr'><strong>Ito-</strong></span> 
     </span>
    </p>
   </div>
   <div class='ocr_carea' id='block_1_59' title="bbox 1851 2746 3438 2818">
    <p class='ocr_par' dir='ltr' id='par_1_59' title="bbox 1851 2746 3438 2818">
     <span class='ocr_line' id='line_1_59' title="bbox 1851 2746 3438 2818; baseline 0.002 -19"><span class='ocrx_word' id='word_1_411' title='bbox 1851 2747 1994 2800; x_wconf 80' lang='lat' dir='ltr'><strong>neris</strong></span> <span class='ocrx_word' id='word_1_412' title='bbox 2016 2761 2177 2816; x_wconf 82' lang='lat' dir='ltr'><strong>onera</strong></span> <span class='ocrx_word' id='word_1_413' title='bbox 2209 2763 2290 2800; x_wconf 87' lang='lat' dir='ltr'><strong>me</strong></span> <span class='ocrx_word' id='word_1_414' title='bbox 2318 2763 2458 2818; x_wconf 73' lang='lat' dir='ltr'><strong>(egro</strong></span> <span class='ocrx_word' id='word_1_415' title='bbox 2490 2748 2666 2801; x_wconf 84' lang='lat' dir='ltr'><strong>animo</strong></span> <span class='ocrx_word' id='word_1_416' title='bbox 2692 2747 2997 2816; x_wconf 86' lang='lat' dir='ltr'><strong>suscepisse.</strong></span> <span class='ocrx_word' id='word_1_417' title='bbox 3032 2746 3141 2801; x_wconf 86' lang='lat' dir='ltr'><strong>Sed</strong></span> <span class='ocrx_word' id='word_1_418' title='bbox 3160 2748 3279 2817; x_wconf 87' lang='lat' dir='ltr'><strong>quia</strong></span> <span class='ocrx_word' id='word_1_419' title='bbox 3309 2749 3438 2802; x_wconf 79' lang='lat' dir='ltr'><strong>divi-</strong></span> 
     </span>
    </p>
   </div>
   <div class='ocr_carea' id='block_1_60' title="bbox 1850 2833 3435 2905">
    <p class='ocr_par' dir='ltr' id='par_1_60' title="bbox 1850 2833 3435 2905">
     <span class='ocr_line' id='line_1_60' title="bbox 1850 2833 3435 2905; baseline 0.001 -17"><span class='ocrx_word' id='word_1_420' title='bbox 1850 2836 1933 2888; x_wconf 79' lang='lat' dir='ltr'><strong>nis</strong></span> <span class='ocrx_word' id='word_1_421' title='bbox 1950 2835 2163 2905; x_wconf 80' lang='lat' dir='ltr'><strong>judiciis</strong></span> <span class='ocrx_word' id='word_1_422' title='bbox 2188 2850 2291 2889; x_wconf 87' lang='lat' dir='ltr'><strong>non</strong></span> <span class='ocrx_word' id='word_1_423' title='bbox 2316 2846 2550 2905; x_wconf 88' lang='lat' dir='ltr'><strong>poteram</strong></span> <span class='ocrx_word' id='word_1_424' title='bbox 2572 2836 2843 2901; x_wconf 85' lang='lat' dir='ltr'><strong>resultare,</strong></span> <span class='ocrx_word' id='word_1_425' title='bbox 2861 2844 2967 2889; x_wconf 89' lang='lat' dir='ltr'><strong>etc.</strong></span> <span class='ocrx_word' id='word_1_426' title='bbox 2988 2833 3127 2905; x_wconf 85' lang='lat' dir='ltr'><strong>(Lib.</strong></span> <span class='ocrx_word' id='word_1_427' title='bbox 3158 2851 3194 2899; x_wconf 91' lang='grc' dir='ltr'>ι,</span> <span class='ocrx_word' id='word_1_428' title='bbox 3218 2853 3299 2905; x_wconf 91' lang='lat' dir='ltr'><strong>ep.</strong></span> <span class='ocrx_word' id='word_1_429' title='bbox 3321 2835 3435 2903; x_wconf 79' lang='lat'><strong>2|).</strong></span> 
     </span>
    </p>
   </div>
   <div class='ocr_carea' id='block_1_61' title="bbox 1851 2918 3435 2997">
    <p class='ocr_par' dir='ltr' id='par_1_61' title="bbox 1851 2918 3435 2997">
     <span class='ocr_line' id='line_1_61' title="bbox 1851 2918 3435 2997; baseline 0.001 -20"><span class='ocrx_word' id='word_1_430' title='bbox 1851 2924 1916 2977; x_wconf 85' lang='lat' dir='ltr'><strong>Et</strong></span> <span class='ocrx_word' id='word_1_431' title='bbox 1936 2925 2002 2979; x_wconf 91' lang='lat' dir='ltr'><strong>ad</strong></span> <span class='ocrx_word' id='word_1_432' title='bbox 2031 2924 2335 2997; x_wconf 84' lang='lat' dir='ltr'><strong>Cyriacum,</strong></span> <span class='ocrx_word' id='word_1_433' title='bbox 2359 2925 3013 2994; x_wconf 74' lang='lat' dir='ltr'><strong>Consmntinopolitanum</strong></span> <span class='ocrx_word' id='word_1_434' title='bbox 3037 2918 3393 2994; x_wconf 88' lang='lat' dir='ltr'><strong>patriarebam</strong></span> <span class='ocrx_word' id='word_1_435' title='bbox 3420 2944 3435 2979; x_wconf 92' lang='lat'><strong>:</strong></span> 
     </span>
    </p>
   </div>
   <div class='ocr_carea' id='block_1_62' title="bbox 1853 3013 3437 3087">
    <p class='ocr_par' dir='ltr' id='par_1_62' title="bbox 1853 3013 3437 3087">
     <span class='ocr_line' id='line_1_62' title="bbox 1853 3013 3437 3087; baseline 0 -19"><span class='ocrx_word' id='word_1_436' title='bbox 1853 3014 1966 3086; x_wconf 75' lang='lat' dir='ltr'><strong>Ego</strong></span> <span class='ocrx_word' id='word_1_437' title='bbox 2003 3032 2201 3087; x_wconf 83' lang='lat' dir='ltr'><strong>quoque</strong></span> <span class='ocrx_word' id='word_1_438' title='bbox 2242 3018 2329 3087; x_wconf 87' lang='lat' dir='ltr'><strong>qui</strong></span> <span class='ocrx_word' id='word_1_439' title='bbox 2374 3015 2619 3087; x_wconf 82' lang='lat' dir='ltr'><strong>indignus</strong></span> <span class='ocrx_word' id='word_1_440' title='bbox 2666 3013 2736 3067; x_wconf 92' lang='lat' dir='ltr'><strong>ad</strong></span> <span class='ocrx_word' id='word_1_441' title='bbox 2782 3018 2950 3068; x_wconf 82' lang='lat' dir='ltr'><strong>locum</strong></span> <span class='ocrx_word' id='word_1_442' title='bbox 2994 3015 3261 3084; x_wconf 81' lang='lat' dir='ltr'><strong>regintinis</strong></span> <span class='ocrx_word' id='word_1_443' title='bbox 3303 3015 3437 3079; x_wconf 86' lang='lat' dir='ltr'><strong>veni,</strong></span> 
     </span>
    </p>
   </div>
   <div class='ocr_carea' id='block_1_63' title="bbox 160 3096 3439 3175">
    <p class='ocr_par' dir='ltr' id='par_1_63' title="bbox 160 3096 3439 3175">
     <span class='ocr_line' id='line_1_63' title="bbox 160 3096 3439 3175; baseline 0.001 -21"><span class='ocrx_word' id='word_1_444' title='bbox 160 3102 320 3168; x_wconf 78' lang='lat' dir='ltr'><strong>gradu</strong></span> <span class='ocrx_word' id='word_1_445' title='bbox 361 3102 619 3171; x_wconf 86' lang='lat' dir='ltr'><strong>positum.</strong></span> <span class='ocrx_word' id='word_1_446' title='bbox 674 3101 859 3171; x_wconf 89' lang='lat' dir='ltr'><strong>Neque</strong></span> <span class='ocrx_word' id='word_1_447' title='bbox 912 3117 1041 3157; x_wconf 83' lang='lat' dir='ltr'><strong>vero</strong></span> <span class='ocrx_word' id='word_1_448' title='bbox 1083 3103 1486 3174; x_wconf 84' lang='lat' dir='ltr'><strong>presbyteratus</strong></span> <span class='ocrx_word' id='word_1_449' title='bbox 1506 3103 1640 3159; x_wconf 86' lang='lat' dir='ltr'><strong>ordo</strong></span> <span class='ocrx_word' id='word_1_450' title='bbox 1663 3103 1753 3173; x_wconf 88' lang='lat' dir='ltr'><strong>jus</strong></span> <span class='ocrx_word' id='word_1_451' title='bbox 1780 3096 1827 3160; x_wconf 91' lang='lat' dir='ltr'>C</span> <span class='ocrx_word' id='word_1_452' title='bbox 1856 3106 2183 3175; x_wconf 77' lang='lat' dir='ltr'><strong>inﬁrmitatis</strong></span> <span class='ocrx_word' id='word_1_453' title='bbox 2234 3121 2363 3160; x_wconf 71' lang='lat' dir='ltr'><strong>mea:</strong></span> <span class='ocrx_word' id='word_1_454' title='bbox 2388 3107 2657 3169; x_wconf 86' lang='lat' dir='ltr'><strong>conscius,</strong></span> <span class='ocrx_word' id='word_1_455' title='bbox 2692 3106 2970 3158; x_wconf 78' lang='lat' dir='ltr'><strong>secretiora</strong></span> <span class='ocrx_word' id='word_1_456' title='bbox 3010 3105 3126 3157; x_wconf 86' lang='lat' dir='ltr'><strong>loca</strong></span> <span class='ocrx_word' id='word_1_457' title='bbox 3154 3112 3323 3173; x_wconf 72' lang='lat' dir='ltr'><strong>petere</strong></span> <span class='ocrx_word' id='word_1_458' title='bbox 3350 3103 3439 3158; x_wconf 88' lang='lat' dir='ltr'><strong>ali-</strong></span> 
     </span>
    </p>
   </div>
   <div class='ocr_carea' id='block_1_64' title="bbox 161 3191 1741 3262">
    <p class='ocr_par' dir='ltr' id='par_1_64' title="bbox 161 3191 1741 3262">
     <span class='ocr_line' id='line_1_64' title="bbox 161 3191 1741 3262; baseline 0.001 -15"><span class='ocrx_word' id='word_1_459' title='bbox 161 3194 254 3262; x_wconf 88' lang='lat' dir='ltr'><strong>ipsi</strong></span> <span class='ocrx_word' id='word_1_460' title='bbox 282 3191 605 3249; x_wconf 74' lang='lat' dir='ltr'><strong>contulisset</strong></span> <span class='ocrx_word' id='word_1_461' title='bbox 650 3192 965 3247; x_wconf 75' lang='lat' dir='ltr'><strong>exercenda:</strong></span> <span class='ocrx_word' id='word_1_462' title='bbox 996 3194 1047 3248; x_wconf 92' lang='lat' dir='ltr'><strong>in</strong></span> <span class='ocrx_word' id='word_1_463' title='bbox 1098 3193 1397 3248; x_wconf 84' lang='lat' dir='ltr'><strong>Romanam</strong></span> <span class='ocrx_word' id='word_1_464' title='bbox 1444 3193 1741 3249; x_wconf 86' lang='lat' dir='ltr'><strong>Ecclesiam</strong></span> 
     </span>
    </p>
   </div>
   <div class='ocr_carea' id='block_1_65' title="bbox 163 3282 1741 3355">
    <p class='ocr_par' dir='ltr' id='par_1_65' title="bbox 163 3282 1741 3355">
     <span class='ocr_line' id='line_1_65' title="bbox 163 3282 1741 3355; baseline 0 -17"><span class='ocrx_word' id='word_1_465' title='bbox 163 3285 459 3355; x_wconf 76' lang='lat' dir='ltr'><strong>potestatis.</strong></span> <span class='ocrx_word' id='word_1_466' title='bbox 514 3282 919 3337; x_wconf 89' lang='lat' dir='ltr'><strong>Subodoramur</strong></span> <span class='ocrx_word' id='word_1_467' title='bbox 960 3299 1089 3353; x_wconf 79' lang='lat' dir='ltr'><strong>ergo</strong></span> <span class='ocrx_word' id='word_1_468' title='bbox 1127 3284 1444 3352; x_wconf 87' lang='lat' dir='ltr'><strong>Gregorium</strong></span> <span class='ocrx_word' id='word_1_469' title='bbox 1487 3293 1741 3353; x_wconf 83' lang='lat' dir='ltr'><strong>tanquam</strong></span> 
     </span>
    </p>
   </div>
   <div class='ocr_carea' id='block_1_66' title="bbox 164 3371 1740 3442">
    <p class='ocr_par' dir='ltr' id='par_1_66' title="bbox 164 3371 1740 3442">
     <span class='ocr_line' id='line_1_66' title="bbox 164 3371 1740 3442; baseline 0.001 -17"><span class='ocrx_word' id='word_1_470' title='bbox 164 3375 387 3427; x_wconf 80' lang='lat' dir='ltr'><strong>electum</strong></span> <span class='ocrx_word' id='word_1_471' title='bbox 418 3371 750 3442; x_wconf 77' lang='lat' dir='ltr'><strong>pontificem,</strong></span> <span class='ocrx_word' id='word_1_472' title='bbox 781 3374 1022 3428; x_wconf 79' lang='lat' dir='ltr'><strong>vacantis</strong></span> <span class='ocrx_word' id='word_1_473' title='bbox 1049 3373 1192 3428; x_wconf 86' lang='lat' dir='ltr'><strong>sedis</strong></span> <span class='ocrx_word' id='word_1_474' title='bbox 1220 3373 1740 3429; x_wconf 84' lang='lat' dir='ltr'><strong>administrationem</strong></span> 
     </span>
    </p>
   </div>
   <div class='ocr_carea' id='block_1_67' title="bbox 163 3463 1739 3532">
    <p class='ocr_par' dir='ltr' id='par_1_67' title="bbox 163 3463 1739 3532">
     <span class='ocr_line' id='line_1_67' title="bbox 163 3463 1739 3532; baseline 0.003 -16"><span class='ocrx_word' id='word_1_475' title='bbox 163 3472 369 3517; x_wconf 79' lang='lat' dir='ltr'><strong>nactum</strong></span> <span class='ocrx_word' id='word_1_476' title='bbox 400 3478 526 3519; x_wconf 82' lang='lat' dir='ltr'><strong>esse</strong></span> <span class='ocrx_word' id='word_1_477' title='bbox 579 3479 700 3519; x_wconf 90' lang='lat' dir='ltr'><strong>cum</strong></span> <span class='ocrx_word' id='word_1_478' title='bbox 731 3464 849 3518; x_wconf 88' lang='lat' dir='ltr'><strong>aliis</strong></span> <span class='ocrx_word' id='word_1_479' title='bbox 887 3463 1137 3519; x_wconf 74' lang='lat' dir='ltr'><strong>Ecclesia:</strong></span> <span class='ocrx_word' id='word_1_480' title='bbox 1188 3464 1445 3519; x_wconf 69' lang='lat' dir='ltr'><strong>Romanm</strong></span> <span class='ocrx_word' id='word_1_481' title='bbox 1487 3464 1739 3532; x_wconf 86' lang='lat' dir='ltr'><strong>vicariis;</strong></span> 
     </span>
    </p>
   </div>
   <div class='ocr_carea' id='block_1_68' title="bbox 165 3554 1741 3624">
    <p class='ocr_par' dir='ltr' id='par_1_68' title="bbox 165 3554 1741 3624">
     <span class='ocr_line' id='line_1_68' title="bbox 165 3554 1741 3624; baseline 0.002 -16"><span class='ocrx_word' id='word_1_482' title='bbox 165 3556 311 3624; x_wconf 91' lang='lat' dir='ltr'><strong>idque</strong></span> <span class='ocrx_word' id='word_1_483' title='bbox 344 3555 667 3624; x_wconf 88' lang='lat' dir='ltr'><strong>conjicimus</strong></span> <span class='ocrx_word' id='word_1_484' title='bbox 697 3569 762 3608; x_wconf 84' lang='lat' dir='ltr'><strong>ex</strong></span> <span class='ocrx_word' id='word_1_485' title='bbox 794 3554 1021 3624; x_wconf 58' lang='lat' dir='ltr'><strong>epistola</strong></span> <span class='ocrx_word' id='word_1_486' title='bbox 1060 3556 1190 3610; x_wconf 85' lang='lat' dir='ltr'><strong>cleri</strong></span> <span class='ocrx_word' id='word_1_487' title='bbox 1250 3556 1477 3609; x_wconf 77' lang='lat' dir='ltr'><strong>Romani</strong></span> <span class='ocrx_word' id='word_1_488' title='bbox 1506 3555 1574 3609; x_wconf 91' lang='lat' dir='ltr'><strong>ad</strong></span> <span class='ocrx_word' id='word_1_489' title='bbox 1602 3556 1741 3611; x_wconf 84' lang='lat' dir='ltr'><strong>Sco-</strong></span> 
     </span>
    </p>
   </div>
   <div class='ocr_carea' id='block_1_69' title="bbox 167 3646 1743 3718">
    <p class='ocr_par' dir='ltr' id='par_1_69' title="bbox 167 3646 1743 3718">
     <span class='ocr_line' id='line_1_69' title="bbox 167 3646 1743 3718; baseline 0 -17"><span class='ocrx_word' id='word_1_490' title='bbox 167 3656 241 3701; x_wconf 88' lang='lat' dir='ltr'><strong>tos</strong></span> <span class='ocrx_word' id='word_1_491' title='bbox 259 3647 485 3715; x_wconf 81' lang='lat' dir='ltr'><strong>reddita,</strong></span> <span class='ocrx_word' id='word_1_492' title='bbox 512 3663 632 3702; x_wconf 89' lang='lat' dir='ltr'><strong>cum</strong></span> <span class='ocrx_word' id='word_1_493' title='bbox 656 3658 869 3702; x_wconf 84' lang='lat' dir='ltr'><strong>mortuo</strong></span> <span class='ocrx_word' id='word_1_494' title='bbox 892 3646 1152 3702; x_wconf 88' lang='lat' dir='ltr'><strong>Severinn</strong></span> <span class='ocrx_word' id='word_1_495' title='bbox 1184 3663 1320 3717; x_wconf 88' lang='lat' dir='ltr'><strong>papa</strong></span> <span class='ocrx_word' id='word_1_496' title='bbox 1350 3648 1504 3703; x_wconf 88' lang='lat' dir='ltr'><strong>sedes</strong></span> <span class='ocrx_word' id='word_1_497' title='bbox 1530 3658 1743 3718; x_wconf 87' lang='lat' dir='ltr'><strong>aposto-</strong></span> 
     </span>
    </p>
   </div>
   <div class='ocr_carea' id='block_1_70' title="bbox 167 3736 1741 3803">
    <p class='ocr_par' dir='ltr' id='par_1_70' title="bbox 167 3736 1741 3803">
     <span class='ocr_line' id='line_1_70' title="bbox 167 3736 1741 3803; baseline 0 -14"><span class='ocrx_word' id='word_1_498' title='bbox 167 3736 254 3791; x_wconf 85' lang='lat' dir='ltr'><strong>lica</strong></span> <span class='ocrx_word' id='word_1_499' title='bbox 283 3744 504 3791; x_wconf 86' lang='lat' dir='ltr'><strong>vacaret</strong></span> <span class='ocrx_word' id='word_1_500' title='bbox 533 3751 678 3791; x_wconf 90' lang='lat' dir='ltr'><strong>anno</strong></span> <span class='ocrx_word' id='word_1_501' title='bbox 735 3737 949 3790; x_wconf 86' lang='lat' dir='ltr'><strong>circiter</strong></span> <span class='ocrx_word' id='word_1_502' title='bbox 999 3736 1122 3791; x_wconf 66' lang='grc'><strong>640.</strong></span> <span class='ocrx_word' id='word_1_503' title='bbox 1179 3737 1271 3791; x_wconf 88' lang='lat' dir='ltr'><strong>Illa</strong></span> <span class='ocrx_word' id='word_1_504' title='bbox 1328 3738 1473 3791; x_wconf 84' lang='lat' dir='ltr'><strong>enim</strong></span> <span class='ocrx_word' id='word_1_505' title='bbox 1518 3738 1741 3803; x_wconf 43' lang='lat' dir='ltr'><strong>epistola</strong></span> 
     </span>
    </p>
   </div>
   <div class='ocr_carea' id='block_1_71' title="bbox 166 3828 1743 3901">
    <p class='ocr_par' dir='ltr' id='par_1_71' title="bbox 166 3828 1743 3901">
     <span class='ocr_line' id='line_1_71' title="bbox 166 3828 1743 3901; baseline -0.001 -17"><span class='ocrx_word' id='word_1_506' title='bbox 166 3830 350 3899; x_wconf 62' lang='lat' dir='ltr'><strong>sciipta</strong></span> <span class='ocrx_word' id='word_1_507' title='bbox 408 3829 605 3897; x_wconf 84' lang='lat' dir='ltr'><strong>legitur</strong></span> <span class='ocrx_word' id='word_1_508' title='bbox 654 3829 868 3883; x_wconf 89' lang='lat' dir='ltr'><strong>nomine</strong></span> <span class='ocrx_word' id='word_1_509' title='bbox 924 3828 1141 3893; x_wconf 79' lang='lat' dir='ltr'><strong>Hilarii,</strong></span> <span class='ocrx_word' id='word_1_510' title='bbox 1218 3829 1651 3901; x_wconf 80' lang='lat' dir='ltr'><strong>archipresbyteri</strong></span> <span class='ocrx_word' id='word_1_511' title='bbox 1694 3839 1743 3882; x_wconf 84' lang='lat' dir='ltr'><strong>et</strong></span> 
     </span>
    </p>
   </div>
   <div class='ocr_carea' id='block_1_72' title="bbox 169 3922 1744 3989">
    <p class='ocr_par' dir='ltr' id='par_1_72' title="bbox 169 3922 1744 3989">
     <span class='ocr_line' id='line_1_72' title="bbox 169 3922 1744 3989; baseline -0.001 -13"><span class='ocrx_word' id='word_1_512' title='bbox 169 3922 402 3977; x_wconf 79' lang='lat' dir='ltr'><strong>servantis</strong></span> <span class='ocrx_word' id='word_1_513' title='bbox 435 3923 626 3987; x_wconf 90' lang='lat' dir='ltr'><strong>locum,</strong></span> <span class='ocrx_word' id='word_1_514' title='bbox 656 3922 881 3986; x_wconf 85' lang='lat' dir='ltr'><strong>scilicet,</strong></span> <span class='ocrx_word' id='word_1_515' title='bbox 914 3932 972 3974; x_wconf 87' lang='lat' dir='ltr'><strong>ut</strong></span> <span class='ocrx_word' id='word_1_516' title='bbox 1010 3937 1265 3989; x_wconf 74' lang='lat' dir='ltr'><strong>auguror,</strong></span> <span class='ocrx_word' id='word_1_517' title='bbox 1299 3922 1503 3987; x_wconf 85' lang='lat' dir='ltr'><strong>vicarii,</strong></span> <span class='ocrx_word' id='word_1_518' title='bbox 1549 3930 1744 3975; x_wconf 73' lang='lat' dir='ltr'><strong>sancta:</strong></span> 
     </span>
    </p>
   </div>
   <div class='ocr_carea' id='block_1_73' title="bbox 168 4013 1746 4084">
    <p class='ocr_par' dir='ltr' id='par_1_73' title="bbox 168 4013 1746 4084">
     <span class='ocr_line' id='line_1_73' title="bbox 168 4013 1746 4084; baseline 0 -18"><span class='ocrx_word' id='word_1_519' title='bbox 168 4015 287 4068; x_wconf 79' lang='lat' dir='ltr'><strong>sedis</strong></span> <span class='ocrx_word' id='word_1_520' title='bbox 317 4014 649 4084; x_wconf 58' lang='lat' dir='ltr'><strong>apostolica;</strong></span> <span class='ocrx_word' id='word_1_521' title='bbox 695 4013 917 4067; x_wconf 79' lang='lat' dir='ltr'><strong>Joannis</strong></span> <span class='ocrx_word' id='word_1_522' title='bbox 943 4054 957 4078; x_wconf 94' lang='lat'><strong>,</strong></span> <span class='ocrx_word' id='word_1_523' title='bbox 998 4015 1207 4066; x_wconf 84' lang='lat' dir='ltr'><strong>diaconi</strong></span> <span class='ocrx_word' id='word_1_524' title='bbox 1251 4022 1301 4066; x_wconf 81' lang='lat' dir='ltr'><strong>et</strong></span> <span class='ocrx_word' id='word_1_525' title='bbox 1328 4014 1381 4067; x_wconf 88' lang='lat' dir='ltr'><strong>in</strong></span> <span class='ocrx_word' id='word_1_526' title='bbox 1410 4013 1509 4066; x_wconf 87' lang='lat' dir='ltr'><strong>Dei</strong></span> <span class='ocrx_word' id='word_1_527' title='bbox 1536 4016 1746 4067; x_wconf 82' lang='lat' dir='ltr'><strong>nomine</strong></span> 
     </span>
    </p>
   </div>
   <div class='ocr_carea' id='block_1_74' title="bbox 169 4104 1745 4174">
    <p class='ocr_par' dir='ltr' id='par_1_74' title="bbox 169 4104 1745 4174">
     <span class='ocr_line' id='line_1_74' title="bbox 169 4104 1745 4174; baseline 0 -17"><span class='ocrx_word' id='word_1_528' title='bbox 169 4106 317 4170; x_wconf 78' lang='lat' dir='ltr'><strong>electi,</strong></span> <span class='ocrx_word' id='word_1_529' title='bbox 348 4106 440 4174; x_wconf 91' lang='lat' dir='ltr'><strong>qui</strong></span> <span class='ocrx_word' id='word_1_530' title='bbox 461 4104 561 4158; x_wconf 85' lang='lat' dir='ltr'><strong>fuit</strong></span> <span class='ocrx_word' id='word_1_531' title='bbox 593 4105 829 4159; x_wconf 84' lang='lat' dir='ltr'><strong>Joannes</strong></span> <span class='ocrx_word' id='word_1_532' title='bbox 859 4105 958 4171; x_wconf 85' lang='lat' dir='ltr'><strong>1V;</strong></span> <span class='ocrx_word' id='word_1_533' title='bbox 997 4105 1242 4168; x_wconf 85' lang='lat' dir='ltr'><strong>Joannis,</strong></span> <span class='ocrx_word' id='word_1_534' title='bbox 1267 4104 1548 4174; x_wconf 86' lang='lat' dir='ltr'><strong>primicerii</strong></span> <span class='ocrx_word' id='word_1_535' title='bbox 1564 4115 1613 4158; x_wconf 85' lang='lat' dir='ltr'><strong>et</strong></span> <span class='ocrx_word' id='word_1_536' title='bbox 1634 4121 1745 4158; x_wconf 84' lang='lat' dir='ltr'><strong>ser-</strong></span> 
     </span>
    </p>
   </div>
   <div class='ocr_carea' id='block_1_75' title="bbox 170 4195 1742 4268">
    <p class='ocr_par' dir='ltr' id='par_1_75' title="bbox 170 4195 1742 4268">
     <span class='ocr_line' id='line_1_75' title="bbox 170 4195 1742 4268; baseline -0.001 -17"><span class='ocrx_word' id='word_1_537' title='bbox 170 4200 319 4252; x_wconf 65' lang='lat' dir='ltr'><strong>vantis</strong></span> <span class='ocrx_word' id='word_1_538' title='bbox 346 4198 515 4253; x_wconf 88' lang='lat' dir='ltr'><strong>locum</strong></span> <span class='ocrx_word' id='word_1_539' title='bbox 538 4198 833 4268; x_wconf 83' lang='lat' dir='ltr'><strong>apostolica:</strong></span> <span class='ocrx_word' id='word_1_540' title='bbox 855 4198 1022 4261; x_wconf 85' lang='lat' dir='ltr'><strong>sedis;</strong></span> <span class='ocrx_word' id='word_1_541' title='bbox 1069 4206 1116 4251; x_wconf 89' lang='lat' dir='ltr'><strong>et</strong></span> <span class='ocrx_word' id='word_1_542' title='bbox 1136 4195 1359 4250; x_wconf 86' lang='lat' dir='ltr'><strong>Joannis</strong></span> <span class='ocrx_word' id='word_1_543' title='bbox 1392 4239 1407 4263; x_wconf 92' lang='lat'><strong>,</strong></span> <span class='ocrx_word' id='word_1_544' title='bbox 1447 4197 1578 4250; x_wconf 81' lang='lat' dir='ltr'><strong>servi</strong></span> <span class='ocrx_word' id='word_1_545' title='bbox 1623 4195 1742 4261; x_wconf 86' lang='lat' dir='ltr'><strong>Dei,</strong></span> 
     </span>
    </p>
   </div>
   <div class='ocr_carea' id='block_1_76' title="bbox 169 4286 1745 4359">
    <p class='ocr_par' dir='ltr' id='par_1_76' title="bbox 169 4286 1745 4359">
     <span class='ocr_line' id='line_1_76' title="bbox 169 4286 1745 4359; baseline 0.001 -21"><span class='ocrx_word' id='word_1_546' title='bbox 169 4290 437 4342; x_wconf 80' lang='lat' dir='ltr'><strong>ronsitiarii</strong></span> <span class='ocrx_word' id='word_1_547' title='bbox 467 4289 695 4359; x_wconf 83' lang='lat' dir='ltr'><strong>ejusdem</strong></span> <span class='ocrx_word' id='word_1_548' title='bbox 724 4290 861 4345; x_wconf 84' lang='lat' dir='ltr'><strong>sedis</strong></span> <span class='ocrx_word' id='word_1_549' title='bbox 892 4288 1211 4359; x_wconf 67' lang='lat' dir='ltr'><strong>apostolicis.</strong></span> <span class='ocrx_word' id='word_1_550' title='bbox 1240 4286 1395 4354; x_wconf 88' lang='lat' dir='ltr'><strong>Quod</strong></span> <span class='ocrx_word' id='word_1_551' title='bbox 1425 4301 1745 4342; x_wconf 86' lang='lat' dir='ltr'><strong>monumen-</strong></span> 
     </span>
    </p>
   </div>
   <div class='ocr_carea' id='block_1_77' title="bbox 176 4378 1746 4447">
    <p class='ocr_par' dir='ltr' id='par_1_77' title="bbox 176 4378 1746 4447">
     <span class='ocr_line' id='line_1_77' title="bbox 176 4378 1746 4447; baseline 0.003 -18"><span class='ocrx_word' id='word_1_552' title='bbox 176 4388 277 4431; x_wconf 77' lang='lat' dir='ltr'><strong>lultl</strong></span> <span class='ocrx_word' id='word_1_553' title='bbox 307 4380 523 4434; x_wconf 78' lang='lat' dir='ltr'><strong>exhibet</strong></span> <span class='ocrx_word' id='word_1_554' title='bbox 552 4380 805 4434; x_wconf 84' lang='lat' dir='ltr'><strong>venerab.</strong></span> <span class='ocrx_word' id='word_1_555' title='bbox 839 4379 980 4434; x_wconf 81' lang='lat' dir='ltr'><strong>Beda</strong></span> <span class='ocrx_word' id='word_1_556' title='bbox 1012 4380 1103 4435; x_wconf 90' lang='lat' dir='ltr'><strong>lib.</strong></span> <span class='ocrx_word' id='word_1_557' title='bbox 1139 4396 1175 4435; x_wconf 91' lang='grc' dir='ltr'><strong>ιι</strong></span> <span class='ocrx_word' id='word_1_558' title='bbox 1207 4380 1365 4447; x_wconf 88' lang='lat' dir='ltr'><strong>Hist.,</strong></span> <span class='ocrx_word' id='word_1_559' title='bbox 1398 4395 1448 4434; x_wconf 93' lang='lat' dir='ltr'><strong>c.</strong></span> <span class='ocrx_word' id='word_1_560' title='bbox 1476 4378 1574 4446; x_wconf 69' lang='lat'><strong>29;</strong></span> <span class='ocrx_word' id='word_1_561' title='bbox 1601 4378 1746 4434; x_wconf 86' lang='lat' dir='ltr'><strong>unde</strong></span> 
     </span>
    </p>
   </div>
   <div class='ocr_carea' id='block_1_78' title="bbox 1843 3194 3440 3268">
    <p class='ocr_par' dir='ltr' id='par_1_78' title="bbox 1843 3194 3440 3268">
     <span class='ocr_line' id='line_1_78' title="bbox 1843 3194 3440 3268; baseline 0 -20"><span class='ocrx_word' id='word_1_562' title='bbox 1843 3196 2051 3268; x_wconf 85' lang='lat' dir='ltr'><strong>quando</strong></span> <span class='ocrx_word' id='word_1_563' title='bbox 2068 3196 2427 3259; x_wconf 86' lang='lat' dir='ltr'><strong>decreveram;</strong></span> <span class='ocrx_word' id='word_1_564' title='bbox 2450 3196 2541 3249; x_wconf 86' lang='lat' dir='ltr'><strong>sed</strong></span> <span class='ocrx_word' id='word_1_565' title='bbox 2562 3211 2787 3265; x_wconf 86' lang='lat' dir='ltr'><strong>superna</strong></span> <span class='ocrx_word' id='word_1_566' title='bbox 2810 3195 2934 3247; x_wconf 86' lang='lat' dir='ltr'><strong>mihi</strong></span> <span class='ocrx_word' id='word_1_567' title='bbox 2944 3194 3148 3264; x_wconf 88' lang='lat' dir='ltr'><strong>judicia</strong></span> <span class='ocrx_word' id='word_1_568' title='bbox 3169 3194 3440 3250; x_wconf 80' lang='lat' dir='ltr'><strong>adversari</strong></span> 
     </span>
    </p>
   </div>
   <div class='ocr_carea' id='block_1_79' title="bbox 1844 3283 3437 3356">
    <p class='ocr_par' dir='ltr' id='par_1_79' title="bbox 1844 3283 3437 3356">
     <span class='ocr_line' id='line_1_79' title="bbox 1844 3283 3437 3356; baseline -0.001 -16"><span class='ocrx_word' id='word_1_569' title='bbox 1844 3286 2184 3356; x_wconf 82' lang='lat' dir='ltr'><strong>conspiciens,</strong></span> <span class='ocrx_word' id='word_1_570' title='bbox 2201 3286 2332 3355; x_wconf 85' lang='lat' dir='ltr'><strong>jugo</strong></span> <span class='ocrx_word' id='word_1_571' title='bbox 2383 3283 2682 3339; x_wconf 88' lang='lat' dir='ltr'><strong>Conditoris</strong></span> <span class='ocrx_word' id='word_1_572' title='bbox 2709 3284 2917 3338; x_wconf 85' lang='lat' dir='ltr'><strong>subdidi</strong></span> <span class='ocrx_word' id='word_1_573' title='bbox 2968 3284 3215 3337; x_wconf 89' lang='lat' dir='ltr'><strong>cervicem</strong></span> <span class='ocrx_word' id='word_1_574' title='bbox 3240 3283 3437 3339; x_wconf 78' lang='lat' dir='ltr'><strong>cordis.</strong></span> 
     </span>
    </p>
   </div>
   <div class='ocr_carea' id='block_1_80' title="bbox 1846 3362 3435 3448">
    <p class='ocr_par' dir='ltr' id='par_1_80' title="bbox 1846 3362 3435 3448">
     <span class='ocr_line' id='line_1_80' title="bbox 1846 3362 3435 3448; baseline -0.002 -18"><span class='ocrx_word' id='word_1_575' title='bbox 1846 3377 1985 3447; x_wconf 86' lang='lat' dir='ltr'><strong>(Lib.</strong></span> <span class='ocrx_word' id='word_1_576' title='bbox 2015 3393 2106 3441; x_wconf 87' lang='lat' dir='ltr'><strong>vn,</strong></span> <span class='ocrx_word' id='word_1_577' title='bbox 2131 3394 2212 3448; x_wconf 89' lang='lat' dir='ltr'><strong>ep.</strong></span> <span class='ocrx_word' id='word_1_578' title='bbox 2245 3375 2324 3445; x_wconf 75' lang='grc'><strong>4.)</strong></span> <span class='ocrx_word' id='word_1_579' title='bbox 2349 3375 2508 3444; x_wconf 68' lang='lat' dir='ltr'><strong>Fuga:</strong></span> <span class='ocrx_word' id='word_1_580' title='bbox 2538 3374 2971 3441; x_wconf 89' lang='lat' dir='ltr'><strong>latebrarumque</strong></span> <span class='ocrx_word' id='word_1_581' title='bbox 3005 3387 3224 3427; x_wconf 87' lang='lat' dir='ltr'><strong>suarum</strong></span> <span class='ocrx_word' id='word_1_582' title='bbox 3247 3362 3435 3427; x_wconf 47' lang='lat' dir='ltr'><strong>metuis</strong></span> 
     </span>
    </p>
   </div>
   <div class='ocr_carea' id='block_1_81' title="bbox 1844 3460 3437 3539">
    <p class='ocr_par' dir='ltr' id='par_1_81' title="bbox 1844 3460 3437 3539">
     <span class='ocr_line' id='line_1_81' title="bbox 1844 3460 3437 3539; baseline -0.004 -16"><span class='ocrx_word' id='word_1_583' title='bbox 1844 3469 1922 3523; x_wconf 90' lang='lat' dir='ltr'><strong>nit</strong></span> <span class='ocrx_word' id='word_1_584' title='bbox 1952 3483 2167 3539; x_wconf 86' lang='lat' dir='ltr'><strong>quoque</strong></span> <span class='ocrx_word' id='word_1_585' title='bbox 2202 3466 2355 3519; x_wconf 87' lang='lat' dir='ltr'><strong>initio</strong></span> <span class='ocrx_word' id='word_1_586' title='bbox 2377 3466 2495 3519; x_wconf 89' lang='lat' dir='ltr'><strong>libri</strong></span> <span class='ocrx_word' id='word_1_587' title='bbox 2531 3464 2747 3532; x_wconf 80' lang='lat' dir='ltr'><strong>Regula:</strong></span> <span class='ocrx_word' id='word_1_588' title='bbox 2775 3463 3088 3518; x_wconf 88' lang='lat' dir='ltr'><strong>Pastoralis.</strong></span> <span class='ocrx_word' id='word_1_589' title='bbox 3128 3460 3206 3515; x_wconf 92' lang='lat' dir='ltr'><strong>lta</strong></span> <span class='ocrx_word' id='word_1_590' title='bbox 3237 3461 3437 3532; x_wconf 54' lang='lat' dir='ltr'><strong>Grego‘</strong></span> 
     </span>
    </p>
   </div>
   <div class='ocr_carea' id='block_1_82' title="bbox 1843 3552 3439 3623">
    <p class='ocr_par' dir='ltr' id='par_1_82' title="bbox 1843 3552 3439 3623">
     <span class='ocr_line' id='line_1_82' title="bbox 1843 3552 3439 3623; baseline -0.004 -8"><span class='ocrx_word' id='word_1_591' title='bbox 1843 3562 1955 3615; x_wconf 87' lang='lat' dir='ltr'><strong>rius</strong></span> <span class='ocrx_word' id='word_1_592' title='bbox 1984 3558 2246 3622; x_wconf 87' lang='lat' dir='ltr'><strong>vocantis,</strong></span> <span class='ocrx_word' id='word_1_593' title='bbox 2279 3556 2470 3611; x_wconf 90' lang='lat' dir='ltr'><strong>melius</strong></span> <span class='ocrx_word' id='word_1_594' title='bbox 2503 3555 2750 3621; x_wconf 77' lang='lat' dir='ltr'><strong>dixerim,</strong></span> <span class='ocrx_word' id='word_1_595' title='bbox 2812 3554 3054 3623; x_wconf 82' lang='lat' dir='ltr'><strong>cogentis</strong></span> <span class='ocrx_word' id='word_1_596' title='bbox 3096 3552 3193 3608; x_wconf 89' lang='lat' dir='ltr'><strong>Dei</strong></span> <span class='ocrx_word' id='word_1_597' title='bbox 3245 3553 3439 3621; x_wconf 88' lang='lat' dir='ltr'><strong>signis,</strong></span> 
     </span>
    </p>
   </div>
   <div class='ocr_carea' id='block_1_83' title="bbox 1845 3645 3440 3723">
    <p class='ocr_par' dir='ltr' id='par_1_83' title="bbox 1845 3645 3440 3723">
     <span class='ocr_line' id='line_1_83' title="bbox 1845 3645 3440 3723; baseline -0.002 -18"><span class='ocrx_word' id='word_1_598' title='bbox 1845 3646 2025 3723; x_wconf 83' lang='lat' dir='ltr'><strong>potius</strong></span> <span class='ocrx_word' id='word_1_599' title='bbox 2055 3666 2215 3721; x_wconf 89' lang='lat' dir='ltr'><strong>quam</strong></span> <span class='ocrx_word' id='word_1_600' title='bbox 2246 3650 2523 3705; x_wconf 88' lang='lat' dir='ltr'><strong>hominum</strong></span> <span class='ocrx_word' id='word_1_601' title='bbox 2550 3648 2691 3703; x_wconf 90' lang='lat' dir='ltr'><strong>votis</strong></span> <span class='ocrx_word' id='word_1_602' title='bbox 2720 3647 3119 3715; x_wconf 89' lang='lat' dir='ltr'><strong>obtemperans,</strong></span> <span class='ocrx_word' id='word_1_603' title='bbox 3149 3645 3440 3702; x_wconf 81' lang='lat' dir='ltr'><strong>accedente</strong></span> 
     </span>
    </p>
   </div>
   <div class='ocr_carea' id='block_1_84' title="bbox 1847 3738 3440 3813">
    <p class='ocr_par' dir='ltr' id='par_1_84' title="bbox 1847 3738 3440 3813">
     <span class='ocr_line' id='line_1_84' title="bbox 1847 3738 3440 3813; baseline -0.004 -15"><span class='ocrx_word' id='word_1_604' title='bbox 1847 3743 2188 3813; x_wconf 90' lang='lat' dir='ltr'><strong>imperatoris</strong></span> <span class='ocrx_word' id='word_1_605' title='bbox 2217 3755 2480 3796; x_wconf 85' lang='lat' dir='ltr'><strong>consensu</strong></span> <span class='ocrx_word' id='word_1_606' title='bbox 2514 3747 2568 3794; x_wconf 92' lang='lat' dir='ltr'><strong>et</strong></span> <span class='ocrx_word' id='word_1_607' title='bbox 2589 3739 2971 3807; x_wconf 86' lang='lat' dir='ltr'><strong>gratulatione,</strong></span> <span class='ocrx_word' id='word_1_608' title='bbox 3029 3738 3311 3792; x_wconf 90' lang='lat' dir='ltr'><strong>ordinatus</strong></span> <span class='ocrx_word' id='word_1_609' title='bbox 3356 3746 3440 3792; x_wconf 86' lang='lat' dir='ltr'><strong>est</strong></span> 
     </span>
    </p>
   </div>
   <div class='ocr_carea' id='block_1_85' title="bbox 1846 3827 3443 3901">
    <p class='ocr_par' dir='ltr' id='par_1_85' title="bbox 1846 3827 3443 3901">
     <span class='ocr_line' id='line_1_85' title="bbox 1846 3827 3443 3901; baseline -0.004 -14"><span class='ocrx_word' id='word_1_610' title='bbox 1846 3836 1935 3888; x_wconf 87' lang='lat' dir='ltr'><strong>die</strong></span> <span class='ocrx_word' id='word_1_611' title='bbox 1974 3834 2008 3886; x_wconf 80' lang='grc'><strong>’5</strong></span> <span class='ocrx_word' id='word_1_612' title='bbox 2033 3831 2369 3901; x_wconf 88' lang='lat' dir='ltr'><strong>Septembris</strong></span> <span class='ocrx_word' id='word_1_613' title='bbox 2395 3845 2482 3883; x_wconf 93' lang='lat' dir='ltr'><strong>an.</strong></span> <span class='ocrx_word' id='word_1_614' title='bbox 2515 3828 2641 3891; x_wconf 79' lang='lat'><strong>590,</strong></span> <span class='ocrx_word' id='word_1_615' title='bbox 2696 3830 2749 3883; x_wconf 92' lang='lat' dir='ltr'><strong>in</strong></span> <span class='ocrx_word' id='word_1_616' title='bbox 2779 3829 2897 3897; x_wconf 92' lang='lat' dir='ltr'><strong>ipso</strong></span> <span class='ocrx_word' id='word_1_617' title='bbox 2926 3827 3235 3882; x_wconf 87' lang='lat' dir='ltr'><strong>indictionis</strong></span> <span class='ocrx_word' id='word_1_618' title='bbox 3285 3842 3443 3881; x_wconf 71' lang='lat' dir='ltr'><strong>nona:</strong></span> 
     </span>
    </p>
   </div>
   <div class='ocr_carea' id='block_1_86' title="bbox 1848 3917 3434 3997">
    <p class='ocr_par' dir='ltr' id='par_1_86' title="bbox 1848 3917 3434 3997">
     <span class='ocr_line' id='line_1_86' title="bbox 1848 3917 3434 3997; baseline -0.006 -17"><span class='ocrx_word' id='word_1_619' title='bbox 1848 3925 2132 3997; x_wconf 83' lang='lat' dir='ltr'><strong>principio,</strong></span> <span class='ocrx_word' id='word_1_620' title='bbox 2160 3937 2280 3990; x_wconf 81' lang='lat' dir='ltr'><strong>qua:</strong></span> <span class='ocrx_word' id='word_1_621' title='bbox 2308 3921 2424 3974; x_wconf 90' lang='lat' dir='ltr'><strong>dies</strong></span> <span class='ocrx_word' id='word_1_622' title='bbox 2452 3920 2505 3973; x_wconf 93' lang='lat' dir='ltr'><strong>in</strong></span> <span class='ocrx_word' id='word_1_623' title='bbox 2528 3919 2724 3972; x_wconf 85' lang='lat' dir='ltr'><strong>tabulis</strong></span> <span class='ocrx_word' id='word_1_624' title='bbox 2753 3917 3132 3974; x_wconf 86' lang='lat' dir='ltr'><strong>ecclesiasticis</strong></span> <span class='ocrx_word' id='word_1_625' title='bbox 3151 3917 3434 3986; x_wconf 85' lang='lat' dir='ltr'><strong>consigna-</strong></span> 
     </span>
    </p>
   </div>
   <div class='ocr_carea' id='block_1_87' title="bbox 1848 4006 3438 4082">
    <p class='ocr_par' dir='ltr' id='par_1_87' title="bbox 1848 4006 3438 4082">
     <span class='ocr_line' id='line_1_87' title="bbox 1848 4006 3438 4082; baseline -0.003 -13"><span class='ocrx_word' id='word_1_626' title='bbox 1848 4024 1925 4082; x_wconf 83' lang='lat' dir='ltr'><strong>ta,</strong></span> <span class='ocrx_word' id='word_1_627' title='bbox 1983 4014 2112 4069; x_wconf 91' lang='lat' dir='ltr'><strong>olim</strong></span> <span class='ocrx_word' id='word_1_628' title='bbox 2156 4012 2255 4066; x_wconf 81' lang='lat' dir='ltr'><strong>iuit</strong></span> <span class='ocrx_word' id='word_1_629' title='bbox 2306 4010 2678 4066; x_wconf 85' lang='lat' dir='ltr'><strong>celeberrima.</strong></span> <span class='ocrx_word' id='word_1_630' title='bbox 2734 4007 2869 4062; x_wconf 86' lang='lat' dir='ltr'><strong>Cum</strong></span> <span class='ocrx_word' id='word_1_631' title='bbox 2921 4007 3062 4063; x_wconf 89' lang='lat' dir='ltr'><strong>enim</strong></span> <span class='ocrx_word' id='word_1_632' title='bbox 3118 4006 3438 4065; x_wconf 79' lang='lat' dir='ltr'><strong>sanctissimi</strong></span> 
     </span>
    </p>
   </div>
   <div class='ocr_carea' id='block_1_88' title="bbox 1849 4098 3436 4168">
    <p class='ocr_par' dir='ltr' id='par_1_88' title="bbox 1849 4098 3436 4168">
     <span class='ocr_line' id='line_1_88' title="bbox 1849 4098 3436 4168; baseline -0.007 -6"><span class='ocrx_word' id='word_1_633' title='bbox 1849 4106 2126 4164; x_wconf 83' lang='lat' dir='ltr'><strong>Pontificis</strong></span> <span class='ocrx_word' id='word_1_634' title='bbox 2151 4103 2348 4159; x_wconf 86' lang='lat' dir='ltr'><strong>natalis</strong></span> <span class='ocrx_word' id='word_1_635' title='bbox 2376 4101 2577 4157; x_wconf 84' lang='lat' dir='ltr'><strong>incidat</strong></span> <span class='ocrx_word' id='word_1_636' title='bbox 2605 4102 2659 4156; x_wconf 94' lang='lat' dir='ltr'><strong>in</strong></span> <span class='ocrx_word' id='word_1_637' title='bbox 2685 4100 2829 4156; x_wconf 90' lang='lat' dir='ltr'><strong>diem</strong></span> <span class='ocrx_word' id='word_1_638' title='bbox 2858 4099 2925 4152; x_wconf 58' lang='grc' dir='ltr'><strong>ιι</strong></span> <span class='ocrx_word' id='word_1_639' title='bbox 2941 4098 3140 4164; x_wconf 87' lang='lat' dir='ltr'><strong>Martii,</strong></span> <span class='ocrx_word' id='word_1_640' title='bbox 3172 4113 3279 4168; x_wconf 89' lang='lat' dir='ltr'><strong>quo</strong></span> <span class='ocrx_word' id='word_1_641' title='bbox 3303 4106 3436 4152; x_wconf 88' lang='lat' dir='ltr'><strong>tem-</strong></span> 
     </span>
    </p>
   </div>
   <div class='ocr_carea' id='block_1_89' title="bbox 1848 4192 3443 4272">
    <p class='ocr_par' dir='ltr' id='par_1_89' title="bbox 1848 4192 3443 4272">
     <span class='ocr_line' id='line_1_89' title="bbox 1848 4192 3443 4272; baseline -0.007 -17"><span class='ocrx_word' id='word_1_642' title='bbox 1848 4217 1981 4272; x_wconf 87' lang='lat' dir='ltr'><strong>pore</strong></span> <span class='ocrx_word' id='word_1_643' title='bbox 2007 4210 2230 4269; x_wconf 86' lang='lat' dir='ltr'><strong>prepter</strong></span> <span class='ocrx_word' id='word_1_644' title='bbox 2272 4196 2742 4265; x_wconf 87' lang='lat' dir='ltr'><strong>Quadragesimam</strong></span> <span class='ocrx_word' id='word_1_645' title='bbox 2774 4194 2932 4248; x_wconf 78' lang='lat' dir='ltr'><strong>nulla:</strong></span> <span class='ocrx_word' id='word_1_646' title='bbox 2963 4192 3255 4264; x_wconf 90' lang='lat' dir='ltr'><strong>antiquitus</strong></span> <span class='ocrx_word' id='word_1_647' title='bbox 3281 4198 3443 4252; x_wconf 67' lang='lat' dir='ltr'><strong>erant</strong></span> 
     </span>
    </p>
   </div>
   <div class='ocr_carea' id='block_1_90' title="bbox 1850 4282 3441 4353">
    <p class='ocr_par' dir='ltr' id='par_1_90' title="bbox 1850 4282 3441 4353">
     <span class='ocr_line' id='line_1_90' title="bbox 1850 4282 3441 4353; baseline -0.011 -5"><span class='ocrx_word' id='word_1_648' title='bbox 1850 4293 2174 4348; x_wconf 86' lang='lat' dir='ltr'><strong>Sanctorum</strong></span> <span class='ocrx_word' id='word_1_649' title='bbox 2202 4289 2473 4346; x_wconf 90' lang='lat' dir='ltr'><strong>solemnes</strong></span> <span class='ocrx_word' id='word_1_650' title='bbox 2522 4286 2701 4352; x_wconf 70' lang='lat' dir='ltr'><strong>ferite,</strong></span> <span class='ocrx_word' id='word_1_651' title='bbox 2752 4285 3116 4339; x_wconf 88' lang='lat' dir='ltr'><strong>anniversaria</strong></span> <span class='ocrx_word' id='word_1_652' title='bbox 3147 4284 3263 4353; x_wconf 89' lang='lat' dir='ltr'><strong>ejus</strong></span> <span class='ocrx_word' id='word_1_653' title='bbox 3291 4282 3441 4341; x_wconf 71' lang='lat' dir='ltr'><strong>ordi.</strong></span> 
     </span>
    </p>
   </div>
   <div class='ocr_carea' id='block_1_91' title="bbox 1851 4373 3448 4450">
    <p class='ocr_par' dir='ltr' id='par_1_91' title="bbox 1851 4373 3448 4450">
     <span class='ocr_line' id='line_1_91' title="bbox 1851 4373 3448 4450; baseline -0.006 -14"><span class='ocrx_word' id='word_1_654' title='bbox 1851 4381 2085 4436; x_wconf 88' lang='lat' dir='ltr'><strong>nationis</strong></span> <span class='ocrx_word' id='word_1_655' title='bbox 2122 4380 2256 4447; x_wconf 90' lang='lat' dir='ltr'><strong>dies,</strong></span> <span class='ocrx_word' id='word_1_656' title='bbox 2314 4380 2480 4450; x_wconf 88' lang='lat' dir='ltr'><strong>ipsius</strong></span> <span class='ocrx_word' id='word_1_657' title='bbox 2522 4375 2796 4431; x_wconf 75' lang='lat' dir='ltr'><strong>memoria:</strong></span> <span class='ocrx_word' id='word_1_658' title='bbox 2816 4374 3151 4430; x_wconf 82' lang='lat' dir='ltr'><strong>celebranda:</strong></span> <span class='ocrx_word' id='word_1_659' title='bbox 3180 4373 3280 4427; x_wconf 85' lang='lat' dir='ltr'><strong>fuit</strong></span> <span class='ocrx_word' id='word_1_660' title='bbox 3307 4388 3448 4427; x_wconf 41' lang='lat' dir='ltr'><strong>cons</strong></span> 
     </span>
    </p>
   </div>
   <div class='ocr_carea' id='block_1_92' title="bbox 171 4464 2081 4542">
    <p class='ocr_par' dir='ltr' id='par_1_92' title="bbox 171 4464 2081 4542">
     <span class='ocr_line' id='line_1_92' title="bbox 171 4464 2081 4542; baseline 0.002 -21"><span class='ocrx_word' id='word_1_661' title='bbox 171 4471 430 4527; x_wconf 76' lang='lat' dir='ltr'><strong>addiscere</strong></span> <span class='ocrx_word' id='word_1_662' title='bbox 484 4473 634 4537; x_wconf 89' lang='lat' dir='ltr'><strong>licet,</strong></span> <span class='ocrx_word' id='word_1_663' title='bbox 687 4473 884 4542; x_wconf 89' lang='lat' dir='ltr'><strong>quibus</strong></span> <span class='ocrx_word' id='word_1_664' title='bbox 930 4472 1249 4528; x_wconf 84' lang='lat' dir='ltr'><strong>demandata</strong></span> <span class='ocrx_word' id='word_1_665' title='bbox 1303 4474 1443 4527; x_wconf 87' lang='lat' dir='ltr'><strong>foret</strong></span> <span class='ocrx_word' id='word_1_666' title='bbox 1490 4471 1744 4527; x_wconf 76' lang='lat' dir='ltr'><strong>Ecclesia:</strong></span> <span class='ocrx_word' id='word_1_667' title='bbox 1771 4464 1820 4527; x_wconf 83' lang='lat' dir='ltr'><strong>D</strong></span> <span class='ocrx_word' id='word_1_668' title='bbox 1848 4482 2081 4529; x_wconf 88' lang='lat' dir='ltr'><strong>secrata.</strong></span> 
     </span>
    </p>
   </div>
   <div class='ocr_carea' id='block_1_93' title="bbox 172 4562 1741 4639">
    <p class='ocr_par' dir='ltr' id='par_1_93' title="bbox 172 4562 1741 4639">
     <span class='ocr_line' id='line_1_93' title="bbox 172 4562 1741 4639; baseline 0.003 -22"><span class='ocrx_word' id='word_1_669' title='bbox 172 4562 407 4620; x_wconf 81' lang='lat' dir='ltr'><strong>Romana:</strong></span> <span class='ocrx_word' id='word_1_670' title='bbox 434 4566 849 4632; x_wconf 88' lang='lat' dir='ltr'><strong>administratio,</strong></span> <span class='ocrx_word' id='word_1_671' title='bbox 898 4566 1070 4622; x_wconf 87' lang='lat' dir='ltr'><strong>donec</strong></span> <span class='ocrx_word' id='word_1_672' title='bbox 1097 4568 1185 4635; x_wconf 91' lang='lat' dir='ltr'><strong>qui</strong></span> <span class='ocrx_word' id='word_1_673' title='bbox 1216 4567 1419 4623; x_wconf 90' lang='lat' dir='ltr'><strong>electus</strong></span> <span class='ocrx_word' id='word_1_674' title='bbox 1444 4573 1561 4622; x_wconf 90' lang='lat' dir='ltr'><strong>erat</strong></span> <span class='ocrx_word' id='word_1_675' title='bbox 1602 4582 1741 4639; x_wconf 86' lang='lat' dir='ltr'><strong>pon-</strong></span> 
     </span>
    </p>
   </div>
   <div class='ocr_carea' id='block_1_94' title="bbox 172 4650 742 4710">
    <p class='ocr_par' dir='ltr' id='par_1_94' title="bbox 172 4650 742 4710">
     <span class='ocr_line' id='line_1_94' title="bbox 172 4650 742 4710; baseline 0.007 -6"><span class='ocrx_word' id='word_1_676' title='bbox 172 4650 286 4707; x_wconf 76' lang='lat' dir='ltr'><strong>tifex</strong></span> <span class='ocrx_word' id='word_1_677' title='bbox 312 4663 742 4710; x_wconf 88' lang='lat' dir='ltr'><strong>consecraretur.</strong></span> 
     </span>
    </p>
   </div>
   <div class='ocr_carea' id='block_1_95' title="bbox 233 4742 1739 4819">
    <p class='ocr_par' dir='ltr' id='par_1_95' title="bbox 233 4742 1739 4819">
     <span class='ocr_line' id='line_1_95' title="bbox 233 4742 1739 4819; baseline 0.007 -22"><span class='ocrx_word' id='word_1_678' title='bbox 233 4742 282 4799; x_wconf 85' lang='lat'><strong>8.</strong></span> <span class='ocrx_word' id='word_1_679' title='bbox 306 4744 376 4800; x_wconf 89' lang='lat' dir='ltr'><strong>De</strong></span> <span class='ocrx_word' id='word_1_680' title='bbox 399 4746 701 4800; x_wconf 89' lang='lat' dir='ltr'><strong>concivium</strong></span> <span class='ocrx_word' id='word_1_681' title='bbox 718 4762 938 4801; x_wconf 90' lang='lat' dir='ltr'><strong>suorum</strong></span> <span class='ocrx_word' id='word_1_682' title='bbox 955 4747 1127 4802; x_wconf 88' lang='lat' dir='ltr'><strong>salute</strong></span> <span class='ocrx_word' id='word_1_683' title='bbox 1147 4748 1411 4805; x_wconf 90' lang='lat' dir='ltr'><strong>sollicitus</strong></span> <span class='ocrx_word' id='word_1_684' title='bbox 1425 4748 1739 4819; x_wconf 86' lang='lat' dir='ltr'><strong>Gregorius,</strong></span> 
     </span>
    </p>
   </div>
   <div class='ocr_carea' id='block_1_96' title="bbox 172 4839 1741 4914">
    <p class='ocr_par' dir='ltr' id='par_1_96' title="bbox 172 4839 1741 4914">
     <span class='ocr_line' id='line_1_96' title="bbox 172 4839 1741 4914; baseline 0.008 -25"><span class='ocrx_word' id='word_1_685' title='bbox 172 4850 295 4903; x_wconf 85' lang='lat' dir='ltr'><strong>pene</strong></span> <span class='ocrx_word' id='word_1_686' title='bbox 341 4840 424 4893; x_wconf 93' lang='lat' dir='ltr'><strong>sui</strong></span> <span class='ocrx_word' id='word_1_687' title='bbox 481 4839 679 4895; x_wconf 87' lang='lat' dir='ltr'><strong>oblitus</strong></span> <span class='ocrx_word' id='word_1_688' title='bbox 725 4840 920 4908; x_wconf 88' lang='lat' dir='ltr'><strong>luerat,</strong></span> <span class='ocrx_word' id='word_1_689' title='bbox 978 4851 1033 4897; x_wconf 92' lang='lat' dir='ltr'><strong>et</strong></span> <span class='ocrx_word' id='word_1_690' title='bbox 1086 4844 1420 4914; x_wconf 88' lang='lat' dir='ltr'><strong>propositum</strong></span> <span class='ocrx_word' id='word_1_691' title='bbox 1477 4846 1741 4914; x_wconf 78' lang='lat' dir='ltr'><strong>fugienda:</strong></span> 
     </span>
    </p>
   </div>
   <div class='ocr_carea' id='block_1_97' title="bbox 173 4928 1732 4998">
    <p class='ocr_par' dir='ltr' id='par_1_97' title="bbox 173 4928 1732 4998">
     <span class='ocr_line' id='line_1_97' title="bbox 173 4928 1732 4998; baseline 0.008 -18"><span class='ocrx_word' id='word_1_692' title='bbox 173 4928 436 4994; x_wconf 69' lang='lat' dir='ltr'><strong>pontiﬁcia:</strong></span> <span class='ocrx_word' id='word_1_693' title='bbox 492 4930 767 4998; x_wconf 63' lang='lat' dir='ltr'><strong>dign’tatis</strong></span> <span class='ocrx_word' id='word_1_694' title='bbox 827 4933 1203 4989; x_wconf 88' lang='lat' dir='ltr'><strong>intermiserat.</strong></span> <span class='ocrx_word' id='word_1_695' title='bbox 1261 4935 1495 4992; x_wconf 90' lang='lat' dir='ltr'><strong>Securus</strong></span> <span class='ocrx_word' id='word_1_696' title='bbox 1550 4936 1732 4993; x_wconf 82' lang='lat' dir='ltr'><strong>forsan</strong></span> 
     </span>
    </p>
   </div>
   <div class='ocr_carea' id='block_1_98' title="bbox 172 5018 1734 5098">
    <p class='ocr_par' dir='ltr' id='par_1_98' title="bbox 172 5018 1734 5098">
     <span class='ocr_line' id='line_1_98' title="bbox 172 5018 1734 5098; baseline 0.012 -33"><span class='ocrx_word' id='word_1_697' title='bbox 172 5018 473 5083; x_wconf 77' lang='lat' dir='ltr'><strong>dormiebat,</strong></span> <span class='ocrx_word' id='word_1_698' title='bbox 506 5022 648 5090; x_wconf 92' lang='lat' dir='ltr'><strong>quod</strong></span> <span class='ocrx_word' id='word_1_699' title='bbox 697 5021 1007 5078; x_wconf 85' lang='lat' dir='ltr'><strong>Mauricinm</strong></span> <span class='ocrx_word' id='word_1_700' title='bbox 1039 5026 1420 5094; x_wconf 87' lang='lat' dir='ltr'><strong>imperatorem</strong></span> <span class='ocrx_word' id='word_1_701' title='bbox 1453 5028 1563 5083; x_wconf 87' lang='lat' dir='ltr'><strong>suis</strong></span> <span class='ocrx_word' id='word_1_702' title='bbox 1612 5044 1734 5098; x_wconf 87' lang='lat' dir='ltr'><strong>sup-</strong></span> 
     </span>
    </p>
   </div>
   <div class='ocr_carea' id='block_1_99' title="bbox 175 5108 1743 5183">
    <p class='ocr_par' dir='ltr' id='par_1_99' title="bbox 175 5108 1743 5183">
     <span class='ocr_line' id='line_1_99' title="bbox 175 5108 1743 5183; baseline 0.011 -24"><span class='ocrx_word' id='word_1_703' title='bbox 175 5108 380 5174; x_wconf 75' lang='lat' dir='ltr'><strong>plicibus</strong></span> <span class='ocrx_word' id='word_1_704' title='bbox 407 5112 604 5168; x_wconf 90' lang='lat' dir='ltr'><strong>litteris</strong></span> <span class='ocrx_word' id='word_1_705' title='bbox 628 5124 931 5183; x_wconf 89' lang='lat' dir='ltr'><strong>permotum</strong></span> <span class='ocrx_word' id='word_1_706' title='bbox 959 5116 1215 5172; x_wconf 90' lang='lat' dir='ltr'><strong>electioni</strong></span> <span class='ocrx_word' id='word_1_707' title='bbox 1270 5118 1423 5174; x_wconf 82' lang='lat' dir='ltr'><strong>facta:</strong></span> <span class='ocrx_word' id='word_1_708' title='bbox 1464 5136 1571 5175; x_wconf 89' lang='lat' dir='ltr'><strong>non</strong></span> <span class='ocrx_word' id='word_1_709' title='bbox 1611 5135 1743 5176; x_wconf 81' lang='grc' dir='ltr'>οοιι-</span> 
     </span>
    </p>
   </div>
   <div class='ocr_carea' id='block_1_100' title="bbox 173 5205 1738 5282">
    <p class='ocr_par' dir='ltr' id='par_1_100' title="bbox 173 5205 1738 5282">
     <span class='ocr_line' id='line_1_100' title="bbox 173 5205 1738 5282; baseline 0.01 -33"><span class='ocrx_word' id='word_1_710' title='bbox 173 5214 432 5257; x_wconf 78' lang='lat' dir='ltr'><strong>sensurum</strong></span> <span class='ocrx_word' id='word_1_711' title='bbox 486 5214 753 5273; x_wconf 86' lang='lat' dir='ltr'><strong>speraret.</strong></span> <span class='ocrx_word' id='word_1_712' title='bbox 828 5205 899 5262; x_wconf 89' lang='lat' dir='ltr'><strong>Ut</strong></span> <span class='ocrx_word' id='word_1_713' title='bbox 943 5222 1073 5263; x_wconf 87' lang='lat' dir='ltr'><strong>vero</strong></span> <span class='ocrx_word' id='word_1_714' title='bbox 1126 5210 1336 5280; x_wconf 86' lang='lat' dir='ltr'><strong>accepit</strong></span> <span class='ocrx_word' id='word_1_715' title='bbox 1384 5211 1738 5282; x_wconf 84' lang='lat' dir='ltr'><strong>interceptam</strong></span> 
     </span>
    </p>
   </div>
   <div class='ocr_carea' id='block_1_101' title="bbox 175 5289 1743 5369">
    <p class='ocr_par' dir='ltr' id='par_1_101' title="bbox 175 5289 1743 5369">
     <span class='ocr_line' id='line_1_101' title="bbox 175 5289 1743 5369; baseline 0.008 -23"><span class='ocrx_word' id='word_1_716' title='bbox 175 5289 319 5348; x_wconf 78' lang='lat' dir='ltr'><strong>fuisse</strong></span> <span class='ocrx_word' id='word_1_717' title='bbox 343 5311 495 5350; x_wconf 86' lang='lat' dir='ltr'><strong>suam</strong></span> <span class='ocrx_word' id='word_1_718' title='bbox 543 5297 613 5352; x_wconf 90' lang='lat' dir='ltr'><strong>ad</strong></span> <span class='ocrx_word' id='word_1_719' title='bbox 649 5296 943 5367; x_wconf 79' lang='lat' dir='ltr'><strong>Augustum</strong></span> <span class='ocrx_word' id='word_1_720' title='bbox 981 5299 1262 5369; x_wconf 87' lang='lat' dir='ltr'><strong>epistolam</strong></span> <span class='ocrx_word' id='word_1_721' title='bbox 1299 5308 1354 5355; x_wconf 87' lang='lat' dir='ltr'><strong>et</strong></span> <span class='ocrx_word' id='word_1_722' title='bbox 1395 5301 1555 5356; x_wconf 85' lang='lat' dir='ltr'><strong>aliam</strong></span> <span class='ocrx_word' id='word_1_723' title='bbox 1592 5303 1743 5359; x_wconf 89' lang='lat' dir='ltr'><strong>dela-</strong></span> 
     </span>
    </p>
   </div>
   <div class='ocr_carea' id='block_1_102' title="bbox 178 5375 1739 5457">
    <p class='ocr_par' dir='ltr' id='par_1_102' title="bbox 178 5375 1739 5457">
     <span class='ocr_line' id='line_1_102' title="bbox 178 5375 1739 5457; baseline 0.008 -23"><span class='ocrx_word' id='word_1_724' title='bbox 178 5387 275 5436; x_wconf 79' lang='lat' dir='ltr'><strong>tam</strong></span> <span class='ocrx_word' id='word_1_725' title='bbox 302 5402 399 5455; x_wconf 89' lang='lat' dir='ltr'><strong>qua</strong></span> <span class='ocrx_word' id='word_1_726' title='bbox 428 5375 713 5457; x_wconf 63' lang='lat' dir='ltr'><strong>praifectus</strong></span> <span class='ocrx_word' id='word_1_727' title='bbox 744 5387 901 5444; x_wconf 91' lang='lat' dir='ltr'><strong>Urbis</strong></span> <span class='ocrx_word' id='word_1_728' title='bbox 928 5404 1046 5443; x_wconf 89' lang='lat' dir='ltr'><strong>eum</strong></span> <span class='ocrx_word' id='word_1_729' title='bbox 1085 5389 1153 5443; x_wconf 89' lang='lat' dir='ltr'><strong>de</strong></span> <span class='ocrx_word' id='word_1_730' title='bbox 1186 5390 1453 5445; x_wconf 88' lang='lat' dir='ltr'><strong>electione</strong></span> <span class='ocrx_word' id='word_1_731' title='bbox 1494 5392 1739 5446; x_wconf 87' lang='lat' dir='ltr'><strong>unanimi</strong></span> 
     </span>
    </p>
   </div>
   <div class='ocr_carea' id='block_1_103' title="bbox 178 5476 1737 5553">
    <p class='ocr_par' dir='ltr' id='par_1_103' title="bbox 178 5476 1737 5553">
     <span class='ocr_line' id='line_1_103' title="bbox 178 5476 1737 5553; baseline 0.01 -30"><span class='ocrx_word' id='word_1_732' title='bbox 178 5483 419 5532; x_wconf 73' lang='lat' dir='ltr'><strong>consensu</strong></span> <span class='ocrx_word' id='word_1_733' title='bbox 457 5476 623 5548; x_wconf 89' lang='lat' dir='ltr'><strong>facta,</strong></span> <span class='ocrx_word' id='word_1_734' title='bbox 679 5487 735 5534; x_wconf 91' lang='lat' dir='ltr'><strong>et</strong></span> <span class='ocrx_word' id='word_1_735' title='bbox 784 5478 852 5534; x_wconf 92' lang='lat' dir='ltr'><strong>de</strong></span> <span class='ocrx_word' id='word_1_736' title='bbox 876 5477 1175 5535; x_wconf 90' lang='lat' dir='ltr'><strong>incredibili</strong></span> <span class='ocrx_word' id='word_1_737' title='bbox 1204 5481 1388 5551; x_wconf 91' lang='lat' dir='ltr'><strong>populi</strong></span> <span class='ocrx_word' id='word_1_738' title='bbox 1420 5483 1583 5537; x_wconf 90' lang='lat' dir='ltr'><strong>totius</strong></span> <span class='ocrx_word' id='word_1_739' title='bbox 1609 5497 1737 5553; x_wconf 82' lang='lat' dir='ltr'><strong>erga</strong></span> 
     </span>
    </p>
   </div>
   <div class='ocr_carea' id='block_1_104' title="bbox 1918 4555 3451 4632">
    <p class='ocr_par' dir='ltr' id='par_1_104' title="bbox 1918 4555 3451 4632">
     <span class='ocr_line' id='line_1_104' title="bbox 1918 4555 3451 4632; baseline -0.007 -13"><span class='ocrx_word' id='word_1_740' title='bbox 1918 4564 2069 4620; x_wconf 85' lang='lat' dir='ltr'><strong>Nunc</strong></span> <span class='ocrx_word' id='word_1_741' title='bbox 2094 4576 2226 4618; x_wconf 89' lang='lat' dir='ltr'><strong>vero</strong></span> <span class='ocrx_word' id='word_1_742' title='bbox 2248 4560 2521 4632; x_wconf 88' lang='lat' dir='ltr'><strong>paululum</strong></span> <span class='ocrx_word' id='word_1_743' title='bbox 2543 4558 2918 4624; x_wconf 89' lang='lat' dir='ltr'><strong>subsistamus,</strong></span> <span class='ocrx_word' id='word_1_744' title='bbox 2950 4564 3005 4611; x_wconf 91' lang='lat' dir='ltr'><strong>et</strong></span> <span class='ocrx_word' id='word_1_745' title='bbox 3023 4555 3269 4610; x_wconf 89' lang='lat' dir='ltr'><strong>admirati</strong></span> <span class='ocrx_word' id='word_1_746' title='bbox 3301 4567 3451 4623; x_wconf 56' lang='lat' dir='ltr'><strong>pene»</strong></span> 
     </span>
    </p>
   </div>
   <div class='ocr_carea' id='block_1_105' title="bbox 1846 4645 3451 4722">
    <p class='ocr_par' dir='ltr' id='par_1_105' title="bbox 1846 4645 3451 4722">
     <span class='ocr_line' id='line_1_105' title="bbox 1846 4645 3451 4722; baseline -0.009 -9"><span class='ocrx_word' id='word_1_747' title='bbox 1846 4657 2101 4713; x_wconf 87' lang='lat' dir='ltr'><strong>invictam</strong></span> <span class='ocrx_word' id='word_1_748' title='bbox 2120 4653 2364 4722; x_wconf 85' lang='lat' dir='ltr'><strong>Gregorii</strong></span> <span class='ocrx_word' id='word_1_749' title='bbox 2382 4653 2434 4706; x_wconf 94' lang='lat' dir='ltr'><strong>in</strong></span> <span class='ocrx_word' id='word_1_750' title='bbox 2457 4651 2709 4720; x_wconf 81' lang='lat' dir='ltr'><strong>fugiendo</strong></span> <span class='ocrx_word' id='word_1_751' title='bbox 2725 4650 3038 4721; x_wconf 84' lang='lat' dir='ltr'><strong>pontificatu</strong></span> <span class='ocrx_word' id='word_1_752' title='bbox 3063 4645 3451 4716; x_wconf 63' lang='lat' dir='ltr'><strong>pertinaciatn,,</strong></span> 
     </span>
    </p>
   </div>
   <div class='ocr_carea' id='block_1_106' title="bbox 1847 4740 3447 4810">
    <p class='ocr_par' dir='ltr' id='par_1_106' title="bbox 1847 4740 3447 4810">
     <span class='ocr_line' id='line_1_106' title="bbox 1847 4740 3447 4810; baseline -0.008 -9"><span class='ocrx_word' id='word_1_753' title='bbox 1847 4747 2128 4802; x_wconf 90' lang='lat' dir='ltr'><strong>doleamus</strong></span> <span class='ocrx_word' id='word_1_754' title='bbox 2158 4743 2409 4799; x_wconf 81' lang='lat' dir='ltr'><strong>Ecclesia:</strong></span> <span class='ocrx_word' id='word_1_755' title='bbox 2437 4743 2629 4805; x_wconf 90' lang='lat' dir='ltr'><strong>vicem,</strong></span> <span class='ocrx_word' id='word_1_756' title='bbox 2660 4742 2810 4810; x_wconf 87' lang='lat' dir='ltr'><strong>cujus</strong></span> <span class='ocrx_word' id='word_1_757' title='bbox 2838 4740 3124 4809; x_wconf 88' lang='lat' dir='ltr'><strong>dignitates</strong></span> <span class='ocrx_word' id='word_1_758' title='bbox 3153 4747 3207 4792; x_wconf 92' lang='lat' dir='ltr'><strong>et</strong></span> <span class='ocrx_word' id='word_1_759' title='bbox 3227 4753 3447 4793; x_wconf 85' lang='lat' dir='ltr'><strong>summa</strong></span> 
     </span>
    </p>
   </div>
   <div class='ocr_carea' id='block_1_107' title="bbox 1846 4832 3471 4916">
    <p class='ocr_par' dir='ltr' id='par_1_107' title="bbox 1846 4832 3471 4916">
     <span class='ocr_line' id='line_1_107' title="bbox 1846 4832 3471 4916; baseline -0.008 -20"><span class='ocrx_word' id='word_1_760' title='bbox 1846 4838 2145 4896; x_wconf 86' lang='lat' dir='ltr'><strong>sacerdotia</strong></span> <span class='ocrx_word' id='word_1_761' title='bbox 2185 4838 2442 4892; x_wconf 87' lang='lat' dir='ltr'><strong>invadunt</strong></span> <span class='ocrx_word' id='word_1_762' title='bbox 2476 4837 2719 4906; x_wconf 78' lang='lat' dir='ltr'><strong>plerique</strong></span> <span class='ocrx_word' id='word_1_763' title='bbox 2749 4834 3049 4898; x_wconf 87' lang='lat' dir='ltr'><strong>ambitiosi,</strong></span> <span class='ocrx_word' id='word_1_764' title='bbox 3077 4848 3141 4888; x_wconf 90' lang='lat' dir='ltr'><strong>ca</strong></span> <span class='ocrx_word' id='word_1_765' title='bbox 3165 4832 3250 4886; x_wconf 91' lang='lat' dir='ltr'><strong>vel</strong></span> <span class='ocrx_word' id='word_1_766' title='bbox 3279 4840 3434 4885; x_wconf 87' lang='lat' dir='ltr'><strong>nata-</strong></span> <span class='ocrx_word' id='word_1_767' title='bbox 3460 4908 3471 4916; x_wconf 33' lang='grc' dir='ltr'><strong><em>ο</em></strong></span> 
     </span>
    </p>
   </div>
   <div class='ocr_carea' id='block_1_108' title="bbox 1844 4922 3445 4999">
    <p class='ocr_par' dir='ltr' id='par_1_108' title="bbox 1844 4922 3445 4999">
     <span class='ocr_line' id='line_1_108' title="bbox 1844 4922 3445 4999; baseline -0.009 -10"><span class='ocrx_word' id='word_1_768' title='bbox 1844 4935 1975 4989; x_wconf 89' lang='lat' dir='ltr'><strong>lium</strong></span> <span class='ocrx_word' id='word_1_769' title='bbox 2004 4946 2224 4988; x_wconf 90' lang='lat' dir='ltr'><strong>suorum</strong></span> <span class='ocrx_word' id='word_1_770' title='bbox 2246 4927 2542 4999; x_wconf 89' lang='lat' dir='ltr'><strong>splendori,</strong></span> <span class='ocrx_word' id='word_1_771' title='bbox 2572 4927 2658 4981; x_wconf 91' lang='lat' dir='ltr'><strong>vel</strong></span> <span class='ocrx_word' id='word_1_772' title='bbox 2680 4925 3201 4994; x_wconf 88' lang='lat' dir='ltr'><strong>consanguineorum</strong></span> <span class='ocrx_word' id='word_1_773' title='bbox 3224 4922 3445 4976; x_wconf 51' lang='lat' dir='ltr'><strong>bellicas</strong></span> 
     </span>
    </p>
   </div>
   <div class='ocr_carea' id='block_1_109' title="bbox 1843 5015 3443 5090">
    <p class='ocr_par' dir='ltr' id='par_1_109' title="bbox 1843 5015 3443 5090">
     <span class='ocr_line' id='line_1_109' title="bbox 1843 5015 3443 5090; baseline -0.009 -9"><span class='ocrx_word' id='word_1_774' title='bbox 1843 5024 2163 5090; x_wconf 85' lang='lat' dir='ltr'><strong>fortitudini,</strong></span> <span class='ocrx_word' id='word_1_775' title='bbox 2190 5022 2275 5077; x_wconf 88' lang='lat' dir='ltr'><strong>vel</strong></span> <span class='ocrx_word' id='word_1_776' title='bbox 2300 5022 2413 5083; x_wconf 62' lang='lat' dir='ltr'><strong>suis</strong></span> <span class='ocrx_word' id='word_1_777' title='bbox 2438 5021 2491 5074; x_wconf 92' lang='lat' dir='ltr'><strong>in</strong></span> <span class='ocrx_word' id='word_1_778' title='bbox 2514 5020 2634 5073; x_wconf 90' lang='lat' dir='ltr'><strong>aula</strong></span> <span class='ocrx_word' id='word_1_779' title='bbox 2659 5019 2930 5087; x_wconf 90' lang='lat' dir='ltr'><strong>obsequiis</strong></span> <span class='ocrx_word' id='word_1_780' title='bbox 2956 5015 3289 5083; x_wconf 87' lang='lat' dir='ltr'><strong>assiduisque</strong></span> <span class='ocrx_word' id='word_1_781' title='bbox 3310 5029 3443 5084; x_wconf 44' lang='lat' dir='ltr'><strong>pre-</strong></span> 
     </span>
    </p>
   </div>
   <div class='ocr_carea' id='block_1_110' title="bbox 1847 5104 3433 5174">
    <p class='ocr_par' dir='ltr' id='par_1_110' title="bbox 1847 5104 3433 5174">
     <span class='ocr_line' id='line_1_110' title="bbox 1847 5104 3433 5174; baseline -0.011 0"><span class='ocrx_word' id='word_1_782' title='bbox 1847 5119 1997 5174; x_wconf 86' lang='lat' dir='ltr'><strong>cibus</strong></span> <span class='ocrx_word' id='word_1_783' title='bbox 2025 5124 2082 5171; x_wconf 91' lang='lat' dir='ltr'><strong>et</strong></span> <span class='ocrx_word' id='word_1_784' title='bbox 2107 5111 2560 5169; x_wconf 83' lang='lat' dir='ltr'><strong>excubationibus</strong></span> <span class='ocrx_word' id='word_1_785' title='bbox 2585 5109 2761 5163; x_wconf 87' lang='lat' dir='ltr'><strong>debita</strong></span> <span class='ocrx_word' id='word_1_786' title='bbox 2785 5108 3175 5163; x_wconf 80' lang='lat' dir='ltr'><strong>existimantes.</strong></span> <span class='ocrx_word' id='word_1_787' title='bbox 3200 5104 3433 5158; x_wconf 87' lang='lat' dir='ltr'><strong>Tantum</strong></span> 
     </span>
    </p>
   </div>
   <div class='ocr_carea' id='block_1_111' title="bbox 1851 5192 3431 5269">
    <p class='ocr_par' dir='ltr' id='par_1_111' title="bbox 1851 5192 3431 5269">
     <span class='ocr_line' id='line_1_111' title="bbox 1851 5192 3431 5269; baseline -0.011 -4"><span class='ocrx_word' id='word_1_788' title='bbox 1851 5226 1883 5265; x_wconf 91' lang='lat' dir='ltr'><strong>e</strong></span> <span class='ocrx_word' id='word_1_789' title='bbox 1911 5207 2085 5263; x_wconf 90' lang='lat' dir='ltr'><strong>Gallia</strong></span> <span class='ocrx_word' id='word_1_790' title='bbox 2132 5204 2331 5258; x_wconf 83' lang='lat' dir='ltr'><strong>malum</strong></span> <span class='ocrx_word' id='word_1_791' title='bbox 2368 5214 2560 5269; x_wconf 88' lang='lat' dir='ltr'><strong>magna</strong></span> <span class='ocrx_word' id='word_1_792' title='bbox 2592 5198 2704 5267; x_wconf 89' lang='lat' dir='ltr'><strong>jam</strong></span> <span class='ocrx_word' id='word_1_793' title='bbox 2753 5213 2819 5251; x_wconf 86' lang='lat' dir='ltr'><strong>ex</strong></span> <span class='ocrx_word' id='word_1_794' title='bbox 2870 5204 3019 5268; x_wconf 88' lang='lat' dir='ltr'><strong>parte</strong></span> <span class='ocrx_word' id='word_1_795' title='bbox 3064 5194 3267 5264; x_wconf 82' lang='lat' dir='ltr'><strong>depulit</strong></span> <span class='ocrx_word' id='word_1_796' title='bbox 3316 5192 3431 5248; x_wconf 80' lang='lat' dir='ltr'><strong>Rex</strong></span> 
     </span>
    </p>
   </div>
   <div class='ocr_carea' id='block_1_112' title="bbox 1845 5283 3431 5354">
    <p class='ocr_par' dir='ltr' id='par_1_112' title="bbox 1845 5283 3431 5354">
     <span class='ocr_line' id='line_1_112' title="bbox 1845 5283 3431 5354; baseline -0.011 0"><span class='ocrx_word' id='word_1_797' title='bbox 1845 5293 2329 5353; x_wconf 85' lang='lat' dir='ltr'><strong>Christianissimus</strong></span> <span class='ocrx_word' id='word_1_798' title='bbox 2365 5289 2668 5344; x_wconf 89' lang='lat' dir='ltr'><strong>Ludovicus</strong></span> <span class='ocrx_word' id='word_1_799' title='bbox 2697 5284 2837 5354; x_wconf 82' lang='lat' dir='ltr'><strong>XIV,</strong></span> <span class='ocrx_word' id='word_1_800' title='bbox 2867 5284 3019 5352; x_wconf 85' lang='lat' dir='ltr'><strong>cujus</strong></span> <span class='ocrx_word' id='word_1_801' title='bbox 3045 5284 3294 5354; x_wconf 79' lang='lat' dir='ltr'><strong>exemplo</strong></span> <span class='ocrx_word' id='word_1_802' title='bbox 3323 5283 3431 5338; x_wconf 86' lang='lat' dir='ltr'><strong>uti-</strong></span> 
     </span>
    </p>
   </div>
   <div class='ocr_carea' id='block_1_113' title="bbox 1846 5374 3430 5457">
    <p class='ocr_par' dir='ltr' id='par_1_113' title="bbox 1846 5374 3430 5457">
     <span class='ocr_line' id='line_1_113' title="bbox 1846 5374 3430 5457; baseline -0.011 -12"><span class='ocrx_word' id='word_1_803' title='bbox 1846 5407 1969 5446; x_wconf 88' lang='lat' dir='ltr'><strong>nam</strong></span> <span class='ocrx_word' id='word_1_804' title='bbox 1998 5390 2363 5457; x_wconf 86' lang='lat' dir='ltr'><strong>obsequantur</strong></span> <span class='ocrx_word' id='word_1_805' title='bbox 2389 5395 2576 5437; x_wconf 89' lang='lat' dir='ltr'><strong>omnes</strong></span> <span class='ocrx_word' id='word_1_806' title='bbox 2604 5393 2834 5448; x_wconf 89' lang='lat' dir='ltr'><strong>quorum</strong></span> <span class='ocrx_word' id='word_1_807' title='bbox 2864 5378 3087 5431; x_wconf 89' lang='lat' dir='ltr'><strong>interest</strong></span> <span class='ocrx_word' id='word_1_808' title='bbox 3120 5393 3131 5428; x_wconf 93' lang='lat'><strong>:</strong></span> <span class='ocrx_word' id='word_1_809' title='bbox 3165 5374 3231 5427; x_wconf 85' lang='lat' dir='ltr'><strong>Et</strong></span> <span class='ocrx_word' id='word_1_810' title='bbox 3260 5383 3430 5427; x_wconf 84' lang='lat' dir='ltr'><strong>tamen</strong></span> 
     </span>
    </p>
   </div>
   <div class='ocr_carea' id='block_1_114' title="bbox 1845 5467 3431 5544">
    <p class='ocr_par' dir='ltr' id='par_1_114' title="bbox 1845 5467 3431 5544">
     <span class='ocr_line' id='line_1_114' title="bbox 1845 5467 3431 5544; baseline -0.012 -6"><span class='ocrx_word' id='word_1_811' title='bbox 1845 5497 2031 5538; x_wconf 87' lang='lat' dir='ltr'><strong>nomen</strong></span> <span class='ocrx_word' id='word_1_812' title='bbox 2054 5477 2243 5533; x_wconf 77' lang='lat' dir='ltr'><strong>Christi</strong></span> <span class='ocrx_word' id='word_1_813' title='bbox 2264 5476 2420 5529; x_wconf 83' lang='lat' dir='ltr'><strong>etiam</strong></span> <span class='ocrx_word' id='word_1_814' title='bbox 2439 5488 2530 5543; x_wconf 88' lang='lat' dir='ltr'><strong>per</strong></span> <span class='ocrx_word' id='word_1_815' title='bbox 2546 5472 2803 5526; x_wconf 78' lang='lat' dir='ltr'><strong>literarum</strong></span> <span class='ocrx_word' id='word_1_816' title='bbox 2825 5477 3100 5525; x_wconf 85' lang='lat' dir='ltr'><strong>sectatores</strong></span> <span class='ocrx_word' id='word_1_817' title='bbox 3122 5483 3230 5524; x_wconf 64' lang='lat' dir='ltr'><strong>sua</strong></span> <span class='ocrx_word' id='word_1_818' title='bbox 3250 5467 3431 5544; x_wconf 58' lang='lat' dir='ltr'><strong>gloria!</strong></span> 
     </span>
    </p>
   </div>
   <div class='ocr_carea' id='block_1_115' title="bbox 247 5707 2042 5771">
    <p class='ocr_par' dir='ltr' id='par_1_115' title="bbox 247 5707 2042 5771">
     <span class='ocr_line' id='line_1_115' title="bbox 247 5707 2042 5771; baseline -0.002 -6"><span class='ocrx_word' id='word_1_819' title='bbox 247 5717 268 5747; x_wconf 76' lang='grc' dir='ltr'><strong>ι</strong></span> <span class='ocrx_word' id='word_1_820' title='bbox 304 5707 370 5767; x_wconf 87' lang='lat' dir='ltr'><strong>Dc</strong></span> <span class='ocrx_word' id='word_1_821' title='bbox 424 5711 646 5770; x_wconf 86' lang='lat' dir='ltr'><strong>Litaniis</strong></span> <span class='ocrx_word' id='word_1_822' title='bbox 686 5711 1027 5771; x_wconf 84' lang='lat' dir='ltr'><strong>consulcnda:</strong></span> <span class='ocrx_word' id='word_1_823' title='bbox 1056 5719 1199 5769; x_wconf 63' lang='lat' dir='ltr'><strong>notae</strong></span> <span class='ocrx_word' id='word_1_824' title='bbox 1237 5710 1301 5767; x_wconf 85' lang='lat' dir='ltr'><strong>ad</strong></span> <span class='ocrx_word' id='word_1_825' title='bbox 1330 5710 1525 5768; x_wconf 86' lang='lat' dir='ltr'><strong>librum</strong></span> <span class='ocrx_word' id='word_1_826' title='bbox 1551 5710 2042 5768; x_wconf 83' lang='lat' dir='ltr'><strong>Sacramentorum.</strong></span> 
     </span>
    </p>
   </div>
  </div>
