3992 6300
159 254 262 310 285

654 257 711 312 S.
752 253 1076 311 GREGORH
1120 254 1336 311 MAGNI
1380 256 1558 311 VITA.
1603 256 1692 311 EX
1736 253 1898 314 EJUS
1935 255 2242 314 SCRIPTIS
2285 258 2679 317 ADORNATA.
2721 259 2850 317 LIB.
2895 258 2958 315 Il.

3327 265 3432 321 286

226 364 279 420 5.
324 365 582 420 Eamdem
623 366 785 420 animi
825 365 1204 421 demissionem
1245 374 1497 421 testatum
1528 366 1744 436 reliquit
1774 372 1815 428 A
1847 365 2057 437 Quippe
2072 367 3114 440 Langobardiaut'idololatriteaddicti,
3132 382 3227 431 aut
3242 376 3432 446 impie-

158 460 209 514 in
247 458 495 529 plurimis
523 472 657 527 quas
692 457 846 525 paulo
876 465 999 526 post
1025 467 1332 527 susceptum
1374 458 1744 527 pontificatum

157 549 432 620 rescripsit
456 548 717 618 epistolis.
750 548 961 618 Quippe
988 548 1167 603 Statim
1195 564 1260 604 ac
1287 548 1429 604 fama
1453 549 1521 605 de
1541 551 1660 619 ejus
1682 549 1750 604 ad

156 656 423 695 summum
463 638 828 709 pontificatum
856 639 1226 707 assumptione
1253 639 1593 708 percrebuit,
1627 639 1751 693 illu-

155 740 297 786 stres
320 730 417 786 viri
439 729 838 799 quamplurimi,
867 729 1099 783 maxime
1122 728 1213 797 qui
1238 728 1291 783 in
1315 729 1447 783 urbe
1468 724 1615 800 regia
1636 729 1751 797 ejus

155 820 466 885 modestite,
500 818 803 889 sapientize,
836 818 1086 891 pietatis,
1117 825 1547 887 ceterarumque
1581 818 1750 873 virtu-

157 922 268 965 tum
302 920 466 967 testes
492 919 547 966 et
574 912 778 968 conscii
808 910 1043 977 fuerant,
1076 925 1201 965 eum
1224 910 1411 965 amicis
1433 919 1488 965 et
1512 909 1749 978 gratula-

156 1002 309 1056 toriis
338 1002 530 1056 litteris
558 1001 988 1071 compellavere,
1027 1001 1224 1070 quibus
1261 999 1443 1070 potius
1483 1000 1747 1071 lacrymas

152 1101 206 1145 et
218 1093 450 1159 gemitus
466 1106 626 1161 quam
650 1091 837 1158 verba,
853 1090 1206 1146 rescribendo
1225 1089 1456 1145 reddidit
1478 1097 1534 1144 et
1554 1102 1760 1159 repeu-i

151 1182 251 1235 dit.
305 1183 566 1251 Legenda:
609 1190 740 1236 sunt
785 1198 896 1252 pra:
935 1183 1146 1237 caeteris
1175 1182 1329 1236 tertia
1359 1194 1481 1236 cum
1510 1188 1747 1250 quatuor

147 1275 529 1342 sequentibus,
559 1274 817 1343 vigesima
846 1275 1036 1343 prima,
1067 1283 1122 1328 et
1148 1273 1557 1342 quadragesima
1586 1272 1744 1328 tertia

149 1366 245 1419 lib.
276 1382 325 1424 ι.
372 1366 426 1420 in
456 1366 654 1435 quibus
682 1365 1157 1419 vehementissime
1185 1364 1332 1418 dolet
1363 1363 1613 1433 imposita
1641 1362 1743 1417 sibi

147 1457 428 1512 immerito
459 1468 514 1513 et
537 1457 727 1528 impari
760 1458 1102 1527 episcopatus
1130 1456 1368 1526 pondera
1395 1474 1407 1509 :
1444 1456 1633 1523 Tanto,
1662 1456 1743 1510 in-

147 1550 267 1618 quit
317 1549 603 1605 Narsetem
650 1550 931 1619 patricium
970 1548 1284 1616 alloquens,
1331 1564 1412 1602 me
1446 1563 1743 1617 percussum

147 1654 375 1692 merere
400 1640 681 1710 agnoscite,
723 1648 779 1691 ut
806 1637 889 1691 vix
917 1636 1055 1707 loqui
1081 1636 1376 1705 sufﬁciam;
1408 1637 1583 1690 oculos
1604 1637 1741 1690 enim

1850 458 1977 512 tatis
2000 458 2211 515 Arianae
2236 470 2563 527 sectatores,
2594 463 2778 520 Roma:
2807 464 2974 522 totius
3000 464 3317 521 Christiana:
3346 482 3435 520 rc.-

1851 547 2065 616 ligionis
2085 552 2195 605 arci
2226 552 2611 622 imminebant;
2657 572 2955 626 parumque
2981 556 3153 611 abfuit
3180 557 3308 627 quin
3339 571 3432 610 ex-

1850 649 2175 707 pugnarent.
2215 642 2398 711 Nuper
2426 642 2707 709 Autharis,
2757 646 2994 715 ipsorum
3041 663 3135 701 rex
3182 646 3430 713 Arianus,

1850 728 2049 784 liberos
2070 745 2257 785 eorum
2282 732 2332 785 in
2358 732 2461 787 tide
2489 734 2755 788 catholica
2780 735 3035 803 baptizari
3058 736 3430 805 prohibuerat,

1849 820 2272 893 orthodoxisque
2293 838 2415 879 sese
2444 823 2861 895 infensissimum
2887 827 3203 883 ostendebat
3230 827 3368 895 (Lib.
3394 845 3431 894 ι,

1847 929 1931 981 ep.
1966 911 2075 984 17).
2128 912 2390 968 Fervebat
2420 912 2745 987 furebatque
2772 917 2826 973 in
2854 917 3007 973 Isti-ia
3033 928 3088 975 et
3117 920 3170 973 in
3200 922 3436 977 finitimis

1846 1001 2136 1071 provinciis
2175 1004 2406 1058 schisma
2436 1022 2533 1075 pro
2564 1008 2734 1064 tribus
2760 1011 3011 1080 capitulis
3034 1012 3344 1067 excitatum.
3377 1023 3434 1066 tn

1846 1091 2101 1162 Hispania
2153 1101 2207 1147 et
2252 1092 2422 1148 Gallia
2470 1095 2805 1153 Narbonensi
2854 1100 3139 1170 Wisigothi
3186 1103 3436 1159 Ariauam

1844 1181 2088 1237 haeresim
2117 1181 2183 1236 ad
2214 1181 2326 1237 han:
2354 1198 2527 1252 usque
2557 1195 2801 1256 tempora
2831 1188 3246 1246 disseminarant
3274 1196 3438 1264 220

1842 1282 1900 1329 et
1918 1282 2299 1345 propagarant.
2327 1274 2431 1341 Qui
2450 1274 2779 1331 Britanniam
2809 1279 3118 1335 invaserant
3139 1283 3315 1351 Angli,
3345 1285 3439 1340 ad-

1845 1362 1951 1418 huc
1978 1362 2244 1420 idolorum
2271 1362 2440 1420 cultui
2471 1365 2793 1437 mancipati,
2825 1366 3024 1423 Christi
3055 1385 3253 1425 nomen
3284 1373 3438 1441 igno-

1844 1456 2056 1511 rabant.
2112 1456 2415 1529 Pergebant
2464 1458 2757 1514 Donatista:
2801 1452 3105 1516 Africanam
3140 1460 3437 1519 Ecclesium

1845 1547 2095 1605 scindere
2122 1565 2431 1622 vexareque
2456 1549 2566 1621 jam
2596 1568 2735 1623 pene
2766 1554 2936 1609 tribus
2966 1570 2994 1608 a
3023 1554 3251 1611 saxulis.
3276 1554 3437 1611 Foeda

1846 1647 1964 1693 erat
1991 1636 2282 1697 Orientalis
2332 1641 2588 1697 Ecclesia:
2635 1642 2828 1709 facies,
2878 1652 3103 1713 propter
3134 1652 3437 1713 grassantes

147 1731 338 1784 mentis
366 1746 498 1783 mea:
528 1730 722 1783 doloris
752 1726 973 1781 tenebrae
1000 1726 1258 1781 obsident.
1292 1726 1461 1781 Triste
1487 1736 1563 1781 est
1591 1727 1743 1799 quid-
1775 1726 1821 1786 B
1847 1730 2049 1800 ubique
2075 1730 2304 1787 Nestorit
2327 1740 2422 1787 aut
2448 1730 2763 1803 Eutychetis
2794 1748 3028 1799 errores,
3060 1750 3290 1804 quorum
3316 1735 3438 1805 plu-

144 1822 273 1891 qu-id
314 1822 596 1891 aspicitur,
637 1829 741 1875 etc.
793 1818 929 1885 Quia
969 1834 1099 1873 vero
1134 1833 1263 1873 suas
1291 1818 1557 1889 lacrymas
1581 1861 1595 1884 ,
1642 1820 1745 1873 etsi

142 1911 335 1981 juges,
387 1912 454 1966 ad
500 1909 889 1981 deplorandam
936 1917 1200 1964 mutatam
1246 1918 1481 1976 sortem,
1525 1909 1745 1964 minime

144 2003 401 2058 suflicere
427 2002 673 2072 putabat,
704 2000 1059 2056 familiaribus
1091 2001 1202 2055 suis
1232 2016 1330 2070 pro
1358 2000 1608 2057 amicitia:
1640 2009 1745 2057 tes-

143 2110 292 2160 sera,
325 2093 477 2150 ﬂetus
498 2108 563 2149 ea
590 2092 657 2148 de
682 2107 741 2147 re
763 2092 1103 2161 suspiriaque
1130 2092 1454 2162 imperabat.

221 2184 461 2239 Joannes
488 2183 746 2238 exconsul
786 2198 895 2237 non
935 2198 1126 2253 parum
1173 2182 1480 2238 contulerat
1525 2190 1637 2237 tum
1672 2181 1742 2236 ad

145 2273 396 2343 Gregorii
420 2273 761 2339 electionem,
784 2280 846 2328 ut
862 2272 972 2341 jam
995 2273 1328 2337 monuimus,
1352 2280 1467 2327 tum
1490 2273 1556 2326 ad
1577 2271 1744 2343 hujus

148 2366 433 2421 electionis
456 2365 953 2431 c0ntirmationem;
980 2366 1178 2421 idcirco
1203 2366 1254 2419 in
1278 2365 1428 2419 illum
1454 2365 1626 2419 amice
1650 2379 1746 2419 ex~

148 2457 478 2512 candescere
501 2457 733 2515 videtur.
758 2456 864 2512 Sed
894 2456 1083 2512 nullibi
1105 2457 1275 2527 magis
1300 2456 1481 2527 prodit
1500 2455 1744 2511 dolorem

149 2548 221 2603 de
252 2548 444 2603 amissa
469 2548 592 2603 vitae
622 2548 932 2603 monasticae
963 2548 1384 2617 tranquillitate,
1414 2556 1467 2601 et
1495 2556 1746 2617 suscepta

150 2640 411 2710 pastorali
442 2655 600 2703 cura,
641 2655 805 2710 quam
836 2640 982 2695 hom.
1016 2639 1079 2693 11
1111 2639 1163 2693 ἱη
1205 2638 1563 2694 Ezechielem.
1594 2636 1748 2694 Unde

151 2747 264 2786 non
288 2731 555 2787 immerito
575 2730 811 2786 Joannes
831 2729 1104 2787 Diaconus
1124 2729 1506 2785 nonnullorum
1522 2744 1587 2783 ex
1610 2727 1751 2783 Lan-

153 2821 407 2890 gobardis
436 2822 707 2877 vesaniam
734 2820 1003 2890 exagitat,
1035 2835 1175 2890 quos
1204 2835 1310 2874 non
1341 2818 1578 2888 pudebat
1604 2816 1750 2873 affir-

155 2928 305 2969 mare
330 2912 653 2981 Gregorium
677 2913 968 2985 appetiisse
993 2913 1162 2981 magis
1184 2912 1560 2982 pontiticatum
1586 2925 1751 2981 quam

155 3003 361 3073 lugisse
385 3004 549 3074 (Vide
570 3003 686 3058 Lib.
716 3020 756 3073 1,
786 3020 870 3074 ep.
898 3003 1010 3073 51).

1847 1821 1969 1875 rimi
1996 1822 2196 1877 surculi
2226 1821 2573 1899 pullularant.
2608 1822 2709 1877 His
2732 1825 3157 1879 accensebantur
3178 1825 3436 1894 Agnoitm,

1848 1927 1939 1982 qu.
1964 1928 2071 1966 non
2096 1912 2166 1967 ita
2199 1914 2404 1983 pridem
2431 1912 2574 1983 apud
2600 1914 2977 1970 Alexandriam
3004 1915 3216 1970 fuerant
3242 1917 3438 1972 exorti.

1845 2001 1903 2056 In
1927 2001 2139 2068 Galliis,
2165 2018 2286 2071 qua:
2307 2004 2585 2059 catholica:
2610 2001 2729 2058 ﬁdei
2759 2005 2926 2058 semel
2950 2014 3179 2075 recepta:
3202 2005 3438 2061 tenacius

1847 2092 2188 2158 inhmserant,
2235 2093 2396 2148 varia:
2444 2109 2657 2149 morum
2707 2094 3035 2163 irrepserant
3086 2093 3437 2164 corruptelae,

1846 2183 2123 2254 ipsamque
2168 2184 2506 2253 disciplinam
2545 2183 2965 2239 ecclesiasticam
3009 2184 3421 2248 labefactarant,

1846 2273 2078 2327 maxime
2105 2272 2397 2328 simoniaca
2446 2272 2663 2328 bteresis
2708 2272 2821 2344 (sic
2851 2274 3086 2343 appellat
3128 2273 3187 2329 S.
3219 2273 3429 2341 Grego-

1844 2364 1979 2434 rius)
2009 2372 2063 2418 et
2088 2363 2515 2435 Neophytorum,
2547 2364 2652 2420 hoc
2680 2373 2763 2419 est
2789 2366 2856 2419 ad
2885 2364 3126 2434 ejusdem
3174 2373 3432 2432 mentem,

1846 2452 2105 2512 laieorum
2155 2455 2454 2510 immaturae
2500 2454 2911 2526 pra:cipitesque
2955 2454 3025 2509 ad
3068 2456 3434 2511 sacerdotium

1848 2547 2241 2618 promotiones.

1920 2640 1973 2693 7.
2020 2638 2123 2693 Tot
2162 2638 2317 2695 malis
2344 2637 2547 2694 mederi
2602 2635 2864 2708 Gregozio
2919 2638 3292 2702 incumbebat,
3348 2642 3437 2699 cui

1849 2745 1971 2786 cum
1996 2744 2209 2786 summo
2238 2729 2547 2799 pontiﬁcatu
2574 2727 2935 2785 Ecclesiarum
2961 2728 3199 2782 omnium
3229 2726 3436 2781 sollici-

1852 2818 1981 2874 tudo
2026 2817 2200 2872 fuerat
2235 2818 2574 2873 demandata.
2627 2818 2731 2872 Sed
2779 2816 2847 2870 ad
2898 2824 3057 2871 tantae
3095 2815 3252 2869 molis
3302 2829 3438 2885 opus

1853 2908 2114 2978 imparem
2157 2921 2216 2962 se
2260 2921 2369 2977 pra:
2406 2906 2709 2961 humilitate
2743 2905 2990 2975 judicans
3014 2946 3031 2974 ,
3071 2905 3306 2960 maxime
3357 2905 3439 2958 in-

1856 2997 2006 3053 ﬁrma
2054 3011 2269 3067 semper
2322 2997 2611 3066 attritaque
2660 2995 2989 3061 valetudine,
3041 3007 3232 3063 magna
3278 2993 3441 3051 animi

223 3094 278 3148 6.
310 3094 452 3160 Quid
487 3110 665 3151 causae
690 3101 836 3150 esset
873 3108 972 3149 cur
1004 3107 1034 3148 a
1074 3093 1389 3163 pontiﬁcatu
1421 3099 1631 3147 tantum
1658 3091 1745 3147 ab-
1778 3099 1822 3159 C
1856 3088 2129 3155 anxietate
2163 3087 2463 3143 laborabat.
2499 3085 2694 3141 Verum
2722 3085 3025 3155 adjutorem
3069 3092 3324 3155 expertus
3352 3092 3436 3137 est

158 3187 406 3241 horreret
428 3193 651 3242 sanctus
672 3186 772 3249 vir,
803 3194 1001 3255 praeter
1021 3183 1349 3253 singularem
1371 3184 1534 3239 animi
1555 3183 1753 3239 demis-

159 3277 362 3331 sionem
408 3285 465 3331 et
511 3275 639 3331 vita:
680 3275 933 3331 solitaria:
976 3290 1245 3339 amorem,
1297 3274 1385 3329 hic
1422 3273 1753 3341 investigare

161 3383 336 3437 opera:
364 3366 600 3437 pretium
629 3366 861 3421 videtur.
911 3364 1066 3421 Tunc
1096 3364 1295 3431 Roma,
1340 3371 1561 3431 totaque
1600 3360 1749 3415 Italia

162 3458 535 3514 cruentiSsimo
581 3455 1060 3526 Langobardorum
1084 3454 1230 3510 bello
1260 3453 1634 3523 premebatur,
1664 3451 1752 3506 cui

167 3560 509 3608 accesserunt
538 3550 639 3605 ﬁde
664 3549 889 3605 comites
911 3549 1078 3603 fames
1107 3555 1163 3603 et
1195 3544 1519 3616 pestilentia.
1550 3543 1753 3598 Verum

168 3643 505 3709 gravioribus
545 3640 721 3694 adhuc
765 3639 921 3694 malis
958 3637 1197 3693 Ecclesia
1235 3635 1536 3691 laborabat.
1569 3633 1645 3689 De
1670 3632 1755 3689 his

167 3732 345 3797 dolens
367 3732 443 3786 ita
472 3731 659 3786 scribit
679 3730 744 3783 ad
775 3728 1007 3783 amicum
1041 3725 1345 3781 Leandrum
1379 3742 1392 3777 :

234 3821 567 3891 Respondere
604 3819 836 3887 epistolis
866 3819 1049 3872 vestris
1082 3824 1187 3870 tota
1234 3814 1522 3869 intentione
1560 3812 1753 3866 voluis-

168 3932 285 3978 sem,
308 3915 412 3969 nisi
434 3912 716 3984 pastoralis
737 3927 875 3965 cura:
897 3911 969 3963 ita
986 3927 1066 3963 me
1087 3909 1235 3963 labor
1254 3914 1521 3972 attereret,
1551 3913 1607 3957 ut
1629 3903 1754 3957 mihi

170 4011 326 4081 magis
367 4010 494 4078 ﬂere
532 4006 690 4060 libeat
717 4022 871 4076 quam
911 4002 1111 4074 aliquid
1160 4002 1351 4054 dicere.
1398 3998 1546 4065 Quod
1586 4006 1757 4051 vestra

169 4119 357 4174 quoque
405 4100 691 4154 reverentia
730 4099 786 4152 in
832 4097 945 4167 ipso
996 4096 1288 4149 litterarum
1336 4106 1566 4145 mearum
1610 4095 1754 4141 textu

170 4194 438 4263 vigilanter
476 4190 756 4261 intelligit,
817 4186 1025 4261 quando
1074 4186 1122 4239 ei
1166 4184 1481 4256 negligenter
1533 4180 1752 4249 loquor,

172 4304 312 4357 quem
357 4286 678 4339 t'eltententer
717 4281 900 4353 diligo.
951 4278 1134 4332 Tantis
1175 4277 1361 4349 quippe
1404 4276 1459 4327 in
1507 4273 1599 4327 hoc
1643 4271 1756 4325 loco

176 4380 322 4451 hujus
347 4379 530 4433 mundi
573 4375 809 4447 ﬂuctibus
838 4374 1074 4445 quatior,
1124 4379 1181 4424 ut
1209 4378 1458 4424 vetustam
1488 4382 1550 4418 ac
1579 4373 1756 4433 putre-

174 4481 387 4526 scentem
434 4486 648 4532 navem,
694 4483 847 4539 quam
875 4465 1156 4536 regendam
1183 4464 1387 4517 occulta
1417 4456 1513 4510 Dei
1542 4455 1753 4524 dispen-
1784 4468 1831 4529 ι)

175 4565 367 4621 satione
390 4562 614 4631 suscepi,
644 4560 712 4614 ad
733 4566 939 4630 portam
967 4554 1191 4625 dirigere
1215 4550 1512 4605 nullatenus
1542 4543 1756 4615 possim.

179 4653 325 4707 Nunc
346 4671 410 4708 ex
431 4653 647 4707 adverso
670 4651 858 4721 ﬂuctus
888 4649 1116 4711 irruunt,
1138 4658 1273 4696 nunc
1293 4656 1355 4695 ex
1386 4639 1546 4693 latere
1567 4634 1758 4688 cumuli

176 4748 393 4815 spumosi
436 4746 597 4799 maris
644 4744 1026 4800 intumescunt,
1074 4750 1208 4789 nunc
1239 4750 1271 4786 a
1301 4740 1442 4802 tergo
1487 4736 1760 4797 tempestas

177 4837 471 4908 insequitur.
518 4834 764 4904 Interque
793 4832 901 4887 [nec
941 4828 1118 4884 omnia
1157 4824 1390 4880 turbatus
1431 4837 1586 4892 cogor
1608 4818 1760 4873 modo

180 4928 231 4980 in
253 4928 411 4997 ipsam
436 4925 640 4979 clavum
674 4921 1037 4975 adversitatem
1066 4917 1322 4986 dirigere,
1366 4911 1520 4966 modo
1551 4916 1759 4963 curvato

180 5020 319 5072 navis
358 5018 549 5081 latere,
601 5014 771 5068 minas
818 5012 1066 5082 ﬂuctuum
1113 5024 1178 5062 ea:
1222 5004 1425 5075 obliquo
1472 5000 1755 5054 declinare.

185 5107 499 5180 Ingemisco,
545 5107 667 5178 quia
715 5104 880 5158 sentio
932 5100 1068 5173 quod
1114 5097 1406 5169 negligente
1449 5108 1530 5145 me
1575 5088 1761 5143 crescit

186 5202 377 5254 sentina
403 5201 674 5265 ritionon,
703 5205 752 5251 et
775 5202 1070 5262 tempestate
1098 5190 1301 5263 fortiter
1329 5185 1595 5248 obviante,
1618 5182 1761 5251 jam-

185 5306 378 5361 ]antque
412 5288 643 5361 putrida:
684 5283 1017 5355 naufragium
1062 5278 1249 5335 tabula:
1289 5281 1498 5330 sonant.
1529 5269 1680 5333 (Lib.
1713 5283 1758 5333 ι,

189 5396 268 5449 ep.
294 5379 401 5452 45.)

259 5470 404 5526 Certe
441 5471 485 5525 si
528 5468 777 5523 (luctibus
806 5463 959 5517 obrui
989 5460 1257 5530 potui-set
1299 5454 1443 5509 Petri
1475 5451 1652 5513 navis,
1694 5462 1761 5500 cx

193 5561 520 5618 satientibus
586 5569 714 5613 tunc
778 5551 1028 5626 procellis
1088 5560 1363 5616 nunquam
1430 5537 1759 5595 emersisset.

282 5733 306 5765 ⁸
329 5723 400 5779 De
427 5720 616 5778 stolida
648 5718 860 5772 illorum
903 5706 1199 5768 idololatria
1219 5745 1234 5771 ,
1268 5705 1319 5758 in

1856 3181 2056 3245 Deum,
2106 3180 2190 3235 cui
2240 3178 2452 3241 vocanti
2486 3178 2776 3233 obsecutus
2821 3176 3027 3243 fuerat;
3065 3175 3296 3247 ejusque
3339 3188 3442 3244 ope

1855 3273 1946 3344 qui
2001 3286 2061 3327 se
2109 3284 2321 3325 servum
2346 3268 2589 3324 inutilem
2643 3268 2985 3323 existimabat
3030 3276 3087 3322 et
3135 3266 3439 3331 dictitabat,

1854 3361 2221 3417 schismaticos
2249 3359 2452 3414 Italiam
2502 3359 2782 3414 turbantes
2811 3356 3094 3421 coercuit,
3132 3354 3442 3426 Langobar-

1854 3456 1952 3512 dos
1982 3455 2049 3511 ad
2089 3455 2246 3510 tidem
2275 3451 2601 3509 catholicam
2630 3449 2913 3521 perduxit,
2942 3448 3149 3504 Gothos
3189 3446 3441 3503 Ecclesia:

1855 3543 2246 3609 reconciliavit,
2278 3542 2477 3611 Anglos
2502 3539 2820 3595 Christianis
2848 3538 3127 3608 prmccptis
3167 3535 3358 3590 imbuit
3382 3543 3439 3591 et

1855 3649 2012 3691 sacro
2056 3633 2272 3688 lavacro
2310 3631 2491 3698 tinxit,
2520 3630 2780 3700 repressit
2826 3628 3133 3685 Donatistas
3167 3626 3219 3680 in
3261 3624 3441 3680 Africa

1856 3727 2263 3790 tumultuantes,
2296 3724 2551 3792 Agnoitas
2571 3722 2814 3790 aliosque
2838 3720 2891 3773 in
2915 3718 3133 3773 Oriente
3158 3716 3442 3771 hmret’cos

1856 3817 2165 3876 debellavit.
2200 3815 2377 3868 varios
2406 3813 2609 3882 ubique
2637 3815 3040 3864 succrescentes
3061 3814 3250 3861 contra
3281 3801 3441 3858 fidem

1858 3917 1952 3963 aut
1981 3908 2100 3977 pios
2137 3918 2318 3959 mores
2346 3900 2665 3968 exstirpavit
2692 3912 2924 3962 errores,
2957 3903 3037 3950 tot
3065 3894 3300 3963 denique
3321 3900 3441 3945 tan-

1859 4011 2021 4073 taque
2064 3999 2205 4053 intra
2247 4007 2545 4064 paucorum
2595 4002 2859 4043 annorum
2908 3985 3144 4055 spatium
3199 3982 3441 4052 praestitit

1857 4101 1919 4147 ut
1932 4089 2056 4161 jure
2084 4086 2322 4142 omnium
2352 4080 2593 4151 gentimn
2631 4090 2899 4133 consensu
2939 4074 3112 4142 Magni
3145 4085 3442 4140 cognomen

1857 4159 2295 4239 siticonsecutus.
2321 4172 2627 4242 Prmcipuos
2665 4174 2845 4221 autem
2882 4179 3018 4234 quos
3046 4159 3443 4217 habuitlaboris

1858 4271 2036 4329 socios
2085 4275 2141 4322 et
2192 4264 2495 4333 adjutores,
2556 4258 2648 4331 qui
2700 4254 2907 4311 scilicet
2963 4250 3259 4323 majoribus
3312 4257 3443 4309 tunc

1852 4335 2129 4433 .prreerant
2154 4353 2428 4414 Ecclesiis,
2458 4360 2853 4404 recenseamus.

1933 4451 1983 4503 8.
2010 4447 2263 4510 Joannes,
2294 4447 2514 4513 propter
2535 4438 2721 4491 miram
2750 4432 3128 4489 absﬁnentiam
3152 4430 3328 4486 dictus
3351 4425 3443 4484 Je.

1855 4542 2107 4613 junator,
2146 4533 2216 4589 ob
2257 4530 2493 4598 insignes
2528 4526 2753 4580 virtutes
2794 4522 2863 4576 ad
2890 4516 3445 4613 ConstantinOpolita.

1861 4603 1984 4687 nam
2018 4626 2201 4682 sedem
2229 4662 2242 4686 ,
2284 4633 2401 4688 qum
2443 4613 2738 4671 secundum
2778 4615 2901 4680 post
2940 4608 3239 4661 Romanam
3269 4603 3449 4661 locum

1844 4721 1970 4792 jam
2025 4715 2125 4771 sibi
2164 4708 2516 4768 vendicabat,
2562 4710 2776 4757 mortuo
2831 4696 3096 4792 Eutychio
3141 4698 3453 4792 assumpta;

1861 4776 2051 4874 fuerat,
2084 4811 2143 4860 ut
2163 4814 2325 4871 supra
2351 4795 2602 4851 diximus.
2628 4792 2697 4845 At
2723 4794 2983 4855 usurpato
3012 4784 3064 4874 in
3094 4778 3300 4851 synodo
3335 4776 3443 4837 CP.

1861 4894 2181 4958 meumenici
2225 4885 2545 4961 patriarcha:
2581 4880 2772 4946 titulo,
2812 4891 2968 4950 quem
3009 4873 3280 4961 deponere
3307 4882 3438 4961 nun.

2051 4953 2327 5043 consensit
2352 5020 2364 5042 ,
2394 4974 2669 5042 Pelagium
2698 4983 2890 5039 papam
2922 4973 2975 5063 et
3004 4969 3192 5064 postqa
3221 4956 3279 5012 S.
3309 4953 3438 5009 Gree

1866 5046 2073 5152 gorium
2105 5076 2156 5129 in
2192 5087 2252 5127 se
2278 5065 2588 5125 concitavit.
2621 5060 2697 5114 De
2732 5058 2823 5112 illo
2859 5052 3111 5152 deiucc'pj
3140 5046 3452 5143 frequenter

1868 5137 2040 5225 acturi
2068 5177 2272 5219 sumus.
2312 5157 2450 5211 Eum
2490 5149 2715 5209 summis
2740 5143 2988 5201 laudibus
3033 5137 3262 5192 efferunt
3287 5137 3450 5225 scrip.

1870 5220 2013 5311 iores
2041 5251 2209 5305 Graeci
2229 5290 2244 5315 ,
2267 5252 2492 5316 prOpter
2525 5238 2822 5294 doctrinam
2843 5273 2856 5298 ,
2886 5232 3171 5300 pietatem,
3208 5220 3438 5316 singula-

1868 5357 2089 5414 remque
2116 5341 2169 5393 in
2198 5310 2486 5407 pauperes,
2517 5342 2638 5384 cum
2675 5323 2889 5378 sibimet
2911 5318 3048 5372 foret
3069 5310 3467 5414 parcissimus,

1868 5400 2243 5491 liberalitatem
2273 5400 2329 5479 et
2358 5409 2988 5487 niuniliceutiam..Dietn
3038 5400 3232 5459 clausit
3260 5404 3436 5491 extre-

2216 5513 2354 5577 596,
2408 5515 2515 5565 eta
2550 5501 2750 5558 Graecis
2778 5483 2838 5554 in
2869 5496 3193 5552 Sanctorum
3242 5483 3437 5545 catch

1354 5711 1561 5770 capreae
1591 5692 1780 5765 capitis
1812 5681 2123 5744 adoratione
2148 5672 2269 5733 vide
2298 5672 2389 5730 lib.
2426 5684 2484 5727 ιιι
2513 5664 2718 5735 Dialog.
2752 5679 2796 5719 c.
2827 5659 2914 5717 ‘28.
