3992 6300
575 232 677 291 237

1066 234 1124 287 S.
1160 232 1489 287 GBEGORII
1535 231 1749 287 MAGNI
1791 230 1970 291 VITA,
2016 232 2109 285 EX
2150 230 2317 288 EJUS
2346 230 2653 289 SCRIPTIS
2690 228 3081 285 ADORNATA.
3127 228 3255 282 LIB.
3298 228 3364 283 ll.

3733 238 3821 296 988

572 370 696 423 gum
731 361 814 407 est
852 350 1069 406 relatus.
1115 348 1269 403 Hunc
1314 347 1526 416 excepit
1566 346 1825 418 Gyriacus
1872 347 1926 401 in
1967 346 2157 402 eadem
2188 349 2238 408 Α
2263 360 2389 414 erga
2449 349 2654 404 amicos
2707 346 2999 416 Gregorius
3024 345 3354 409 ostenderet,
3402 345 3633 416 quisque
3678 352 3828 417 possit

572 464 600 500 s
621 444 700 497 ide
720 439 823 495 GP.

645 535 696 589 9.
730 532 990 599 Eulogius
1027 545 1093 583 ex
1130 527 1415 591 monacho,
1455 525 1500 580 si
1554 525 1762 578 auctori
1820 523 1965 578 Prati
2000 526 2159 594 spiri-

579 624 737 677 tualis
771 621 899 673 ﬁdes
939 621 1025 683 sit,
1052 618 1220 670 factus
1250 614 1575 683 patriarcha,
1606 614 1900 669 Ecclesiam
1926 617 2158 670 Alexan-

540 728 543 731 ‘
579 716 784 770 drinam
815 712 954 766 rexit
983 711 1049 763 ab
1078 722 1218 759 anno
1249 704 1347 758 581
1376 704 1441 758 ad
1470 720 1558 758 an.
1599 704 1721 769 608,
1757 706 2162 760 haereticorum-

581 820 690 870 que
720 804 929 856 hostem
962 796 1281 851 acerrimum
1324 802 1378 849 et
1431 794 1863 849 strenuissimum
1904 794 2025 849 ﬁdei
2068 811 2161 849 or-

581 894 828 946 thodoxa:
872 889 1136 943 vindicem
1164 902 1222 941 se
1248 902 1462 956 semper
1502 887 1768 957 probavit.
1797 888 2050 959 Quinque
2094 888 2160 943 li-

579 983 704 1036 bros
732 980 945 1049 scripsit
974 977 1232 1031 adversus
1259 977 1592 1033 Novatianos
1622 992 1718 1031 seu
1761 985 1947 1031 contra
1988 977 2164 1031 Nova-

580 1084 709 1139 tum,
754 1072 1197 1142 impugnavitque
1221 1070 1397 1124 varios
1423 1079 1727 1138 temporum
1758 1068 1973 1123 illorum
1995 1068 2165 1122 luere-

580 1163 733 1226 t’cos,
765 1170 951 1215 contra
981 1159 1267 1213 concilium
1297 1156 1733 1212 Chalcedonense
1760 1166 1814 1211 et
1843 1158 1900 1212 S.
1926 1157 2163 1212 Leonem

580 1268 770 1323 papam
794 1251 1136 1306 rebellantes.
1179 1250 1251 1303 Dc
1281 1250 1394 1318 ipso
1417 1249 1764 1316 ejusdemque
1785 1250 2166 1304 lucubrationi-

582 1344 681 1400 bus
701 1345 810 1413 agit
838 1342 1060 1415 Photius
1087 1340 1269 1395 multis
1300 1340 1351 1394 in
1385 1340 1533 1395 locis.
1568 1339 1625 1394 S.
1655 1338 1915 1408 Gregorio
1946 1348 2167 1410 propter

582 1435 807 1488 eximias
835 1432 1028 1504 quibus
1056 1431 1307 1501 praeditus
1329 1438 1445 1485 erat
1464 1432 1689 1485 virtutes
1712 1438 1767 1484 et
1796 1431 1959 1485 animi
1986 1432 2163 1499 dotes,

583 1521 680 1576 fuit
707 1535 918 1588 semper
945 1518 1369 1587 acceptissimus,
1402 1528 1463 1571 ut
1488 1534 1554 1572 ex
1578 1519 1820 1587 epistolis
1850 1519 1983 1572 intra
2015 1534 2165 1573 com-

584 1606 945 1663 memorandis
994 1606 1169 1675 palam
1224 1602 1334 1658 liet.
1377 1605 1507 1658 Post
1547 1606 1795 1669 obitum,
1842 1605 2163 1661 Sanctorum

2262 435 2578 504 intelligere.

2336 525 2421 579 11.
2457 524 2527 579 Ut
2584 526 2650 580 ab
2679 525 3014 580 Antiochena
3069 523 3200 579 sede
3230 524 3297 577 ad
3337 522 3829 595 Jerosolymitanam

2262 623 2597 670 transeamus
2618 657 2633 681 ,
2669 631 2788 671 eam
2814 614 3044 670 obtinuit
3069 613 3304 669 Joannes
3331 611 3398 668 IV
3428 614 3497 667 ab
3526 629 3671 667 anno
3720 614 3827 683 561,

2264 721 2370 775 quo
2402 704 2691 761 Eustochio
2744 704 3028 761 demortuo
3074 703 3397 770 subrogatus
3422 710 3503 756 est
3528 742 3544 769 ,
3588 719 3756 775 usque.
3778 708 3831 762 ad

2262 810 2458 849 annum
2485 794 2612 862 595,
2639 808 3112 866 successoremque
3150 793 3338 846 habuit
3366 791 3553 857 Amos,
3576 794 3663 847 cui
3691 794 3832 850 Nice-

2262 884 2462 954 phorus
2487 893 2609 939 octo
2639 886 2979 954 episcopatus
2999 898 3168 937 annos
3197 882 3403 939 tribuit.
3438 881 3642 937 Verum
3671 894 3832 939 exstat

2263 973 2321 1027 S.
2355 972 2602 1043 Gregorii
2645 975 2873 1044 epistola
2904 974 2972 1028 ad
2999 973 3263 1028 lsachium
3298 972 3437 1044 (Lib.
3468 988 3547 1037 ιι,
3596 988 3684 1041 ep.
3716 974 3830 1042 46),

2265 1063 2357 1134 qui
2404 1065 2451 1117 ei
2482 1063 2745 1119 suffectus
2788 1071 2869 1118 est
2892 1104 2907 1128 ,
2939 1064 3143 1133 scripta
3186 1062 3479 1117 indictione
3506 1061 3542 1114 4
3566 1100 3581 1125 ,
3633 1062 3739 1116 hoc
3765 1073 3833 1117 est

2264 1166 2405 1207 anno
2424 1151 2520 1206 601
2552 1154 2637 1206 vel
2670 1152 2791 1207 600.
2819 1152 2973 1208 Unde
3001 1153 3203 1209 erroris
3228 1152 3470 1221 arguitur
3495 1150 3833 1221 Nicephorus,

2264 1241 2626 1313 probaturque
2648 1242 2757 1311 jam
2784 1244 2851 1298 ab
2877 1258 3020 1298 anno
3050 1242 3173 1297 C00.
3202 1242 3468 1297 lsacbium
3489 1239 3831 1312 Jerosolymi-

2266 1337 2447 1384 tanum
2493 1332 2851 1401 patriarcham
2899 1340 3141 1387 creatum
3188 1346 3308 1386 esse
3336 1370 3351 1395 ,
3411 1346 3475 1386 ac
3534 1329 3831 1401 synodicam

2264 1421 2547 1490 epistolam
2597 1421 2665 1475 ad
2692 1422 2750 1476 S.
2800 1420 3119 1490 Gregorium
3166 1420 3399 1481 misisse,
3434 1419 3520 1475 cui
3568 1418 3832 1487 respondit

2263 1511 2365 1565 hac
2402 1512 2631 1578 epistola
2662 1512 2972 1567 indictionis
3011 1519 3237 1583 quartae.
3291 1509 3396 1581 (Cf.
3441 1508 3611 1581 Evag.
3638 1511 3679 1563 t.
3705 1525 3826 1576 v,c.

2266 1597 2357 1664 16;
2390 1597 2615 1671 Niceplt.
2647 1600 2685 1655 l.
2716 1615 2844 1665 xvtt,
2875 1615 2922 1652 ε.
2953 1598 3068 1668 56.)

583 1697 705 1749 albo
735 1694 831 1748 fuit
861 1694 1092 1747 additus.
1122 1690 1225 1761 (σῖ.
1250 1694 1406 1747 Pholo
1432 1694 1546 1747 60d.
1574 1693 1697 1759 133,
1728 1695 1852 1762 208,
1886 1694 2164 1780 925,226,
2202 1710 2243 1766 Β
2340 1707 2425 1760 1‘2.
2448 1708 2803 1771 Domitianus,
2830 1707 3069 1763 Mauricii
3087 1705 3369 1775 Augustini
3394 1704 3827 1773 consanguineus,

583 1781 731 1849 227.)

657 1890 737 1943 lO.
771 1888 1103 1956 Anastasius,
1137 1905 1295 1962 quem
1323 1889 1581 1947 Sinaitam
1609 1908 1726 1948 esse
1748 1894 1929 1948 multis
1951 1894 2166 1963 scriptis

582 1979 847 2033 celebrem
891 1979 1102 2048 plurimi
1127 1988 1420 2049 putarunt,
1452 1980 1519 2035 ad
1559 1981 1741 2036 sedem
1772 1982 2164 2037 Antiochenam

582 2076 902 2137 assumptus,
933 2069 1173 2124 eamdem
1202 2068 1485 2138 Gregorio,
1504 2072 1816 2127 monasterii
1843 2073 1982 2141 apud
2011 2088 2166 2127 mon-

582 2165 688 2211 tem
717 2156 877 2226 Sina,
904 2167 962 2212 ut
1004 2159 1173 2224 aiunt,
1212 2160 1498 2229 praelecto,
1528 2168 1767 2217 cesserat
1794 2177 1934 2218 anno
1962 2162 2090 2231 572,
2136 2179 2166 2219 a

583 2249 788 2306 Justino
818 2252 1143 2321 imperatore
1185 2253 1368 2321 pulsus
1396 2262 1447 2308 et
1467 2253 1726 2320 deiectus.
1771 2254 1945 2324 Ipsum
1992 2263 2168 2309 tamen

544 2380 549 2387 .
584 2354 682 2404 pro
700 2339 938 2407 legitimo
959 2341 1260 2409 patriarcha
1290 2341 1435 2397 sedis
1464 2341 1625 2411 hujus
1664 2343 1845 2396 habuit
1868 2358 2080 2413 semper
2108 2342 2165 2399 S.

583 2426 914 2495 Gregorius;
955 2427 1094 2484 unde
1134 2429 1199 2483 ad
1245 2446 1366 2485 eum
1403 2432 1618 2502 scripsit
1656 2429 1794 2502 (Lib.
1838 2448 1875 2487 ι.
1908 2449 1989 2502 ep.
2024 2431 2117 2485 26)
2152 2451 2164 2486 :

584 2520 737 2587 Apud
764 2536 845 2573 me
881 2536 1080 2588 semper
1113 2522 1205 2576 hoc
1227 2526 1368 2585 estis,
1400 2521 1536 2592 quod
1577 2540 1643 2576 ea:
1671 2523 2034 2589 omnipotentis
2071 2522 2169 2578 Dei

576 2623 793 2661 munere
805 2610 1073 2677 accepistis
1095 2625 1223 2671 esse,
1257 2626 1359 2663 non
1380 2609 1515 2681 quod
1534 2627 1599 2663 ex
1619 2611 1878 2665 voluntate
1898 2612 2169 2666 hominum

583 2696 835 2760 putamini
862 2713 964 2750 non
984 2713 1114 2752 esse.
1147 2697 1356 2753 Mortuo
1374 2696 1633 2765 Gregorio
1674 2700 2034 2767 Antiocheno,
2075 2716 2170 2756 cu-

584 2783 665 2854 jus
683 2785 867 2840 laudes
893 2786 1005 2840 fuse
1025 2789 1361 2859 persequitur
1385 2788 1641 2856 Evagrius
1673 2790 1763 2843 lib.
1784 2801 1995 2860 quarto,
2013 2807 2173 2862 prop-

585 2883 666 2928 ter
691 2876 917 2932 virtutes
939 2877 1259 2946 multiplices
1287 2886 1343 2933 et
1371 2878 1844 2948 przestantissimas
1870 2923 1883 2946 ,
1912 2889 2171 2953 recteque

586 2960 1009 3018 administratam
1048 2963 1361 3033 Ecclesiam,
1398 2965 1708 3022 Anastasius
1736 2984 1843 3023 suae
1870 2968 1983 3023 sedi
2012 2970 2170 3025 resti-

2272 1795 2518 1850 Melitinm
2547 1796 2828 1866 episcopus
2876 1804 2932 1850 et
2958 1795 3222 1850 Armeniae
3248 1796 3696 1865 metropolitanus
3715 1804 3833 1864 erat,

2269 1885 2483 1953 quando
2527 1901 2794 1941 summum
2844 1884 3219 1955 pontiﬁcatum
3273 1885 3588 1954 auspicatus
3644 1894 3726 1940 est
3768 1888 3833 1940 vir

2269 1975 2653 2029 sanctissimus.
2685 1973 2820 2028 Eum
2844 1974 2911 2027 ad
2932 1988 3020 2029 res
3048 1974 3314 2027 maximas
3340 1974 3613 2041 gerendas
3638 1972 3832 2042 aptissi-

2269 2078 2437 2128 mum,
2468 2072 2525 2118 et
2554 2062 2605 2117 in
2628 2062 2867 2118 consiliis
2888 2061 3361 2132 prudentissimum
3392 2068 3651 2128 expertus
3673 2060 3827 2130 impe-

2269 2162 2435 2217 rator,
2469 2152 2652 2207 multis
2682 2154 2735 2207 in
2785 2152 3015 2221 negotiis
3069 2151 3373 2220 adjutorcm
3406 2152 3666 2205 adhibere
3715 2168 3830 2207 con-

2269 2251 2539 2308 sueverat,
2569 2247 2726 2313 221
2759 2258 2823 2298 ac
2864 2242 3046 2296 liberis
3084 2242 3195 2295 suis
3239 2250 3471 2294 tutorem
3520 2241 3833 2310 designarat.

2272 2332 2395 2386 Fu‘t
2423 2348 2641 2403 quoque
2670 2331 2933 2399 Gregorio
2961 2330 3153 2399 Magno
3207 2328 3579 2390 charissimus.
3642 2328 3709 2383 ob
3738 2330 3832 2384 exi-

2270 2422 2432 2476 miam
2453 2424 2576 2476 vita:
2601 2422 2964 2483 sanctitatem,
3007 2428 3069 2474 ut
3094 2434 3162 2473 ex
3180 2418 3375 2473 litteris
3404 2418 3469 2471 ad
3493 2434 3617 2473 eum
3643 2419 3834 2487 scriptis

2270 2510 2455 2581 liquet.
2492 2510 2728 2565 Mortuus
2765 2508 2907 2579 apud
2932 2508 3318 2578 Theophanem
3344 2508 3395 2561 in
3420 2508 3834 2578 ehronographia

2270 2599 2464 2668 legitur
2487 2600 2780 2654 indictione
2802 2599 2856 2663 5,
2882 2615 2999 2671 qua:
3026 2614 3168 2653 anno
3200 2598 3322 2662 601,
3347 2613 3414 2654 ex
3442 2596 3657 2651 modica
3684 2608 3835 2667 parte,

2271 2697 2326 2744 et
2353 2688 2458 2743 602
2479 2705 2673 2759 respon
2695 2691 2786 2743 let.
2822 2688 3116 2758 Peragrata
3138 2688 3378 2753 Oriente,
3410 2706 3553 2742 nunc
3592 2688 3835 2744 Occiden-

2272 2780 2432 2834 talem
2454 2780 2640 2834 orbem
2670 2779 3069 2848 perlustremus.
3104 2778 3209 2851 (Cf.
3242 2778 3407 2850 Evag.
3454 2780 3491 2832 ι.
3536 2796 3610 2841 v1,
3651 2796 3696 2832 ε.
3742 2777 3836 2849 IS.)

2343 2869 2432 2923 15.
2464 2867 2717 2925 Ecclesia:
2745 2869 3149 2939 Carthaginensi
3182 2870 3386 2941 totique
3410 2868 3603 2922 Africae
3630 2885 3659 2921 a
3691 2868 3838 2923 Wau-

2272 2960 2515 3014 dalorum
2560 2960 2883 3014 Arianorum
2926 2960 3054 3027 jugo
3091 2976 3197 3012 non
3240 2959 3310 3011 ita
3341 2957 3544 3027 pridem
3574 2957 3837 3011 vindicata:

586 3062 731 3108 unus
769 3062 850 3107 est
880 3070 967 3109 an,
1020 3054 1140 3109 ὅθι,
1175 3055 1258 3110 vel
1287 3097 1301 3121 ,
1344 3064 1402 3109 ιιι
1432 3056 1551 3111 aliis
1590 3057 1789 3125 placet,
1832 3055 1975 3126 593,
2007 3075 2168 3131 quam
2199 3079 2242 3141 α
2274 3057 2501 3117 praeerat
2532 3048 2838 3103 Dominicus
2860 3087 2874 3111 ,
2919 3048 2987 3111 ob
3029 3048 3353 3117 pastoralem
3395 3047 3837 3110 sollicitudinem,

587 3156 757 3211 usque
786 3140 854 3195 ad
878 3157 965 3196 an.
991 3140 1112 3207 599,
1137 3158 1244 3213 quo
1274 3143 1492 3207 devixit,
1535 3145 1873 3201 sanctissime
1902 3149 2172 3216 guberna-

587 3228 681 3281 vit.
707 3226 837 3294 Qute
874 3230 1147 3298 scripserit
1176 3242 1267 3284 aut
1292 3232 1569 3300 scripsisse
1590 3233 1750 3301 vulgo
1781 3235 1851 3288 sit
1898 3237 2166 3305 creditus,

588 3316 706 3384 lege
734 3317 872 3386 apud
897 3332 1168 3372 sacrarum
1195 3320 1647 3376 Bibliothecarum
1688 3332 1958 3381 auctores.
1995 3325 2169 3383 Pluri-

589 3422 706 3460 mos
744 3414 921 3461 autem
975 3416 1231 3477 spectatae
1260 3412 1561 3467 sanctitatis
1612 3428 1722 3467 sua:
1754 3413 2065 3472 laudatores
2117 3430 2172 3475 et

589 3496 940 3552 admiratores
963 3506 1149 3554 nactus
1173 3506 1290 3563 est,
1333 3500 1471 3554 inter
1513 3516 1651 3571 quos
1688 3500 1951 3573 Gregorio
1976 3506 2170 3576 Magno

588 3587 793 3656 pri-mus
812 3597 964 3642 extra
993 3590 1414 3644 controversiam
1442 3590 1590 3645 locus
1610 3591 1854 3647 debetur.
1900 3595 2014 3650 Non
2054 3613 2166 3653 me-

587 3678 772 3731 diocre
797 3686 1074 3748 conceptae
1110 3679 1177 3735 de
1205 3681 1490 3737 Anastasio
1520 3683 1935 3740 existimationis
1974 3694 2029 3743 et
2055 3690 2168 3745 sin-

586 3766 784 3835 gularis
807 3768 859 3821 in
885 3783 1005 3821 eum
1020 3769 1218 3825 amoris
1238 3771 1605 3825 testimonium
1629 3773 1870 3827 exhibuit
1887 3774 1942 3829 S.
1965 3774 2170 3847 Grego-

584 3856 727 3921 rius,
768 3856 982 3926 quando
1040 3857 1221 3911 statim
1271 3867 1393 3928 post
1448 3871 1720 3929 sumptum
1772 3864 2165 3934 pontiﬁcatum,

583 3947 957 4015 suggestionem
1011 3947 1220 4001 summis
1279 3947 1511 4017 precibus
1581 3948 1786 4017 plenam
1842 3954 1963 4021 fecit
2028 3956 2169 4023 apud

580 4032 842 4102 piissimos
881 4034 1136 4100 dominos,
1194 4037 1311 4105 ipso
1375 4045 1513 4092 teste
1565 4038 1705 4107 (Lib.
1742 4056 1777 4105 ι,
1830 4058 1910 4106 ep.
1938 4042 2053 4110 28),
2111 4054 2169 4099 ut

580 4120 743 4174 cirum
766 4119 1114 4176 beatissimum
1142 4124 1384 4179 damnum
1428 4127 1760 4180 Anastasium
1790 4130 2163 4198 patriarcltam,

576 4222 822 4262 concesso
855 4226 950 4261 usu
980 4212 1128 4279 pallii
1152 4250 1169 4277 ,
1200 4213 1269 4265 ad
1299 4213 1432 4266 beati
1463 4213 1603 4268 Petri
1630 4217 1980 4285 apostolorum
2015 4223 2165 4288 prin-

577 4294 709 4361 cipis
752 4294 936 4347 limina
981 4313 1152 4351 secum
1185 4299 1558 4355 celebraturum
1609 4305 1860 4359 solemnia
1890 4308 2166 4364 missarum
2224 4293 2234 4312 ’

542 4412 547 4415 λ
580 4382 929 4437 transmittere
951 4384 1248 4442 debuissent
1276 4407 1294 4442 :
1316 4400 1564 4461 quatenus
1588 4395 1632 4447 si
1660 4396 1707 4448 ei
1736 4397 1805 4449 ad
1825 4399 1996 4453 sedem
2016 4417 2163 4456 suam

2275 3139 2723 3209 strenuamquein
2742 3139 3053 3194 coercendis
3077 3138 3339 3193 lucreticis
3362 3147 3609 3191 navatam
3629 3154 3834 3206 operam

2274 3228 2517 3298 plurimis
2544 3229 2600 3283 S.
2643 3227 2890 3296 Gregorii
2921 3228 3161 3299 epistolis
3190 3229 3509 3283 celebratus.
3549 3226 3742 3282 Ultima
3775 3227 3835 3281 ad

2274 3334 2397 3373 eum
2440 3319 2672 3389 scripta,
2717 3319 2900 3390 quinta
2952 3320 3244 3374 indictione.
3299 3319 3517 3373 ineunte
3546 3357 3560 3380 ,
3606 3318 3711 3371 hoc
3768 3326 3837 3372 est

2273 3426 2457 3465 mense
2474 3410 2776 3480 Septembri
2793 3407 2918 3463 anni
2935 3412 3025 3465 601
3046 3453 3059 3477 ,
3089 3412 3282 3481 probat
3305 3426 3427 3465 eum
3449 3410 3636 3465 saltem
3662 3410 3727 3462 ad
3750 3410 3838 3463 hoc

2274 3517 2443 3573 usque
2469 3511 2680 3572 tempus
2705 3503 3047 3572 superstitem
3073 3502 3254 3557 fuisse.

2344 3591 2429 3644 14.
2458 3590 2711 3658 Quamvis
2732 3592 3016 3661 episcopus
3046 3591 3360 3655 Toletanus,
3406 3593 3493 3662 qui
3525 3608 3664 3645 nunc
3686 3590 3838 3645 totius

2272 3676 2539 3750 Hispania:
2561 3681 2759 3749 primas
2773 3679 2940 3741 audit,
2957 3682 3067 3749 jam
3092 3690 3203 3735 tum
3237 3682 3499 3751 primatus
3528 3681 3699 3746 titulo,
3729 3682 3837 3751 plu«

2269 3769 2421 3824 rimis
2459 3768 2699 3838 ejusdem
2741 3768 3009 3839 llispanite
3046 3779 3301 3841 praeesset
3332 3769 3605 3829 Ecelcsiis.
3638 3770 3688 3823 in
3724 3770 3836 3823 uni-

2270 3875 2423 3913 versa
2448 3868 2625 3915 tamen
2640 3859 3067 3930 Wisigotharum
3099 3862 3412 3917 monarchia
3433 3877 3549 3933 quze
3568 3861 3837 3930 Hispanias

2270 3956 2324 4001 ct
2352 3946 2576 4001 Galliam
2600 3948 2999 4005 Narbonensem
3022 3950 3507 4020 complectebatur,
3529 3951 3584 4005 S.
3607 3950 3835 4004 Leander

2269 4036 2597 4107 llispalensis
2642 4038 2944 4109 episcopus,
2988 4040 3226 4094 omnium
3252 4050 3369 4095 erat
3396 4041 3835 4095 autistitnmcele

2269 4129 2564 4188 herrimus.
2597 4131 2741 4200 quod
2791 4130 3163 4185 Recharedum
3183 4173 3196 4199 ,
3224 4144 3407 4197 regem
3438 4132 3834 4197 universumque

2267 4217 2695 4287 Wisigotharum
2740 4228 2979 4288 gentem,
3005 4220 3216 4274 Arianis
3256 4220 3403 4289 prius
3451 4220 3714 4274 erroribus
3740 4219 3833 4271 im-

2267 4307 2661 4376 pietatibusque
2685 4309 3042 4377 mancipatam
3074 4310 3138 4361 ad
3178 4309 3499 4363 Catholicam
3545 4308 3691 4362 ﬁdem
3715 4321 3832 4376 per.

2268 4395 2524 4450 duxisset.
2561 4396 2805 4450 Arianam
2849 4396 3091 4451 bmresim
3116 4411 3145 4450 a
3187 4396 3526 4460 Recharedo,
3576 4397 3831 4451 annitenta

542 4498 543 4501 η
578 4467 791 4522 minime
815 4473 998 4526 reverti
1026 4473 1220 4543 liceret,
1249 4478 1435 4533 saltem
1459 4496 1629 4534 secum
1654 4483 1709 4535 in
1736 4484 1930 4539 honore
1958 4505 2050 4542 suo
2079 4492 2157 4545 ui-
2192 4450 2239 4508 Β
2266 4487 2321 4541 S.
2371 4486 2616 4543 Leandro
2665 4489 2716 4541 in
2749 4489 2980 4542 concilio
3016 4487 3279 4541 Toletano
3326 4504 3417 4541 an.
3454 4487 3566 4542 589
3602 4495 3691 4542 aut
3717 4484 3828 4551 590,

576 4565 731 4610 ceret.
767 4556 952 4615 Utrum
993 4571 1171 4620 tamen
1202 4568 1597 4636 suggestionem
1628 4572 1768 4628 hanc
1796 4576 1879 4629 vel
1920 4576 2157 4634 libellum

574 4646 874 4711 supplicem
930 4650 1166 4717 miserit,
1197 4654 1389 4710 dubios
1436 4672 1535 4712 nos
1572 4658 1719 4724 facit,
1768 4665 1910 4733 quod
1959 4666 2156 4724 ibidem

572 4733 801 4789 additur.
833 4736 1003 4801 Quam
1035 4748 1217 4797 tenera
1264 4760 1389 4799 vero
1418 4746 1680 4803 charilate
1723 4753 1959 4808 amicum
2012 4757 2156 4815 hunc

572 4824 1061 4897 complecteretur,
1103 4846 1222 4899 qua:
1274 4834 1339 4887 ad
1380 4836 1553 4904 ipsum
1584 4841 1799 4908 scripsit
1840 4844 2014 4912 palam
2061 4848 2158 4903 de-

571 4922 892 4969 monstrant.
954 4917 1043 4973 Sic
1110 4920 1363 4988 prmlatur
1407 4925 1459 4979 in
1514 4928 1745 4996 epistola
1796 4930 1865 4984 26
1942 4934 2153 4991 librit:

568 5004 591 5030 ⁸
620 4998 832 5069 Scripta
861 5014 1039 5060 vestra:
1067 4996 1509 5078 beatitudinismti
1533 5018 1697 5086 fessus
1726 5023 1979 5090 requiem,
2010 5026 2157 5078 salu-

566 5092 667 5137 tem
712 5104 880 5159 aeger,
930 5094 1123 5162 fontem
1147 5099 1324 5153 sitiens
1354 5141 1367 5167 ,
1408 5104 1643 5157 umbram
1685 5117 1913 5163 (esttrans
1960 5112 2150 5168 inveni.

565 5170 748 5243 Neque
776 5180 913 5233 enim
942 5182 1036 5235 illa
1074 5186 1226 5239 verba
1251 5205 1344 5257 per
1371 5188 1603 5261 linguam
1649 5198 1819 5250 carnis
1848 5198 2151 5254 videbantur

564 5278 810 5359 expressa
830 5286 847 5321 :
877 5272 996 5339 quia
1020 5273 1094 5326 sic
1118 5276 1407 5344 spiritalem
1435 5296 1661 5335 amorem
1686 5300 1833 5337 suum
1858 5304 2004 5356 quem
2034 5306 2150 5359 ges-

560 5350 731 5447 ἐκρότει,
766 5361 990 5447 aperuit,
1019 5378 1080 5414 ac
1108 5364 1155 5447 si
1186 5382 1329 5420 mens
1356 5385 1447 5437 per
1483 5374 1809 5438 semetipsum
1836 5375 2147 5447 loqueretur.

560 5434 688 5501 Qua:
719 5442 823 5498 hoc
874 5444 995 5503 loco
1026 5436 1333 5509 describere
1356 5434 1627 5514 voluimus
1661 5434 1724 5528 ,ιι
1758 5472 1814 5517 ut
1845 5434 2055 5535 qualem
2086 5482 2145 5522 se

634 5588 658 5662 ς
680 5578 824 5662 idem
848 5598 986 5650 pene
1008 5587 1355 5662 estEpistola;
1377 5592 1409 5646 7
1446 5592 1684 5662 ejusdem
1703 5597 1822 5652 libri
1845 5603 2146 5655 exordium.

2265 4578 2615 4645 proscriptam
2658 4575 2819 4629 ﬁnisse
2849 4585 3042 4629 auctor
3064 4585 3147 4631 est
3178 4576 3430 4631 Nicolaus
3456 4577 3733 4632 Antonius.

2337 4663 2420 4717 15.
2455 4666 2565 4720 Sub
2592 4666 2906 4736 pontiﬁcatu
2932 4665 3193 4735 Gregorii,
3218 4666 3473 4734 Virgilius
3522 4662 3829 4722 Arelatensis

2264 4755 2718 4826 archiepiscopus,
2757 4757 2895 4810 inter
2932 4765 3157 4811 creteros
3207 4755 3519 4812 Gallicanos
3569 4755 3829 4827 pncsulcs,

2261 4858 2369 4895 non
2414 4845 2585 4898 solum
2641 4846 2901 4913 dignitate
2955 4846 3097 4901 sedis
3143 4847 3445 4910 eminebat,
3499 4847 3595 4904 sed
3634 4860 3828 4900 morum

2260 4932 2420 4985 etiam
2466 4932 2775 5002 integritate
2824 4937 3180 4999 omnibusque
3217 4920 3508 4992 virtutibus
3548 4952 3663 5005 qum
3712 4949 3826 5005 pas-

2256 5027 2429 5075 torem
2453 5022 2667 5077 decent.
2705 5024 2781 5078 Ex
2831 5026 3095 5081 monacho
3143 5025 3405 5081 Lirinensi
3446 5028 3612 5082 abbas
3652 5040 3824 5081 mona-

2254 5110 2403 5163 sterii
2447 5110 2943 5181 Augustodunensis
2966 5115 3195 5184 primum
3247 5116 3419 5172 lactus
3460 5120 3661 5182 fuerat;
3709 5114 3824 5168 dein

2256 5207 2466 5253 mortuo
2515 5200 2719 5257 Licerio
2762 5202 3060 5260 Arelatensi
3092 5207 3347 5276 episcopo
3400 5221 3490 5260 an.
3532 5207 3663 5274 583,
3700 5206 3825 5277 Sya-

2253 5286 2415 5353 grius,
2460 5290 2640 5343 multa:
2688 5292 2827 5360 apud
2871 5292 3056 5347 Gallia:
3106 5295 3373 5364 principes
3421 5295 3748 5351 auctoritatis
3772 5304 3824 5346 et

2250 5378 2434 5443 gratia:
2469 5378 2771 5447 episcopus,
2824 5382 2909 5435 cui
2967 5386 3418 5453 perspectissiuun
3466 5396 3622 5441 erant
3661 5382 3823 5440 sancti

2249 5467 2348 5520 viri
2370 5466 2524 5523 dotes
2544 5468 2775 5538 eximia},
2790 5473 2998 5527 vacanti
3022 5472 3275 5530 Ecclesia:
3296 5474 3687 5545 prmﬁeiendum
3701 5486 3817 5531 eum

629 5646 654 5686 δ
680 5649 822 5704 idem
865 5669 929 5707 ex
956 5646 1659 5733 multis-aliisGregdrianis
1692 5646 2354 5739 Vide
2377 5674 2671 5744 prtusertim
2693 5676 2785 5733 lib.
2820 5692 2899 5744 ut,
2936 5692 3022 5751 ep.
3059 5678 3145 5735 54.
