3992 6308
207 302 307 360 289

673 303 728 358 S.
773 303 1094 359 GREGORII
1134 307 1356 364 MAGNI
1394 250 1578 375 VI'I'A,
1620 312 1711 366 EX
1752 311 1914 369 Ε]υὸ
1952 311 2256 368 SCRIPTIS
2297 313 2692 372 ADORNATA.
2735 317 2864 374 LIB.
2908 320 2971 377 II.

3357 331 3465 388 290

205 419 425 517 curavit,
457 433 616 517 quam
646 419 894 517 armis”.
923 421 1258 517 sapctissime
1297 424 1454 478 rexit.
1491 424 1784 481 Florebant
1809 432 1858 490 Λ
1888 426 3020 502 infausto,bellumredintegraruntFranci,
3049 445 3467 517 quorumimpe_
3519 427 3530 464 '

205 519 327 566 tunc
351 509 406 564 in
450 507 642 565 eadem
693 506 932 563 Ecclesia
969 507 1242 565 Gallicana
1282 511 1535 569 Etherius
1564 515 1781 585 Lugdu-

203 601 402 665 nensis,
427 597 730 654 Desiderius
751 596 1091 662 Viennensis,
1112 598 1404 669 Gregorius
1427 602 1780 673 Turonensis,

203 689 426 759 Aregius
445 689 797 758 Vapincensis
813 731 827 754 ,
850 688 1204 759 inprimisque
1230 692 1342 761 jam
1386 693 1633 750 laudatus
1651 695 1786 767 Sya-

200 779 364 848 grius,
394 789 448 834 et
474 778 562 832 alii
600 793 665 832 ex
696 777 1040 848 Gregorianis
1062 781 1304 850 epistolis
1324 782 1453 837 satis
1473 785 1607 838 noti.

273 867 351 922 De
382 867 700 922 Britannicis
728 867 914 922 insulis
943 867 993 922 in
1023 869 1216 938 quibus
1245 887 1386 926 nunc
1409 872 1632 938 Anglize,
1661 873 1789 927 Sco-

199 956 311 1024 tize,
345 966 400 1011 et
449 956 716 1012 Hiberniae
760 972 924 1026 regna
980 946 1350 1025 numerantur,
1380 960 1449 1016 de
1496 960 1784 1016 Germania

197 1044 266 1096 ad
297 1043 525 1099 Boream
559 1056 833 1116 vergente,
875 1047 943 1102 de
980 1046 1203 1103 Polonia
1231 1064 1326 1104 seu
1349 1048 1613 1104 Sarmatia
1641 1050 1787 1104 aliis-

195 1145 306 1199 que
322 1131 863 1204 Septemtrionalibus
886 1136 1192 1204 regionibus
1215 1137 1340 1192 nihil
1377 1136 1467 1192 hic
1487 1138 1680 1191 attinet
1700 1136 1784 1191 di-

193 1233 327 1274 cere
361 1238 374 1273 :
406 1221 604 1291 quippe
628 1237 747 1291 qua:
769 1221 968 1278 Christi
997 1239 1163 1279 suave
1187 1224 1393 1294 jugum,
1433 1225 1668 1280 nondum
1698 1241 1786 1279 ex-

192 1322 360 1362 cussa
399 1309 667 1366 idolorum
721 1312 998 1379 servitute,
1053 1312 1121 1367 ad
1163 1313 1278 1368 haec
1319 1328 1490 1383 usque
1539 1321 1785 1386 tempora

193 1399 594 1454 detrectarent.

830 1469 1058 1525 CAPUT
1093 1471 1158 1526 II.

190 1553 645 1621 Aequana-can—
669 1561 710 1608 I.
751 1560 894 1609 Orbis
941 1559 1209 1621 Christiani
1233 1565 1388 1608 status
1431 1560 1654 1621 politicus
1695 1561 1787 1610 sub

251 1615 505 1682 Mauricio
527 1623 842 1682 imperatore.
860 1648 918 1655 —
937 1623 980 1669 2.
1003 1621 1170 1669 Status
1198 1620 1364 1682 Italiae.
1384 1615 1500 1669 -—33.
1522 1621 1786 1670 Galliarum

248 1681 358 1742 sub
396 1683 552 1742 tribus
578 1681 865 1730 Francorum
885 1682 1099 1741 regibus.
1125 1707 1187 1716 —-
1206 1683 1251 1730 4.
1296 1681 1538 1742 HiSpauia:
1569 1685 1661 1731 sub
1685 1684 1783 1731 Re-

249 1739 586 1807 eliaredo._—:
608 1745 654 1791 5.
683 1743 871 1807 Maioris
887 1739 1168 1807 Britanniis.
1187 1769 1246 1778 —
1269 1743 1317 1807 6.
1343 1739 1473 1802 Quas
1513 1745 1571 1792 ad
1599 1759 1783 1807 regen-

252 1798 374 1866 dam
390 1801 666 1866 ‘Iicclesiam
687 1798 827 1851 dotes
833 1805 1069 1866 attulerit
1109 1798 1395 1866 GregOrius.
1420 1832 1482 1841 —
1502 1807 1550 1854 7.
1587 1798 1781 1855 Summa

254 1863 373 1920 ejus
390 1861 652 1911 humilitas.
674 1890 734 1897 —
757 1866 805 1912 8.
832 1864 886 1912 Et
906 1865 1134 1914 Charitas.
1156 1861 1284 1916 —'9.
1308 1867 1464 1916 Animi
1497 1874 1782 1918 constantia.

254 1921 381 1981 (An.
406 1923 499 1974 590
519 1932 566 1973 et
587 1925 720 1985 59L)

263 2028 324 2084 1.
379 2029 660 2087 Delineato
702 2031 975 2099 breviter,
1021 2043 1280 2103 quantum
1336 2037 1402 2092 ad
1461 2041 1789 2094 ecclesiasti-

192 2133 320 2172 cum
387 2127 615 2186 statum,
659 2122 803 2176 orbis
864 2121 1155 2177 Christiani
1211 2125 1608 2194 quodammodo
1657 2128 1784 2194 situ,

193 2207 346 2263 idem
369 2227 512 2265 nunc
538 2211 728 2266 eadem
745 2211 1028 2277 brevrtate,
1067 2223 1327 2282 quantum
1363 2215 1430 2270 ad
1470 2225 1668 2271 statum
1698 2231 1789 2286 po-

193 2297 428 2364 liticum,
460 2309 715 2369 prmstare
756 2317 933 2370 opera:
987 2303 1217 2372 pretium
1261 2315 1362 2359 est.
1395 2305 1677 2360 Mauricius
1720 2305 1787 2360 ab

193 2402 344 2444 anno
378 2388 483 2442 58").
510 2392 846 2448 renuntiatus
885 2392 1178 2462 imperator
1203 2433 1218 2459 ,
1250 2392 1439 2449 iisdem
1476 2394 1783 2456 virtutibus,

192 2477 484 2544 prudentia
536 2482 771 2536 maxime
824 2480 1143 2537 fortitudine
1211 2497 1278 2538 ac
1341 2483 1600 2552 religione
1644 2499 1789 2538 rem-

191 2567 472 2636 publicam
510 2570 940 2636 administrabat,
968 2572 1162 2640 quibus
1200 2571 1266 2626 ad
1311 2572 1594 2642 imperium
1645 2567 1788 2628 viam

192 2660 296 2715 sibi
330 2663 621 2718 munierat.
652 2662 780 2720 Post
796 2664 994 2718 multas
1021 2663 1086 2719 de
1108 2663 1306 2731 Persis,
1336 2665 1562 2720 assiduis
1583 2663 1788 2720 Itoma-

193 2764 393 2805 norum
411 2753 679 2820 hostibus,
701 2755 894 2810 relatas
920 2753 1194 2817 victorias,
1209 2768 1398 2809 eorum
1414 2767 1596 2822 regem
1618 2753 1790 2809 Chos-

194 2852 347 2894 roem
377 2841 661 2913 profugum
691 2845 921 2912 benigne
967 2844 1227 2914 suscepit,
1257 2853 1313 2898 et
1359 2843 1486 2898 dato
1520 2843 1786 2908 exercitu,

193 2925 245 2980 in
261 2942 494 2999 regnum
515 2932 898 3002 pristinamque
910 2933 1226 3002 dignitatem
1249 2934 1500 2988 restituit.
1525 2932 1658 2987 Cum
1674 2931 1791 2988 zelo

193 3018 482 3076 catholicae
528 3021 650 3077 Iidei
678 3021 950 3091 ﬂagraret,
981 3038 1048 3078 eo
1072 3031 1352 3091 regnante,
1376 3023 1614 3077 utetiam
1637 3022 1791 3078 testis

195 3115 276 3163 est
296 3109 363 3163 S.
397 3107 691 3180 Gregorius
722 3110 858 3184 (Lib.
890 3127 968 3174 xi,
999 3128 1080 3180 ep.
1116 3110 1230 3180 46),
1263 3109 1640 3166 bzereticorum
1690 3125 1786 3164 ora

196 3198 600 3266 conticuerunt,
638 3207 693 3254 et
748 3215 913 3270 prava
947 3213 1067 3271 qua:
1106 3199 1430 3265 sentiebant,
1461 3198 1642 3269 eloqui
1673 3213 1782 3253 non

196 3298 677 3357 pnrsumpserunt.

262 3401 317 3454 2.
347 3401 427 3456 De
460 3400 624 3456 Italiae
652 3401 941 3470 Romaeque
985 3399 1282 3471 praesertim
1306 3397 1482 3453 salute
1504 3397 1785 3466 sollicitus,

198 3492 578 3561 Sinaraglum,
597 3491 1099 3562 pnestantissimum
1119 3488 1636 3555 ducem,exarclium
1649 3505 1752 3545 con
1775 3518 1789 3530 -

198 3582 473 3647 stituerat,
507 3588 562 3634 et
591 3580 731 3636 bello
753 3581 1012 3636 adversus
1039 3578 1422 3647 Langobardos
1452 3578 1785 3649 prmlecerat.

199 3669 444 3726 Francos
482 3671 643 3726 etiam
667 3671 734 3724 ab
760 3670 1010 3741 ipsisjam
1045 3669 1345 3737 lacessitos,
1376 3669 1550 3724 missis
1579 3668 1788 3736 legatis,

199 3759 493 3831 ohlataque
531 3759 779 3831 pecunia,
825 3761 892 3813 ad
920 3759 1181 3814 ultionem
1217 3758 1627 3813 sollicitaverat.
1673 3756 1789 3823 Qua

199 3863 254 3903 re
280 3849 470 3903 audita
502 3847 983 3919 Langobardorum
1007 3847 1197 3914 duces,
1219 3847 1284 3900 de
1311 3859 1438 3913 rege
1459 3845 1560 3898 sibi
1583 3844 1788 3900 constit-

203 3937 404 3993 tuendo
426 3937 570 3993 serio
591 3938 920 4007 cogitarunt,
950 3945 1004 3992 et
1026 3935 1220 3990 Autbai
1235 3936 1305 3989 im
1333 3935 1441 4008 [seu
1456 3931 1788 4003 'Autliarith],

203 4028 369 4095 Clebi,
396 4031 489 4102 qui
510 4029 734 4085 ultimus
753 4030 892 4100 apud
913 4045 1010 4085 eos
1030 4028 1236 4096 regium
1253 4041 1446 4082 nomen
1463 4026 1788 4102 obtinuerat,

202 4122 387 4187 tilium,
416 4121 632 4177 virtutis
655 4121 798 4174 fama
835 4120 968 4174 nulli
997 4117 1319 4185 secundum,
1360 4116 1658 4188 elegerunt.
1691 4115 1791 4172 IIic

202 4223 224 4246 ε·
249 4210 418 4265 Flavii
463 4219 772 4280 p’ramomen
803 4207 944 4280 apud
975 4207 1251 4263 Romanos
1281 4206 1509 4272 illustre,
1541 4221 1646 4278 quo
1689 4206 1791 4260 sibi

201 4302 317 4369 plus
346 4300 627 4369 dignitatis
666 4307 721 4354 et
756 4300 942 4367 gratia:
968 4299 1106 4368 apud
1135 4297 1294 4353 Italos
1322 4296 1654 4362 conciliaret,
1700 4311 1788 4349 εδ-

202 4393 450 4462 sumpsit.
482 4390 717 4460 Moxque
743 4388 1032 4443 Brixellum
1075 4385 1380 4441 defectione
1411 4385 1670 4439 Droctulﬁ
1691 4400 1789 4439 nu-

206 4493 296 4549 per
341 4480 604 4537 amissum
639 4477 970 4548 oppugnavit
1015 4491 1077 4532 ac
1119 4474 1481 4545 recuperavit.
1545 4474 1788 4546 Cumque

203 4569 605 4625 Childebertum
626 4608 642 4635 ,
681 4566 990 4622 ﬂaucorum
1013 4565 1242 4634 Regem,
1273 4565 1435 4634 Alpes
1474 4580 1595 4618 cum
1636 4580 1786 4618 exer-

1895 4551 1996 4597 rat.
2035 4539 2330 4595 Rccbaredi
2369 4538 2416 4592 la

204 4661 310 4714 citu
348 4674 639 4730 superasse
673 4658 990 4727 accepisset,
1012 4655 1139 4710 belli
1170 4654 1532 4722 Langobardis
1561 4653 1793 4708 inferen-

203 4747 255 4801 di
291 4748 502 4816 gratia,
561 4762 723 4818 sequo
773 4761 902 4800 vero
941 4753 1114 4798 marte
1161 4759 1283 4798 cum
1328 4742 1458 4812 ipsis
1501 4741 1793 4810 conﬂigere

203 4852 359 4906 posse
384 4836 676 4903 diﬂideret,
697 4836 923 4891 ducibus
945 4835 1054 4888 suis
1072 4833 1329 4903 pra:cepit
1351 4839 1410 4887 ut
1430 4833 1570 4887 intra
1585 4833 1791 4887 urbium

202 4929 529 4984 munitarnm
551 4937 611 4985 et
665 4929 868 4983 arcium
891 4941 1074 4981 muros
1108 4938 1226 4979 sese
1253 4922 1616 4978 continerent.
1648 4921 1794 4976 Inte-

202 5020 526 5090 rimlegatos
553 5019 622 5076 ad
651 5019 1054 5076 Childebertum
1067 5018 1134 5071 de
1156 5031 1286 5086 pace
1307 5015 1472 5081 misit,
1495 5029 1676 5086 quam,
1700 5013 1789 5067 de-

205 5111 640 5182 missisprecibus
661 5108 1107 5180 amplissimisque
1124 5105 1452 5172 muneribus,
1467 5112 1788 5160 consecutus

202 5210 304 5256 est.
348 5199 423 5258 Ex
461 5203 571 5258 hac
599 5200 947 5271 expeditione
989 5196 1397 5252 Childebertum
1445 5209 1584 5264 pene
1614 5193 1790 5248 adhuc

205 5291 533 5364 impuberem
555 5287 844 5362 plurimum
875 5289 1062 5358 gloria:
1086 5293 1397 5356 reportasse
1431 5283 1621 5340 scribit
1646 5280 1785 5336 Gre-

202 5381 382 5447 gorius
409 5378 744 5436 Turonensis
766 5379 857 5434 lib.
889 5393 962 5443 v1,
985 5394 1033 5433 c.
1065 5376 1155 5430 4:2.
1193 5376 1347 5444 Saepe
1375 5382 1563 5443 postea
1593 5377 1786 5427 contra

206 5469 418 5524 eosdem
449 5470 638 5525 hostes
666 5467 887 5539 ancipiti
911 5467 1225 5538 plerumque
1250 5469 1468 5527 eventu,
1501 5467 1594 5515 aut
1621 5457 1784 5515 etiam

269 5612 294 5640 ³
344 5601 603 5660 Observat
648 5601 991 5656 doctissimus
1031 5596 1404 5653 Tillemontius
1453 5594 1504 5647 in
1555 5591 1780 5646 historia

209 5671 560 5746 Augustorum
609 5674 662 5728 in
718 5671 1034 5746 Constantio
1067 5665 1294 5746 art_._56,
1341 5661 1634 5746 pag.,§08‘,‘
1679 5662 1784 5746 hoc

210 5731 374 5799 Fla'vii
411 5759 720 5814 prtenomen
751 5757 781 5798 a
819 5739 1038 5798 Silvano
1065 5739 1155 5810 qui
1189 5736 1475 5806 imperium
1509 5733 1560 5787 in
1596 5731 1782 5787 Galliis

1887 525 1999 572 tum
2040 517 2393 607 bellicamque
2421 521 2691 587 virtutem,
2735 526 2938 581 artibus
2980 533 3465 607 cunctabundaque

1884 606 2165 677 prudentia
2184 606 2429 677 frangere
2445 610 2636 666 solitus
2652 623 2765 667 erat
2777 614 3046 672 Autharis.
3064 620 3218 677 Anno
3246 606 3460 682 tandem
3481 632 3500 673 ’-

1887 693 2009 763 590,
2058 713 2166 768 quo
2194 697 2249 750 S.
2284 696 2576 769 Gregorius
2603 702 2971 770 pontiﬁcatum
3009 711 3314 779 auspicatus
3360 710 3495 779 est,‘

1884 800 1983 840 rex
2005 784 2474 852 Langobardorum
2515 804 2700 857 pacem
2730 793 2954 862 supplex
2971 799 3160 864 oravit,
3184 809 3239 854 et
3269 817 3464 872 magno

1883 874 2048 929 Italia:
2087 874 2480 944 detrimento,a
2519 879 2740 935 Francis
2770 881 3090 952 impetravit.

1955 961 2243 1032 Superiore
2261 981 2401 1037 anno
2427 967 2598 1023 ﬁndus
2627 985 2748 1024 cum
2780 971 3042 1039 Bajoariis
3068 976 3282 1048 inierat,
3304 981 3464 1036 ducta

1885 1049 1936 1102 in
1971 1052 2370 1107 matrimonium
2402 1055 3082 1123 Theodelinda,Garibaldi
3107 1081 3295 1122 eorum
3324 1072 3466 1139 regis

1886 1138 2013 1203 ﬁlia,
2044 1153 2161 1209 qua:
2195 1155 2315 1194 cum
2363 1144 2641 1199 catholica:
2682 1147 2802 1202 ﬁdei
2848 1152 3047 1206 ardore
3088 1138 3468 1223 ﬂagraret,atl

1885 1242 2002 1279 eam
2019 1235 2206 1297 postea
2244 1238 2412 1284 totam
2429 1231 2541 1287 fere
2561 1233 3038 1302 Langobardorum
3065 1252 3278 1309 gentem
3302 1249 3466 1316 pelle-

1886 1317 1984 1373 xit.
2011 1317 2226 1376 lnterim
2262 1322 2590 1379 Francorum
2615 1329 2933 1384 metusoluti
2958 1330 3312 1404 Langobardi,
3354 1347 3467 1395 tota

1888 1404 1999 1463 fere
2021 1408 2194 1478 Italia,
2213 1413 2459 1467 nimirum
2475 1414 2541 1468 ab
2558 1415 2756 1472 ultimis
2777 1418 2943 1474 Istria:
2967 1420 3177 1488 Iinibus,
3204 1423 3466 1494 Rhegium

1886 1515 2059 1573 usque
2081 1502 2133 1556 in
2155 1513 2396 1558 extrema
2457 1503 2726 1572 Calabria,
2779 1508 2948 1564 libere
2988 1513 3142 1581 potiti
3171 1518 3462 1580 sunt;vix-

1887 1604 1992 1659 que
2038 1601 2199 1662 caput
2227 1594 2371 1648 orbis
2409 1594 2581 1649 Roma
2604 1595 2840 1652 furorem
2869 1599 3218 1656 barbarorum
3269 1606 3463 1660 evasit.

1891 1679 1997 1752 (Cf.
2026 1681 2180 1736 Paul.
2216 1683 2367 1738 Diac.
2399 1683 2488 1739 lib.
2521 1702 2576 1741 Ill
2607 1687 2670 1741 de
2705 1686 2845 1743 Gest.
2895 1688 3065 1760 Laug.
3093 1709 3245 1764 capp.
3298 1693 3366 1748 ’52
3417 1703 3468 1750 et

1815 1793 1860 1852 Β
1890 1771 2003 1839 55.)

1961 1887 2120 1957 222
2160 1885 2212 1940 ’5.
2253 1886 2382 1953 Qua:
2409 1886 2477 1942 de
2505 1888 2660 1943 bellis
2688 1904 2717 1942 a
2746 1887 3087 1945 Childeberto
3110 1889 3274 1946 Italia:
3305 1892 3466 1948 illatis

1889 1975 2160 2044 attigimus
2181 1992 2288 2030 non
2317 1976 2606 2044 suﬂicjunt,
2641 1989 2699 2033 ut
2724 1994 2832 2048 quo
2851 1988 2996 2034 statu
3027 1989 3152 2036 tunc
3193 1997 3280 2036 res
3309 1982 3468 2038 Fra‘n«

1889 2083 2073 2121 eorum
2103 2075 2304 2131 essent,
2355 2069 2702 2138 intelligatur.
2739 2070 2965 2127 Francia
3018 2075 3192 2128 omnis
3240 2082 3366 2130 tunc
3412 2076 3465 2131 in

1889 2161 1988 2214 tria
2022 2174 2182 2228 regna
2209 2161 2396 2225 divisa,
2433 2163 2651 2216 totidem
2684 2165 2905 2232 parebat
2932 2166 3166 2233 regibus.
3198 2166 3468 2224 Clotarius

1887 2251 1953 2318 II,
1981 2250 2266 2324 Chilperici
2295 2268 2438 2306 anno
2470 2251 2573 2306 584
2614 2255 2779 2310 occisi
2829 2255 2966 2308 ﬁlius
2990 2272 3056 2310 ex
3080 2258 3463 2326 Freilegunde,

1887 2343 2148 2398 Neustria:
2175 2360 2271 2400 seu
2302 2344 2540 2399 Francia:
2577 2346 2906 2401 Occidentali
2939 2349 3113 2403 adhuc
3147 2351 3329 2417 jnuior
3361 2353 3464 2406 im-

1887 2437 2128 2506 perabat.
2175 2437 2549 2493 Cliildebertus
2594 2438 2860 2508 Sigcberti
2910 2451 2965 2496 et
3007 2443 3360 2500 Brunicbildis
3401 2462 3469 2502 ex

1888 2528 2036 2598 regia
2083 2527 2507 2598 Wisigotharum
2548 2533 2715 2602 stirpe
2763 2533 2938 2602 libus,
2988 2536 3318 2592 Austrasiam
3371 2554 3469 2594 seu

1889 2618 2172 2675 Franciam
2217 2617 2577 2687 Orientalem,
2626 2623 2712 2678 cui
2761 2631 2890 2679 tunc
2935 2641 3126 2694 magna
3172 2625 3470 2684 Germania:

1891 2724 2016 2782 pars
2044 2711 2448 2777 accensebatur,
2482 2713 2781 2768 obtinebat.
2802 2712 3168 2772 Guntramnus
3193 2719 3470 2788 utriusque

1889 2803 2033 2871 regis
2078 2810 2330 2872 patruus,
2380 2803 2770 2872 Burgundiam,
2825 2806 2980 2874 cujus
3026 2817 3154 2865 tunc
3193 2811 3470 2878 provincia

1893 2895 2073 2964 portio
2093 2903 2227 2960 erat,
2255 2895 2423 2951 orbus
2453 2895 2634 2952 liberis
2661 2897 2916 2966 regebat;
2947 2898 3040 2953 sed
3068 2898 3471 2956 Childebertum

1894 2987 2160 3043 ba:redem
2183 2988 2430 3044 instituit.
2466 2987 2592 3044 Ilaec
2631 2988 2871 3044 Francia:
2896 2989 3108 3056 divisio,
3157 2999 3213 3046 et
3248 2993 3471 3049 duarum

1894 3078 2189 3148 praesertim
2233 3079 2541 3148 reginarum
2589 3078 2956 3148 Fredegundis
3004 3089 3059 3135 et
3116 3081 3472 3139 Brunichildis

1818 3166 1862 3229 C
1892 3170 2034 3236 odia,
2064 3169 2353 3224 multorum
2383 3171 2648 3225 bellorum
2677 3171 3018 3226 seminarium
3047 3172 3214 3226 fuere.

1963 3259 2017 3314 4.
2060 3259 2314 3331 Hispania
2365 3260 2526 3330 longe
2571 3262 2811 3332 pacatior
2839 3269 2988 3326 erat,
3020 3275 3089 3316 ex
3130 3277 3238 3330 quo
3264 3261 3470 3330 ejurata

1892 3351 2091 3407 Ariana
2141 3351 2366 3414 hteresi,
2426 3351 2494 3406 ad
2546 3351 2702 3406 ﬁdem
2763 3351 3120 3406 orthodoxam
3182 3350 3471 3422 Wisigothi

1892 3444 2235 3498 transierant.
2270 3441 2443 3496 Antea
2470 3441 2612 3496 enim
2642 3441 2818 3496 fuerat
2861 3456 2984 3496 cum
3025 3441 3246 3497 Francis
3279 3442 3471 3498 decer-

1893 3535 2132 3591 tandum.
2181 3533 2547 3588 Gnntramnus
2583 3534 2782 3588 etenim
2825 3532 3042 3601 indigne
3070 3532 3247 3588 terens
3274 3532 3470 3602 lngun-

1892 3627 2012 3682 dem
2031 3666 2046 3690 ,
2073 3625 2254 3681 fratris
2281 3624 2480 3692 ﬁliam,
2510 3622 2904 3691 Hermenegildi
2933 3623 3072 3692 regis
3101 3637 3324 3676 uxorem
3345 3662 3361 3689 ,
3401 3621 3470 3676 ab

1893 3715 2204 3785 Leuvigildo
2234 3723 2289 3769 et
2321 3729 2350 3768 a
2375 3713 2671 3768 Gosuvitha
2698 3711 3094 3778 IIermenegildi
3120 3726 3382 3776 noverca,
3412 3713 3468 3765 iu

1894 3807 2075 3862 odium
2119 3805 2242 3860 ﬁdei
2271 3804 2568 3869 catholicae,
2615 3803 2685 3857 ad
2731 3811 2960 3857 mortem
3002 3816 3173 3871 usque
3220 3809 3470 3858 vexatam

1895 3897 2058 3953 fuisse
2077 3938 2094 3964 ,
2139 3896 2349 3950 duobus
2377 3895 2554 3948 missis
2578 3894 2909 3948 exercitibus
2938 3893 3134 3947 bellum
3158 3893 3472 3963 Wisigotliis

1893 3997 2158 4043 moverat.
2187 3986 2292 4042 Sed
2314 3985 2584 4040 exstincto
2613 3983 2946 4052 Leuvigildo,
2975 4000 3097 4039 cum
3128 3984 3472 4042 Recharedna

1894 4077 2011 4147 ejus
2027 4077 2169 4132 ﬁlius
2184 4091 2248 4130 ac
2262 4090 2562 4140 successor,
2587 4074 2924 4143 amplexatus
2949 4071 3104 4128 ﬁdem
3127 4075 3476 4141 catholicam,

1894 4171 2149 4228 Ecclesia:
2189 4169 2566 4225 reconciliatus
2595 4167 2801 4232 luisset,
2857 4181 3041 4235 pacem
3072 4181 3103 4219 a
3129 4165 3346 4220 Francis
3375 4166 3478 4220 im-

1892 4265 2146 4335 petravit,
2179 4279 2242 4318 ac
2270 4278 2370 4332 pro
2397 4261 2543 4332 pacis
2572 4267 2627 4314 et
2655 4257 2870 4314 Imderis
2895 4258 3117 4327 pignore
3145 4258 3480 4313 Clotsindem

1894 4360 1947 4414 in
1979 4373 2224 4413 uxorem.
2257 4355 2332 4408 Ea
2361 4363 2480 4410 erat
2502 4352 2830 4407 Childeberti
2857 4366 3032 4418 soror,
3063 4366 3222 4420 quam
3252 4351 3475 4408 Autbari

1895 4448 2369 4518 Langobardorum
2399 4445 2510 4515 regi
2538 4445 2696 4499 enixe
2737 4443 2940 4513 petenti
2969 4443 3238 4497 collocare
3282 4443 3472 4497 nolue-

2424 4538 2551 4593 udes
2579 4535 2789 4591 abunde
2816 4536 3156 4606 persequitur
3183 4535 3241 4589 S.
3269 4535 3472 4603 Grego-

1895 4637 2006 4690 rius
2034 4635 2127 4688 Μ).
2153 4650 2228 4700 ix,
2256 4648 2343 4702 ep.
2368 4631 2502 4696 122,
2525 4639 2580 4684 et
2607 4630 2746 4684 libro
2770 4645 2825 4684 III
2852 4627 3060 4694 Dialog.
3086 4626 3250 4690 c.51,
3279 4628 3367 4680 ubi
3395 4627 3470 4680 ait

1895 4741 2017 4781 eum
2047 4734 2196 4779 tanto
2238 4722 2361 4777 ﬁdei
2392 4721 2671 4776 catholicae
2707 4719 2902 4772 ardore
2951 4715 3202 4780 ﬂagrasse
3224 4752 3238 4776 ,
3270 4723 3325 4767 ut
3354 4716 3473 4769 nul-

1896 4817 2000 4871 lum
2039 4816 2092 4868 in
2117 4831 2210 4868 suo
2233 4827 2394 4883 regno
2422 4809 2650 4863 militare
2696 4806 3013 4877 permitteret
3035 4844 3049 4869 ,
3093 4804 3179 4872 qui
3205 4806 3348 4873 regni
3371 4803 3470 4857 Dei

1893 4905 2056 4961 [tostis
2080 4905 2299 4959 existere
2321 4919 2414 4972 per
2426 4902 2725 4956 Itwreticam
2742 4898 3046 4968 pravitatem
3076 4911 3180 4948 non
3215 4895 3416 4947 timeret
3451 4910 3472 4949 :

1894 4998 2038 5067 quod
2091 4996 2156 5049 ad
2207 4993 2618 5050 conversionem
2667 4989 3093 5046 bellicosissima:
3136 4987 3312 5055 gentis
3361 5003 3469 5042 non

1893 5102 2080 5158 parum
2111 5085 2361 5140 contulit.

1964 5175 2015 5230 5.
2057 5175 2332 5229 Britannia
2369 5172 2528 5240 vulgo
2564 5171 2704 5227 diota
2747 5169 2922 5238 major
2958 5167 3025 5221 ab
3065 5165 3249 5235 Anglis
3293 5165 3469 5222 idolo-

1891 5283 2010 5322 rum
2040 5266 2336 5321 cultoribus
2363 5269 2644 5330 occupata,
2696 5260 2878 5330 plures
2902 5260 2955 5313 in
3001 5257 3275 5327 dynastias
3299 5257 3468 5313 divisa

1893 5367 2029 5416 erat.
2061 5359 2162 5425 Qui
2189 5361 2508 5428 supererant
2533 5369 2602 5408 ex
2644 5351 2884 5423 pristinis
2926 5350 3116 5406 incolis
3143 5349 3391 5404 Britones
3417 5351 3471 5406 in

1890 5449 2241 5507 Wallireloea
2285 5446 2582 5513 inaccessa,
2624 5442 3105 5514 iugum-novorum
3130 5441 3471 5497 dominorum

1888 5594 2190 5664 usurparet,
2216 5583 2382 5639 fuisse
2401 5590 2732 5664 assumptum
2753 5598 2769 5647 ,-
2794 5579 3028 5635 maxime
3055 5595 3186 5637 vero
3215 5578 3472 5648 alienige-

1891 5675 1986 5716 nas
2013 5659 2130 5729 ipso
2154 5671 2213 5712 se
2238 5667 2503 5712 exornare
2540 5659 2748 5711 solitos.
3012 5680 3046 5701 ς
