3992 6314
545 308 641 363 291

1036 304 1095 361 S.
1137 303 1465 360 GREGORH
1506 300 1716 357 MAGNl
1759 300 1941 366 VlTA,
1986 301 2076 356 EX
2120 302 2285 360 EJUS
2322 301 2623 359 SCRlPTlS
2659 301 3055 359 ADORNATA.
3093 302 3221 359 LlB.
3262 303 3329 360 IL

3698 310 3794 369 29!

546 421 805 492 lugientes
832 433 950 474 sese
976 425 1318 487 receperunt,
1342 425 1435 469 aut
1463 415 1517 467 in
1541 413 1908 467 Arcmoricam
1930 413 2100 468 Gallia

2221 436 2477 490 eharitate
2504 434 2832 502 mellilluam,
2858 437 2911 491 in
2941 453 3045 507 qua
3076 438 3215 493 inter
3249 447 3445 494 cratera
3479 442 3791 511 rescripsit,

546 511 896 583 provinciam.
928 508 1183 564 Hibernia
1204 508 1312 563 suis
1338 504 1551 574 regibus
1578 503 2004 573 obtemperabat.

614 602 672 659 6.
710 602 791 658 En
821 602 1126 671 aperuimus
1170 598 1402 653 stadium
1451 596 1505 650 in
1554 611 1661 666 quo
1690 594 1981 664 Gregorius
2023 596 2117 651 de-

545 710 792 761 currens,
826 702 881 748 et
908 694 1215 754 decertans,
1245 690 1356 756 jam
1399 688 1766 758 spectaculum
1794 686 2005 749 futurus
2032 695 2118 742 est

545 786 762 851 mundo,
794 785 900 838 imo
921 790 973 836 et
1001 779 1204 849 angelis
1220 786 1273 833 et
1296 779 1629 843 hominibus;
1661 777 1782 833 licet
1805 779 1846 831 si
1870 777 1972 847 ipsi
1993 792 2114 832 cre-

545 874 752 937 damus,
780 872 895 925 vilis
939 869 1236 935 homuncio,
1277 868 1488 939 ignavia
1530 872 1755 938 torpens.
1789 866 2009 929 Verum,
2058 876 2118 920 ut

543 980 627 1018 res
656 971 766 1028 est,
799 963 946 1030 gigas
973 960 1328 1029 fortissimus,
1355 968 1410 1014 et
1434 960 1613 1014 mollis
1649 960 1743 1014 otii
1772 973 1880 1029 prie
1908 959 2117 1013 cccleris

542 1051 845 1120 pastoribus
883 1049 1401 1119 impatientissimus.
1444 1049 1588 1115 Quas
1632 1059 1812 1104 autem
1850 1048 2005 1102 dotes
2052 1063 2117 1103 ac

541 1143 763 1197 virtutes
784 1142 850 1196 ad
872 1141 1242 1211 pontiﬁcatum
1272 1141 1511 1196 attulerit
1544 1150 1602 1195 nt
1622 1156 1688 1195 eo
1716 1142 1820 1196 rite
1868 1141 2119 1209 fungere-

543 1241 655 1296 tur,
685 1247 753 1286 ex
785 1231 897 1300 jam
938 1230 1094 1285 dictis
1122 1229 1281 1285 facile
1311 1230 1508 1300 poterit
1549 1231 1804 1299 intelligi,
1836 1238 1891 1285 et
1943 1246 2008 1284 ex
2036 1230 2116 1285 di-

541 1321 726 1377 cendis
736 1322 934 1377 clarius
947 1322 1200 1376 elucebit.
1218 1321 1459 1377 Sufﬁciat
1476 1323 1579 1376 hoc
1595 1322 1879 1376 observare
1896 1322 2013 1376 loco
2028 1363 2042 1387 ,
2063 1322 2115 1376 in

541 1410 881 1468 sanctissimo
904 1409 1185 1481 pontiﬁce,
1210 1410 1276 1463 ad
1298 1410 1614 1463 miraculum
1642 1417 1697 1464 et
1719 1394 2110 1478 stuporem'us-

540 1518 645 1573 que
673 1502 935 1559 ell'ulsisse
972 1502 1326 1555 humilitatem
1359 1509 1415 1555 et
1439 1501 1778 1556 charitatem.
1808 1501 1912 1555 Per
1938 1501 2115 1556 humi-

539 1592 747 1646 litatem
793 1591 1058 1646 sollicitus
1087 1589 1283 1657 ubique
1313 1598 1369 1643 et
1394 1603 1607 1663 semper
1631 1589 1702 1643 de
1731 1589 2118 1644 circumstanti-

538 1682 639 1737 bus
657 1681 929 1752 periculis,
958 1680 1180 1735 cavebat
1208 1694 1277 1734 ne
1303 1679 1372 1733 de
1391 1679 1588 1734 collato
1611 1688 1764 1734 tanto
1792 1681 1996 1735 honore
2015 1681 2115 1736 sibi

2214 523 2440 579 Meliora
2483 526 2583 579 sibi
2630 543 2740 581 esse
2779 528 2993 582 vulnera
3046 530 3343 602 diligentis,
3392 548 3550 603 quam
3601 533 3792 590 inimici

2214 616 2526 671 blandientis
2547 619 2723 673 oscula
2747 617 2886 689 (Lib.
2909 635 3005 689 vn,
3032 638 3113 692 ep.
3141 621 3255 693 27).
3284 624 3461 692 Atque
3490 632 3551 677 ut
3576 622 3795 679 Anasta-

2214 705 2295 760 sio
2311 709 2551 761 monenti
2575 723 2779 763 morem
2809 720 3048 778 gereret,
3074 713 3302 782 Cyriaci,
3331 729 3503 784 nuper
3524 716 3593 768 ad
3616 715 3794 771 sedem

2215 794 2320 850 GP.
2364 797 2564 864 evecti,
2605 798 2885 867 epistolam
2930 802 3238 871 synodicam
3268 803 3320 856 in
3350 819 3455 873 qua
3477 805 3795 861 tecumenici

2214 886 2536 955 patriarcha:
2564 887 2776 941 titulum
2800 889 2899 943 sibi
2922 891 3260 959 vendicabat,
3286 894 3403 948 sine
3431 909 3587 949 mora
3614 909 3795 951 susce-

2216 975 2315 1045 pit,
2346 991 2413 1030 ne
2441 977 2697 1033 unitatem
2719 977 2972 1035 Ecclesiae
3001 980 3258 1035 turbaret.

2289 1067 2530 1137 Denique
2550 1070 2876 1139 singularem
2899 1072 3148 1127 omnibus
3175 1072 3227 1126 in
3249 1073 3493 1143 epistolis
3523 1074 3689 1129 animi
3714 1076 3796 1131 de-

2216 1161 2524 1215 missionem
2570 1171 2849 1229 testatam,
2899 1171 2954 1217 et
3010 1165 3408 1233 quodammodo
3466 1167 3790 1237 insculptam

2217 1252 2453 1319 reliquit,
2475 1268 2595 1308 cum
2611 1253 2813 1322 primus
2834 1255 3073 1308 omnium
3097 1255 3462 1310 Romanorum
3478 1256 3792 1327 pontiﬁcum

2217 1342 2269 1395 in
2310 1341 2440 1410 ipsis
2487 1352 2512 1378 ι
2543 1357 2754 1396 servum
2784 1358 2843 1398 se
2889 1359 3166 1399 servorum
3197 1345 3292 1401 Dei
3338 1348 3552 1417 praefari
3600 1348 3793 1417 voluit;

2216 1431 2357 1506 hanc
2380 1432 2653 1487 modestiae
2682 1441 2938 1489 tesseram
2963 1450 3101 1490 vano
3128 1444 3183 1490 et
3208 1424 3441 1507 superbo
3470 1441 3789 1497 (ecumenici

2218 1521 2371 1575 titulo
2400 1537 2506 1589 quo
2530 1522 2857 1590 gloriabatur
2876 1523 2980 1577 ΟΡ.
3005 1526 3286 1596 episcopus
3306 1527 3589 1598 ohjiciens,
3611 1531 3793 1586 simul-

2217 1624 2324 1679 que
2352 1626 2457 1665 non
2484 1612 2712 1668 obscure
2736 1615 3041 1684 signiﬁcans
3069 1618 3438 1689 pontiﬁcatum
3468 1621 3659 1675 duram
3693 1623 3794 1679 sibi

2218 1702 2387 1756 videri
2412 1706 2724 1759 servitutem
2744 1745 2760 1772 ,
2789 1706 2875 1760 cui
2902 1707 3018 1761 sola
3049 1722 3116 1761 ex
3154 1708 3421 1765 eharitate
3460 1712 3662 1765 collum
3703 1713 3792 1782 ju-

536 1770 864 1826 blandiretur
884 1778 939 1825 et
965 1776 1352 1825 assentaretur.
1378 1769 1482 1823 Per
1501 1768 1821 1824 charitatem
1850 1785 1971 1825 cum
1998 1770 2109 1839 jam
2146 1790 2188 1849 Β
2212 1790 2374 1846 beme
2402 1790 2513 1847 Deo
2540 1768 2853 1848 ευωωέηι,
2873 1792 2977 1867 (εί,
2995 1795 3154 1851 “an.
3187 1797 3335 1853 θεας,
3366 1804 3402 1852 ι,
3430 1816 3488 1865 η’
3524 1818 3579 1854 η,
3610 1802 3683 1869 ι.)

534 1861 638 1916 sibi
665 1861 928 1925 viluisset,
962 1860 1015 1915 in
1058 1860 1229 1915 Deum
1273 1874 1488 1930 semper
1514 1868 1756 1928 erectus,
1798 1876 1830 1916 e
1858 1877 2105 1932 supremo

534 1951 627 2007 illo
649 1950 857 2020 fastigio
880 1950 1077 2007 subditi
1096 1951 1272 2019 gregis
1301 1951 1712 2007 necessitatibus
1739 1959 1796 2006 et
1814 1953 2111 2008 commodis

533 2041 938 2111 vigilantissime
978 2040 1364 2111 prospiciebat.
1407 2040 1569 2111 (Vide
1612 2041 1836 2113 Prtefat.
1868 2045 1922 2097 in
1963 2041 2108 2099 Dial.

532 2142 583 2188 et
606 2132 696 2187 lib.
724 2148 794 2197 ix,
821 2149 901 2202 ep.
934 2131 1082 2201 121.)

604 2223 660 2277 7.
699 2221 1026 2278 Humilitatis
1050 2222 1304 2290 abyssum
1327 2224 1560 2294 produnt
1586 2224 1753 2279 multa
1773 2223 1883 2295 jam
1905 2241 1971 2281 ex
1995 2225 2111 2296 ejns

533 2312 777 2382 epistolis
806 2312 1034 2383 prolata,
1054 2314 1246 2383 quibus
1268 2313 1430 2383 longe
1450 2315 1603 2386 plura
1626 2315 1827 2372 addere
1848 2317 2104 2373 licuisset.

532 2403 653 2469 Quo
675 2402 834 2458 fuisse
862 2402 1043 2458 animo
1073 2418 1199 2472 erga
1228 2419 1554 2473 supremam,
1596 2406 1683 2461 cui
1714 2406 1962 2478 alligatus
2001 2422 2107 2461 non

532 2500 726 2562 sponte
752 2491 898 2547 fuera
908 2499 946 2557 t,
973 2491 1223 2547 Ecclesia:
1245 2491 1558 2560 dignitatem
1577 2490 1895 2563 Gregorium
1920 2495 2109 2550 existi-

532 2598 762 2652 mamus,
789 2582 1002 2651 quando
1027 2583 1201 2639 amico
1232 2582 1479 2638 Leanlro
1505 2584 1773 2639 scribebat
1800 2593 1926 2641 octo
1952 2587 2109 2642 annis

530 2688 562 2729 a
591 2688 688 2729 sua
732 2673 1141 2742 inauguratione
1175 2673 1287 2742 jam
1346 2674 1580 2743 elapsis:
1608 2674 1946 2746 SummOpere
1995 2693 2108 2731 esse

528 2763 852 2817 decreveram
899 2761 1230 2834 opprobrium
1269 2763 1562 2829 hominum,
1592 2774 1640 2818 et
1661 2764 1881 2837 abjeclio
1906 2766 2070 2837 plebis
2090 2810 2105 2836 ,

528 2860 680 2921 atque
705 2852 759 2904 in
783 2851 897 2920 ejus
926 2861 1064 2905 sorte
1090 2867 1315 2917 currere,
1338 2852 1401 2906 de
1420 2870 1518 2924 quo
1547 2870 1725 2909 rursus
1757 2872 1846 2928 per
1871 2855 2098 2911 Psalmi-

525 2950 659 2994 stam
679 2940 868 2994 dicitur
890 2956 908 2994 :
932 2941 1188 2995 Ascensus
1209 2941 1265 2996 in
1306 2943 1460 2998 corde
1483 2945 1594 3014 ejus
1621 2945 1875 3015 disposuit
1900 2949 1955 3003 in
1982 2964 2105 3004 con-

526 3031 657 3085 valle
681 3031 1050 3101 lacrymarum,
1079 3033 1385 3087 utridelicet
1409 3044 1551 3089 tanto
1572 3037 1739 3090 verius
1761 3038 1901 3092 intus
1921 3054 2103 3092 ascen-

2283 1881 2337 1935 8.
2376 1881 2459 1935 Ad
2485 1882 2801 1938 charitatem
2826 1886 2967 1955 quod
2989 1896 3215 1956 spectat,
3235 1898 3436 1957 quanto
3459 1904 3587 1957 erga
3620 1890 3786 1943 Deum

2212 1986 2398 2027 amore
2424 1971 2709 2042 ﬂagraret,
2733 1976 2864 2030 satis
2892 1977 3123 2046 probant
3146 1980 3415 2034 continua:
3444 1996 3583 2049 quas
3608 1983 3791 2051 singu-

2211 2061 2277 2118 lis
2303 2062 2417 2118 l'ére
2446 2064 2686 2134 epistolis
2715 2066 2976 2137 inspergit
3002 2070 3236 2137 querelae
3255 2070 3322 2125 de
3343 2073 3539 2127 amisso
3563 2073 3656 2127 illo
3682 2088 3793 2142 pra

2210 2153 2565 2208 sollicitudine
2580 2156 2857 2227 pastorali,
2880 2157 2963 2212 vel
2982 2159 3209 2215 remisso
3235 2177 3249 2213 :
3274 2161 3365 2231 qui
3386 2162 3619 2219 enimde
3641 2164 3786 2218 sacri

2212 2245 2368 2311 hujus
2395 2245 2529 2314 ignis
2551 2247 2760 2314 jactura
2787 2247 2861 2301 ita
2880 2256 2966 2303 est
3002 2250 3217 2320 anxius,
3253 2252 3417 2321 dolet,
3444 2257 3791 2325 lacrymatur,

2210 2342 2411 2403 quanto
2440 2336 2631 2391 ardore
2658 2352 2716 2392 se
2741 2336 2909 2393 Deum
2930 2341 3149 2411 diligere
3178 2344 3259 2398 vel
3284 2344 3386 2400 hoc
3416 2347 3532 2415 ipso
3560 2347 3790 2402 demon-

2210 2432 2364 2479 strat.
2396 2424 2472 2479 De
2509 2426 2773 2481 chaitate
2813 2442 2940 2498 erga
2967 2434 3272 2499 proximum
3322 2435 3501 2490 dicere
3538 2435 3647 2489 hoc
3674 2435 3792 2491 loco

2210 2513 2341 2567 nihil
2368 2515 2577 2581 atti.et,
2628 2524 2749 2585 post
2778 2524 2858 2571 tot
2885 2517 3066 2574 ell'usa:
3095 2519 3236 2575 illius
3279 2522 3333 2575 in
3360 2537 3628 2593 pauperes
3660 2523 3791 2578 libe-

2209 2605 2436 2661 ralitatis
2463 2616 2812 2677 argumenta,
2861 2622 2980 2678 qua:
3007 2612 3350 2683 suppeditant
3395 2614 3635 2683 ejusdem
3678 2613 3791 2684 epi-

2208 2696 2390 2762 stolae,
2446 2706 2802 2767 reccnsetque
2851 2697 3088 2756 Joannes
3138 2701 3439 2771 Diacoiius,
3488 2706 3790 2775 prtescrtim

2206 2786 2299 2840 lib.
2329 2785 2396 2853 11,
2424 2788 2685 2856 capitibus
2713 2804 2930 2855 novem,
2961 2790 3164 2846 scilicet
3192 2807 3223 2846 a
3253 2792 3322 2845 22
3350 2795 3417 2847 ad
3442 2793 3536 2849 '50.

2278 2876 2330 2931 9.
2370 2877 2450 2931 Ex
2481 2890 2707 2948 utraque
2733 2879 2823 2935 illa
2851 2898 3056 2936 summa
3085 2884 3281 2939 virtute
3327 2887 3524 2956 prodiit
3556 2885 3792 2942 infracta

2205 2968 2448 3038 quaedam
2473 2971 2638 3023 animi
2667 2973 2991 3039 constantia,
3015 2988 3134 3043 qua:
3161 2976 3213 3029 in
3242 2976 3439 3044 arduis,
3471 2985 3523 3031 ct
3545 2979 3599 3031 ia
3631 2980 3793 3049 223

2204 3060 2533 3130 gravioribus
2556 3062 2805 3132 periculis
2831 3066 3067 3120 maxime
3106 3067 3355 3122 elucebat
3380 3088 3392 3122 :
3423 3070 3654 3139 quippe,
3682 3087 3793 3139 quo

524 3122 698 3175 derem
744 3130 932 3191 quanto
960 3137 1051 3189 per
1074 3123 1356 3176 convallem
1382 3123 1732 3193 lacrymarum
1774 3129 1902 3192 {oris
1930 3129 2100 3182 Immi-

2221 3122 2376 3220 nagis
2416 3153 2517 3205 εὼί
2553 3122 2829 3208 diuidebat
2854 3153 3146 3224 Gregorius
3177 3172 3271 3226 per
3298 3122 3793 3222 humilitaien'i,‘eo

523 3211 623 3265 lius
642 3213 871 3281 jacet-em
901 3213 1126 3281 (Psalm.
1151 3229 1385 3279 uuln,
1409 3212 1486 3286 7).
1523 3216 1590 3269 At
1617 3233 1699 3271 me
1724 3219 1940 3273 multant
1967 3236 2102 3275 nunc

525 3300 762 3370 deprimit
785 3301 947 3355 nonor
974 3317 1240 3364 onerosus,
1272 3319 1411 3357 cura:
1436 3306 1721 3360 innumera:
1744 3317 2099 3378 perstrepunt,

523 3400 571 3446 et
596 3407 710 3444 cum
733 3407 843 3445 sese
865 3392 933 3445 ad
954 3391 1119 3445 Deum
1146 3395 1349 3448 animus
1369 3395 1595 3468 colligit,
1628 3397 1760 3451 hunc
1787 3399 1895 3453 suis
1915 3400 2103 3469 impul-

523 3484 660 3538 sibus
687 3485 833 3554 quasi
862 3482 1168 3555 quibusdam
1208 3487 1398 3556 gladiis
1426 3488 1690 3543 scindunt.
1734 3488 1899 3543 Nulla
1927 3491 2099 3546 cordis

521 3575 660 3645 quies
680 3584 775 3628 est.
811 3575 1143 3630 Prostratum
1168 3578 1223 3631 in
1250 3578 1446 3647 inﬁmis
1464 3578 1610 3650 jacet
1640 3597 1746 3635 sure
1773 3583 2101 3652 cogitationis

522 3665 751 3734 pondere
771 3665 1093 3734 depressum.
1138 3667 1240 3733 Aut
1286 3686 1409 3722 rara
1456 3672 1603 3725 valde
1626 3681 1714 3725 aut
1738 3675 1881 3727 nulla
1921 3674 2016 3729 hoc
2045 3677 2098 3729 in

519 3755 759 3809 sublimia
805 3772 973 3826 penna
1004 3762 1454 3830 contemplationis
1495 3763 1649 3818 levat.
1697 3764 1885 3836 Torpet
1911 3766 2097 3837 ignava

518 3861 681 3912 mens,
705 3854 753 3899 et
766 3847 1269 3902 circumlatranlibus
1283 3852 1420 3905 curis
1439 3856 1827 3923 temporalibus,
1843 3858 1957 3928 jam
1969 3874 2097 3929 pene

518 3934 849 4005 udstuporem
863 3937 1104 4008 deducta,
1126 3941 1327 4011 cogitur
1341 3944 1495 3999 modo
1515 3953 1721 4001 terrena
1742 3964 1916 4019 agere,
1941 3952 2094 4005 modo

516 4024 673 4078 etiam
700 4042 813 4096 qua:
833 4037 951 4081 sunt
969 4029 1200 4083 carnalia
1245 4031 1702 4106 dispensare(Lib.
1732 4054 1907 4109 tx,ep.
1942 4040 2090 4109 121).

589 4114 724 4171 Cum
746 4116 970 4183 Natalis,
992 4118 1335 4179 Salonitanus
1364 4127 1647 4196 episcopus
1686 4131 1914 4186 moleste
1940 4133 2093 4188 tuli;-

516 4215 599 4262 set
620 4223 679 4262 se
706 4223 736 4262 a
765 4210 1025 4278 Gregorio
1054 4224 1361 4283 correptum
1391 4215 1578 4286 fuisse,
1609 4220 1725 4286 ipse
1767 4222 1833 4274 ad
1862 4237 1984 4276 eum
2008 4239 2093 4278 re-

515 4298 732 4365 scripsit
763 4315 775 4349 :
801 4298 877 4349 Ab
908 4300 1142 4355 omnibus
1171 4308 1385 4371 corripi,
1440 4307 1505 4358 ab
1557 4310 1795 4364 omnibus
1825 4315 2092 4368 emendari

515 4398 728 4456 paratus
753 4403 895 4452 sum;
926 4389 1128 4444 ethunc
1166 4393 1331 4446 solum
1351 4395 1476 4449 mihi
1505 4398 1728 4452 amicum
1770 4403 1969 4458 testimo
1997 4421 2088 4475 per

514 4478 660 4547 cujus
704 4478 955 4549 linguam,
1008 4490 1129 4537 ante
1176 4488 1553 4555 apparitionem
1596 4490 1818 4547 districti
1860 4494 2083 4563 Iudicis,
2119 4539 2170 4596 Β

514 4586 639 4596 ...Αι-
666 4572 893 4596 ...---.Ι.--
935 4577 1118 4596 -.Α---ιὲ-
1148 4584 1240 4596 .-κη
1267 4595 1277 4596 κ
1318 4583 1329 4596 ι
1349 4577 1368 4596 1
1390 4579 1422 4596 ιι
1689 4582 1768 4596 tum.
1847 4585 1880 4596 Λ
1978 4588 1990 4596 .

512 4586 639 4624 mete
666 4572 893 4626 maculas
933 4577 1120 4629 mentis
1144 4584 1284 4648 tergo
1314 4577 1452 4647 (Lib.
1485 4596 1540 4646 ιι,
1570 4599 1652 4652 ep.
1686 4582 1796 4654 52).
1841 4585 1993 4653 Quod
2034 4600 2090 4644 et

510 4664 652 4719 facto
680 4667 1048 4734 comprobavit
1072 4685 1086 4722 τ
1121 4685 1243 4723 cum
1268 4678 1412 4725 enim
1434 4672 1771 4743 Anastasius,
1798 4678 2089 4737 Antioche-

509 4774 609 4814 nus
660 4762 964 4830 patriarcha
987 4804 1003 4830 ,
1035 4773 1239 4820 motam
1268 4766 1336 4821 de
1366 4780 1624 4839 usurpato
1671 4776 1989 4830 aecumenici
2020 4776 2087 4831 ti-

508 4854 621 4907 tn'.o
652 4856 1072 4929 controversiam
1114 4860 1535 4928 parvipendens,
1568 4862 1634 4916 ad
1679 4861 1737 4917 S.
1769 4863 2086 4933 Gregorium

505 4957 712 4997 summa
736 4943 980 4999 libertate
1001 4947 1323 5017 scripsisset,
1353 4967 1448 5020 pro
1480 4953 1625 5006 nulla
1648 4970 1806 5009 causa
1825 4973 1938 5010 eum
1959 4958 2087 5012 dare

504 5033 672 5086 locum
717 5035 983 5090 scandulis
1006 5054 1107 5091 non
1132 5038 1334 5109 debere,
1362 5052 1413 5095 et
1441 5044 1670 5114 maligno
1699 5048 1907 5116 spiritui
1936 5065 2083 5118 qua:-

504 5126 637 5177 renti
665 5126 867 5180 animas
897 5128 1157 5192 cribrare,
1192 5130 1386 5199 quibus
1413 5148 1519 5188 non
1549 5136 1781 5191 obscure
1806 5139 1981 5193 amico
2006 5142 2082 5194 si-

502 5213 786 5281 gniﬁcabat
814 5218 985 5273 levem
1014 5221 1112 5275 sibi
1142 5221 1305 5277 videri
1335 5227 1682 5293 quaestionem
1712 5230 1763 5283 in
1794 5245 1898 5300 qua
1928 5232 2075 5288 zelus

503 5304 617 5373 ejus
645 5307 718 5362 ita
741 5308 1083 5378 etl‘erhnerat,
1113 5316 1482 5373 sanctissimus
1510 5328 1684 5388 pater,
1718 5322 1784 5375 ad
1812 5324 2080 5380 cathedra:

501 5409 611 5452 suae
638 5399 923 5467 primatum
947 5417 1054 5456 non
1078 5405 1378 5473 attendens,
1409 5410 1653 5467 aculeum
1677 5414 1792 5482 apis
1814 5415 1909 5487 (ita
1931 5416 2075 5472 Ana-

502 5486 719 5540 stasium
744 5490 922 5559 vocat)
947 5490 1165 5547 inﬁxum
1186 5494 1580 5555 modestissime
1601 5515 1664 5556 ac
1686 5504 2075 5572 patientiSsimc

502 5575 650 5643 tulit,
697 5587 753 5633 et
793 5596 891 5651 pro
936 5585 1126 5641 aculeo
1168 5585 1275 5641 mel
1315 5588 1577 5657 reddidit;
1625 5594 1906 5662 epistolam
1953 5596 2074 5653 dico

2206 3242 2398 3311 majori
2422 3244 2474 3297 in
2498 3242 2666 3298 Deum
2705 3243 2895 3300 ﬁducia
2924 3247 3134 3302 dicebat
3162 3265 3281 3303 cum
3310 3249 3571 3318 Apostoio
3606 3269 3619 3303 :
3655 3250 3792 3305 0m-

2204 3335 2297 3388 nia
2333 3352 2543 3399 possunt
2571 3338 2624 3390 in
2671 3354 2730 3392 eo
2776 3355 2865 3407 qut
2907 3356 2988 3393 me
3015 3343 3276 3412 confortat
3318 3343 3538 3413 (Philip.
3572 3357 3650 3409 tv,
3678 3345 3792 3415 '15).

2204 3424 2281 3479 lta
2310 3424 2376 3480 de
2417 3442 2476 3482 se
2504 3429 2738 3496 loquitur
2781 3444 2870 3499 ep.
2902 3428 2969 3482 47
3015 3431 3134 3484 libri
3155 3447 3236 3497 1v,
3280 3433 3346 3486 ad
3386 3432 3743 3486 Sabinianum
3775 3451 3791 3486 ;

2202 3517 2377 3571 Mores
2407 3535 2545 3572 meos
2590 3520 2715 3574 bene
2754 3523 2987 3593 cognitos
3011 3522 3186 3589 habes,
3211 3525 3331 3595 quia
3353 3525 3441 3577 diu
3470 3537 3643 3595 porto.
3678 3527 3791 3581 Sed

2200 3613 2245 3665 si
2274 3614 2428 3666 semel
2454 3614 2796 3670 deliberarem
2836 3632 2941 3670 non
2962 3627 3195 3688 portare,
3226 3626 3408 3673 contra
3435 3621 3612 3674 omnia
3643 3622 3791 3690 peri-

2199 3707 2316 3755 cula
2337 3704 2484 3756 lwtus
2500 3704 2650 3758 vado.

2225 3816 2231 3823 -
2274 3792 2466 3849 Verum
2488 3797 2533 3849 si
2561 3796 2784 3852 velimus
2815 3814 2974 3856 nosse
3002 3801 3172 3873 qualis
3200 3801 3270 3856 ad
3300 3817 3571 3858 summum
3600 3805 3787 3874 ponti.

2199 3885 2411 3940 licatum
2451 3894 2739 3943 acceSscrit
2767 3896 2822 3944 δ.
2856 3891 3185 3960 Gregorius,
3240 3902 3295 3947 et
3337 3895 3569 3962 qualiter
3614 3896 3673 3949 in
3720 3912 3787 3951 eo

2200 3980 2411 4045 vixerit,
2452 3980 2690 4049 legamus
2719 3983 2912 4037 librum
2959 3983 3175 4053 Regula:
3222 3984 3548 4055 Pastoralis,
3576 3988 3645 4041 de
3676 4004 3789 4056 quo

2195 4072 2421 4126 strictim
2464 4072 2574 4142 jam
2605 4074 2966 4143 loquendum;
2998 4086 3056 4129 ut
3097 4078 3239 4131 enim
3284 4078 3351 4133 de
3394 4078 3451 4133 S.
3484 4078 3786 4134 BenediJo

2196 4163 2271 4216 ait
2301 4162 2449 4234 (Lib.
2483 4180 2521 4219 ιι
2547 4163 2715 4231 Dial.,
2747 4183 2795 4220 c.
2820 4167 2920 4238 56)
2944 4209 2957 4233 ,
2988 4183 3111 4223 eum
3131 4186 3233 4223 non
3247 4171 3477 4241 potuisse
3498 4172 3654 4224 aliter
3683 4179 3784 4224 do-

2193 4270 2309 4307 cere
2337 4255 2391 4307 in
2421 4253 2623 4324 Regula
2646 4256 3034 4313 MonacLorum
3074 4274 3105 4313 a
3132 4275 3192 4315 se
3221 4263 3590 4330 promulgata,
3624 4280 3783 4334 quam

2192 4343 2338 4409 vixi',
2392 4344 2535 4398 idem
2589 4362 2805 4416 quoque
2848 4349 2916 4404 de
2964 4352 3301 4408 sanctissimo
3346 4368 3503 4422 papa,
3555 4352 3783 4423 Regula:

2192 4428 2475 4489 Pastorum
2503 4444 2748 4506 auctore,
2779 4437 3048 4494 afﬁrmare
3074 4454 3184 4495 non
3210 4456 3474 4497 veremur.

2804 4554 3032 4612 CAPUT
3067 4556 3154 4610 ΙΙΙ.

2194 4637 2548 4708 Aequales-mu.
2568 4668 2627 4676 —
2645 4643 2697 4708 _l.
2724 4646 2776 4708 ξ.
2797 4644 3064 4708 Gregorius
3084 4648 3262 4695 librum
3286 4645 3490 4708 Regula:
3513 4647 3780 4697 Pastoralis

2259 4702 2676 4751 elucubrat.—2.
2720 4704 2779 4753 lit
2820 4702 2996 4755 libFum
3035 4702 3457 4757 SacramentoFum
3498 4721 3607 4757 cum
3635 4713 3778 4758 Anu-

2256 4763 2490 4822 phunario
2530 4766 2781 4814 meliorem
2829 4770 2876 4814 in
2917 4770 3115 4816 l'ormam
3165 4772 3542 4819 rcslituit.—5.
3589 4772 3665 4818 De
3690 4783 3779 4820 sua

2257 4830 2400 4891 gemo
2438 4829 2775 4891 constituenda
2817 4836 2869 4891 ct
2911 4832 3173 4879 ordinanda
3211 4835 3375 4881 statim
3410 4833 3612 4891 cogitat.
3635 4857 3702 4866 —
3726 4834 3779 4881 4.

2256 4882 2415 4955 [micis
2439 4887 2599 4936 Valere
2619 4890 2783 4955 jussis,
2808 4890 3079 4940 clericoset
3098 4898 3357 4942 monachos
3377 4882 3562 4955 pict‘atc
3581 4906 3637 4940 ac
3659 4908 3779 4944 cru-

2255 4948 2438 4995 ditione
2463 4948 2777 5010 conspicuos,
2790 4964 2899 4999 corn
2915 4956 3093 5001 ictores
3115 4957 3203 5000 sibi
3223 4948 3501 5004 assumit—
3519 4955 3564 5004 5.
3581 4958 3779 5011 quanta

2255 5012 2305 5057 ei
2330 5020 2622 5073 pauperumd
2634 5021 2686 5058 et
2721 5016 3095 5073 peregrinorum
3114 5028 3246 5063 cura.
3269 5042 3328 5051 —
3345 5019 3395 5066 6.
3421 5015 3592 5065 Nullos
3618 5020 3775 5065 laicus

2288 5072 2566 5119 rocurandis
2590 5071 2820 5138 Ecclesim
2844 5071 3140 5138 patrimoniis
3159 5076 3375 5138 praeﬁcit.
3394 5104 3455 5113 —
3474 5082 3520 5128 7.
3547 5079 3641 5127 Dei
3664 5092 3778 5127 vcr-

2281 5143 2466 5198 osuum
2491 5135 2642 5198 pascit
2665 5146 2887 5198 gregem.
2911 5162 2972 5170 —
2991 5141 3038 5183 8.
3066 5135 3180 5197 Ejus
3227 5142 3516 5198 prtedicandi
3541 5144 3684 5187 ratio.
3710 5164 3779 5178 -—-

2247 5193 2302 5260 ξ)ζ
2318 5193 2539 5260 barbaris
2563 5193 2780 5241 nondum
2804 5193 3472 5260 Ghristiauis'pradicatnres
3512 5203 3679 5249 mittit.
3710 5226 3771 5237 —

2247 5255 2325 5321 to.
2362 5253 2710 5321 Episcmornm
2745 5258 2931 5319 rigidus
2973 5253 3169 5321 ecnsoi',
3194 5267 3281 5312 sed
3306 5265 3383 5312 sui
3419 5276 3635 5312 maxnne
3655 5263 3773 5315 fuit.

2247 5318 2362 5376 (An.
2381 5317 2470 5365 590
2495 5323 2544 5364 et
2564 5318 2696 5379 591.)

2255 5419 2306 5473 1.
2349 5417 2516 5477 Paulo
2561 5429 2685 5491 post
2707 5431 3042 5493 assumptum
3071 5425 3444 5495 pontiﬁcatum
3466 5427 3527 5483 S.
3557 5426 3770 5498 Grego~

2183 5512 2293 5568 rius
2316 5512 2505 5568 librum
2532 5513 2748 5584 Regulze
2772 5514 3061 5573 Pastoralis
3090 5520 3450 5585 elucubravit,
3486 5530 3598 5576 tum
3625 5535 3685 5576 ut
3710 5523 3773 5580 its

2182 5599 2438 5660 Ecclesia:
2464 5604 2853 5675 gubernatione
2877 5605 3134 5683 quidquid
3157 5613 3221 5668 ad
3252 5613 3485 5682 pastoris
3524 5612 3773 5671 cilicium

570 5747 593 5774 ⁸
616 5737 758 5807 Lege
789 5740 1158 5800 Praefationem
1188 5757 1422 5802 nostram
1448 5752 1511 5805 ad
1545 5752 1841 5823 Registrum
1881 5758 2049 5829 Epist.
2083 5762 2111 5832 θ
2141 5761 2226 5816 ll.
