3992 6300
213 317 313 372 993

691 318 748 374 S.
793 314 1120 373 GREGORII
1159 316 1368 373 MAGNI
1406 318 1586 383 VITA,
1634 317 1728 373 EX
1766 313 1926 371 EJUS
1965 314 2271 371 SCRIPTIS
2312 317 2705 377 ADORNATA.
2749 318 2875 375 LIB.
2917 320 2981 375 ΙΙ.

3349 322 3453 377 ἳῖῖιί

210 436 411 495 spectat
440 428 512 481 ob
536 428 721 481 oculos
743 425 962 479 haberet
989 439 1223 493 semper,
1257 433 1369 480 tum
1388 434 1448 480 ut
1463 427 1782 493 amicorum,
1812 431 1857 489 Α
1885 426 2076 479 οοηιὶω
2108 441 2365 485 consona.
2397 426 2614 484 Sciebat
2640 431 2779 485 enim
2796 430 2947 501 juxta
2967 441 3291 501 praeceptum
3312 435 3459 503 Apo-

211 519 505 588 przesertim
551 514 805 579 Joannis,
852 514 1180 570 Ravennatis
1224 518 1465 587 episcopi
1512 518 1777 585 querelis,

205 608 397 678 quibus
431 604 647 660 assidue
702 604 1041 673 pulsabatur,
1082 612 1307 674 propter
1355 604 1446 660 diu
1476 615 1780 661 recusatum

206 695 603 764 episcopatum,
629 693 998 763 responderet.
1041 693 1100 749 lu
1132 694 1239 749 hoc
1260 694 1405 749 enim
1432 710 1598 765 Opere
1626 696 1783 765 plane

207 800 387 851 aureo,
413 794 492 840 tot
514 794 767 853 tantaque
794 799 910 839 esse
935 784 1278 853 episcopatus
1300 798 1463 839 onera
1485 824 1501 849 ,
1532 786 1614 839 vel
1644 786 1779 839 vali-

207 878 437 933 dissimis
482 878 718 931 humeris
746 877 1035 947 plurimttm
1092 877 1422 931 formidanda
1461 875 1684 945 probat;
1718 882 1779 929 ut

207 966 380 1019 nullus
418 966 518 1019 nisi
566 965 761 1019 mentis
809 967 1013 1033 impos,
1045 964 1110 1017 ad
1152 965 1238 1017 illa
1284 964 1568 1017 attendens
1612 964 1778 1032 possit

205 1057 566 1125 episcopalem
611 1055 923 1124 dignitatem
954 1056 1185 1120 ambire,
1234 1063 1327 1108 aut
1355 1054 1514 1108 etiam
1544 1053 1779 1107 oblitam

205 1148 347 1201 ultro
393 1148 687 1215 suscipere.
742 1146 937 1201 Verum
976 1162 1096 1201 cum
1136 1161 1199 1200 ea
1224 1160 1343 1214 qua:
1387 1144 1453 1197 de
1500 1144 1603 1198 hoc
1645 1144 1781 1197 libro

202 1234 411 1305 pnefati
435 1252 618 1291 sumus
646 1236 778 1290 adiri
809 1235 962 1291 lacile
985 1236 1221 1304 possint,
1253 1234 1459 1289 caeteris
1489 1233 1586 1287 hac
1616 1233 1681 1286 de
1716 1247 1777 1287 re

201 1324 445 1381 dicendis
494 1340 633 1380 nunc
670 1324 1096 1393 supersedemus.
1146 1320 1412 1391 Optimum
1457 1336 1586 1375 vero
1632 1320 1776 1375 foret

201 1414 385 1481 ipsum
429 1414 745 1485 opusculum
775 1414 970 1482 smpius
1001 1414 1176 1481 legere
1196 1454 1211 1479 ,
1241 1419 1295 1465 et
1326 1410 1536 1466 assidue
1565 1418 1740 1465 terere
1762 1449 1778 1475 ,

199 1500 263 1554 ad
297 1517 535 1573 quaeque
574 1503 697 1557 vita:
736 1502 1051 1558 Christiana:
1096 1508 1392 1569 praecepta,
1421 1515 1649 1567 quorum
1694 1514 1781 1554 re-

198 1590 556 1650 fertissimum
603 1602 686 1649 est
733 1592 1170 1663 promptuarium,
1221 1590 1402 1644 animo
1448 1588 1778 1643 imbibenda.

197 1679 360 1735 Nunc
386 1682 655 1751 quomodo
691 1697 758 1735 ex
785 1680 1179 1750 perfectissimae
1220 1679 1376 1746 hujus
1413 1679 1611 1746 regulae
1648 1693 1787 1749 prte-

1884 513 2010 567 stoli
2035 512 2089 584 (1
2106 512 2237 567 Tim.
2260 531 2334 582 ni,
2365 515 2444 585 2),
2478 527 2722 572 ornatum
2740 518 2950 586 quidem
2980 533 3098 574 esse
3126 519 3321 574 debere
3349 522 3434 589 cpi

1882 618 2136 674 scopum,
2175 606 2269 659 sed
2308 606 2563 675 pudicitia
2584 647 2598 672 ,
2632 609 2861 664 candore
2888 625 3094 663 morum
3112 651 3128 677 ,
3157 611 3421 666 charitate
3442 605 3478 676 ,’

1882 694 2127 750 doctrina
2156 711 2169 747 :
2197 711 2446 765 pompam
2468 706 2669 764 autem,
2694 698 2897 760 luxum,
2923 700 3183 768 pretiosas
3203 709 3292 755 aut
3317 702 3455 756 mol-

1882 783 1961 838 les
1988 792 2198 851 vestes,
2226 786 2444 854 superbi
2470 787 2627 841 aulici
2647 826 2661 850 ,
2692 796 2783 840 aut
2810 788 2969 841 etiam
3000 788 3320 846 lascivientis
3348 805 3460 844 mu-

1881 872 2111 928 liercula:
2152 873 2377 942 insignia
2408 876 2586 943 potius
2617 891 2733 931 esse
2771 891 2931 944 quam
2978 878 3212 947 episcopi
3243 887 3298 933 et
3326 895 3459 949 apo-

1880 961 2141 1014 stolorum
2170 964 2523 1018 successoris.
2568 965 2721 1019 Dedit
2748 981 2971 1034 operam
3016 968 3067 1020 in
3106 966 3220 1036 ipso
3249 969 3461 1038 pontiﬁ«

1880 1059 2032 1105 catus
2060 1053 2305 1118 exordio,
2324 1062 2383 1108 ut
2402 1070 2578 1122 prava:
2603 1058 3023 1113 consuetudines
3041 1058 3462 1126 eliminarentur,

1880 1142 2113 1196 maxime
2131 1158 2260 1197 vero
2275 1158 2393 1211 qua:
2412 1142 2498 1197 vel
2527 1145 2790 1212 tantisper
2816 1147 3097 1200 simoniam
3127 1147 3460 1204 redolebant.

1883 1225 1990 1297 (Cf.
2011 1225 2172 1281 Joan.
2206 1226 2361 1280 Diae.
2389 1226 2478 1280 lib.
2509 1241 2567 1292 ll,
2594 1243 2648 1280 n.
2672 1227 2759 1292 Η,
2790 1238 2841 1283 et
2859 1229 3001 1299 seq.';
3033 1231 3125 1284 lib.
3154 1248 3232 1297 tv,
3265 1251 3309 1287 c.
3346 1234 3461 1303 80.)

1954 1338 2005 1390 4.
2048 1337 2161 1392 Mos
2186 1337 2253 1391 ad
2287 1337 2578 1407 superioris
2604 1336 2776 1391 aetatis
2796 1338 3077 1407 pontiﬁces
3125 1339 3461 1407 invaluerat,

1884 1437 1942 1484 ut
1979 1429 2047 1483 ad
2070 1429 2422 1485 ministerium
2449 1430 2679 1486 cubiculi
2705 1430 2788 1485 sui
2834 1429 2861 1468 δ
2884 1430 3049 1486 laicos
3075 1446 3273 1499 pueros
3304 1430 3458 1486 adhi-

1884 1519 2102 1585 berent;
2132 1534 2291 1589 quem
2315 1520 2604 1589 Gregorius
2628 1520 2875 1590 exemplo
2892 1536 2989 1575 suo
3012 1522 3157 1591 prius
3177 1520 3455 1591 improba-

1884 1608 1981 1669 vit.
2014 1617 2199 1678 postea
2229 1624 2357 1664 vero
2388 1611 2440 1664 in
2478 1611 2684 1680 synodo
2715 1610 2958 1666 Romana
2994 1612 3210 1680 publico
3243 1612 3460 1668 decreto

1885 1698 2190 1765 damnavit;
2218 1700 2479 1769 jussitque
2521 1710 2580 1755 ut
2620 1702 2806 1758 selecti
2836 1718 2903 1756 ex
2935 1704 3146 1758 clericis
3173 1712 3231 1759 et
3268 1719 3460 1759 mona-

199 1771 412 1840 scripto
441 1772 501 1825 S.
530 1771 817 1840 Gregorius
846 1778 958 1825 tum
986 1770 1181 1825 vixerit
1206 1778 1320 1825 tum
1350 1771 1553 1826 rexerit
1594 1769 1784 1827 Eccle-
1817 1790 1858 1846 ῃ
1888 1787 2001 1843 etiis
2048 1788 2114 1842 ad
2164 1790 2395 1843 cubiculi
2443 1789 2617 1843 orticia
2657 1807 2869 1846 summa
2919 1792 3158 1861 pontiﬁci
3195 1792 3461 1847 ministra-

200 1861 337 1916 siam
368 1861 774 1931 perspiciamus.

270 1971 333 2026 2.
376 1970 559 2026 Omnis
605 1974 839 2043 pontifex
871 1988 936 2027 ex
984 1972 1277 2027 hominibus
1320 1982 1646 2043 assumptus,
1692 1990 1786 2042 pro

204 2061 499 2117 hominibus
548 2064 879 2117 constituitur
906 2064 961 2117 in
1001 2064 1077 2117 his
1107 2080 1221 2135 qua:
1248 2064 1317 2116 ad
1366 2063 1529 2117 Deum
1556 2072 1704 2127 sunt,
1732 2072 1789 2117 ut

204 2153 395 2221 offerat
425 2153 562 2208 dona
589 2161 637 2207 et
665 2153 927 2223 sacriﬁcia
959 2152 1152 2224 (Hebr.
1184 2169 1236 2206 v.
1273 2150 1349 2223 1).
1385 2152 1541 2219 Quod
1585 2152 1785 2207 intelli-

204 2255 343 2309 gens
368 2241 426 2296 S.
459 2241 745 2311 Gregorius
771 2257 898 2296 mox
923 2251 982 2295 ut
1020 2242 1388 2311 pontiﬁcatum
1410 2240 1555 2304 iniit,
1603 2240 1671 2295 de
1697 2240 1786 2295 Li-

210 2331 385 2397 turgia
430 2330 696 2400 rebusque
743 2331 911 2387 sacris
956 2331 1058 2385 rite
1112 2329 1458 2400 disponendis
1511 2329 1783 2398 cogitavit.

204 2414 461 2474 Ordinem
493 2421 673 2490 itaque
702 2420 1000 2477 Romanum
1027 2435 1056 2475 a
1083 2418 1296 2475 Gelasio
1318 2418 1339 2472 Ι
1360 2419 1673 2489 quibusdam
1696 2427 1789 2474 aut

206 2507 500 2575 detractis,
533 2516 627 2563 aut
668 2508 885 2576 additis,
917 2517 1009 2564 aut
1034 2509 1348 2573 immutatis,
1380 2508 1589 2563 meliori
1618 2506 1788 2563 forma

206 2598 452 2653 donavit.
494 2599 696 2654 Canoni
728 2600 901 2655 missa:
931 2600 1159 2654 attexuit
1188 2617 1201 2653 :
1232 2600 1453 2669 Diesque
1494 2608 1696 2653 nostros
1734 2600 1788 2653 in

208 2695 293 2740 tua
324 2704 457 2756 pace
483 2690 748 2759 disponas,
796 2698 949 2760 atque
976 2690 1039 2743 ab
1080 2700 1273 2745 (eterna
1313 2690 1647 2745 damnatione
1694 2707 1789 2746 nos

207 2778 343 2848 eripi
364 2787 416 2831 et
442 2780 496 2831 in
531 2779 806 2833 electorum
838 2789 1041 2833 tuorum
1084 2778 1266 2850 jubeas
1313 2796 1465 2850 grege
1510 2782 1788 2834 numerari.

209 2866 281 2921 De
314 2867 642 2924 stationibus
670 2876 724 2923 et
752 2869 1185 2937 processionibus
1212 2868 1278 2922 ad
1308 2877 1619 2923 sanctorum
1647 2884 1791 2923 mar-

210 2968 388 3030 tyrum
412 2960 659 3015 basilicas
685 2969 739 3014 et
758 2959 1068 3015 ccemetcria
1096 2960 1165 3014 ab
1191 2959 1307 3028 ipso
1349 2958 1624 3022 institutis,
1656 2973 1787 3014 nec-

210 3062 319 3103 non
352 3048 424 3104 de
451 3050 731 3104 missarum
774 3048 1048 3103 solemniis
1069 3063 1231 3117 super
1258 3047 1538 3103 beatorum
1579 3055 1792 3117 aposto-

1886 1886 2008 1932 rent
2036 1896 2049 1931 :
2082 1878 2342 1933 Nimirum
2390 1889 2446 1933 ut
2475 1882 2518 1934 is
2538 1922 2552 1944 ,
2593 1882 2765 1950 inquit
2786 1881 2843 1937 S.
2875 1880 3184 1950 Gregorius,
3216 1884 3304 1954 qui
3348 1884 3461 1938 loco

1883 1977 1959 2021 est
1988 1970 2271 2039 regiminis,
2303 1970 2488 2025 habeat
2518 1981 2669 2025 testes
2713 1973 2876 2037 tales,
2924 1974 3008 2044 qui
3054 1976 3208 2027 vitam
3247 1975 3359 2044 ejus
3407 1975 3461 2027 in

1883 2067 2081 2111 secreta
2128 2061 2514 2113 conversatione
2553 2061 2795 2125 videant,
2847 2071 2896 2116 et
2934 2079 2999 2116 ea:
3048 2064 3241 2117 visione
3283 2064 3461 2117 sedula

1884 2147 2171 2216 exemplum
2196 2151 2457 2220 profectus
2486 2160 2714 2205 sumant.
2753 2152 2965 2207 Decreti
2987 2153 3143 2221 hujus
3174 2154 3225 2207 in
3256 2153 3461 2224 synodo

1887 2236 2012 2291 facti
2063 2238 2304 2292 meminit
2345 2237 2580 2294 Joannes
2620 2238 2887 2296 Diaconus
2913 2241 3003 2296 lib.
3027 2258 3086 2305 ιι,
3126 2258 3282 2312 capp.
3308 2243 3363 2306 5,
3389 2242 3449 2296 ll

1885 2326 2047 2382 etis.
2106 2329 2301 2397 Aitque
2343 2331 2738 2386 sanctissimum
2776 2347 2997 2402 papam,
3029 2335 3250 2390 remotis
3286 2350 3317 2387 a
3356 2349 3454 2388 suo

1885 2417 2129 2473 cubiculo
2158 2419 2531 2487 smcularihus,
2580 2422 2680 2477 sibi
2728 2423 3169 2491 prudentissimos
3198 2425 3451 2479 consilia-

1885 2509 1998 2565 rios
2043 2507 2439 2581 familiaresque
2496 2513 2888 2583 delegisse:ex
2953 2515 3161 2570 clericis
3208 2515 3460 2585 quidem,

1888 2598 2103 2653 Petrum
2126 2599 2801 2664 Diaconum,’A'3milianum
2821 2602 3117 2668 Notarium,
3152 2603 3419 2659 Paterium
3443 2644 3459 2669 ,

1888 2682 2147 2740 Joannem
2170 2686 2539 2755 defensorem;
2580 2705 2647 2743 ex
2678 2691 2955 2746 monachis
2987 2707 3149 2758 vero,
3179 2692 3460 2747 Maximia-

1890 2789 2049 2839 num,
2078 2775 2447 2843 Augustinum,
2479 2777 2759 2847 Mellitum,
2785 2779 3137 2835 Marinianum
3159 2821 3175 2847 ,
3206 2779 3460 2849 Probum,

1889 2861 2188 2918 Claudium.
2220 2864 2388 2920 Porro
2426 2866 2588 2937 224
2630 2868 2818 2936 quales
2843 2868 3040 2922 fuerint
3066 2868 3121 2923 lii
3150 2885 3300 2939 papa:
3325 2885 3460 2925 eon-

1892 2953 2152 3020 victores,
2177 2962 2233 3009 et
2248 2955 2442 3023 quibus
2468 2957 2783 3023 virtutibus,
2813 2958 3005 3027 quibus
3025 2959 3242 3025 studiis,
3274 2963 3465 3030 quibus

1891 3045 2107 3115 scriptis
2148 3048 2377 3114 gestisve
2421 3047 2654 3118 insignes
2709 3050 3004 3115 evaserint,
3045 3049 3220 3106 disces
3261 3060 3369 3107 tum
3396 3069 3462 3109 ex

210 3139 390 3193 lorum
422 3137 566 3195 Petri
612 3146 667 3194 et
707 3138 858 3192 Pauli
906 3152 1135 3206 corpora
1180 3135 1441 3191 celebrari
1483 3135 1683 3205 jussis,
1728 3134 1795 3191 de
1821 3138 1866 3201 ί]
1895 3131 2103 3190 Joanne
2151 3134 2408 3201 Diacouo,
2459 3137 2550 3193 lib.
2598 3153 2659 3201 ιι,
2689 3153 2740 3193 e.
2772 3138 2856 3203 ll,
2882 3146 2993 3193 tum
3029 3154 3094 3195 ex
3118 3140 3250 3195 intra
3278 3141 3465 3198 dicea-

212 3230 456 3298 plurimis
483 3230 693 3285 olivetis
710 3228 777 3284 ad
802 3229 1083 3284 basilicaru
1101 3244 1136 3280 ιι
1160 3226 1443 3281 luminaria
1465 3226 1738 3283 concessis
1757 3267 1776 3297 ,

213 3321 276 3373 de
304 3328 471 3374 aucto
500 3333 775 3375 sacrorum
822 3317 1188 3373 ministrorum
1209 3316 1299 3385 qui
1320 3315 1396 3369 in
1425 3315 1509 3370 liis
1556 3316 1792 3372 basilicis

215 3408 603 3464 tamularentur
632 3424 875 3472 numero,
905 3406 1266 3463 consulendus
1294 3413 1377 3460 est
1403 3404 1637 3461 Joannes
1656 3405 1784 3460 Dia-

215 3513 407 3553 conus.
444 3497 796 3555 Psalmodiam
840 3506 894 3554 et
922 3506 1134 3554 cautum
1164 3496 1609 3563 ecclesiasticum,
1640 3497 1787 3566 quod

217 3588 598 3658 ampliﬁcando
647 3589 827 3645 divino
852 3588 1019 3644 cultui
1040 3596 1095 3645 et
1119 3586 1357 3644 fovenda:
1389 3588 1442 3642 in
1491 3588 1793 3644 Christiana

219 3680 375 3748 plebe
395 3680 581 3750 pietati
602 3681 888 3751 plurimum
912 3678 1173 3744 conferat,
1206 3694 1272 3734 ex
1290 3679 1554 3747 gravioris
1577 3680 1795 3735 musicae

220 3773 418 3841 regulis
433 3772 500 3827 ad
528 3772 915 3828 accuratiorem
937 3771 1270 3826 harmoniam
1291 3778 1346 3825 et
1373 3770 1795 3826 modulationem

222 3864 522 3929 revocavit,
560 3865 800 3919 instituta
848 3872 1131 3919 cantorum
1176 3862 1391 3927 schola,
1443 3868 1499 3915 et
1545 3860 1795 3916 ordinato

221 3954 619 4023 antiphonaiio.
649 3954 847 4009 Verum
872 3954 939 4009 de
964 3954 1028 4008 iis
1055 3952 1273 4007 uberius
1301 3952 1354 4005 in
1382 3950 1794 4020 praefationibus

226 4044 289 4097 ad
316 4045 513 4099 librum
538 4043 1025 4111 Sacramentorum,
1054 4043 1519 4112 Antiphonarium,
1547 4051 1651 4097 etc.
1686 4041 1792 4114 (Cf.

223 4132 377 4187 Joan.
404 4133 560 4189 Diae.
588 4134 679 4189 lib.
704 4150 761 4201 ιι,
784 4151 839 4189 ιι.
860 4132 893 4188 6
919 4142 968 4189 et
995 4134 1086 4201 l7;
1120 4132 1259 4188 Beda
1279 4131 1369 4186 lib.
1394 4147 1428 4186 ll
1452 4129 1619 4198 llist.,
1644 4148 1693 4186 c.
1728 4132 1754 4185 1
1779 4148 1795 4197 ;

225 4222 365 4277 Ibid.
397 4240 444 4277 c.
467 4223 501 4278 9
521 4232 570 4277 et
591 4222 701 4294 20).

294 4331 347 4384 5.
388 4332 525 4386 Cum
554 4331 845 4401 Apostolus
882 4332 1031 4401 gravi
1060 4338 1213 4387 notet
1241 4344 1468 4386 censura
1514 4327 1798 4398 episcopos

224 4423 313 4490 qui
335 4423 517 4478 domui
545 4438 653 4478 suae
681 4438 909 4493 prteesse
936 4424 1198 4488 nesciunt,
1229 4422 1535 4490 inﬁdelique
1564 4420 1797 4477 deterio~

1894 3223 1993 3281 dis.
2018 3221 2095 3279 Ita
2124 3225 2415 3294 Gregorius
2428 3226 2681 3297 quidquid
2709 3227 2999 3293 statuebat,
3026 3230 3272 3299 exmplo
3295 3231 3463 3299 magis

1894 3328 2054 3384 quam
2082 3316 2404 3371 auctoritate
2430 3317 2799 3373 conﬁrmabat.

1963 3403 2097 3459 Cum
2125 3405 2208 3460 his
2250 3406 2410 3462 sociis
2438 3414 2490 3462 et
2512 3408 2962 3464 commilitonibus
2980 3408 3267 3478 Gregorius
3296 3410 3459 3464 vitam

1893 3510 2232 3555 communem
2254 3497 2475 3552 retinuit
2500 3512 2729 3567 semper,
2778 3498 2910 3552 nihil
2931 3498 2997 3553 de
3028 3502 3319 3555 monastica
3348 3515 3463 3569 per-

1893 3584 2123 3640 fectione
2152 3586 2359 3641 remisit
2382 3625 2396 3651 ,
2423 3586 2553 3641 nihil
2581 3595 2757 3640 tamen
2782 3587 3109 3658 omisitquod
3125 3589 3466 3657 adpontiticis

1894 3674 2128 3729 oflicium
2175 3690 2464 3745 curamque
2502 3677 2814 3745 pertineret.
2860 3677 3047 3744 Magna
3093 3678 3466 3733 sollicitudinis

1896 3764 2011 3833 ejus
2040 3781 2164 3835 pars
2189 3765 2287 3821 fuit
2322 3767 2375 3821 in
2398 3767 2777 3836 promovendis
2820 3766 3117 3821 litterarum
3162 3776 3217 3820 et
3240 3768 3466 3836 optima-

1897 3869 2013 3908 rum
2041 3855 2234 3910 artium
2251 3855 2459 3920 studiis,
2482 3869 2599 3923 qua:
2620 3855 2801 3908 Roma:
2819 3856 3133 3924 praesertim,
3158 3866 3213 3909 et
3241 3857 3470 3911 maxime

1898 3945 1951 3999 in
1972 3960 2122 4015 papae
2149 3946 2365 4014 palatio,
2392 3944 2646 4001 rellorere
2675 3947 2784 4001 visa
2812 3954 2954 4011 sunt,
2980 3960 3097 4000 eum
3122 3948 3385 4002 neminem
3415 3948 3467 4002 in

1898 4032 2213 4089 famulitium
2242 4037 2501 4105 reciperet
2522 4044 2613 4090 aut
2638 4036 2691 4090 in
2713 4035 3019 4091 sodalitium
3050 4036 3150 4091 nisi
3171 4051 3330 4106 quem
3358 4038 3468 4093 sin-

1898 4125 2096 4192 gularis
2118 4124 2238 4178 vita:
2259 4124 2611 4179 sanctimonia
2640 4124 2724 4179 vel
2755 4124 2979 4193 alicujus
2998 4125 3126 4189 artis
3147 4141 3214 4181 ex
3244 4126 3468 4182 liberali-

1899 4211 1997 4266 bus
2017 4228 2123 4266 non
2155 4212 2436 4267 mediocris
2465 4212 2655 4282 peritia
2702 4212 3121 4271 commendaret.
3176 4214 3280 4287 (Cf.
3302 4214 3468 4279 Joan.

1899 4300 2050 4355 Diae.
2076 4301 2113 4355 ι.
2138 4317 2193 4365 ιι,
2226 4319 2279 4355 n.
2310 4300 2421 4369 12.)

1972 4411 2024 4466 5.
2065 4412 2381 4482 Peregrinos
2410 4421 2588 4467 tamen
2614 4420 2671 4467 et
2710 4426 2971 4483 pauperes
2989 4412 3220 4483 hospitio
3244 4415 3470 4484 excipie-

227 4514 559 4595 renjjudieet
585 4529 707 4569 eum
727 4514 818 4584 qui
838 4530 1019 4570 curam
1048 4530 1267 4569 suorum
1289 4529 1397 4568 non
1422 4512 1603 4577 habet,
1621 4511 1795 4566 maxi-
1823 4503 1870 4564 Ι)
1896 4506 1989 4562 bat
2011 4505 2174 4577 (quod
2200 4505 2362 4560 etiam
2393 4512 2450 4559 ut
2482 4505 2659 4560 caeteri
2691 4512 3007 4575 praestarent
3038 4517 3060 4545 ε
3090 4506 3326 4575 episcopi
3356 4522 3471 4560 ma-

226 4619 312 4658 nte
333 4604 748 4661 domesticorum
776 4603 844 4674 (1
866 4603 997 4658 Tim.
1020 4606 1107 4672 ιιι)
1133 4644 1149 4670 ,
1175 4602 1463 4671 Gregorius
1501 4602 1553 4655 in
1601 4613 1794 4670 regen-

226 4693 292 4747 da
335 4695 495 4751 domo
538 4695 843 4765 familiaque
885 4710 981 4750 sua
1020 4695 1341 4767 praecipuam
1381 4693 1562 4749 statim
1610 4708 1792 4748 curam

226 4786 496 4852 adhibuit,
529 4794 586 4841 et
620 4788 784 4841 vitam
814 4786 886 4841 ita
933 4801 1084 4841 suam
1111 4784 1413 4854 composuit
1445 4792 1503 4837 ut
1549 4784 1794 4838 omnibus

225 4875 526 4944 exemplum
555 4889 615 4930 se
643 4875 905 4944 prmberet
925 4875 1186 4930 bonorum
1210 4887 1432 4943 operum
1464 4880 1519 4927 et
1539 4886 1795 4940 quarum-

226 4965 357 5019 libet
378 4967 651 5020 virtutum.
686 4966 815 5021 Vilis
839 4973 955 5020 erat
1001 4964 1116 5033 ejus
1158 4964 1429 5033 supellex,
1477 4964 1793 5018 vestimenta

224 5053 380 5121 juxta
427 5057 829 5111 l'monasticam
874 5071 1117 5111 normam
1164 5054 1424 5125 simplicia
1454 5063 1510 5109 et
1556 5053 1794 5119 inculta;

227 5146 549 5209 pontiﬁcalia
575 5161 809 5216 quoque,
831 5148 1021 5217 quibus
1045 5161 1160 5202 rem
1187 5161 1394 5202 sacram
1416 5146 1652 5201 facturus
1680 5152 1801 5200 ute-

228 5237 407 5300 batur,
435 5238 778 5305 indumenta,
821 5237 1100 5294 modestia:
1122 5237 1310 5304 potius
1358 5251 1520 5303 quam
1558 5234 1801 5303 magniﬁ-

299 5406 325 5433 ι
356 5396 487 5453 Vide
533 5397 732 5451 Mabill.
765 5396 971 5452 Praefat.
1019 5397 1084 5451 ad
1124 5397 1377 5451 saeculum
1407 5412 1459 5450 tv
1488 5395 1794 5459 BenedicL,

232 5474 385 5533 χιιι-ιθ
407 5482 459 5533 ιι,
478 5481 599 5542 pag.
634 5467 724 5535 93,
746 5467 834 5521 ubi
861 5466 1056 5542 probat
1083 5467 1388 5542 episcopos,
1412 5473 1467 5519 et
1490 5465 1633 5534 ipsos
1652 5477 1799 5542 sum-

264 5551 349 5588 ios
377 5534 651 5601 pontiﬁces
687 5551 754 5591 ex
781 5534 1058 5591 monachis
1085 5534 1283 5602 laetos,
1308 5542 1492 5591 vestes
1533 5534 1797 5589 monasti-

227 5618 320 5672 cas
350 5606 476 5658 olim
504 5619 774 5672 nunquam
801 5605 1083 5660 dimisisse.

300 5670 329 5709 δ
356 5674 553 5728 Contra
589 5670 795 5729 morem
845 5674 985 5728 hunc
1025 5672 1245 5741 pulchre
1274 5671 1578 5727 Bernartius
1621 5671 1712 5726 lib.
1746 5686 1797 5725 ιν

235 5738 302 5796 de
348 5741 646 5807 Consider..
672 5759 720 5799 c.
752 5747 807 5810 ﬁ,
838 5743 903 5800 ad
926 5738 1219 5811 Eugenium
1252 5760 1267 5797 :
1300 5741 1519 5797 Discant
1558 5760 1588 5794 α
1620 5751 1667 5795 te
1712 5757 1797 5796 co-

1897 4612 2004 4668 gno
2022 4597 2197 4655 studio
2217 4597 2450 4666 curavit)
2492 4604 2548 4650 et
2574 4595 2642 4650 ad
2666 4611 2906 4651 mensam
2938 4612 3044 4650 non
3072 4595 3236 4651 modo
3283 4598 3472 4651 invita-

1896 4689 2007 4753 bat,
2040 4688 2133 4743 sed
2169 4687 2412 4756 cogebat.
2463 4686 2697 4743 Etl‘usam
2744 4687 2797 4741 in
2847 4700 3047 4755 egenos
3092 4685 3462 4740 liberalitatem

1898 4777 2179 4834 condiehat
2210 4778 2342 4832 mira
2389 4776 2634 4845 qutedam
2662 4774 2949 4833 aﬁabilitas
2998 4787 3103 4842 qua
3155 4774 3299 4843 ipsos
3327 4788 3471 4828 com-

1898 4868 2149 4939 pellabat,
2181 4868 2414 4922 maxime
2456 4882 2634 4930 senes,
2676 4867 2893 4921 honoris
2911 4880 3071 4921 causa
3121 4861 3147 4900 δ
3177 4871 3356 4932 patres
3380 4877 3473 4919 eos

1900 4974 2147 5013 vocans:
2204 4966 2367 5027 utque
2414 4957 2590 5027 inopia
2636 4956 2942 5010 laborantes
2969 4954 3116 5008 omni
3153 4951 3472 5007 verecundia

1904 5049 2016 5102 sive
2056 5047 2110 5101 in
2152 5046 2383 5116 petendo
2412 5046 2527 5100 sive
2555 5045 2607 5101 in
2629 5043 2941 5113 accipiendo
2970 5043 3251 5107 liberaret,
3297 5041 3473 5095 dicere

1905 5139 2112 5194 solebat
2138 5152 2247 5192 non
2277 5152 2307 5190 a
2333 5150 2393 5193 se
2446 5136 2539 5191 sed
2590 5150 2620 5189 a
2649 5143 2838 5189 sancto
2866 5130 3027 5191 Petro
3055 5132 3189 5197 dari,
3216 5146 3335 5200 qua:
3366 5139 3473 5185 tam

1906 5230 2110 5285 liberali
2135 5244 2293 5282 manu
2324 5226 2710 5297 profundebat;
2756 5224 2899 5294 quod
2947 5238 3015 5280 ex
3075 5222 3318 5293 plurimis
3357 5221 3476 5290 ejus

1902 5389 2125 5459 episcopi
2148 5388 2516 5459 tuicomatulos
2539 5399 2719 5459 pueros
2740 5390 2789 5459 et
2808 5390 2999 5459 comta!
3018 5380 3364 5459 adolescentes
3389 5394 3475 5459 se-

1902 5450 2014 5511 cum
2035 5450 2135 5513 non
2149 5457 2352 5510 habere.
2378 5454 2525 5507 Certe
2540 5450 2672 5507 inter
2692 5455 2926 5506 mitratos
2948 5452 3236 5507 discurrere
3259 5450 3474 5504 ωιευιίο

1902 5538 2089 5582 stratos
2110 5546 2213 5583 non
2236 5526 2398 5581 decet.

1981 5608 2001 5633 η
2045 5595 2170 5650 Vide
2201 5598 2292 5652 lib.
2327 5609 2399 5659 ιιι,
2431 5608 2519 5660 ep.
2547 5592 2638 5647 55.

1976 5663 2000 5702 ἀ
2043 5663 2228 5733 Quzeso
2256 5674 2329 5731 te,
2382 5664 2560 5729 Pater,
2614 5677 2740 5733 num
2770 5662 3118 5719 Fortunatam
3161 5661 3470 5733 episcopum

1910 5735 2083 5793 nosti?
2105 5732 2240 5805 (Lib.
2272 5751 2308 5802 ι,
2337 5735 2542 5807 Dialoq.
2573 5750 2619 5787 ε.
2652 5732 2761 5800 ω.)
