3992 6304
579 273 681 329 295

1063 269 1122 327 S.
1161 267 1494 326 GREGORII
1533 265 1749 322 MAGNI
1792 264 1975 332 VITA,
2021 264 2113 319 EX
2159 262 2321 321 EJUS
2358 263 2665 324 SCRIPTIS
2705 269 3102 327 ADORNATA.
3143 269 3273 327 LIB.
3316 271 3380 329 ll.

3739 280 3838 340 296

576 396 601 424 ι
629 384 869 458 epistolis
894 384 1028 441 infra
1054 383 1396 439 recensendis
1423 379 1646 450 patebit.
1679 377 1757 432 Ea
1782 377 2039 434 comitate
2061 390 2159 445 po-
2185 376 2235 435 Δ
2263 374 2474 432 siss'me
2501 379 2610 448 agit
2639 387 2749 434 tota
2777 381 2937 437 tertia
2955 391 3109 450 parte
3137 382 3258 439 libri
3281 383 3502 454 Regulae
3531 384 3836 458 Pastoralis,

577 477 839 532 tissimum
871 475 1119 529 utebatur
1167 486 1293 540 erga
1323 469 1528 526 nobiles
1564 467 1712 522 viros
1758 474 1851 521 aut
1878 473 2152 520 matronas

576 585 712 640 quos
740 568 807 623 ad
837 567 1070 636 impiam
1100 563 1346 618 redactos
1375 567 1631 623 noverat,
1683 573 1752 612 ne
1792 556 1921 612 dum
1964 570 2153 610 eorum

577 659 881 715 sublevaret
929 661 1223 722 egestatem
1275 648 1494 704 eosdem
1542 647 1748 718 pudore
1798 646 2150 702 suilunderet.

576 750 926 806 Monasticam
983 746 1144 797 vitam
1183 739 1512 796 sectantibus
1566 739 1746 793 omnia
1797 736 1861 792 ad
1909 745 2153 806 sumptus

577 838 876 903 necessaria
923 836 976 889 in
1021 833 1207 903 primis
1261 832 1470 898 erogari
1526 830 1769 897 curabat,
1822 837 1882 883 ut
1915 828 2154 882 liberiori

575 899 755 986 mente
784 928 892 980 Deo
919 899 1187 993 rebusque
1216 923 1408 976 divinis
1437 928 1716 977 vacarent.
1757 919 1812 973 ln
1834 919 2152 990 perquiren-

573 1025 656 1078 dis
696 1031 751 1076 et
791 1017 1187 1089 quodammodo
1231 1015 1488 1069 venandis
1540 1013 1862 1083 pauperibus
1887 1011 2149 1075 assiduus,

573 1116 806 1171 latebras
835 1127 1024 1168 omnes
1044 1109 1394 1178 explorabat;
1419 1107 1731 1161 obscuriora
1755 1120 1978 1175 qumque
2009 1111 2152 1159 tecta

573 1208 625 1263 in
648 1204 841 1275 quibus
863 1211 1137 1270 tamquam
1163 1198 1356 1268 sepulti
1383 1197 1638 1266 jacebant
1666 1196 2043 1260 scrutabatur;
2099 1204 2154 1248 et

571 1299 615 1352 si
646 1310 782 1366 quos
803 1291 1117 1355 offenderet,
1173 1305 1403 1359 quo-rum
1461 1304 1523 1342 os
1573 1297 1748 1341 metus
1776 1286 2061 1355 pressisset
2090 1300 2153 1340 ac

574 1386 915 1450 verecundia,
963 1397 1057 1438 eos
1085 1381 1230 1436 serio
1269 1378 1578 1448 increpabat
1619 1376 1760 1446 quod
1792 1376 1892 1429 sibi
1944 1373 2151 1429 benefi-

573 1480 763 1536 centite
784 1475 1125 1532 occasionem
1172 1470 1504 1524 invidissem.
1551 1465 1923 1535 Amplissimos
1952 1477 2151 1531 egeno-

573 1587 688 1626 rum
715 1568 1008 1632 catalogos,
1058 1561 1232 1616 dictos
1279 1559 1406 1612 olim
1456 1556 1482 1595 δ
1531 1556 1853 1620 matriculas,
1901 1552 2045 1622 apud
2093 1567 2152 1607 se

571 1662 820 1722 habebat,
870 1655 1062 1725 quibus
1090 1649 1513 1718 abundeomnia
1541 1645 1921 1718 suppeditabat
1962 1659 2150 1702 ncces-

567 1751 730 1806 saria.
1352 1832 1367 1841 .
2000 1829 2030 1841 ,Α
2081 1828 2112 1841 Δ,

636 1844 690 1898 6.
730 1842 848 1908 Quo
870 1837 1062 1906 majori
1101 1832 1462 1889 sollicitudine
1486 1845 1780 1902 pauperum
1807 1832 2146 1885 necessitati-

569 1935 664 1992 bus
689 1941 782 1987 aut
829 1927 1124 1985 commodis
1153 1924 1506 1996 prospiceret,
1552 1922 1732 1978 omnia
1769 1920 2026 1976 Ecclesiae
2053 1935 2149 1990 pa—

568 2022 838 2082 trimonia,
866 2033 985 2087 qua:
1012 2017 1065 2071 in
1097 2026 1212 2070 toto
1243 2015 1373 2068 orbe
1395 2012 1702 2067 Christiano
1718 2010 1946 2080 plurima
1971 2019 2145 2073 erant,

564 2114 692 2169 solis
717 2109 926 2166 clericis
964 2104 1298 2176 procuranda
1328 2113 1385 2158 et
1411 2101 1833 2158 administranda
1869 2116 2147 2157 commen-

566 2204 729 2257 davit.
759 2201 892 2256 Cum
931 2198 1072 2252 enim
1095 2195 1212 2250 sine
1241 2193 1426 2248 liberis
1451 2197 1653 2255 essent,
1695 2191 1929 2246 futurum
1960 2205 2148 2260 spera-

566 2292 650 2347 bit
680 2302 737 2346 ut
763 2302 1026 2360 pauperes
1074 2287 1126 2340 in
1169 2285 1306 2339 tilios
1335 2284 1654 2353 adaptareot
1697 2291 1754 2337 et
1789 2283 2145 2350 susciperent.

559 2385 620 2440 Si
657 2384 749 2451 qui
805 2389 982 2434 autem
1033 2377 1249 2448 parcius
1293 2375 1664 2444 eleemosynas
1709 2380 2016 2441 crogarent,
2056 2386 2150 2428 eos

564 2473 758 2530 acriori
789 2486 1014 2527 censura
1033 2477 1088 2523 et
1109 2466 1344 2523 vindicta
1371 2481 1534 2536 quam
1559 2464 1604 2519 si
1630 2463 1981 2520 ecclesiastici
2001 2462 2148 2520 fundi

557 2564 957 2635 depraedatores
1010 2557 1238 2614 fuissent
1259 2600 1274 2623 ,
1353 2555 1571 2611 allicere
1617 2562 1992 2611 consueverat.
2039 2554 2144 2628 (Cf.

560 2656 720 2712 Joan.
752 2655 903 2710 Diae.
927 2654 963 2708 ι.
997 2669 1052 2716 ιι,
1084 2667 1132 2706 c.
1161 2648 1276 2719 15.)

632 2747 766 2800 Cum
793 2745 972 2814 itaque
995 2742 1119 2797 laici
1148 2753 1364 2796 omnem
1385 2739 1488 2795 sibi
1512 2739 1712 2794 aditum
1730 2739 1799 2795 ad
1826 2740 2148 2809 patrimonia

565 2843 615 2890 et
645 2827 821 2889 otticia
855 2829 1219 2887 ecclesiastica
1247 2829 1505 2899 praecludi
1557 2830 1966 2900 sapientissimis
2015 2829 2148 2885 Grc-

565 2924 693 2992 ;orii
722 2922 951 2978 decretis
975 2921 1203 2976 moleste
1229 2918 1456 2985 ferrent,
1481 2920 1535 2974 in
1559 2919 1934 2976 haereditatem
1950 2919 2147 2977 Christi

564 3015 788 3071 subdole
813 3015 1050 3082 irrepere
1080 3019 1376 3080 tentarunt,
1409 3019 1467 3068 et
1509 3027 1582 3067 ex
1607 3013 1956 3082 optimatibus
1985 3014 2145 3067 etiam

2258 466 2495 521 omnium
2522 469 2869 539 amplissima.
2919 471 3056 527 Huic
3081 473 3265 544 itaque
3306 490 3376 529 ne
3396 476 3633 543 deesset,
3664 494 3839 548 quam-

2255 555 2346 610 diu
2372 573 2469 627 per
2495 560 2636 615 vires
2673 562 2918 632 corporis
2967 564 3135 631 licuit,
3191 564 3482 636 Evangelia
3523 576 3579 621 et
3621 571 3839 629 selectos

2254 647 2514 712 quosdam
2551 665 2720 706 sacras
2764 651 3056 722 Scripturaa
3108 654 3274 710 libros
3320 655 3375 709 in
3433 657 3653 727 publico
3706 672 3837 717 ecetu

2254 740 2535 807 exposuit;
2561 749 2933 798 antecessores
2953 759 3078 799 suos
3113 745 3421 811 aenmlatus,
3455 758 3475 784 ο
3499 748 3695 817 quibus
3719 753 3838 806 nihil

2254 830 2524 897 antiquius
2581 840 2698 886 erat
2727 847 2888 900 quam
2946 835 3020 887 uti
3079 839 3348 906 exemplo,
3404 838 3475 890 ita
3507 839 3675 894 verbo
3703 847 3838 911 gregi

2254 934 2352 973 suo
2377 921 2650 989 prodesse.
2697 923 2776 977 Ex
2819 925 2936 992 ejus
2961 935 3146 980 autem
3188 928 3423 984 homiliis
3452 930 3629 987 adlmc
3657 950 3838 1004 super-

2253 1021 2531 1080 suntquas
2562 1015 2614 1067 in
2655 1016 2834 1071 varias
2879 1015 3153 1085 Evangelii
3183 1021 3346 1075 certis
3398 1024 3523 1076 anni
3554 1024 3840 1086 Dominicis

2254 1107 2443 1161 diebus
2473 1115 2566 1161 aut
2593 1108 3021 1165 solemnitatibus
3063 1114 3364 1182 assignatas
3391 1115 3656 1174 lectiones
3685 1135 3838 1188 pero-

2253 1199 2414 1266 ravit,
2463 1208 2518 1254 et
2562 1215 2681 1269 qua:
2711 1201 2765 1255 in
2821 1201 3158 1258 Ezechielem
3208 1208 3526 1276 prophetam
3574 1221 3699 1266 sunt
3751 1214 3839 1270 ba-

2254 1287 2394 1342 bitas.

2324 1379 2377 1431 8.
2419 1378 2443 1415 ά
2485 1378 2541 1434 lu
2570 1381 2652 1436 his
2692 1382 2822 1437 nihil
2861 1383 3094 1452 mollius,
3121 1387 3252 1442 nihil
3274 1391 3546 1460 comptius
3577 1396 3836 1459 occurrit;

2253 1471 2346 1524 sed
2369 1487 2498 1541 pura
2526 1483 2576 1527 et
2607 1482 2776 1539 easta,
2811 1477 2927 1530 sine
2955 1476 3099 1545 fuco,
3127 1479 3243 1534 sine
3271 1480 3562 1551 lenocinio,
3588 1484 3705 1539 tluit
3731 1488 3839 1541 elo-

2252 1563 2487 1629 quentia.
2523 1561 2828 1620 Ponderosa
2860 1566 3044 1632 verba,
3076 1569 3349 1636 graviores
3377 1575 3681 1639 sententias,
3715 1592 3840 1645 qua-

2257 1653 2334 1706 les
2354 1661 2407 1706 et
2435 1653 2726 1725 Scriptura:
2748 1665 2946 1711 sanctae
2976 1658 3266 1728 majestati,
3292 1669 3344 1714 et
3376 1664 3507 1716 tanti
3549 1667 3838 1723 sacerdotis

2183 1747 2230 1805 B
2257 1744 2499 1812 dignitati
2555 1747 2937 1814 convenirent;
2990 1764 3185 1819 magno
3226 1768 3345 1807 eum
3385 1754 3598 1810 delectu
3646 1757 3836 1814 inserta

2251 1852 2320 1892 ex
2342 1836 2532 1893 divinis
2562 1839 2710 1893 libris
2751 1841 3078 1910 testimonia,
3106 1859 3210 1898 non
3241 1860 3339 1915 per
3370 1846 3475 1900 vim
3500 1855 3698 1916 tracta,
3753 1855 3836 1907 sed

2250 1929 2403 1996 quasi
2432 1938 2626 1998 sponte
2664 1930 2912 1990 adlucta.
2939 1931 3065 1988 llaec
3084 1944 3210 1988 sunt
3232 1949 3350 2002 qua:
3371 1936 3618 1996 laudatas
3672 1940 3837 1996 homi-

2252 2019 2348 2073 lias
2377 2021 2607 2076 maxime
2633 2023 3032 2078 commendant.
3080 2023 3157 2080 Ex
3182 2028 3348 2096 priori
3379 2037 3556 2084 autem
3590 2032 3647 2086 in
3677 2031 3836 2088 Evan-

2250 2113 2426 2180 gelia,
2473 2129 2674 2183 paucas
2738 2115 3002 2170 duntaxat
3075 2120 3370 2175 sententias
3431 2121 3836 2194 decerpsimus,

2254 2202 2464 2271 hocque
2512 2203 2632 2259 loco
2680 2205 3040 2274 subjiciendas
3092 2208 3145 2262 in
3197 2219 3509 2266 ceterarum
3566 2217 3835 2282 specim-z-n

2250 2293 2520 2349 duximus.
2575 2295 2864 2366 Exponens
2888 2299 3067 2368 itaque
3095 2311 3314 2357 sanctus
3344 2305 3536 2360 doctor
3559 2307 3646 2361 illa
3679 2311 3836 2363 verba

2253 2383 2382 2439 Luc.
2413 2400 2544 2439 ut:
2601 2385 2702 2440 His
2745 2395 2916 2442 autem
2959 2390 3075 2459 ﬁeri
3113 2392 3490 2462 incipientibus,
3526 2399 3770 2467 respicite
3793 2410 3837 2454 et

2248 2475 2413 2530 levate
2455 2478 2628 2546 capita
2683 2487 2891 2544 vestra,
2940 2481 3008 2534 ad
3059 2480 3383 2550 diligendum
3437 2487 3837 2559 Optandttmquc

2251 2567 2449 2624 Christi
2495 2569 2806 2636 adventum,
2855 2586 2918 2626 ac
2944 2582 3173 2628 mortem
3204 2592 3311 2630 non
3344 2575 3738 2634 formidandam
3770 2583 3837 2638 ita

2249 2675 2349 2714 nos
2385 2660 2701 2715 adhortatur
2734 2679 2746 2714 :
2803 2660 2902 2726 Qui
2943 2663 3110 2719 Deum
3143 2666 3391 2738 diligunt,
3433 2686 3500 2723 ea:
3528 2673 3715 2725 mundi
3739 2672 3840 2744 ﬁne

2250 2753 2474 2823 gaudere
2505 2763 2656 2824 atque
2685 2754 2988 2809 Irilarescere
3009 2755 3259 2826 jubentur
3282 2776 3299 2813 :
3324 2762 3444 2831 quia
3465 2761 3702 2816 videlicet
3729 2781 3836 2819 eum

2248 2861 2395 2915 quem
2417 2856 2594 2898 amant
2622 2863 2745 2900 moa'
2773 2848 3059 2916 inveniunt,
3115 2850 3235 2904 dum
3268 2855 3454 2908 transit
3481 2857 3527 2909 is
3556 2875 3709 2928 quem
3741 2875 3823 2912 nor

2250 2945 2572 2990 amaverunt.
2608 2937 2756 2992 Absit
2786 2941 2923 2992 enim
2957 2951 3012 2993 ut
3032 2941 3203 3011 ﬁdelis
3226 2945 3434 3016 quisque
3461 2949 3546 3014 qui
3571 2947 3744 3003 Deum
3772 2953 3816 3004 ri

2249 3026 2370 3080 dere
2398 3027 2679 3092 desiderat,
2711 3029 2774 3082 de
2799 3032 2976 3083 mundi
3007 3035 3419 3101 percussionibus
3449 3037 3659 3108 lugeat,
3691 3059 3818 3112 quer

565 3107 800 3162 nonnulli
825 3105 1060 3162 clericali
1084 3106 1288 3160 militia:
1315 3118 1411 3174 per
1439 3111 1714 3161 tonsuram
1736 3104 1963 3158 adscribi
1989 3119 2145 3158 Cllm-
2172 3122 2219 3187 (ζ
2248 3117 2396 3186 ﬁniri
2416 3118 2607 3171 eisdem
2633 3120 2742 3173 suis
2760 3121 3173 3190 percussionibus
3195 3140 3295 3178 non
3320 3125 3543 3195 ignorat.
3574 3128 3839 3199 Scriptum

565 3206 722 3265 runt;
769 3205 826 3251 at
872 3211 1062 3251 eorum
1115 3194 1252 3250 fictae
1292 3194 1634 3250 conversioni
1663 3194 1878 3264 sapiens
1906 3194 2142 3263 pontifex

565 3302 700 3342 nova
729 3284 990 3355 oppOsuit'
1005 3284 1240 3349 decreta,
1269 3285 1461 3353 quibus
1483 3292 1700 3338 cautum
1730 3291 1849 3338 erat
1877 3293 1936 3338 ut
1961 3287 2047 3355 qui
2075 3285 2146 3338 ad

564 3377 822 3431 seruitium
859 3372 958 3428 Dei
984 3376 1204 3428 converti
1234 3373 1610 3435 desiderarent,
1635 3373 1975 3445 probarentur
2001 3378 2146 3447 prius

562 3469 614 3521 in
638 3467 772 3522 laico
801 3463 996 3530 habitu,
1043 3465 1231 3519 deinde
1259 3467 1450 3520 servire
1473 3465 1577 3522 Deo
1602 3467 1658 3521 in
1677 3470 1995 3523 monasterio
2023 3487 2144 3540 per-

563 3560 904 3612 mitterentur.
961 3555 1253 3625 Postquam
1297 3572 1428 3611 vero
1476 3559 1529 3611 in
1584 3558 1886 3614 monastico
1955 3559 2139 3635 habitu

563 3646 784 3700 fuissent
821 3646 1122 3707 exercitati,
1156 3655 1211 3700 et
1240 3655 1356 3716 post
1400 3648 1620 3718 prce/im
1668 3651 1832 3704 sacris
1861 3652 2143 3706 canonibus

561 3745 812 3806 tempora,
862 3733 930 3788 ad
956 3735 1234 3803 quodlibet
1259 3735 1680 3793 ecclesiasticum
1732 3739 1966 3795 ollieium
1997 3741 2144 3798 licite

560 3831 998 3900 proveherentur.
1057 3829 1324 3887 Caeterum
1352 3832 1531 3887 aiebat
1557 3849 1680 3888 eum
1708 3837 1799 3906 qui
1828 3838 2142 3895 saecularem

557 3920 798 3975 habitum
829 3919 1086 3976 deserens
1108 3921 1175 3976 ad
1203 3923 1563 3979 ecclesiastica
1585 3925 1760 3980 oflicia
1789 3928 1974 3983 venire
1994 3929 2144 3984 testi-

558 4018 732 4078 naret,
782 4026 896 4066 non
942 4011 1252 4081 relinquere
1289 4014 1543 4070 saeculum
1597 4017 1692 4071 sed
1739 4025 1969 4074 mutare.
2030 4020 2140 4093 (Cf.

558 4099 714 4156 Joan.
745 4103 782 4156 ι.
813 4118 870 4167 n,
902 4119 950 4156 c.
979 4101 1092 4171 16.)

631 4192 684 4246 7.
725 4193 802 4246 De
821 4193 1086 4262 spirituali
1107 4193 1230 4249 cibo
1255 4209 1362 4248 non
1393 4195 1569 4251 minus
1597 4211 1760 4266 quam
1789 4199 1856 4254 de
1873 4202 2140 4273 corporali

561 4281 685 4336 ﬁliis
712 4282 822 4336 suis
861 4281 1217 4338 ministrando
1257 4298 1472 4355 semper
1498 4287 1761 4344 sollicitus
1790 4289 1888 4345 fuit
1907 4293 2141 4362 optimus

556 4379 767 4442 pastor.
791 4370 933 4425 Sane
959 4370 1100 4424 inter
1129 4374 1395 4445 praecipua
1425 4377 1664 4446 episcopi
1702 4395 1924 4438 munera
1944 4387 2138 4442 merito

2250 3228 2470 3282 namque
2497 3222 2572 3266 est
2602 3229 2620 3266 :
2680 3212 2992 3283 Quicumque
3020 3215 3234 3268 coluerit
3278 3218 3471 3271 amicus
3498 3235 3611 3273 esse
3661 3224 3840 3276 seaculi

2251 3301 2422 3372 hujus,
2465 3303 2706 3357 inimicus
2753 3302 2852 3355 Dei
2881 3305 3212 3371 cpnstituitur
3264 3304 3465 3377 (Jacob.
3495 3325 3568 3377 IV,
3599 3310 3680 3380 4).
3745 3311 3840 3376 Qui

2247 3409 2369 3462 ergo
2396 3396 2840 3465 appropinquante
2865 3395 3040 3448 mundi
3068 3397 3176 3465 ﬁne
3203 3413 3306 3452 non
3334 3400 3559 3470 gaudet,
3614 3405 3842 3459 amicum

2248 3501 2302 3538 se
2321 3485 2463 3539 illius
2493 3501 2602 3540 esse
2647 3495 2883 3551 testatur,
2914 3496 3064 3558 atque
3091 3505 3182 3560 per
3210 3489 3305 3542 hoc
3334 3492 3568 3547 inimicus
3601 3493 3703 3548 Dei
3735 3514 3842 3550 esse

2247 3578 2587 3630 convincitur.
2617 3576 2722 3636 Sed
2749 3575 2881 3630 absit
2904 3577 2997 3632 hoc
3023 3596 3054 3632 a
3106 3579 3335 3648 ﬁdelium
3392 3583 3653 3649 cordibus,
3709 3585 3842 3639 absit

2248 3667 2311 3720 ab
2343 3668 2421 3721 liis
2450 3667 2536 3739 qui
2565 3675 2613 3721 et
2640 3683 2751 3722 esse
2791 3669 2950 3723 aliam
3004 3671 3160 3724 vitam
3202 3689 3294 3740 per
3322 3673 3480 3742 ﬁdem
3508 3675 3754 3745 credunt,
3794 3687 3840 3732 et

2246 3773 2360 3810 eam
2389 3773 2480 3828 per
2507 3758 2853 3827 operationem
2882 3759 3123 3830 diligunt.
3156 3759 3242 3814 Ea:
3270 3762 3451 3815 mundi
3479 3766 3618 3818 enim
3641 3767 3842 3821 destru-

2246 3846 2414 3900 ctione
2462 3846 2650 3916 lugere,
2705 3863 2878 3902 eorum
2910 3858 2986 3903 est
3023 3851 3107 3921 qui
3151 3849 3353 3904 radices
3405 3855 3576 3908 cordis
3619 3857 3674 3909 in
3727 3859 3839 3928 ejus

2246 3953 2422 3992 antore
2446 3937 2824 4006 plantaverunt,
2844 3943 2927 4012 qui
2942 3953 3230 4013 sequentem
3255 3946 3410 4001 uitam
3442 3963 3544 3999 non
3572 3959 3838 4016 quierunt,

2244 4029 2331 4098 qui
2359 4027 2503 4081 illam
2535 4044 2694 4099 neque
2722 4046 2831 4083 esse
2878 4033 3227 4102 suspicantur.
3282 4037 3439 4106 225
3492 4036 3609 4092 Nos
3665 4051 3840 4093 autem

2243 4119 2331 4188 qui
2360 4119 2574 4172 cmlestis
2603 4121 2788 4189 patria:
2834 4122 3024 4192 gaudia
3055 4131 3250 4178 (eterna
3279 4128 3628 4196 cognorimus,
3686 4133 3838 4200 festi-

2244 4225 2372 4262 nare
2400 4209 2468 4261 ad
2506 4226 2564 4261 ea
2589 4213 2888 4280 quantocius
2942 4212 3198 4268 debemus.
3252 4215 3550 4286 Optandum
3583 4224 3737 4276 nolis-
3768 4232 3839 4277 est

2244 4301 2394 4353 citius
2422 4317 2651 4371 pergere,
2703 4310 2855 4372 atque
2887 4304 2958 4383 ad
3004 4304 3149 4358 illam
3178 4306 3404 4362 breviare
3432 4311 3514 4363 via
3546 4316 3837 4378 pervenire.

2247 4390 2440 4455 Quibus
2491 4394 2628 4446 enim
2667 4396 2820 4448 utalia
2869 4395 3090 4450 mundus
3129 4413 3232 4452 non
3279 4403 3525 4468 urgetur?
3570 4402 3708 4468 Qute
3746 4424 3839 4460 nos

557 4473 804 4520 recenset
829 4463 1154 4533 pmdicandi
1184 4470 1240 4521 et
1264 4464 1492 4524 docendi
1541 4469 1799 4540 ofﬁcium,
1829 4473 1900 4531 de
1921 4490 2033 4546 quo
2058 4478 2141 4535 fu-
2168 4496 2220 4556 τ)
2245 4485 2477 4549 tristitia,
2509 4501 2624 4552 qua:
2653 4486 2936 4543 adversitas
2965 4506 3067 4544 non
3097 4463 3377 4563 angustat-1"
3429 4492 3565 4559 Quid
3613 4508 3695 4558 est
3737 4502 3838 4555 vita

635 4667 838 4753 thide
859 4669 1156 4753 praesertim
1178 4670 1268 4753 l_ih.
1302 4689 1474 4753 x,_ep.
1509 4675 1566 4753 5i
1603 4684 1659 4730 et
1681 4676 1790 4753 ﬁt);
1823 4681 1915 4753 lib.
1949 4699 2022 4749 xr,
2054 4701 2141 4753 ep.

553 4739 620 4804 2;
653 4739 747 4794 lib.
779 4755 893 4811 xm,
925 4755 1016 4808 ep.
1053 4741 1142 4796 l9.
1175 4739 1458 4811 Legendus
1479 4749 1642 4802 etiam
1671 4739 1828 4804 Joan.
1859 4739 2021 4809 Diae;
2051 4739 2140 4811 lib.

553 4825 611 4870 tt,
645 4825 802 4880 capp.
831 4808 902 4862 ‘22
926 4819 981 4864 et
1002 4827 1154 4880 seqq.

627 4880 651 4918 δ
692 4875 826 4934 Ιίἶηε
855 4875 1404 4959 paurieres'jlcclesiitz
1433 4889 1735 4957 sumptibus
1767 4893 1974 4959 nutriti,
2011 4895 2138 4950 dicti

554 4949 680 5033 qlim
713 4949 1080 5033 rit-atriettlarii.
1131 4951 1292 5033 (ξι-νε.
1333 4949 1568 5033 _Turnu.'
1606 4959 1695 5033 lib.
1727 4977 1819 5028 vn,
1879 4949 1999 5033 cap.
2031 4949 2136 5020 295

553 5019 812 5106 Nonnulli
840 5023 998 5074 etiam
1026 5025 1493 5079 matriculariorum
1521 5037 1570 5080 et
1599 5019 1914 5100 reliquorum
1941 5019 2141 5106 paupes

553 5107 686 5154 rum,
717 5099 824 5146 etc.
1022 5137 1038 5151 .

629 5171 651 5200 ε
692 5160 819 5215 Inde
849 5159 1112 5239 mendacii
1141 5171 1232 5216 aut
1261 5163 1692 5239 hallucinationis
1714 5174 2016 5239 arguendos
2037 5176 2143 5232 So—

553 5246 834 5303 z_omcnus,
873 5231 964 5299 qui
1005 5231 1096 5285 lib.
1136 5248 1226 5298 vn,
1276 5249 1396 5303 cap.
1451 5234 1537 5300 19,
1594 5231 1802 5294 asserit
1818 5243 1870 5295 in
1899 5231 2142 5302 Ecclesia

559 5301 796 5380 Romana
849 5315 1023 5380 neque
1071 5301 1382 5380 episcopum
1424 5320 1602 5380 neque
1615 5309 1802 5380 alium
1842 5314 2133 5380 prtedicare

553 5379 644 5424 aut
670 5370 888 5449 docere.
915 5370 1056 5426 Sane
1083 5370 1189 5449 Leo
1213 5370 1433 5449 magnus
1462 5370 1756 5449 prtedicare
1780 5370 1970 5438 solitus
1993 5370 2127 5449 erat,

555 5448 612 5519 ut
639 5456 704 5494 ex
726 5439 840 5520 ejus
867 5455 1087 5509 operum
1119 5439 1655 5520 inspectione-statim
1684 5449 1868 5520 liquet.
1915 5453 2023 5509 Nec
2050 5439 2129 5512 le;

553 5509 722 5588 gitnus
753 5510 1152 5592 primumhetnn
1186 5513 1440 5592 fuissecx
1472 5509 2128 5592 Rontanisjmntilicibus,

554 5578 644 5655 qui
674 5579 1044 5655 concinnandi
1063 5592 1241 5655 partes
1264 5586 1361 5638 sibi
1383 5587 1686 5655 sumpserit.
1717 5578 1880 5647 certe
1908 5578 2128 5648 Ambro:

553 5647 665 5700 sius
709 5649 803 5722 lib.
837 5651 994 5722 tertio
1016 5647 1081 5706 de
1109 5653 1312 5722 Virgin.
1359 5647 1524 5708 multa
1568 5658 1731 5714 refert
1763 5676 1828 5716 es
1865 5647 2126 5721 concione

553 5733 709 5776 quam
734 5719 974 5775 Liberius
995 5736 1130 5792 papa
1149 5719 1447 5779 in'basiliea
1477 5723 1534 5780 S.
1575 5724 1716 5785 Petri
1766 5731 2027 5791 habuerat
2056 5719 2121 5791 ad

2251 4693 2527 4772 populum,
2548 4763 2560 4772 ‘
2582 4709 2701 4748 cum
2733 4693 3094 4772 Mareellinam
3143 4700 3382 4770 aliasque
3410 4704 3647 4772 virgines
3677 4724 3838 4763 sacro

2247 4763 2845 4842 velaminedonav‘crat.
2877 4766 3224 4842 Qassiodorus
3245 4763 3404 4840 quem
3435 4763 3532 4842 pro
3562 4780 3838 4834 sententia

2247 4831 2559 4916 Sozqmeni.
2585 4836 2953 4890 confirmanda
2984 4837 3226 4894 Valesius
3256 4831 3492 4916 adducit,
3527 4846 3578 4898 in
3607 4831 3837 4916 Tripars

2249 4902 2348 4979 tita_
2375 4903 2598 4957 historia
2647 4920 2765 4979 non
2795 4921 2923 4960 suos
2969 4921 3158 4979 sensus
3205 4913 3430 4979 profert,
3480 4902 3582 4970 sed
3638 4902 3837 4973 eorum

2247 4972 2567 5049 scriptorum
2594 4989 2732 5049 quos
2753 4974 2805 5029 in
2836 4972 3218 5049 conmendium'
3237 4972 3460 5049 redegit,
3493 4972 3705 5043 scilicet
3732 4972 3837 5043 So;

2245 5043 2475 5108 zomeni,
2513 5041 2785 5124 .chratis,
2837 5054 2895 5098 et
2925 5045 3284 5124 _Theo_doriti_._
3325 5041 3554 5124 Aliunde
3600 5041 3836 5124 quisiin

2245 5120 2479 5184 [rientem
2512 5113 2767 5168 inducere
2793 5115 2965 5184 possit
2991 5117 3211 5173 verbum
3235 5121 3473 5177 divinum
3507 5125 3557 5179 in
3588 5113 3833 5182 Ecclesia

2247 5179 2491 5260 Romana
2519 5197 2616 5252 per
2660 5192 2740 5238 tot
2763 5179 2956 5260 siccata
2974 5202 3094 5260 non
3121 5189 3282 5247 fuisse
3310 5179 3660 5260 pnedicaturn
3674 5179 3710 5250 i7
3728 5179 3835 5254 Tol

2245 5252 2611 5324 sanctissimos
2637 5262 2884 5323 pastores
2912 5255 3073 5310 fuisse
3095 5274 3257 5314 canes
3289 5252 3464 5317 mutos
3495 5275 3551 5319 et
3579 5252 3838 5324 maximni

2245 5321 2326 5406 silli
2358 5320 2514 5406 cilicii
2546 5320 2986 5406 partidcfuisse?
3009 5342 3129 5382 nam
3161 5331 3314 5406 utait
3339 5331 3396 5406 S.
3427 5332 3587 5406 Greg.
3627 5320 3838 5406 cpi—93:3

2242 5389 2373 5475 libat
2401 5407 2413 5443 :
2459 5389 2756 5475 Pri—ecquis"
2777 5395 3011 5475 officient
3039 5400 3266 5475 suscipit,
3295 5404 3519 5475 quisquis
3537 5389 3618 5458 71d
3641 5389 3836 5461 socer-

2239 5462 2840 5534 dotiunz_accedit.7Vide
2864 5462 3326 5524 dissertatioitemi
3349 5462 3432 5526 de'
3447 5475 3554 5528 vita
3579 5484 3635 5528 et
3665 5479 3836 5534 rebus

2235 5531 2399 5652 gssitis
2427 5531 2484 5585 s.
2527 5531 2724 5588 Leonis
2767 5532 2907 5603 Mag.
2938 5537 3007 5592 ad
3033 5553 3122 5593 an.
3169 5538 3294 5611 tto,
3331 5540 3394 5615 ἒξ
3418 5542 3470 5609 8,
3525 5545 3581 5613 υ,
3616 5545 3704 5612 tt),
3767 5531 3832 5600 ii

2235 5615 2262 5652 e
2342 5613 2394 5652 τ...

2233 5613 2289 5653 Cl
2312 5613 2394 5653 ‘I‘Z.

2311 5667 2336 5705 ἀ
2381 5669 3018 5757 Legendfenlfrazfationes
3055 5691 3188 5757 quas
3211 5681 3315 5739 illis
3334 5683 3577 5757 homiliis
3602 5687 3834 5756 premi-

2229 5739 2398 5797 situns
2424 5739 2567 5797 toruo
2590 5743 2606 5795 1
2634 5743 2783 5811 (Vid.
2811 5761 2919 5816 seq.
2949 5739 3182 5817 tantum):
