3992 6338
136 402 224 455 εςη

591 391 648 446 S.
690 387 1018 444 GREUURII
1059 384 1270 439 ΜΜᾹΝΙ
1317 384 1494 449 νιίΑ,
1541 381 1630 431 l‘..\
1675 380 1714 430 l‘.

1833 409 1834 415 γ
1875 369 2181 425 btdilP'llS
2222 366 2617 434 anonxna.
2661 368 2782 423 Lm.
2833 367 2896 423 u.

3287 373 3391 423 ΞΜ

132 505 366 569 mortalis,
402 504 505 557 nisi
551 503 673 556 ria?
713 499 779 552 Et
808 499 958 570 quale
984 501 1071 565 sit,
1123 500 1314 569 fratres
1343 499 1460 561 mei,
1487 511 1697 566 perpen-

1833 498 1887 535 ιη·
1915 482 2168 552 linguam.
2231 477 2331 543 Qui
2357 482 2536 534 otiosis
2566 481 2727 536 verbis
2757 499 2892 553 sa'pe
2942 483 3197 553 implieor,
3246 495 3297 538 et
3329 486 3394 538 ab

137 601 244 665 dite,
272 597 323 650 in
351 593 527 647 labore
548 592 643 645 via:
662 590 960 655 lassescere,
999 597 1055 642 et
1102 598 1276 643 tamen
1307 589 1541 642 eamdem
1563 587 1700 641 riam

136 688 253 744 nolle
281 684 443 755 finiri.
478 681 544 735 Et
574 689 695 750 post
714 679 994 741 nonnulla,
1034 678 1294 734 mundum
1325 685 1701 733 sene:ecntcut

135 776 418 835 describens
444 791 458 826 :
510 774 674 834 Sicut,
719 771 910 840 inquit,
953 772 1010 824 iu
1042 771 1196 824 annis
1226 769 1473 824 senilibus
1501 779 1702 822 statura

131 876 370 931 curratur,
399 863 568 917 cerris:
597 863 860 916 exsiccata
888 861 1184 932 deponitur,
1219 860 1568 932 frequentibus
1613 875 1703 913 su-

131 958 284 1030 spiriis
326 965 501 1024 pectus
544 961 776 1022 urgetur,
827 953 987 1006 virtus
1032 951 1228 1021 deﬁcit,
1261 951 1516 1022 loquentis
1550 948 1702 1003 verba

129 1048 368 1104 anhelitus
398 1046 653 1100 intercidit
685 1046 830 1117 (nam
851 1046 946 1099 etsi
977 1046 1200 1116 languor
1230 1044 1380 1106 desit,
1407 1044 1704 1114 plerumque

127 1139 318 1198 senibus
363 1140 478 1208 ipsa
503 1154 602 1191 sua
631 1137 774 1190 salus
801 1135 1060 1207 (egritudo
1107 1133 1204 1204 est)
1241 1152 1254 1187 :
1286 1134 1362 1187 ita
1387 1133 1608 1186 mundus
1646 1133 1702 1185 in

129 1233 264 1288 annis
291 1231 548 1300 prioribus
581 1231 716 1286 velut
738 1231 791 1283 in
817 1230 1083 1301 jurentute
1108 1228 1284 1299 viguit,
1309 1227 1379 1281 ad
1405 1243 1704 1298 propagan-

127 1325 232 1377 dam
251 1321 470 1373 Imnmni
497 1322 700 1392 generis
728 1319 924 1391 prolem
947 1319 1182 1374 robustus
1215 1319 1335 1389 fuit,
1378 1318 1543 1371 salute
1589 1332 1705 1369 cor-

125 1431 290 1485 porum
325 1414 524 1480 viridis,
553 1413 819 1483 opulentia
864 1430 1034 1467 rerum
1065 1413 1299 1482 pinguis;
1351 1418 1406 1464 at
1429 1427 1564 1464 utine
1591 1410 1705 1480 ipsa

129 1525 208 1562 sua
227 1516 497 1560 senectute
522 1507 848 1578 deprimitur,
872 1514 922 1559 et
966 1506 1113 1575 quasi
1153 1504 1222 1556 ad
1244 1504 1463 1557 vicinam
1489 1510 1705 1557 mortem

130 1599 373 1654 molestiis
414 1598 759 1654 crescentibus
813 1608 1042 1668 urgetur.
1103 1595 1282 1650 Nolite
1324 1611 1466 1666 ergo,
1515 1596 1706 1665 fratres

133 1697 234 1762 mei,
253 1696 487 1766 diligere
514 1713 661 1767 quem
687 1694 864 1748 ridetis
893 1693 981 1746 diu
1011 1701 1150 1744 stare
1170 1706 1274 1744 non
1301 1706 1469 1760 posse.
1501 1688 1708 1743 Caetera

138 1785 474 1842 connuodius
503 1801 570 1838 ex
604 1785 719 1852 ipso
747 1782 893 1836 fonte
924 1791 1147 1851 possunt
1181 1780 1402 1835 hauriri.
1435 1779 1708 1836 Attentius

1803 573 2163 628 exhortatione
2207 582 2359 642 atque
2407 574 2754 642 auliﬁcatione
2793 592 3146 644 proximorum
3187 585 3395 644 torpens

1804 678 1854 721 et
1878 667 2144 739 negligens
2175 683 2335 720 cesso.
2391 666 2492 730 Qui
2540 670 2592 721 in
2640 680 2912 739 conspectu
2962 669 3055 723 Dei
3084 674 3254 742 factus
3282 690 3394 727 sum

1805 768 1976 814 nmtus
2003 769 2052 813 et
2080 759 2319 812 rerbosus
2343 775 2363 812 :
2395 770 2566 814 mutus
2617 762 2668 813 in
2702 763 3029 829 necessariis,
3073 763 3309 818 rerbosus
3337 765 3394 817 in

1805 851 2005 905 otiosis.
2052 851 2161 905 Sed
2188 867 2302 904 ecce
2330 867 2501 905 sermo
2526 851 2624 905 Dei
2653 853 2718 906 de
2747 853 3086 922 speculatoris
3114 857 3216 910 vita
3256 872 3397 910 cont-

1805 943 1946 1012 pellit
1975 951 2028 994 ut
2055 942 2258 1013 loquar.
2288 941 2480 1028 Tacen/2
2499 961 2602 997 non
2627 960 2856 1013 possunt,
2879 954 2930 998 et
2955 953 3121 998 tamen
3145 947 3400 1016 loquendo

1805 1053 1885 1089 me
1906 1035 2060 1106 ferire
2084 1035 2408 1104 pertimesco.
2437 1035 2643 1096 Dicam,
2687 1037 2878 1100 dit-ant,
2899 1042 2957 1086 ut
2995 1035 3129 1091 rerbi
3154 1036 3252 1091 Dei
3279 1039 3398 1108 gla-

1804 1127 1918 1179 dius
1963 1126 2118 1178 etiam
2148 1141 2236 1188 per
2266 1128 2620 1195 memetipsum
2663 1127 2733 1179 ad
2762 1129 3128 1198 conﬁgendum
3157 1147 3246 1184 eor
3273 1149 3398 1200 pro-

1803 1220 1932 1272 a'inti
1963 1225 2213 1270 transeat.
2244 1216 2446 1282 Dicam,
2479 1218 2669 1283 dicam,
2703 1228 2757 1270 ut
2790 1221 2948 1271 etiam
2975 1231 3158 1274 contra
3185 1240 3268 1275 me
3291 1241 3402 1276 sero

1804 1328 1887 1363 mo
1921 1309 2016 1362 Dei
2039 1319 2185 1362 sonet
2214 1326 2305 1378 per
2333 1326 2430 1362 me.
2484 1307 2597 1379 Ego
2629 1326 2769 1362 reum
2803 1325 2881 1362 me
2909 1326 3146 1364 essenon
3177 1313 3398 1385 abnego,

1806 1412 2064 1470 torporem
2091 1417 2260 1454 meum
2287 1410 2440 1472 atque
2458 1400 2827 1472 negligentiam
2846 1399 3012 1454 video.
3038 1397 3085 1453 Ε
3090 1401 3154 1454 rit
3179 1405 3403 1473 fortasse

1806 1491 1947 1560 apud
1998 1494 2139 1562 pium
2188 1491 2425 1544 Judicem
2475 1491 2769 1558 impetratio
2799 1491 2980 1556 veniat,
3021 1492 3138 1561 ipsa
3175 1493 3400 1561 cognitio
3456 1561 3460 1564 .

1807 1585 1976 1654 culpa:
2025 1583 2208 1654 (llam.
2243 1583 2301 1637 il
2335 1585 2390 1638 in
2416 1582 2632 1648 Ezeclt.,
2665 1600 2810 1638 u:.m.
2841 1583 2874 1635 5
2898 1592 2948 1637 et
2981 1584 3135 1656 scq.).
3185 1585 3227 1638 Λ
3274 1585 3402 1639 reli-

1807 1675 1928 1744 quis
1954 1675 2232 1741 abstineo;
2265 1690 2389 1730 nam
2420 1690 2590 1746 pauca
2637 1675 2752 1730 haec
2791 1672 2922 1730 satis
2949 1677 3238 1731 ostendunt
3265 1677 3308 1731 G
3340 1693 3397 1731 e-

1808 1765 2018 1835 gorium
2041 1766 2385 1820 severitatem
2411 1766 2693 1837 plusquam
2713 1766 3016 1821 censoriam
3043 1767 3095 1820 in
3111 1767 3402 1838 semetipso

129 1885 295 1931 autem
332 1875 432 1930 has
487 1873 735 1928 homilias
787 1872 986 1941 legenti
1044 1880 1386 1942 perspectum
1416 1871 1519 1927 crit
1545 1886 1707 1942 quam
1743 1870 1789 1928 Β
1815 1862 2089 1924 arguendo
2119 1854 2448 1911 adhibuisse-

127 1967 347 2038 sapiemi
391 1966 620 2023 consilio
659 1963 899 2020 Ecclesia
930 1979 1022 2020 eas
1073 1979 1282 2030 omnes,
1332 1964 1378 2020 si
1409 1979 1570 2018 unam
1616 1970 1710 2018 aut

130 2058 350 2112 alteram
377 2056 604 2122 eximas,
658 2055 840 2112 cursui
880 2070 976 2110 seu
996 2054 1174 2110 oﬁicio
1200 2070 1299 2110 suo
1329 2055 1634 2110 inseruerit.

185 2147 422 2215 Quando
469 2146 522 2202 in
570 2154 881 2201 sanctorum
938 2144 1195 2202 natalitiis
1253 2146 1706 2211 concionaliatur,

131 2254 226 2291 non
254 2235 472 2291 solebat
501 2236 553 2290 in
573 2236 788 2291 steriles
834 2251 1022 2290 eorum
1046 2235 1232 2291 laudes
1258 2250 1581 2301 excurrere;
1614 2235 1711 2290 sed

129 2343 237 2397 qua:
265 2327 339 2382 ad
361 2343 539 2383 mores
569 2335 716 2382 recte
738 2327 1145 2398 coutiponeudos
1168 2327 1416 2383 conferre
1439 2334 1708 2398 poterant,

131 2423 235 2474 bare
274 2434 471 2490 urgere
497 2421 740 2486 curabat,
801 2429 860 2476 ut
887 2421 1094 2492 patebit
1121 2421 1318 2491 legenti
1375 2422 1628 2478 homilias
1657 2423 1712 2480 in

131 2513 552 2567 solenmitatibus
577 2512 634 2568 S.
661 2512 883 2568 Andreae
918 2514 1170 2583 apostoli,
1205 2523 1514 2568 sanctorum
1564 2529 1713 2568 mar—

134 2612 299 2672 tyrum
332 2602 490 2657 Nerei
507 2611 561 2657 ct
584 2602 830 2668 Achillei,
855 2611 1052 2658 sancta:
1070 2601 1386 2672 Felicitatis,
1417 2609 1522 2658 etc.
1549 2601 1716 2675 (Vide

131 2696 258 2750 hom.
290 2693 398 2749 5st
429 2693 544 2765 ‘28.)
1271 2741 1278 2746 .

195 2787 243 2840 9.
286 2786 424 2841 Cum
448 2804 544 2857 per
590 2804 786 2846 senon
830 2798 1033 2859 posset,
1082 2805 1180 2860 per
1223 2789 1515 2863 discipulos
1561 2804 1713 2857 suos,

135 2883 360 2938 maxime
401 2900 500 2954 per
539 2883 621 2938 sui
673 2884 984 2939 monasterii
1041 2885 1325 2952 alumnos,
1371 2884 1715 2954 livangclium

135 2973 262 3043 apud
284 2974 545 3029 barbaras
571 2983 758 3044 gentes
796 2974 928 3044 jugo
956 2975 1157 3031 Christi
1191 2976 1428 3032 nondum
1467 2977 1717 3033 snbditas

135 3066 488 3123 disseminavit
514 3077 570 3124 et
612 3070 943 3140 propagavit.
967 3068 1034 3124 Et
1061 3070 1276 3140 quidem
1298 3071 1593 3142 superioris
1615 3071 1715 3126 aevi

138 3158 410 3225 pontiﬁces
433 3158 577 3214 idem
599 3167 819 3215 strenue
848 3160 1230 3230 pnestiterant,
1283 3161 1483 3231 quippe
1512 3161 1603 3229 qui
1653 3176 1714 3216 se

1883 1947 1988 2003 Ista
2018 1947 2333 2016 Gregoriani
2358 1948 2703 2018 pontiﬁcatus
2733 1949 2904 2018 prima
2926 1949 3088 2004 veluti
3109 1949 3404 2004 lineameno

1813 2048 1866 2094 ta
1886 2037 2052 2092 modo
2092 2036 2382 2094 sufﬁciant.
2413 2037 2663 2106 Singulas
2692 2053 2873 2093 autem
2904 2053 2990 2094 res
3018 2039 3084 2092 ab
3113 2053 3181 2094 eo
3201 2047 3400 2106 gestas,

1812 2144 2028 2186 servato
2060 2145 2322 2184 annorum
2352 2137 2408 2184 et
2429 2135 2731 2200 temporum
2758 2129 2951 2186 ordine
2976 2137 3238 2200 quantum
3263 2129 3398 2184 lite—

1813 2222 1912 2290 bit,
1929 2221 2041 2292 jam
2069 2221 2404 2277 evolvamus.

2427 2332 2658 2390 CAPUT
2698 2333 2788 2390 IV.

1816 2429 2172 2479 Δεισωιικτωι.
2196 2454 2257 2463 —-
2286 2427 2330 2477 1.
2355 2426 2408 2475 S.
2435 2425 2704 2488 Gregorius
2728 2426 2777 2474 in
2813 2425 2977 2488 Sicilia
3027 2425 3258 2488 synodum
3280 2439 3410 2488 qu”-

1875 2493 2038 2541 latinis
2059 2491 2300 2540 celebrari
2323 2489 2482 2548 jubet.
2509 2487 2633 2535 —2.
2682 2486 2797 2536 Inde
2823 2485 3064 2536 frumenta
3094 2485 3374 2535 Romum'ad
3393 2516 3404 2524 -

1882 2553 1995 2602 vehi
2039 2558 2194 2600 curat.
2219 2576 2280 2586 —
2303 2550 2348 2597 5.
2397 2549 2668 2598 Luctuosus
2710 2548 2878 2598 Roma:
2901 2557 3070 2598 status.
3093 2548 3241 2609 Cujus
3263 2561 3404 2597 oeca-

1877 2616 2017 2663 sione
2042 2613 2277 2662 Romanos
2301 2612 2358 2660 ad
2384 2611 2718 2673 pmnitcutiam
2736 2611 2958 2660 hortatur
2975 2610 3030 2673 δ.
3053 2611 3405 2670 Gregorius.—

1879 2677 1926 2725 4.
1951 2673 2180 2726 Ecclesiis
2203 2671 2467 2722 destructis
2485 2684 2577 2733 qua
2603 2672 2792 2721 ratione
2822 2671 3104 2734 providerit,
3133 2679 3185 2720 et
3209 2683 3401 2731 egeno-

1885 2751 1991 2786 rum
2011 2738 2350 2798 episcomrum
2369 2734 2763 2798 nect'VSsitatibus.
2803 2733 3189 2798 'l'ranslationes
3214 2735 3406 2798 episco-

1953 2793 2225 2864 πῃπῇ-5.
2269 2795 2496 2864 Gregorii
2538 2806 2657 2864 erga
2699 2796 2994 2864 umnastcria
3038 2793 3312 2864 sollicitudo
3353 2801 3407 2864 et

1884 2812 2076 2909 porum.
2099 2824 2159 2833 —
2179 2812 2225 2848 ὓ.
2269 2812 2496 2864 ure-gum
2538 2812 2657 2855 erga
2700 2812 2994 2843 monaswrla
3038 2812 3312 2842 soult'uuuu
3353 2812 3404 2844 ιί

1904 2860 2171 2910 iberalitas.
2197 2885 2259 2894 ~—
2275 2861 2322 2907 6.
2344 2858 2505 2916 νικος
2530 2863 2579 2904 et
2611 2856 2881 2913 ﬂagitiosus
2902 2856 3162 2903 monactcs
3186 2859 3404 2916 coercet.

1881 2949 1942 2960 -—-
1966 2925 2013 2972 7.
2057 2921 2188 2970 Nova
2234 2921 2525 2968 monasteria
2563 2918 2702 2976 juhet
2728 2917 2959 2965 rons.rui.
2985 2941 3043 2951 —
3065 2920 3112 2965 8.
3142 2915 3405 2965 “duarum

1882 2997 2050 3034 curam
2073 2982 2290 3044 suscipiz.
2311 2979 2430 3042 (An.
2457 2979 2550 3028 590
2580 2986 2632 3027 et
2654 2977 2786 3040 59L)

1893 3087 1946 3143 1.
2007 3085 2204 3141 Parum
2242 3083 2433 3138 fuisset
2480 3081 2742 3151 Gregorio
2791 3082 3027 3152 seipsum
3079 3081 3410 3151 domumque

1824 3195 1976 3236 suam
2028 3184 2180 3233 recte
2223 3189 2433 3244 regere.
2488 3183 2581 3228 aut
2636 3175 2798 3229 etiam
2856 3173 3111 3229 Romanae
3150 3173 3410 3230 Ecclesiae

139 3251 226 3304 1"“
251 3251 556 3320 Γθίβυωίοω
579 3252 895 3309 “Visum”?
925 3253 1207 3323 Pmreaos
1237 3252 1398 3308 fuisse
1447 3253 1714 3322 imemgc'
1743 3261 1787 3324 C
1818 3266 2161 3337 singulariter
2204 3273 2459 3332 spectata:
2489 3262 2784 3332 invigilare,
2808 3263 2905 3318 nisi
2937 3264 3035 3318 toti
3058 3263 3216 3318 simul
3255 3261 3420 3317 Chrir

140 3350 286 3394 rent:
341 3343 572 3411 hincque
618 3357 687 3398 ex
734 3342 976 3398 Romana
1027 3342 1155 3399 sede
1199 3359 1297 3416 per
1325 3351 1495 3398 totum
1525 3343 1712 3397 orbem

141 3432 260 3486 ﬁdes
286 3433 600 3487 dimauavit.
637 3433 706 3488 At
733 3449 1009 3503 nunquam
1041 3441 1188 3487 tanta
1237 3432 1512 3496 felicitate,
1546 3432 1716 3487 facili-

141 3533 243 3577 tate
289 3532 459 3588 tanta,
500 3531 702 3594 quanta
729 3522 995 3592 Gregorio
1024 3523 1090 3578 ad
1137 3522 1525 3578 Ecclesiasticze
1565 3521 1720 3577 navis

141 3613 342 3667 clavum
371 3614 613 3669 sedente.
637 3613 822 3669 Auden
852 3613 1033 3668 dicere
1075 3613 1290 3668 Petrum
1317 3611 1525 3681 jussum
1553 3627 1583 3665 a
1613 3611 1720 3666 Do-

145 3705 280 3759 mino
309 3707 506 3760 ducere
528 3705 582 3762 in
612 3705 778 3759 altum
809 3713 863 3759 et
895 3705 1078 3758 laxare
1125 3704 1257 3759 retia
1309 3704 1362 3757 in
1409 3710 1717 3772 capturum,

148 3796 225 3850 vix
254 3811 486 3865 unquam
517 3796 798 3865 majorem,
831 3811 990 3865 quam
1038 3804 1167 3849 tunc
1221 3793 1448 3863 piscium
1475 3791 1720 3845 multitu-

147 3885 335 3950 dinem,
385 3888 526 3942 intra
557 3902 811 3956 sagenam
854 3887 1218 3952 conclusisse;
1274 3885 1475 3956 quippe
1505 3883 1722 3938 Britan-

148 3978 282 4031 niam
309 3978 418 4033 fere
438 3979 975 4050 integram,omnium
1000 3978 1128 4032 olim
1153 3985 1399 4031 notarum
1426 3975 1724 4029 insularum

149 4069 448 4134 maximam,
502 4069 681 4124 missis
735 4068 904 4126 semel
941 4075 1036 4122 aut
1079 4067 1272 4122 iterum
1302 4067 1527 4132 retibus,
1557 4065 1724 4134 cepit.

151 4166 202 4210 et
226 4159 290 4212 ad
319 4161 483 4226 littus,
534 4161 640 4216 hoc
661 4168 748 4218 est
788 4160 855 4215 ad
882 4175 1022 4215 verte
1059 4157 1180 4213 ﬁdei
1212 4159 1499 4213 stationem
1531 4167 1724 4223 tutam,

150 4250 327 4303 traxit.

223 4339 307 4395 Ib.
343 4341 397 4395 Si
429 4342 582 4396 novis
611 4338 663 4396 in
694 4339 946 4397 Ecclesiis
975 4340 1188 4396 Christo
1209 4339 1594 4410 congregandis
1620 4348 1726 4393 tam

155 4432 626 4490 adulamuavavit
653 4435 981 4506 operaan.
1033 4433 1344 4504 Gregorius,
1386 4434 1454 4490 de
1495 4433 1732 4505 antiquis

156 4535 296 4579 recte
321 4527 627 4583 ordinandis
655 4527 825 4583 multo
866 4527 1148 4584 sollicitior
1200 4525 1327 4590 fuit;
1385 4537 1440 4582 et
1489 4537 1547 4582 ut
1605 4527 1732 4598 ipsis

1818 3361 1885 3416 sti
1925 3357 2092 3428 gregi,
2146 3355 2231 3411 cui
2288 3354 2611 3410 auctoritate
2666 3361 2911 3422 praeerat,
2985 3360 3210 3423 paterna
3263 3354 3410 3408 cari-

1821 3461 1932 3508 tate
1953 3466 2018 3505 ac
2043 3447 2398 3505 sollicitudine
2427 3445 2772 3516 providisset.
2826 3444 3003 3500 Prima
3033 3445 3150 3516 ejus
3175 3445 3409 3516 epistola.

1820 3545 1886 3600 al
1909 3543 2190 3614 episcopos
2217 3539 2417 3595 Sicilia:
2465 3539 2664 3608 scripta
2694 3536 3060 3604 constituitur,
3091 3543 3152 3591 ut
3180 3537 3414 3606 singulis

1822 3637 1979 3692 annis
2007 3634 2074 3689 ad
2121 3631 2388 3704 synodum
2431 3630 2777 3698 conveniant,
2809 3630 2961 3699 cujus
3011 3629 3410 3683 moderatorem

1823 3742 1944 3784 esse
1964 3726 2117 3796 jubet
2146 3723 2360 3778 Petru'n
2391 3721 2803 3790 subdiaconum,
2836 3720 3148 3791 patrimonii
3176 3719 3233 3773 S.
3264 3717 3411 3773 Pc'ri

1825 3823 2231 3887 procuratorem
2263 3813 2365 3868 hac
2395 3813 2446 3866 in
2482 3811 2690 3878 insula;
2743 3821 2797 3866 et
2823 3812 2944 3867 ideo
2971 3825 3098 3866 suas
3146 3810 3244 3878 ipsi
3271 3809 3417 3868 vires

1829 3909 1966 3962 intra
1991 3905 2323 3975 provinciam
2348 3903 2489 3957 hanc
2516 3917 2575 3957 se
2603 3902 2939 3957 commisisse
2964 3901 3249 3969 signiﬁcat.
3285 3900 3417 3954 Erat

1828 3999 1969 4053 enim
1999 3993 2181 4051 Sicilia
2228 4009 2332 4047 una
2385 4008 2449 4045 ex
2499 3990 2884 4045 suburbicariis
2929 3989 3240 4060 provinciis,
3293 4003 3416 4057 qua:

1829 4087 2076 4140 Romano
2103 4082 2359 4152 episcopo
2391 4080 2700 4135 immediate
2727 4079 3172 4149 subjiciehantur,
3196 4078 3263 4132 de
3291 4079 3415 4147 qui-

1828 4178 1928 4232 bus
1958 4173 2214 4242 legendus
2248 4181 2434 4227 sextus
2463 4187 2637 4226 canon
2676 4170 2907 4225 Nicenus
2935 4187 3002 4225 cx
3032 4169 3211 4224 Ruﬁni
3241 4177 3418 4224 trans-

1831 4267 2056 4321 latione.
2117 4261 2494 4320 Consulendus
2549 4261 2712 4316 etiam
2741 4269 2898 4316 vetus
2927 4257 3097 4316 codex
3147 4277 3416 4317 canonum

1833 4371 1865 4411 a
1910 4355 2135 4411 Justello
2163 4353 2359 4421 editus,
2416 4353 2468 4406 in
2499 4367 2606 4424 quo
2635 4361 2819 4408 sextus
2867 4367 3040 4408 canon
3071 4368 3135 4408 ex
3168 4353 3424 4417 Nic-senis,

1833 4445 2184 4501 ecclesiarum
2227 4454 2253 4481 ει
2325 4442 2816 4498 suburbicariarum
2889 4442 3152 4497 meminit.
3230 4443 3416 4498 Utrum

1837 4545 1965 4593 tunc
1995 4537 2170 4592 forent
2213 4537 2264 4591 in
2301 4534 2482 4591 Sicilia
2527 4532 2927 4605 metropolitani
2959 4535 3289 4605 disceptatur
3322 4554 3334 4589 :
3371 4537 3421 4589 in

153 4615 294 4683 digni
323 4617 717 4688 pucliccrentur
739 4626 1005 4690 pastores,
1031 4602 1290 4689 imprimis
1320 4619 1550 4674 curavit.
1584 4617 1731 4682 Quos
1762 4629 1810 4685 ι)
1835 4636 2043 4698 partem
2095 4634 2400 4694 negantem,
2450 4639 2616 4693 quam
2662 4602 2907 4692 sequitur
2932 4632 2987 4677 et
3009 4602 3188 4678 tuetur
3209 4623 3428 4678 Rochus

156 4706 199 4760 si
222 4711 548 4780 contingeret.
592 4711 884 4780 aliquando
913 4727 1010 4764 suo
1053 4712 1242 4766 deesse
1273 4709 1470 4774 ofﬁcio,
1505 4717 1728 4779 paterna

157 4798 406 4856 charitate
433 4801 795 4869 admonebat;
827 4812 1080 4857 contuma
1117 4819 1176 4857 es
1215 4811 1396 4858 autem
1440 4807 1617 4858 acrius
1647 4805 1730 4858 in-

159 4892 488 4958 sequebatur.
523 4893 721 4948 Verum
752 4907 879 4962 erga
908 4894 1116 4948 nullum
1147 4895 1458 4964 episcopum
1489 4897 1732 4949 severio-

159 4995 270 5033 rem
294 4999 569 5039 censuram
618 5001 780 5056 quam
824 4987 877 5041 in
919 4986 1267 5059 semetipsum
1298 4988 1562 5042 exercuit.
1605 4987 1734 5053 Quis

161 5085 266 5125 non
291 5075 580 5132 admiretur
628 5079 1127 5148 pncstantissimum
1182 5081 1326 5135 hunc
1353 5081 1523 5135 virum
1573 5095 1733 5150 quem

158 5165 470 5230 suspiciebat
509 5167 659 5223 orbis
688 5171 988 5236 universus,
1021 5171 1236 5240 publica
1293 5171 1636 5227 confessione
1685 5179 1740 5224 et

160 5254 362 5321 quidem
414 5274 482 5314 ex
509 5271 769 5329 sugg-stu
798 5260 956 5324 facta.
1009 5262 1209 5318 leviora
1243 5264 1292 5318 in
1317 5279 1376 5318 se
1417 5265 1648 5334 piacula,
1682 5271 1740 5316 ut

164 5348 392 5411 putabat,
440 5349 858 5418 redarguentem
908 5351 992 5408 his
1037 5353 1256 5408 verbis:
1313 5355 1357 5407 0
1402 5371 1556 5426 quant
1605 5354 1740 5408 dura

165 5438 414 5495 minisaut
441 5444 545 5496 ista
577 5460 691 5513 qua:
717 5444 934 5514 loquor:
965 5447 1086 5517 quia
1115 5448 1466 5518 memetipsum
1488 5447 1741 5518 loquendo

170 5529 308 5596 ferio,
336 5535 481 5604 cujus
510 5551 675 5602 neque
704 5536 902 5608 lingua,
950 5545 1006 5592 ut
1031 5538 1244 5609 dignum
1273 5549 1367 5602 est,
1419 5538 1748 5607 prwdicatio-

171 5634 284 5672 Item
305 5632 452 5691 tenet,
482 5642 646 5697 neque
670 5627 722 5680 in
735 5638 981 5699 quantum
1006 5637 1177 5682 tenere
1190 5629 1408 5700 sufﬁcit,
1437 5629 1539 5682 vita
1569 5629 1746 5699 sequi-

251 5781 272 5808 ⁸
305 5778 376 5834 De
422 5767 712 5848 provinciis
759 5783 1140 5840 suburbicariis
1183 5801 1300 5840 :evo
1350 5795 1539 5840 nostro
1587 5794 1746 5839 mota:

175 5856 298 5899 sunt
317 5853 693 5908 controversiae
735 5855 1159 5924 quamplurimze,
1194 5871 1222 5908 a
1263 5859 1456 5926 quibus
1503 5857 1743 5911 abstine-

451 5945 719 6008 Ρειτιιοι..
753 5947 1008 6008 LXXV.

1840 4712 2042 4781 Pirrus,
2071 4718 2122 4772 in
2155 4717 2343 4773 notitia
2368 4717 2600 4772 secunda
2631 4714 2888 4770 Ecclesiae
2917 4714 3274 4770 Messanensis
3306 4733 3429 4784 pro—

1841 4813 2174 4881 pendemus;
2227 4824 2456 4879 eamque
2506 4808 2832 4864 sententiam
2880 4807 3062 4862 multis
3098 4808 3429 4874 gravissimis

1841 4902 2142 4956 rationibus
2196 4901 2630 4955 conﬁrmavimus
2672 4899 2722 4972 in
2756 4899 2896 4954 notis
2925 4899 2992 4953 ad
3014 4898 3285 4953 laudatam
3313 4901 3429 4970 epi-

1845 4995 2056 5049 s'olam.
2087 4994 2222 5048 Cum
2249 4993 2476 5048 fortasse
2527 4993 2690 5063 226
2735 4993 3017 5048 molestum
3057 4992 3198 5046 foret
3235 4990 3432 5046 Siculis

1843 5086 2112 5155 episcOpis
2160 5084 2490 5140 subdiacono
2534 5082 2848 5154 apostolicae
2894 5083 3038 5136 sedis
3069 5081 3216 5137 vices
3246 5084 3424 5151 agenti

1844 5182 2261 5249 obtemperare;
2319 5179 2376 5233 S.
2426 5177 2720 5246 Gregorius
2765 5190 2859 5231 eas
2907 5191 3050 5228 anno
3093 5175 3339 5244 sequenti
3369 5174 3428 5229 S.

1847 5270 2190 5334 Maximiano,
2222 5269 2562 5340 Syracusano
2583 5269 2858 5338 episc0po,
2890 5265 3161 5322 commisit
3197 5265 3339 5337 (Lib.
3375 5276 3432 5335 n,

1845 5377 1925 5430 ep.
1959 5359 2039 5426 7),
2069 5367 2126 5412 ut
2167 5357 2302 5412 infra
2350 5357 2607 5413 dicemus.
2635 5356 2828 5411 Iisdem
2859 5365 3048 5427 postea
3080 5357 3319 5424 indulsit,
3375 5369 3436 5415 ut

1847 5466 1952 5504 un-u
1983 5463 2197 5518 quoque
2247 5446 2616 5515 quinquennio
2659 5453 2866 5501 tantum
2913 5447 3142 5502 Romam
3174 5448 3240 5503 ad
3271 5464 3437 5520 syno-

1849 5540 1974 5595 dum
1999 5538 2372 5601 convenirent,
2405 5552 2528 5591 cum
2578 5536 2727 5607 prius
2757 5537 2896 5593 intra
2937 5539 3228 5596 triennium
3260 5539 3431 5598 semel

1849 5645 1910 5686 se
1937 5631 2127 5686 sistere
2159 5637 2490 5682 tenerentur.

1852 5806 1988 5845 mus.
2023 5787 2164 5863 Lege
2192 5785 2746 5863 qum_obscrva_vimu_s
2776 5788 2826 5863 in
2854 5789 3028 5863 indice
3055 5787 3433 5863 Geographien

1852 5860 2197 5932 epistularum
2221 5857 2278 5914 S.
2303 5856 2549 5928 Gregorii
2571 5858 2686 5929 ipso
2717 5860 2768 5914 in
2793 5860 2995 5914 limine.

2879 5953 2954 6011 ιυ
