  <div class='ocr_page' id='page_1' title='image "/cluster/home/n/w/nwhite01/storage/ocr_20150623/75/uva.x000827087/157.png"; bbox 0 0 3992 6300; ppageno 0'>
   <div class='ocr_carea' id='block_1_1' title="bbox 554 316 661 410">
    <p class='ocr_par' dir='ltr' id='par_1_1' title="bbox 554 316 661 410">
     <span class='ocr_line' id='line_1_1' title="bbox 554 316 661 410; baseline -0.009 0"><span class='ocrx_word' id='word_1_1' title='bbox 554 316 661 410; x_wconf 57' lang='lat' dir='ltr'><strong>122m</strong></span> 
     </span>
    </p>
   </div>
   <div class='ocr_carea' id='block_1_2' title="bbox 1046 334 3351 411">
    <p class='ocr_par' dir='ltr' id='par_1_2' title="bbox 1046 334 3351 411">
     <span class='ocr_line' id='line_1_2' title="bbox 1046 334 3351 411; baseline -0.008 -5"><span class='ocrx_word' id='word_1_2' title='bbox 1046 353 1103 406; x_wconf 72' lang='lat' dir='ltr'><strong>S.</strong></span> <span class='ocrx_word' id='word_1_3' title='bbox 1145 351 1468 407; x_wconf 65' lang='grc' dir='ltr'><strong>Ωιιιεξουιιιι</strong></span> <span class='ocrx_word' id='word_1_4' title='bbox 1508 346 1719 403; x_wconf 60' lang='grc' dir='ltr'><strong>ΜᾹΟΝΙ</strong></span> <span class='ocrx_word' id='word_1_5' title='bbox 1764 344 1943 411; x_wconf 69' lang='grc' dir='ltr'><strong>ῊΤΑ,</strong></span> <span class='ocrx_word' id='word_1_6' title='bbox 1990 342 2079 395; x_wconf 74' lang='lat' dir='ltr'><strong>EX</strong></span> <span class='ocrx_word' id='word_1_7' title='bbox 2124 339 2284 395; x_wconf 65' lang='lat' dir='ltr'><strong>FJUS</strong></span> <span class='ocrx_word' id='word_1_8' title='bbox 2324 339 2633 400; x_wconf 69' lang='lat' dir='ltr'><strong>SClill’TIS</strong></span> <span class='ocrx_word' id='word_1_9' title='bbox 2676 335 3074 392; x_wconf 66' lang='lat' dir='ltr'><strong>ADORNATA.</strong></span> <span class='ocrx_word' id='word_1_10' title='bbox 3120 334 3248 392; x_wconf 68' lang='lat' dir='ltr'><strong>LI&quot;.</strong></span> <span class='ocrx_word' id='word_1_11' title='bbox 3291 335 3351 390; x_wconf 86' lang='lat' dir='ltr'><strong>ll.</strong></span> 
     </span>
    </p>
   </div>
   <div class='ocr_carea' id='block_1_3' title="bbox 3735 340 3822 394">
    <p class='ocr_par' dir='ltr' id='par_1_3' title="bbox 3735 340 3822 394">
     <span class='ocr_line' id='line_1_3' title="bbox 3735 340 3822 394; baseline -0.046 0"><span class='ocrx_word' id='word_1_12' title='bbox 3735 340 3822 394; x_wconf 67' lang='grc' dir='ltr'><strong>πυ</strong></span> 
     </span>
    </p>
   </div>
   <div class='ocr_carea' id='block_1_4' title="bbox 631 444 3823 531">
    <p class='ocr_par' dir='ltr' id='par_1_4' title="bbox 631 444 3823 531">
     <span class='ocr_line' id='line_1_4' title="bbox 631 444 3823 531; baseline -0.006 -9"><span class='ocrx_word' id='word_1_13' title='bbox 631 468 686 522; x_wconf 68' lang='lat'><strong>9.</strong></span> <span class='ocrx_word' id='word_1_14' title='bbox 729 466 914 522; x_wconf 77' lang='lat' dir='ltr'><strong>Roma:</strong></span> <span class='ocrx_word' id='word_1_15' title='bbox 943 466 1207 531; x_wconf 82' lang='lat' dir='ltr'><strong>totiusque</strong></span> <span class='ocrx_word' id='word_1_16' title='bbox 1257 463 1420 517; x_wconf 63' lang='lat' dir='ltr'><strong>Italiae</strong></span> <span class='ocrx_word' id='word_1_17' title='bbox 1461 461 1714 513; x_wconf 89' lang='lat' dir='ltr'><strong>horreum</strong></span> <span class='ocrx_word' id='word_1_18' title='bbox 1771 461 1887 507; x_wconf 88' lang='lat' dir='ltr'><strong>erat</strong></span> <span class='ocrx_word' id='word_1_19' title='bbox 1931 450 2106 504; x_wconf 67' lang='lat' dir='ltr'><strong>Sicilia</strong></span> <span class='ocrx_word' id='word_1_20' title='bbox 2132 488 2148 514; x_wconf 94' lang='lat'><strong>,</strong></span> <span class='ocrx_word' id='word_1_21' title='bbox 2183 452 2230 511; x_wconf 80' lang='grc' dir='ltr'><strong>Α</strong></span> <span class='ocrx_word' id='word_1_22' title='bbox 2256 452 2539 518; x_wconf 86' lang='lat' dir='ltr'><strong>episcopos</strong></span> <span class='ocrx_word' id='word_1_23' title='bbox 2568 447 2687 501; x_wconf 89' lang='lat' dir='ltr'><strong>illos</strong></span> <span class='ocrx_word' id='word_1_24' title='bbox 2728 453 2783 498; x_wconf 91' lang='lat' dir='ltr'><strong>ut</strong></span> <span class='ocrx_word' id='word_1_25' title='bbox 2827 445 3017 499; x_wconf 84' lang='lat' dir='ltr'><strong>fratres</strong></span> <span class='ocrx_word' id='word_1_26' title='bbox 3064 453 3119 498; x_wconf 91' lang='lat' dir='ltr'><strong>ct</strong></span> <span class='ocrx_word' id='word_1_27' title='bbox 3164 444 3525 514; x_wconf 65' lang='lat' dir='ltr'><strong>(‘OOPiSCOpOS</strong></span> <span class='ocrx_word' id='word_1_28' title='bbox 3574 459 3699 499; x_wconf 81' lang='lat' dir='ltr'><strong>suos</strong></span> <span class='ocrx_word' id='word_1_29' title='bbox 3739 448 3823 503; x_wconf 87' lang='lat' dir='ltr'><strong>sibi</strong></span> 
     </span>
    </p>
   </div>
   <div class='ocr_carea' id='block_1_5' title="bbox 564 538 2148 628">
    <p class='ocr_par' dir='ltr' id='par_1_5' title="bbox 564 538 2148 628">
     <span class='ocr_line' id='line_1_5' title="bbox 564 538 2148 628; baseline -0.016 -13"><span class='ocrx_word' id='word_1_30' title='bbox 564 558 796 628; x_wconf 76' lang='lat' dir='ltr'><strong>indeque</strong></span> <span class='ocrx_word' id='word_1_31' title='bbox 824 556 1085 612; x_wconf 64' lang='lat' dir='ltr'><strong>frumen&#39;a</strong></span> <span class='ocrx_word' id='word_1_32' title='bbox 1114 552 1341 607; x_wconf 76' lang='lat' dir='ltr'><strong>Romam</strong></span> <span class='ocrx_word' id='word_1_33' title='bbox 1371 546 1737 604; x_wconf 73' lang='lat' dir='ltr'><strong>transmittere</strong></span> <span class='ocrx_word' id='word_1_34' title='bbox 1767 556 1931 612; x_wconf 83' lang='lat' dir='ltr'>penes</span> <span class='ocrx_word' id='word_1_35' title='bbox 1963 538 2148 593; x_wconf 81' lang='lat' dir='ltr'><strong>insul-.e</strong></span> 
     </span>
    </p>
   </div>
   <div class='ocr_carea' id='block_1_6' title="bbox 561 631 2150 722">
    <p class='ocr_par' dir='ltr' id='par_1_6' title="bbox 561 631 2150 722">
     <span class='ocr_line' id='line_1_6' title="bbox 561 631 2150 722; baseline -0.014 -16"><span class='ocrx_word' id='word_1_36' title='bbox 561 661 851 722; x_wconf 67' lang='lat' dir='ltr'><strong>prmtorem</strong></span> <span class='ocrx_word' id='word_1_37' title='bbox 882 656 1014 702; x_wconf 87' lang='lat' dir='ltr'><strong>erat.</strong></span> <span class='ocrx_word' id='word_1_38' title='bbox 1052 645 1416 714; x_wconf 81' lang='lat' dir='ltr'><strong>Magistratum</strong></span> <span class='ocrx_word' id='word_1_39' title='bbox 1456 640 1600 694; x_wconf 86' lang='lat' dir='ltr'><strong>hunc</strong></span> <span class='ocrx_word' id='word_1_40' title='bbox 1643 634 1864 706; x_wconf 86' lang='lat' dir='ltr'><strong>gerebat</strong></span> <span class='ocrx_word' id='word_1_41' title='bbox 1908 631 2150 722; x_wconf 79' lang='lat' dir='ltr'><strong>Justinus</strong></span> 
     </span>
    </p>
   </div>
   <div class='ocr_carea' id='block_1_7' title="bbox 562 720 2150 810">
    <p class='ocr_par' dir='ltr' id='par_1_7' title="bbox 562 720 2150 810">
     <span class='ocr_line' id='line_1_7' title="bbox 562 720 2150 810; baseline -0.016 -12"><span class='ocrx_word' id='word_1_42' title='bbox 562 720 806 810; x_wconf 81' lang='lat' dir='ltr'><strong>Gregorii</strong></span> <span class='ocrx_word' id='word_1_43' title='bbox 825 737 1114 799; x_wconf 83' lang='lat' dir='ltr'><strong>familiaris,</strong></span> <span class='ocrx_word' id='word_1_44' title='bbox 1131 748 1290 801; x_wconf 83' lang='lat' dir='ltr'><strong>quem</strong></span> <span class='ocrx_word' id='word_1_45' title='bbox 1308 731 1487 786; x_wconf 92' lang='lat' dir='ltr'><strong>statim</strong></span> <span class='ocrx_word' id='word_1_46' title='bbox 1505 744 1568 783; x_wconf 91' lang='lat' dir='ltr'><strong>ac</strong></span> <span class='ocrx_word' id='word_1_47' title='bbox 1584 725 1955 797; x_wconf 77' lang='lat' dir='ltr'><strong>pontificatum</strong></span> <span class='ocrx_word' id='word_1_48' title='bbox 1978 720 2150 789; x_wconf 84' lang='lat' dir='ltr'><strong>auspi-</strong></span> 
     </span>
    </p>
   </div>
   <div class='ocr_carea' id='block_1_8' title="bbox 564 812 2151 894">
    <p class='ocr_par' dir='ltr' id='par_1_8' title="bbox 564 812 2151 894">
     <span class='ocr_line' id='line_1_8' title="bbox 564 812 2151 894; baseline -0.013 -8"><span class='ocrx_word' id='word_1_49' title='bbox 564 840 718 886; x_wconf 84' lang='lat' dir='ltr'><strong>catus</strong></span> <span class='ocrx_word' id='word_1_50' title='bbox 741 838 840 891; x_wconf 90' lang='lat' dir='ltr'><strong>est,</strong></span> <span class='ocrx_word' id='word_1_51' title='bbox 860 827 1065 894; x_wconf 84' lang='lat' dir='ltr'><strong>rogavit</strong></span> <span class='ocrx_word' id='word_1_52' title='bbox 1089 833 1145 879; x_wconf 88' lang='lat' dir='ltr'><strong>ut</strong></span> <span class='ocrx_word' id='word_1_53' title='bbox 1165 824 1402 878; x_wconf 78' lang='lat' dir='ltr'><strong>debitam</strong></span> <span class='ocrx_word' id='word_1_54' title='bbox 1423 830 1476 877; x_wconf 89' lang='lat' dir='ltr'><strong>et</strong></span> <span class='ocrx_word' id='word_1_55' title='bbox 1497 820 1748 875; x_wconf 88' lang='lat' dir='ltr'><strong>indictam</strong></span> <span class='ocrx_word' id='word_1_56' title='bbox 1784 812 2033 869; x_wconf 82' lang='lat' dir='ltr'><strong>frumenti</strong></span> <span class='ocrx_word' id='word_1_57' title='bbox 2058 827 2151 867; x_wconf 83' lang='lat' dir='ltr'><strong>co-</strong></span> 
     </span>
    </p>
   </div>
   <div class='ocr_carea' id='block_1_9' title="bbox 565 902 2153 988">
    <p class='ocr_par' dir='ltr' id='par_1_9' title="bbox 565 902 2153 988">
     <span class='ocr_line' id='line_1_9' title="bbox 565 902 2153 988; baseline -0.012 -15"><span class='ocrx_word' id='word_1_58' title='bbox 565 922 706 988; x_wconf 83' lang='lat' dir='ltr'><strong>piam</strong></span> <span class='ocrx_word' id='word_1_59' title='bbox 730 920 779 972; x_wconf 86' lang='lat' dir='ltr'><strong>ia</strong></span> <span class='ocrx_word' id='word_1_60' title='bbox 806 916 999 971; x_wconf 81' lang='lat' dir='ltr'><strong>Urbem</strong></span> <span class='ocrx_word' id='word_1_61' title='bbox 1025 926 1057 969; x_wconf 14' lang='lat' dir='ltr'><strong>tu</strong></span> <span class='ocrx_word' id='word_1_62' title='bbox 1077 914 1300 970; x_wconf 72' lang='lat' dir='ltr'><strong>ansvchi</strong></span> <span class='ocrx_word' id='word_1_63' title='bbox 1333 920 1584 977; x_wconf 83' lang='lat' dir='ltr'><strong>curaret,</strong></span> <span class='ocrx_word' id='word_1_64' title='bbox 1614 925 1680 964; x_wconf 89' lang='lat' dir='ltr'><strong>ne</strong></span> <span class='ocrx_word' id='word_1_65' title='bbox 1711 905 1963 961; x_wconf 86' lang='lat' dir='ltr'><strong>interitus</strong></span> <span class='ocrx_word' id='word_1_66' title='bbox 1988 902 2153 957; x_wconf 88' lang='lat' dir='ltr'><strong>totius</strong></span> 
     </span>
    </p>
   </div>
   <div class='ocr_carea' id='block_1_10' title="bbox 564 994 2151 1079">
    <p class='ocr_par' dir='ltr' id='par_1_10' title="bbox 564 994 2151 1079">
     <span class='ocr_line' id='line_1_10' title="bbox 564 994 2151 1079; baseline -0.011 -13"><span class='ocrx_word' id='word_1_67' title='bbox 564 1009 747 1079; x_wconf 86' lang='lat' dir='ltr'><strong>pepuli</strong></span> <span class='ocrx_word' id='word_1_68' title='bbox 768 1009 995 1063; x_wconf 82' lang='lat' dir='ltr'><strong>Romani</strong></span> <span class='ocrx_word' id='word_1_69' title='bbox 1015 1024 1136 1063; x_wconf 91' lang='lat' dir='ltr'><strong>reus</strong></span> <span class='ocrx_word' id='word_1_70' title='bbox 1160 1006 1332 1066; x_wconf 81' lang='lat' dir='ltr'><strong>fieret,</strong></span> <span class='ocrx_word' id='word_1_71' title='bbox 1349 1005 1401 1058; x_wconf 91' lang='lat' dir='ltr'><strong>id</strong></span> <span class='ocrx_word' id='word_1_72' title='bbox 1420 1004 1594 1057; x_wconf 88' lang='lat' dir='ltr'><strong>minus</strong></span> <span class='ocrx_word' id='word_1_73' title='bbox 1613 1010 1832 1054; x_wconf 75' lang='lat' dir='ltr'><strong>strenue</strong></span> <span class='ocrx_word' id='word_1_74' title='bbox 1850 994 2151 1067; x_wconf 87' lang='lat' dir='ltr'><strong>imp&#39;endo;</strong></span> 
     </span>
    </p>
   </div>
   <div class='ocr_carea' id='block_1_11' title="bbox 564 1088 2151 1170">
    <p class='ocr_par' dir='ltr' id='par_1_11' title="bbox 564 1088 2151 1170">
     <span class='ocr_line' id='line_1_11' title="bbox 564 1088 2151 1170; baseline -0.009 -17"><span class='ocrx_word' id='word_1_75' title='bbox 564 1101 830 1170; x_wconf 66' lang='lat' dir='ltr'><strong>simulque</strong></span> <span class='ocrx_word' id='word_1_76' title='bbox 859 1097 1021 1153; x_wconf 79' lang='lat' dir='ltr'><strong>cilicii</strong></span> <span class='ocrx_word' id='word_1_77' title='bbox 1053 1099 1135 1153; x_wconf 90' lang='lat' dir='ltr'><strong>sui</strong></span> <span class='ocrx_word' id='word_1_78' title='bbox 1164 1113 1285 1151; x_wconf 90' lang='lat' dir='ltr'><strong>eum</strong></span> <span class='ocrx_word' id='word_1_79' title='bbox 1317 1095 1598 1149; x_wconf 83' lang='lat' dir='ltr'><strong>admonuit</strong></span> <span class='ocrx_word' id='word_1_80' title='bbox 1629 1111 1641 1146; x_wconf 84' lang='lat'><strong>:</strong></span> <span class='ocrx_word' id='word_1_81' title='bbox 1676 1091 1839 1146; x_wconf 84' lang='lat' dir='ltr'><strong>Nulla</strong></span> <span class='ocrx_word' id='word_1_82' title='bbox 1869 1106 1957 1144; x_wconf 85' lang='lat' dir='ltr'><strong>ros</strong></span> <span class='ocrx_word' id='word_1_83' title='bbox 1987 1088 2151 1151; x_wconf 87' lang='lat' dir='ltr'><strong>lucra,</strong></span> 
     </span>
    </p>
   </div>
   <div class='ocr_carea' id='block_1_12' title="bbox 565 1178 2157 1258">
    <p class='ocr_par' dir='ltr' id='par_1_12' title="bbox 565 1178 2157 1258">
     <span class='ocr_line' id='line_1_12' title="bbox 565 1178 2157 1258; baseline -0.008 -15"><span class='ocrx_word' id='word_1_84' title='bbox 565 1189 759 1258; x_wconf 81' lang='lat' dir='ltr'><strong>inquit,</strong></span> <span class='ocrx_word' id='word_1_85' title='bbox 791 1196 858 1242; x_wconf 82' lang='lat' dir='ltr'><strong>ad</strong></span> <span class='ocrx_word' id='word_1_86' title='bbox 893 1187 1205 1258; x_wconf 84' lang='lat' dir='ltr'><strong>injustitiam</strong></span> <span class='ocrx_word' id='word_1_87' title='bbox 1251 1184 1577 1256; x_wconf 82' lang='lat' dir='ltr'><strong>pertrahunt.</strong></span> <span class='ocrx_word' id='word_1_88' title='bbox 1628 1180 1841 1235; x_wconf 77' lang='lat' dir='ltr'><strong>Nullius</strong></span> <span class='ocrx_word' id='word_1_89' title='bbox 1882 1180 1959 1234; x_wconf 82' lang='lat' dir='ltr'><strong>vel</strong></span> <span class='ocrx_word' id='word_1_90' title='bbox 2002 1178 2157 1231; x_wconf 75' lang='lat' dir='ltr'><strong>mina:</strong></span> 
     </span>
    </p>
   </div>
   <div class='ocr_carea' id='block_1_13' title="bbox 566 1262 2154 1341">
    <p class='ocr_par' dir='ltr' id='par_1_13' title="bbox 566 1262 2154 1341">
     <span class='ocr_line' id='line_1_13' title="bbox 566 1262 2154 1341; baseline -0.011 -6"><span class='ocrx_word' id='word_1_91' title='bbox 566 1282 647 1335; x_wconf 77' lang='lat' dir='ltr'><strong>vel</strong></span> <span class='ocrx_word' id='word_1_92' title='bbox 692 1280 937 1333; x_wconf 78' lang='lat' dir='ltr'><strong>amicitia:</strong></span> <span class='ocrx_word' id='word_1_93' title='bbox 966 1277 1029 1331; x_wconf 89' lang='lat' dir='ltr'><strong>ab</strong></span> <span class='ocrx_word' id='word_1_94' title='bbox 1062 1280 1241 1331; x_wconf 87' lang='lat' dir='ltr'><strong>itinere</strong></span> <span class='ocrx_word' id='word_1_95' title='bbox 1271 1275 1594 1329; x_wconf 77' lang='lat' dir='ltr'><strong>rectitudinis</strong></span> <span class='ocrx_word' id='word_1_96' title='bbox 1643 1274 1934 1341; x_wconf 84' lang='lat' dir='ltr'><strong>deﬂectunt.</strong></span> <span class='ocrx_word' id='word_1_97' title='bbox 1989 1262 2154 1331; x_wconf 85' lang='lat' dir='ltr'><strong>Quam</strong></span> 
     </span>
    </p>
   </div>
   <div class='ocr_carea' id='block_1_14' title="bbox 569 1360 2156 1442">
    <p class='ocr_par' dir='ltr' id='par_1_14' title="bbox 569 1360 2156 1442">
     <span class='ocr_line' id='line_1_14' title="bbox 569 1360 2156 1442; baseline -0.009 -15"><span class='ocrx_word' id='word_1_98' title='bbox 569 1374 637 1427; x_wconf 81' lang='lat' dir='ltr'><strong>sit</strong></span> <span class='ocrx_word' id='word_1_99' title='bbox 665 1374 766 1427; x_wconf 80' lang='lat' dir='ltr'><strong>vita</strong></span> <span class='ocrx_word' id='word_1_100' title='bbox 797 1371 958 1427; x_wconf 81' lang='lat' dir='ltr'><strong>brevis</strong></span> <span class='ocrx_word' id='word_1_101' title='bbox 983 1372 1215 1442; x_wconf 78' lang='lat' dir='ltr'><strong>aspicite.</strong></span> <span class='ocrx_word' id='word_1_102' title='bbox 1248 1369 1329 1421; x_wconf 85' lang='lat' dir='ltr'><strong>Ad</strong></span> <span class='ocrx_word' id='word_1_103' title='bbox 1356 1385 1502 1440; x_wconf 82' lang='lat' dir='ltr'><strong>quem</strong></span> <span class='ocrx_word' id='word_1_104' title='bbox 1541 1366 1847 1437; x_wconf 83' lang='lat' dir='ltr'><strong>quandoque</strong></span> <span class='ocrx_word' id='word_1_105' title='bbox 1884 1363 2006 1416; x_wconf 88' lang='lat' dir='ltr'><strong>ituri</strong></span> <span class='ocrx_word' id='word_1_106' title='bbox 2035 1360 2156 1413; x_wconf 82' lang='lat' dir='ltr'><strong>estis</strong></span> 
     </span>
    </p>
   </div>
   <div class='ocr_carea' id='block_1_15' title="bbox 569 1452 2157 1535">
    <p class='ocr_par' dir='ltr' id='par_1_15' title="bbox 569 1452 2157 1535">
     <span class='ocr_line' id='line_1_15' title="bbox 569 1452 2157 1535; baseline -0.009 -18"><span class='ocrx_word' id='word_1_107' title='bbox 569 1462 826 1528; x_wconf 80' lang='lat' dir='ltr'><strong>Judicem,</strong></span> <span class='ocrx_word' id='word_1_108' title='bbox 860 1464 944 1535; x_wconf 81' lang='lat' dir='ltr'><strong>qui</strong></span> <span class='ocrx_word' id='word_1_109' title='bbox 978 1462 1318 1533; x_wconf 80' lang='lat' dir='ltr'><strong>judiciariam</strong></span> <span class='ocrx_word' id='word_1_110' title='bbox 1358 1467 1663 1529; x_wconf 81' lang='lat' dir='ltr'><strong>potestatem</strong></span> <span class='ocrx_word' id='word_1_111' title='bbox 1705 1455 1903 1525; x_wconf 77' lang='lat' dir='ltr'><strong>geritis,</strong></span> <span class='ocrx_word' id='word_1_112' title='bbox 1936 1452 2157 1521; x_wconf 79' lang='lat' dir='ltr'><strong>cogitate</strong></span> 
     </span>
    </p>
   </div>
   <div class='ocr_carea' id='block_1_16' title="bbox 574 1542 2154 1627">
    <p class='ocr_par' dir='ltr' id='par_1_16' title="bbox 574 1542 2154 1627">
     <span class='ocr_line' id='line_1_16' title="bbox 574 1542 2154 1627; baseline -0.008 -20"><span class='ocrx_word' id='word_1_113' title='bbox 574 1554 721 1627; x_wconf 88' lang='lat' dir='ltr'><strong>(Lib.</strong></span> <span class='ocrx_word' id='word_1_114' title='bbox 756 1571 810 1620; x_wconf 91' lang='grc' dir='ltr'><strong>ιι,</strong></span> <span class='ocrx_word' id='word_1_115' title='bbox 842 1571 920 1623; x_wconf 82' lang='lat' dir='ltr'><strong>ep.</strong></span> <span class='ocrx_word' id='word_1_116' title='bbox 955 1553 1042 1621; x_wconf 70' lang='lat'><strong>2).</strong></span> <span class='ocrx_word' id='word_1_117' title='bbox 1078 1552 1261 1619; x_wconf 78' lang='lat' dir='ltr'><strong>Neque</strong></span> <span class='ocrx_word' id='word_1_118' title='bbox 1292 1551 1436 1604; x_wconf 89' lang='lat' dir='ltr'><strong>enim</strong></span> <span class='ocrx_word' id='word_1_119' title='bbox 1466 1549 1645 1602; x_wconf 83' lang='lat' dir='ltr'><strong>verbis</strong></span> <span class='ocrx_word' id='word_1_120' title='bbox 1685 1544 1998 1600; x_wconf 84' lang='lat' dir='ltr'><strong>adulatoriis</strong></span> <span class='ocrx_word' id='word_1_121' title='bbox 2023 1542 2154 1596; x_wconf 84' lang='lat' dir='ltr'><strong>ami-</strong></span> 
     </span>
    </p>
   </div>
   <div class='ocr_carea' id='block_1_17' title="bbox 567 1628 2160 1711">
    <p class='ocr_par' dir='ltr' id='par_1_17' title="bbox 567 1628 2160 1711">
     <span class='ocr_line' id='line_1_17' title="bbox 567 1628 2160 1711; baseline -0.008 -14"><span class='ocrx_word' id='word_1_122' title='bbox 567 1658 662 1697; x_wconf 90' lang='lat' dir='ltr'><strong>cos</strong></span> <span class='ocrx_word' id='word_1_123' title='bbox 705 1642 923 1711; x_wconf 88' lang='lat' dir='ltr'><strong>palpare</strong></span> <span class='ocrx_word' id='word_1_124' title='bbox 961 1645 1333 1694; x_wconf 73' lang='lat' dir='ltr'><strong>consueverat.</strong></span> <span class='ocrx_word' id='word_1_125' title='bbox 1381 1636 1640 1691; x_wconf 81' lang='lat' dir='ltr'><strong>Eumdem</strong></span> <span class='ocrx_word' id='word_1_126' title='bbox 1687 1628 1936 1689; x_wconf 81' lang='lat' dir='ltr'><strong>hortatus</strong></span> <span class='ocrx_word' id='word_1_127' title='bbox 1975 1639 2059 1687; x_wconf 90' lang='lat' dir='ltr'><strong>est</strong></span> <span class='ocrx_word' id='word_1_128' title='bbox 2100 1639 2160 1685; x_wconf 93' lang='lat' dir='ltr'><strong>ut</strong></span> 
     </span>
    </p>
   </div>
   <div class='ocr_carea' id='block_1_18' title="bbox 568 1724 2157 1787">
    <p class='ocr_par' dir='ltr' id='par_1_18' title="bbox 568 1724 2157 1787">
     <span class='ocr_line' id='line_1_18' title="bbox 568 1724 2157 1787; baseline -0.005 0"><span class='ocrx_word' id='word_1_129' title='bbox 568 1734 635 1787; x_wconf 85' lang='lat' dir='ltr'><strong>ab</strong></span> <span class='ocrx_word' id='word_1_130' title='bbox 657 1733 801 1787; x_wconf 91' lang='lat' dir='ltr'><strong>omni</strong></span> <span class='ocrx_word' id='word_1_131' title='bbox 831 1732 1087 1785; x_wconf 84' lang='lat' dir='ltr'><strong>adversus</strong></span> <span class='ocrx_word' id='word_1_132' title='bbox 1112 1729 1490 1784; x_wconf 82' lang='lat' dir='ltr'><strong>ecclesiasticos</strong></span> <span class='ocrx_word' id='word_1_133' title='bbox 1523 1746 1541 1779; x_wconf 83' lang='lat'><strong><em>\</em></strong></span> <span class='ocrx_word' id='word_1_134' title='bbox 1558 1729 1666 1782; x_wconf 88' lang='lat' dir='ltr'><strong>iros</strong></span> <span class='ocrx_word' id='word_1_135' title='bbox 1689 1727 1965 1782; x_wconf 85' lang='lat' dir='ltr'><strong>simultate</strong></span> <span class='ocrx_word' id='word_1_136' title='bbox 1988 1724 2157 1780; x_wconf 89' lang='lat' dir='ltr'><strong>absti-</strong></span> 
     </span>
    </p>
   </div>
   <div class='ocr_carea' id='block_1_19' title="bbox 2252 534 3825 603">
    <p class='ocr_par' dir='ltr' id='par_1_19' title="bbox 2252 534 3825 603">
     <span class='ocr_line' id='line_1_19' title="bbox 2252 534 3825 603; baseline -0.002 -9"><span class='ocrx_word' id='word_1_137' title='bbox 2252 539 2593 594; x_wconf 90' lang='lat' dir='ltr'><strong>convicturos</strong></span> <span class='ocrx_word' id='word_1_138' title='bbox 2622 537 2894 591; x_wconf 84' lang='lat' dir='ltr'><strong>sociarent</strong></span> <span class='ocrx_word' id='word_1_139' title='bbox 2924 578 2937 598; x_wconf 86' lang='lat'><strong>,</strong></span> <span class='ocrx_word' id='word_1_140' title='bbox 2979 549 3278 603; x_wconf 86' lang='lat' dir='ltr'><strong>eorumque</strong></span> <span class='ocrx_word' id='word_1_141' title='bbox 3312 534 3551 603; x_wconf 85' lang='lat' dir='ltr'><strong>inopiam</strong></span> <span class='ocrx_word' id='word_1_142' title='bbox 3601 537 3825 592; x_wconf 74' lang='lat' dir='ltr'><strong>subiera-</strong></span> 
     </span>
    </p>
   </div>
   <div class='ocr_carea' id='block_1_20' title="bbox 2253 625 3828 699">
    <p class='ocr_par' dir='ltr' id='par_1_20' title="bbox 2253 625 3828 699">
     <span class='ocr_line' id='line_1_20' title="bbox 2253 625 3828 699; baseline -0.001 -14"><span class='ocrx_word' id='word_1_143' title='bbox 2253 640 2390 686; x_wconf 84' lang='lat' dir='ltr'><strong>rent.</strong></span> <span class='ocrx_word' id='word_1_144' title='bbox 2426 630 2651 699; x_wconf 80' lang='lat' dir='ltr'><strong>Aliquos</strong></span> <span class='ocrx_word' id='word_1_145' title='bbox 2675 628 2836 683; x_wconf 90' lang='lat' dir='ltr'><strong>etiam</strong></span> <span class='ocrx_word' id='word_1_146' title='bbox 2862 627 3147 697; x_wconf 86' lang='lat' dir='ltr'><strong>episcopos</strong></span> <span class='ocrx_word' id='word_1_147' title='bbox 3175 628 3285 680; x_wconf 87' lang='lat' dir='ltr'><strong>sn&#39;s</strong></span> <span class='ocrx_word' id='word_1_148' title='bbox 3308 627 3552 681; x_wconf 85' lang='lat' dir='ltr'><strong>ccclesiis</strong></span> <span class='ocrx_word' id='word_1_149' title='bbox 3576 625 3828 697; x_wconf 77' lang='lat' dir='ltr'><strong>depulsos,</strong></span> 
     </span>
    </p>
   </div>
   <div class='ocr_carea' id='block_1_21' title="bbox 2254 715 3830 788">
    <p class='ocr_par' dir='ltr' id='par_1_21' title="bbox 2254 715 3830 788">
     <span class='ocr_line' id='line_1_21' title="bbox 2254 715 3830 788; baseline -0.002 -13"><span class='ocrx_word' id='word_1_150' title='bbox 2254 720 2389 776; x_wconf 66' lang='lat' dir='ltr'><strong>alios</strong></span> <span class='ocrx_word' id='word_1_151' title='bbox 2426 719 2495 773; x_wconf 90' lang='lat' dir='ltr'><strong>ad</strong></span> <span class='ocrx_word' id='word_1_152' title='bbox 2523 718 2868 788; x_wconf 89' lang='lat' dir='ltr'><strong>episc0patus</strong></span> <span class='ocrx_word' id='word_1_153' title='bbox 2899 715 3192 780; x_wconf 88' lang='lat' dir='ltr'><strong>transtulit,</strong></span> <span class='ocrx_word' id='word_1_154' title='bbox 3226 723 3285 768; x_wconf 90' lang='lat' dir='ltr'><strong>ut</strong></span> <span class='ocrx_word' id='word_1_155' title='bbox 3326 723 3473 784; x_wconf 88' lang='lat' dir='ltr'><strong>patet</strong></span> <span class='ocrx_word' id='word_1_156' title='bbox 3504 731 3573 768; x_wconf 79' lang='lat' dir='ltr'><strong>ex</strong></span> <span class='ocrx_word' id='word_1_157' title='bbox 3617 716 3830 785; x_wconf 75' lang='lat' dir='ltr'><strong>pluribus</strong></span> 
     </span>
    </p>
   </div>
   <div class='ocr_carea' id='block_1_22' title="bbox 2256 807 3832 884">
    <p class='ocr_par' dir='ltr' id='par_1_22' title="bbox 2256 807 3832 884">
     <span class='ocr_line' id='line_1_22' title="bbox 2256 807 3832 884; baseline 0 -19"><span class='ocrx_word' id='word_1_158' title='bbox 2256 815 2372 884; x_wconf 79' lang='lat' dir='ltr'><strong>ejus</strong></span> <span class='ocrx_word' id='word_1_159' title='bbox 2400 811 2663 883; x_wconf 85' lang='lat' dir='ltr'><strong>epistolis.</strong></span> <span class='ocrx_word' id='word_1_160' title='bbox 2690 809 3079 865; x_wconf 88' lang='lat' dir='ltr'><strong>Observatione</strong></span> <span class='ocrx_word' id='word_1_161' title='bbox 3109 808 3325 875; x_wconf 89' lang='lat' dir='ltr'><strong>dignum</strong></span> <span class='ocrx_word' id='word_1_162' title='bbox 3369 816 3453 861; x_wconf 93' lang='lat' dir='ltr'><strong>est</strong></span> <span class='ocrx_word' id='word_1_163' title='bbox 3483 808 3628 876; x_wconf 87' lang='lat' dir='ltr'><strong>quod</strong></span> <span class='ocrx_word' id='word_1_164' title='bbox 3660 807 3832 876; x_wconf 81' lang='lat' dir='ltr'><strong>legitur</strong></span> 
     </span>
    </p>
   </div>
   <div class='ocr_carea' id='block_1_23' title="bbox 2256 899 3832 971">
    <p class='ocr_par' dir='ltr' id='par_1_23' title="bbox 2256 899 3832 971">
     <span class='ocr_line' id='line_1_23' title="bbox 2256 899 3832 971; baseline -0.004 -10"><span class='ocrx_word' id='word_1_165' title='bbox 2256 907 2323 961; x_wconf 90' lang='lat' dir='ltr'><strong>de</strong></span> <span class='ocrx_word' id='word_1_166' title='bbox 2350 914 2374 944; x_wconf 75' lang='grc' dir='ltr'>α</span> <span class='ocrx_word' id='word_1_167' title='bbox 2406 903 2595 969; x_wconf 86' lang='lat' dir='ltr'><strong>Paulo,</strong></span> <span class='ocrx_word' id='word_1_168' title='bbox 2624 901 2893 971; x_wconf 87' lang='lat' dir='ltr'><strong>Nepesino</strong></span> <span class='ocrx_word' id='word_1_169' title='bbox 2921 900 3203 970; x_wconf 86' lang='lat' dir='ltr'><strong>episcopo,</strong></span> <span class='ocrx_word' id='word_1_170' title='bbox 3236 914 3397 968; x_wconf 88' lang='lat' dir='ltr'><strong>quem</strong></span> <span class='ocrx_word' id='word_1_171' title='bbox 3427 899 3832 968; x_wconf 68' lang='lat' dir='ltr'><strong>sapientissimus</strong></span> 
     </span>
    </p>
   </div>
   <div class='ocr_carea' id='block_1_24' title="bbox 2257 988 3832 1068">
    <p class='ocr_par' dir='ltr' id='par_1_24' title="bbox 2257 988 3832 1068">
     <span class='ocr_line' id='line_1_24' title="bbox 2257 988 3832 1068; baseline -0.004 -18"><span class='ocrx_word' id='word_1_172' title='bbox 2257 1012 2396 1068; x_wconf 87' lang='lat' dir='ltr'><strong>papa</strong></span> <span class='ocrx_word' id='word_1_173' title='bbox 2437 995 2770 1049; x_wconf 82' lang='lat' dir='ltr'><strong>visitatorem</strong></span> <span class='ocrx_word' id='word_1_174' title='bbox 2801 999 2855 1045; x_wconf 91' lang='lat' dir='ltr'><strong>et</strong></span> <span class='ocrx_word' id='word_1_175' title='bbox 2884 990 3378 1044; x_wconf 88' lang='lat' dir='ltr'><strong>administratorem</strong></span> <span class='ocrx_word' id='word_1_176' title='bbox 3426 988 3682 1044; x_wconf 76' lang='lat' dir='ltr'><strong>Ecclesia:</strong></span> <span class='ocrx_word' id='word_1_177' title='bbox 3710 990 3832 1045; x_wconf 73' lang='lat' dir='ltr'><strong>Nea-</strong></span> 
     </span>
    </p>
   </div>
   <div class='ocr_carea' id='block_1_25' title="bbox 2257 1080 3832 1157">
    <p class='ocr_par' dir='ltr' id='par_1_25' title="bbox 2257 1080 3832 1157">
     <span class='ocr_line' id='line_1_25' title="bbox 2257 1080 3832 1157; baseline -0.005 -16"><span class='ocrx_word' id='word_1_178' title='bbox 2257 1088 2541 1157; x_wconf 70' lang='lat' dir='ltr'><strong>politanm,</strong></span> <span class='ocrx_word' id='word_1_179' title='bbox 2574 1084 2701 1139; x_wconf 85' lang='lat' dir='ltr'><strong>sede</strong></span> <span class='ocrx_word' id='word_1_180' title='bbox 2741 1090 2966 1137; x_wconf 89' lang='lat' dir='ltr'><strong>vacante</strong></span> <span class='ocrx_word' id='word_1_181' title='bbox 2989 1122 3003 1145; x_wconf 93' lang='lat'><strong>,</strong></span> <span class='ocrx_word' id='word_1_182' title='bbox 3038 1080 3425 1145; x_wconf 86' lang='lat' dir='ltr'><strong>constituerat,</strong></span> <span class='ocrx_word' id='word_1_183' title='bbox 3477 1080 3832 1134; x_wconf 81' lang='lat' dir='ltr'><strong>commendata</strong></span> 
     </span>
    </p>
   </div>
   <div class='ocr_carea' id='block_1_26' title="bbox 2260 1170 3835 1244">
    <p class='ocr_par' dir='ltr' id='par_1_26' title="bbox 2260 1170 3835 1244">
     <span class='ocr_line' id='line_1_26' title="bbox 2260 1170 3835 1244; baseline -0.004 -13"><span class='ocrx_word' id='word_1_184' title='bbox 2260 1177 2513 1233; x_wconf 68' lang='lat' dir='ltr'><strong>Ecclesia:</strong></span> <span class='ocrx_word' id='word_1_185' title='bbox 2544 1174 2822 1244; x_wconf 68' lang='lat' dir='ltr'><strong>Nepesiazc</strong></span> <span class='ocrx_word' id='word_1_186' title='bbox 2864 1172 3177 1226; x_wconf 86' lang='lat' dir='ltr'><strong>visitatione</strong></span> <span class='ocrx_word' id='word_1_187' title='bbox 3205 1180 3259 1225; x_wconf 90' lang='lat' dir='ltr'><strong>ct</strong></span> <span class='ocrx_word' id='word_1_188' title='bbox 3287 1187 3416 1226; x_wconf 88' lang='lat' dir='ltr'><strong>cura</strong></span> <span class='ocrx_word' id='word_1_189' title='bbox 3466 1170 3660 1226; x_wconf 82' lang='lat' dir='ltr'><strong>Joanni</strong></span> <span class='ocrx_word' id='word_1_190' title='bbox 3710 1174 3835 1241; x_wconf 79' lang='lat' dir='ltr'><strong>epis-</strong></span> 
     </span>
    </p>
   </div>
   <div class='ocr_carea' id='block_1_27' title="bbox 2258 1259 3836 1337">
    <p class='ocr_par' dir='ltr' id='par_1_27' title="bbox 2258 1259 3836 1337">
     <span class='ocr_line' id='line_1_27' title="bbox 2258 1259 3836 1337; baseline -0.004 -15"><span class='ocrx_word' id='word_1_191' title='bbox 2258 1282 2417 1337; x_wconf 91' lang='lat' dir='ltr'><strong>copo,</strong></span> <span class='ocrx_word' id='word_1_192' title='bbox 2441 1265 2675 1320; x_wconf 77' lang='lat' dir='ltr'><strong>maxime</strong></span> <span class='ocrx_word' id='word_1_193' title='bbox 2707 1272 2763 1317; x_wconf 92' lang='lat' dir='ltr'><strong>ut</strong></span> <span class='ocrx_word' id='word_1_194' title='bbox 2790 1263 2842 1317; x_wconf 89' lang='lat' dir='ltr'><strong>in</strong></span> <span class='ocrx_word' id='word_1_195' title='bbox 2873 1261 3202 1317; x_wconf 77' lang='lat' dir='ltr'><strong>solemnibus</strong></span> <span class='ocrx_word' id='word_1_196' title='bbox 3240 1259 3460 1315; x_wconf 70' lang='lat' dir='ltr'><strong>Pascha:</strong></span> <span class='ocrx_word' id='word_1_197' title='bbox 3488 1261 3675 1316; x_wconf 86' lang='lat' dir='ltr'><strong>diebus</strong></span> <span class='ocrx_word' id='word_1_198' title='bbox 3699 1277 3836 1316; x_wconf 84' lang='lat' dir='ltr'><strong>sacra</strong></span> 
     </span>
    </p>
   </div>
   <div class='ocr_carea' id='block_1_28' title="bbox 2259 1350 3835 1421">
    <p class='ocr_par' dir='ltr' id='par_1_28' title="bbox 2259 1350 3835 1421">
     <span class='ocr_line' id='line_1_28' title="bbox 2259 1350 3835 1421; baseline -0.002 -11"><span class='ocrx_word' id='word_1_199' title='bbox 2259 1356 2481 1410; x_wconf 88' lang='lat' dir='ltr'><strong>faceret.</strong></span> <span class='ocrx_word' id='word_1_200' title='bbox 2506 1354 2703 1407; x_wconf 85' lang='lat' dir='ltr'><strong>Paulus</strong></span> <span class='ocrx_word' id='word_1_201' title='bbox 2733 1353 2857 1406; x_wconf 89' lang='lat' dir='ltr'><strong>dum</strong></span> <span class='ocrx_word' id='word_1_202' title='bbox 2890 1350 3142 1406; x_wconf 87' lang='lat' dir='ltr'><strong>traditam</strong></span> <span class='ocrx_word' id='word_1_203' title='bbox 3176 1351 3277 1407; x_wconf 85' lang='lat' dir='ltr'><strong>sibi</strong></span> <span class='ocrx_word' id='word_1_204' title='bbox 3327 1352 3663 1421; x_wconf 82' lang='lat' dir='ltr'><strong>provinciam</strong></span> <span class='ocrx_word' id='word_1_205' title='bbox 3693 1367 3835 1407; x_wconf 80' lang='lat' dir='ltr'><strong>exse-</strong></span> 
     </span>
    </p>
   </div>
   <div class='ocr_carea' id='block_1_29' title="bbox 2260 1442 3837 1515">
    <p class='ocr_par' dir='ltr' id='par_1_29' title="bbox 2260 1442 3837 1515">
     <span class='ocr_line' id='line_1_29' title="bbox 2260 1442 3837 1515; baseline 0 -16"><span class='ocrx_word' id='word_1_206' title='bbox 2260 1454 2533 1515; x_wconf 75' lang='lat' dir='ltr'><strong>queretur,</strong></span> <span class='ocrx_word' id='word_1_207' title='bbox 2566 1444 2935 1515; x_wconf 78' lang='lat' dir='ltr'><strong>gravissimam</strong></span> <span class='ocrx_word' id='word_1_208' title='bbox 2962 1442 3211 1511; x_wconf 83' lang='lat' dir='ltr'><strong>injuriam</strong></span> <span class='ocrx_word' id='word_1_209' title='bbox 3251 1459 3442 1513; x_wconf 86' lang='lat' dir='ltr'><strong>passus</strong></span> <span class='ocrx_word' id='word_1_210' title='bbox 3470 1453 3553 1498; x_wconf 89' lang='lat' dir='ltr'><strong>est</strong></span> <span class='ocrx_word' id='word_1_211' title='bbox 3582 1444 3634 1497; x_wconf 84' lang='lat' dir='ltr'><strong>in</strong></span> <span class='ocrx_word' id='word_1_212' title='bbox 3663 1444 3837 1500; x_wconf 64' lang='grc' dir='ltr'><strong>(ἐπειιο</strong></span> 
     </span>
    </p>
   </div>
   <div class='ocr_carea' id='block_1_30' title="bbox 2261 1531 3839 1607">
    <p class='ocr_par' dir='ltr' id='par_1_30' title="bbox 2261 1531 3839 1607">
     <span class='ocr_line' id='line_1_30' title="bbox 2261 1531 3839 1607; baseline -0.001 -15"><span class='ocrx_word' id='word_1_213' title='bbox 2261 1537 2555 1592; x_wconf 80' lang='lat' dir='ltr'><strong>Lucullana</strong></span> <span class='ocrx_word' id='word_1_214' title='bbox 2604 1550 2773 1607; x_wconf 87' lang='lat' dir='ltr'><strong>prope</strong></span> <span class='ocrx_word' id='word_1_215' title='bbox 2814 1534 3117 1605; x_wconf 80' lang='lat' dir='ltr'><strong>N:apolim.</strong></span> <span class='ocrx_word' id='word_1_216' title='bbox 3168 1531 3301 1587; x_wconf 86' lang='lat' dir='ltr'><strong>Eum</strong></span> <span class='ocrx_word' id='word_1_217' title='bbox 3334 1532 3631 1601; x_wconf 81' lang='lat' dir='ltr'><strong>Gregorius</strong></span> <span class='ocrx_word' id='word_1_218' title='bbox 3662 1532 3839 1590; x_wconf 83' lang='lat' dir='ltr'><strong>litteris</strong></span> 
     </span>
    </p>
   </div>
   <div class='ocr_carea' id='block_1_31' title="bbox 2260 1623 3837 1693">
    <p class='ocr_par' dir='ltr' id='par_1_31' title="bbox 2260 1623 3837 1693">
     <span class='ocr_line' id='line_1_31' title="bbox 2260 1623 3837 1693; baseline -0.004 -9"><span class='ocrx_word' id='word_1_219' title='bbox 2260 1629 2566 1684; x_wconf 86' lang='lat' dir='ltr'><strong>consolatus</strong></span> <span class='ocrx_word' id='word_1_220' title='bbox 2604 1635 2716 1693; x_wconf 90' lang='lat' dir='ltr'><strong>est;</strong></span> <span class='ocrx_word' id='word_1_221' title='bbox 2761 1633 2912 1680; x_wconf 89' lang='lat' dir='ltr'><strong>etne</strong></span> <span class='ocrx_word' id='word_1_222' title='bbox 2941 1631 3150 1679; x_wconf 88' lang='lat' dir='ltr'><strong>tantum</strong></span> <span class='ocrx_word' id='word_1_223' title='bbox 3196 1623 3376 1679; x_wconf 87' lang='lat' dir='ltr'><strong>scelus</strong></span> <span class='ocrx_word' id='word_1_224' title='bbox 3423 1623 3652 1678; x_wconf 83' lang='lat' dir='ltr'><strong>inultum</strong></span> <span class='ocrx_word' id='word_1_225' title='bbox 3680 1639 3837 1678; x_wconf 52' lang='lat' dir='ltr'><strong>reuna.</strong></span> 
     </span>
    </p>
   </div>
   <div class='ocr_carea' id='block_1_32' title="bbox 2260 1704 3837 1789">
    <p class='ocr_par' dir='ltr' id='par_1_32' title="bbox 2260 1704 3837 1789">
     <span class='ocr_line' id='line_1_32' title="bbox 2260 1704 3837 1789; baseline -0.004 -13"><span class='ocrx_word' id='word_1_226' title='bbox 2260 1730 2451 1784; x_wconf 89' lang='lat' dir='ltr'><strong>neret,</strong></span> <span class='ocrx_word' id='word_1_227' title='bbox 2495 1719 2687 1775; x_wconf 71' lang='lat' dir='ltr'><strong>misitb</strong></span> <span class='ocrx_word' id='word_1_228' title='bbox 2718 1717 3074 1789; x_wconf 85' lang='lat' dir='ltr'><strong>Epiphanium</strong></span> <span class='ocrx_word' id='word_1_229' title='bbox 3114 1704 3505 1772; x_wconf 69' lang='lat' dir='ltr'><strong>subdiaconum</strong></span> <span class='ocrx_word' id='word_1_230' title='bbox 3534 1756 3551 1785; x_wconf 90' lang='lat'><strong>,</strong></span> <span class='ocrx_word' id='word_1_231' title='bbox 3596 1725 3655 1770; x_wconf 91' lang='lat' dir='ltr'><strong>ut</strong></span> <span class='ocrx_word' id='word_1_232' title='bbox 3698 1717 3837 1770; x_wconf 84' lang='lat' dir='ltr'><strong>simul</strong></span> 
     </span>
    </p>
   </div>
   <div class='ocr_carea' id='block_1_33' title="bbox 568 1809 3835 1892">
    <p class='ocr_par' dir='ltr' id='par_1_33' title="bbox 568 1809 3835 1892">
     <span class='ocr_line' id='line_1_33' title="bbox 568 1809 3835 1892; baseline -0.005 -14"><span class='ocrx_word' id='word_1_233' title='bbox 568 1832 753 1890; x_wconf 89' lang='lat' dir='ltr'><strong>nerct;</strong></span> <span class='ocrx_word' id='word_1_234' title='bbox 786 1823 1010 1892; x_wconf 86' lang='lat' dir='ltr'><strong>cupiens</strong></span> <span class='ocrx_word' id='word_1_235' title='bbox 1039 1822 1273 1875; x_wconf 77' lang='lat' dir='ltr'><strong>maxime</strong></span> <span class='ocrx_word' id='word_1_236' title='bbox 1311 1820 1654 1875; x_wconf 85' lang='lat' dir='ltr'><strong>concordiam</strong></span> <span class='ocrx_word' id='word_1_237' title='bbox 1696 1817 1880 1873; x_wconf 89' lang='lat' dir='ltr'><strong>fovere</strong></span> <span class='ocrx_word' id='word_1_238' title='bbox 1907 1818 2047 1872; x_wconf 89' lang='lat' dir='ltr'><strong>inter</strong></span> <span class='ocrx_word' id='word_1_239' title='bbox 2074 1832 2160 1872; x_wconf 87' lang='lat' dir='ltr'><strong>sa-</strong></span> <span class='ocrx_word' id='word_1_240' title='bbox 2192 1830 2237 1890; x_wconf 79' lang='grc' dir='ltr'><strong>Β</strong></span> <span class='ocrx_word' id='word_1_241' title='bbox 2263 1829 2383 1869; x_wconf 81' lang='lat' dir='ltr'><strong>cum</strong></span> <span class='ocrx_word' id='word_1_242' title='bbox 2409 1811 2716 1882; x_wconf 82' lang='lat' dir='ltr'><strong>Campania:</strong></span> <span class='ocrx_word' id='word_1_243' title='bbox 2754 1810 2935 1879; x_wconf 86' lang='lat' dir='ltr'><strong>judice</strong></span> <span class='ocrx_word' id='word_1_244' title='bbox 2961 1810 3029 1866; x_wconf 89' lang='lat' dir='ltr'><strong>de</strong></span> <span class='ocrx_word' id='word_1_245' title='bbox 3057 1817 3368 1882; x_wconf 84' lang='lat' dir='ltr'><strong>perpetrato</strong></span> <span class='ocrx_word' id='word_1_246' title='bbox 3410 1809 3647 1864; x_wconf 76' lang='lat' dir='ltr'><strong>facinore</strong></span> <span class='ocrx_word' id='word_1_247' title='bbox 3678 1810 3835 1879; x_wconf 61' lang='lat' dir='ltr'><strong>inqui.-</strong></span> 
     </span>
    </p>
   </div>
   <div class='ocr_carea' id='block_1_34' title="bbox 567 1909 2016 1982">
    <p class='ocr_par' dir='ltr' id='par_1_34' title="bbox 567 1909 2016 1982">
     <span class='ocr_line' id='line_1_34' title="bbox 567 1909 2016 1982; baseline -0.006 -12"><span class='ocrx_word' id='word_1_248' title='bbox 567 1915 868 1971; x_wconf 81' lang='lat' dir='ltr'><strong>cerdotium‘</strong></span> <span class='ocrx_word' id='word_1_249' title='bbox 901 1924 954 1968; x_wconf 90' lang='lat' dir='ltr'><strong>et</strong></span> <span class='ocrx_word' id='word_1_250' title='bbox 980 1913 1285 1982; x_wconf 81' lang='lat' dir='ltr'><strong>imperium,</strong></span> <span class='ocrx_word' id='word_1_251' title='bbox 1317 1926 1381 1965; x_wconf 90' lang='lat' dir='ltr'><strong>ac</strong></span> <span class='ocrx_word' id='word_1_252' title='bbox 1412 1911 1691 1979; x_wconf 86' lang='lat' dir='ltr'><strong>utriusque</strong></span> <span class='ocrx_word' id='word_1_253' title='bbox 1720 1909 2016 1963; x_wconf 88' lang='lat' dir='ltr'><strong>ministros.</strong></span> 
     </span>
    </p>
   </div>
   <div class='ocr_carea' id='block_1_35' title="bbox 641 1998 2159 2070">
    <p class='ocr_par' dir='ltr' id='par_1_35' title="bbox 641 1998 2159 2070">
     <span class='ocr_line' id='line_1_35' title="bbox 641 1998 2159 2070; baseline -0.003 -12"><span class='ocrx_word' id='word_1_254' title='bbox 641 2006 694 2058; x_wconf 79' lang='grc'><strong>5.</strong></span> <span class='ocrx_word' id='word_1_255' title='bbox 736 2004 867 2070; x_wconf 86' lang='lat' dir='ltr'><strong>Quis</strong></span> <span class='ocrx_word' id='word_1_256' title='bbox 899 2011 1011 2057; x_wconf 90' lang='lat' dir='ltr'><strong>tum</strong></span> <span class='ocrx_word' id='word_1_257' title='bbox 1039 2011 1181 2057; x_wconf 88' lang='lat' dir='ltr'><strong>esset</strong></span> <span class='ocrx_word' id='word_1_258' title='bbox 1211 2002 1395 2056; x_wconf 81' lang='lat' dir='ltr'><strong>Romae</strong></span> <span class='ocrx_word' id='word_1_259' title='bbox 1447 2008 1619 2055; x_wconf 89' lang='lat' dir='ltr'><strong>status</strong></span> <span class='ocrx_word' id='word_1_260' title='bbox 1647 1999 1903 2055; x_wconf 86' lang='lat' dir='ltr'><strong>describit</strong></span> <span class='ocrx_word' id='word_1_261' title='bbox 1932 1998 1988 2053; x_wconf 91' lang='lat' dir='ltr'><strong>S.</strong></span> <span class='ocrx_word' id='word_1_262' title='bbox 2021 1998 2159 2054; x_wconf 84' lang='lat' dir='ltr'><strong>Grc-</strong></span> 
     </span>
    </p>
   </div>
   <div class='ocr_carea' id='block_1_36' title="bbox 567 2088 2159 2165">
    <p class='ocr_par' dir='ltr' id='par_1_36' title="bbox 567 2088 2159 2165">
     <span class='ocr_line' id='line_1_36' title="bbox 567 2088 2159 2165; baseline -0.006 -14"><span class='ocrx_word' id='word_1_263' title='bbox 567 2095 749 2165; x_wconf 78' lang='lat' dir='ltr'><strong>gorius</strong></span> <span class='ocrx_word' id='word_1_264' title='bbox 771 2095 916 2149; x_wconf 90' lang='lat' dir='ltr'><strong>hom.</strong></span> <span class='ocrx_word' id='word_1_265' title='bbox 945 2092 968 2145; x_wconf 81' lang='lat' dir='ltr'><strong>l</strong></span> <span class='ocrx_word' id='word_1_266' title='bbox 998 2094 1052 2147; x_wconf 85' lang='lat' dir='ltr'><strong>in</strong></span> <span class='ocrx_word' id='word_1_267' title='bbox 1073 2091 1384 2161; x_wconf 79' lang='lat' dir='ltr'><strong>Evangelia,</strong></span> <span class='ocrx_word' id='word_1_268' title='bbox 1412 2099 1654 2159; x_wconf 87' lang='lat' dir='ltr'><strong>tempore</strong></span> <span class='ocrx_word' id='word_1_269' title='bbox 1676 2088 1938 2144; x_wconf 88' lang='lat' dir='ltr'><strong>adventus</strong></span> <span class='ocrx_word' id='word_1_270' title='bbox 1960 2088 2159 2153; x_wconf 88' lang='lat' dir='ltr'><strong>habita,</strong></span> 
     </span>
    </p>
   </div>
   <div class='ocr_carea' id='block_1_37' title="bbox 569 2177 2163 2252">
    <p class='ocr_par' dir='ltr' id='par_1_37' title="bbox 569 2177 2163 2252">
     <span class='ocr_line' id='line_1_37' title="bbox 569 2177 2163 2252; baseline -0.005 -14"><span class='ocrx_word' id='word_1_271' title='bbox 569 2184 740 2238; x_wconf 87' lang='lat' dir='ltr'><strong>tribus</strong></span> <span class='ocrx_word' id='word_1_272' title='bbox 770 2192 894 2252; x_wconf 87' lang='lat' dir='ltr'><strong>post</strong></span> <span class='ocrx_word' id='word_1_273' title='bbox 922 2183 1113 2236; x_wconf 80' lang='lat' dir='ltr'><strong>irritant</strong></span> <span class='ocrx_word' id='word_1_274' title='bbox 1144 2180 1515 2251; x_wconf 86' lang='lat' dir='ltr'><strong>episcopatum</strong></span> <span class='ocrx_word' id='word_1_275' title='bbox 1545 2179 1760 2233; x_wconf 88' lang='lat' dir='ltr'><strong>circiter</strong></span> <span class='ocrx_word' id='word_1_276' title='bbox 1785 2177 2077 2243; x_wconf 89' lang='lat' dir='ltr'><strong>mensibus,</strong></span> <span class='ocrx_word' id='word_1_277' title='bbox 2108 2186 2163 2230; x_wconf 92' lang='lat' dir='ltr'><strong>ct</strong></span> 
     </span>
    </p>
   </div>
   <div class='ocr_carea' id='block_1_38' title="bbox 570 2267 2162 2343">
    <p class='ocr_par' dir='ltr' id='par_1_38' title="bbox 570 2267 2162 2343">
     <span class='ocr_line' id='line_1_38' title="bbox 570 2267 2162 2343; baseline -0.006 -13"><span class='ocrx_word' id='word_1_278' title='bbox 570 2276 663 2330; x_wconf 90' lang='lat' dir='ltr'><strong>lib.</strong></span> <span class='ocrx_word' id='word_1_279' title='bbox 690 2289 725 2330; x_wconf 90' lang='grc' dir='ltr'><strong>ιι</strong></span> <span class='ocrx_word' id='word_1_280' title='bbox 754 2274 962 2343; x_wconf 88' lang='lat' dir='ltr'><strong>Dialog.</strong></span> <span class='ocrx_word' id='word_1_281' title='bbox 984 2290 1033 2327; x_wconf 93' lang='lat' dir='ltr'><strong>c.</strong></span> <span class='ocrx_word' id='word_1_282' title='bbox 1060 2269 1148 2326; x_wconf 76' lang='grc'><strong>15.</strong></span> <span class='ocrx_word' id='word_1_283' title='bbox 1169 2270 1484 2327; x_wconf 79' lang='lat' dir='ltr'><strong>Pestilentia</strong></span> <span class='ocrx_word' id='word_1_284' title='bbox 1510 2269 1856 2336; x_wconf 74' lang='lat' dir='ltr'><strong>dcsmviebat,</strong></span> <span class='ocrx_word' id='word_1_285' title='bbox 1888 2275 1942 2323; x_wconf 92' lang='lat' dir='ltr'><strong>et</strong></span> <span class='ocrx_word' id='word_1_286' title='bbox 1963 2267 2162 2321; x_wconf 90' lang='lat' dir='ltr'><strong>multos</strong></span> 
     </span>
    </p>
   </div>
   <div class='ocr_carea' id='block_1_39' title="bbox 574 2360 2163 2438">
    <p class='ocr_par' dir='ltr' id='par_1_39' title="bbox 574 2360 2163 2438">
     <span class='ocr_line' id='line_1_39' title="bbox 574 2360 2163 2438; baseline -0.006 -16"><span class='ocrx_word' id='word_1_287' title='bbox 574 2367 857 2438; x_wconf 75' lang='lat' dir='ltr'><strong>repentina</strong></span> <span class='ocrx_word' id='word_1_288' title='bbox 887 2373 1061 2418; x_wconf 88' lang='lat' dir='ltr'><strong>morte</strong></span> <span class='ocrx_word' id='word_1_289' title='bbox 1090 2363 1460 2433; x_wconf 81' lang='lat' dir='ltr'><strong>opprimebat;</strong></span> <span class='ocrx_word' id='word_1_290' title='bbox 1493 2362 1671 2417; x_wconf 89' lang='lat' dir='ltr'><strong>subito</strong></span> <span class='ocrx_word' id='word_1_291' title='bbox 1705 2360 1916 2415; x_wconf 88' lang='lat' dir='ltr'><strong>turbine</strong></span> <span class='ocrx_word' id='word_1_292' title='bbox 1945 2374 2163 2414; x_wconf 72' lang='lat' dir='ltr'><strong>annosze</strong></span> 
     </span>
    </p>
   </div>
   <div class='ocr_carea' id='block_1_40' title="bbox 572 2451 2159 2525">
    <p class='ocr_par' dir='ltr' id='par_1_40' title="bbox 572 2451 2159 2525">
     <span class='ocr_line' id='line_1_40' title="bbox 572 2451 2159 2525; baseline -0.005 -11"><span class='ocrx_word' id='word_1_293' title='bbox 572 2460 797 2514; x_wconf 87' lang='lat' dir='ltr'><strong>arbores</strong></span> <span class='ocrx_word' id='word_1_294' title='bbox 825 2464 992 2512; x_wconf 73' lang='lat' dir='ltr'><strong>eruta:</strong></span> <span class='ocrx_word' id='word_1_295' title='bbox 1032 2456 1341 2525; x_wconf 82' lang='lat' dir='ltr'><strong>nuperrime</strong></span> <span class='ocrx_word' id='word_1_296' title='bbox 1366 2453 1597 2520; x_wconf 81' lang='lat' dir='ltr'><strong>fuerant,</strong></span> <span class='ocrx_word' id='word_1_297' title='bbox 1627 2456 1913 2509; x_wconf 67' lang='lat' dir='ltr'><strong>destructa:</strong></span> <span class='ocrx_word' id='word_1_298' title='bbox 1948 2451 2159 2514; x_wconf 89' lang='lat' dir='ltr'><strong>domus,</strong></span> 
     </span>
    </p>
   </div>
   <div class='ocr_carea' id='block_1_41' title="bbox 573 2545 2165 2616">
    <p class='ocr_par' dir='ltr' id='par_1_41' title="bbox 573 2545 2165 2616">
     <span class='ocr_line' id='line_1_41' title="bbox 573 2545 2165 2616; baseline -0.004 -11"><span class='ocrx_word' id='word_1_299' title='bbox 573 2562 777 2605; x_wconf 77' lang='lat' dir='ltr'><strong>eversa:</strong></span> <span class='ocrx_word' id='word_1_300' title='bbox 804 2565 834 2603; x_wconf 90' lang='lat' dir='ltr'><strong>a</strong></span> <span class='ocrx_word' id='word_1_301' title='bbox 877 2547 1237 2603; x_wconf 88' lang='lat' dir='ltr'><strong>fundamentis</strong></span> <span class='ocrx_word' id='word_1_302' title='bbox 1276 2547 1539 2602; x_wconf 81' lang='lat' dir='ltr'><strong>ecclesiae.</strong></span> <span class='ocrx_word' id='word_1_303' title='bbox 1569 2546 1660 2602; x_wconf 87' lang='lat' dir='ltr'><strong>Sic</strong></span> <span class='ocrx_word' id='word_1_304' title='bbox 1700 2545 2025 2616; x_wconf 85' lang='lat' dir='ltr'><strong>implebatur</strong></span> <span class='ocrx_word' id='word_1_305' title='bbox 2060 2545 2165 2599; x_wconf 88' lang='lat' dir='ltr'><strong>hoc</strong></span> 
     </span>
    </p>
   </div>
   <div class='ocr_carea' id='block_1_42' title="bbox 571 2636 2160 2707">
    <p class='ocr_par' dir='ltr' id='par_1_42' title="bbox 571 2636 2160 2707">
     <span class='ocr_line' id='line_1_42' title="bbox 571 2636 2160 2707; baseline -0.004 -12"><span class='ocrx_word' id='word_1_306' title='bbox 571 2638 629 2695; x_wconf 88' lang='lat' dir='ltr'><strong>S.</strong></span> <span class='ocrx_word' id='word_1_307' title='bbox 658 2638 927 2694; x_wconf 84' lang='lat' dir='ltr'><strong>Benedicti</strong></span> <span class='ocrx_word' id='word_1_308' title='bbox 951 2638 1283 2705; x_wconf 83' lang='lat' dir='ltr'><strong>vaticinium,</strong></span> <span class='ocrx_word' id='word_1_309' title='bbox 1314 2646 1372 2691; x_wconf 91' lang='lat' dir='ltr'><strong>ut</strong></span> <span class='ocrx_word' id='word_1_310' title='bbox 1403 2638 1514 2707; x_wconf 88' lang='lat' dir='ltr'><strong>ipse</strong></span> <span class='ocrx_word' id='word_1_311' title='bbox 1544 2636 1835 2707; x_wconf 78' lang='lat' dir='ltr'><strong>Gregorius</strong></span> <span class='ocrx_word' id='word_1_312' title='bbox 1873 2636 2160 2691; x_wconf 89' lang='lat' dir='ltr'><strong>observat:</strong></span> 
     </span>
    </p>
   </div>
   <div class='ocr_carea' id='block_1_43' title="bbox 573 2726 2164 2801">
    <p class='ocr_par' dir='ltr' id='par_1_43' title="bbox 573 2726 2164 2801">
     <span class='ocr_line' id='line_1_43' title="bbox 573 2726 2164 2801; baseline -0.003 -19"><span class='ocrx_word' id='word_1_313' title='bbox 573 2727 739 2783; x_wconf 81' lang='lat' dir='ltr'><strong>Roma</strong></span> <span class='ocrx_word' id='word_1_314' title='bbox 769 2747 800 2781; x_wconf 77' lang='grc' dir='ltr'><em>α</em></span> <span class='ocrx_word' id='word_1_315' title='bbox 830 2730 1066 2801; x_wconf 79' lang='lat' dir='ltr'><strong>gentibus</strong></span> <span class='ocrx_word' id='word_1_316' title='bbox 1098 2747 1201 2783; x_wconf 88' lang='lat' dir='ltr'><strong>non</strong></span> <span class='ocrx_word' id='word_1_317' title='bbox 1231 2726 1678 2791; x_wconf 79' lang='lat' dir='ltr'><strong>exterminabitur,</strong></span> <span class='ocrx_word' id='word_1_318' title='bbox 1720 2726 1813 2781; x_wconf 82' lang='lat' dir='ltr'><strong>sed</strong></span> <span class='ocrx_word' id='word_1_319' title='bbox 1844 2726 2164 2797; x_wconf 86' lang='lat' dir='ltr'><strong>tempestati-</strong></span> 
     </span>
    </p>
   </div>
   <div class='ocr_carea' id='block_1_44' title="bbox 570 2816 2164 2887">
    <p class='ocr_par' dir='ltr' id='par_1_44' title="bbox 570 2816 2164 2887">
     <span class='ocr_line' id='line_1_44' title="bbox 570 2816 2164 2887; baseline -0.003 -14"><span class='ocrx_word' id='word_1_320' title='bbox 570 2821 694 2883; x_wconf 86' lang='lat' dir='ltr'><strong>bus,</strong></span> <span class='ocrx_word' id='word_1_321' title='bbox 738 2820 984 2885; x_wconf 78' lang='lat' dir='ltr'><strong>coruscis,</strong></span> <span class='ocrx_word' id='word_1_322' title='bbox 1034 2818 1325 2872; x_wconf 74' lang='lat' dir='ltr'><strong>turbinibus</strong></span> <span class='ocrx_word' id='word_1_323' title='bbox 1361 2834 1422 2870; x_wconf 90' lang='lat' dir='ltr'><strong>ac</strong></span> <span class='ocrx_word' id='word_1_324' title='bbox 1451 2828 1602 2872; x_wconf 81' lang='lat' dir='ltr'><strong>terra:</strong></span> <span class='ocrx_word' id='word_1_325' title='bbox 1642 2827 1782 2872; x_wconf 60' lang='lat' dir='ltr'><strong>motu</strong></span> <span class='ocrx_word' id='word_1_326' title='bbox 1833 2818 2076 2887; x_wconf 77' lang='lat' dir='ltr'><strong>fatigata,</strong></span> <span class='ocrx_word' id='word_1_327' title='bbox 2110 2816 2164 2869; x_wconf 87' lang='lat' dir='ltr'><strong>in</strong></span> 
     </span>
    </p>
   </div>
   <div class='ocr_carea' id='block_1_45' title="bbox 569 2904 2163 2982">
    <p class='ocr_par' dir='ltr' id='par_1_45' title="bbox 569 2904 2163 2982">
     <span class='ocr_line' id='line_1_45' title="bbox 569 2904 2163 2982; baseline -0.004 -17"><span class='ocrx_word' id='word_1_328' title='bbox 569 2913 844 2982; x_wconf 73' lang='lat' dir='ltr'><strong>semetipsa</strong></span> <span class='ocrx_word' id='word_1_329' title='bbox 867 2919 1141 2965; x_wconf 87' lang='lat' dir='ltr'><strong>marcescet</strong></span> <span class='ocrx_word' id='word_1_330' title='bbox 1166 2908 1312 2980; x_wconf 88' lang='lat' dir='ltr'><strong>(Lib.</strong></span> <span class='ocrx_word' id='word_1_331' title='bbox 1336 2925 1392 2977; x_wconf 89' lang='grc' dir='ltr'><strong>ιι,</strong></span> <span class='ocrx_word' id='word_1_332' title='bbox 1425 2926 1506 2979; x_wconf 87' lang='lat' dir='ltr'><strong>ep.</strong></span> <span class='ocrx_word' id='word_1_333' title='bbox 1540 2908 1631 2977; x_wconf 71' lang='grc'><strong>2).</strong></span> <span class='ocrx_word' id='word_1_334' title='bbox 1660 2908 1736 2962; x_wconf 80' lang='lat' dir='ltr'><strong>Ne</strong></span> <span class='ocrx_word' id='word_1_335' title='bbox 1761 2907 1827 2962; x_wconf 88' lang='lat' dir='ltr'><strong>ad</strong></span> <span class='ocrx_word' id='word_1_336' title='bbox 1853 2916 1928 2961; x_wconf 87' lang='lat' dir='ltr'><strong>tot</strong></span> <span class='ocrx_word' id='word_1_337' title='bbox 1955 2904 2163 2974; x_wconf 80' lang='lat' dir='ltr'><strong>ﬂagella</strong></span> 
     </span>
    </p>
   </div>
   <div class='ocr_carea' id='block_1_46' title="bbox 570 2995 2163 3067">
    <p class='ocr_par' dir='ltr' id='par_1_46' title="bbox 570 2995 2163 3067">
     <span class='ocr_line' id='line_1_46' title="bbox 570 2995 2163 3067; baseline -0.002 -16"><span class='ocrx_word' id='word_1_338' title='bbox 570 3000 804 3055; x_wconf 69' lang='lat' dir='ltr'><strong>omnium</strong></span> <span class='ocrx_word' id='word_1_339' title='bbox 844 2999 1025 3055; x_wconf 76' lang='lat' dir='ltr'><strong>forsan</strong></span> <span class='ocrx_word' id='word_1_340' title='bbox 1056 2999 1301 3067; x_wconf 84' lang='lat' dir='ltr'><strong>gravius,</strong></span> <span class='ocrx_word' id='word_1_341' title='bbox 1334 2998 1504 3054; x_wconf 73' lang='lat' dir='ltr'><strong>fames</strong></span> <span class='ocrx_word' id='word_1_342' title='bbox 1533 2996 1808 3061; x_wconf 85' lang='lat' dir='ltr'><strong>videlicet,</strong></span> <span class='ocrx_word' id='word_1_343' title='bbox 1839 2995 2163 3059; x_wconf 84' lang='lat' dir='ltr'><strong>accederet,</strong></span> 
     </span>
    </p>
   </div>
   <div class='ocr_carea' id='block_1_47' title="bbox 572 3083 2165 3159">
    <p class='ocr_par' dir='ltr' id='par_1_47' title="bbox 572 3083 2165 3159">
     <span class='ocr_line' id='line_1_47' title="bbox 572 3083 2165 3159; baseline -0.004 -14"><span class='ocrx_word' id='word_1_344' title='bbox 572 3093 765 3146; x_wconf 85' lang='lat' dir='ltr'><strong>merito</strong></span> <span class='ocrx_word' id='word_1_345' title='bbox 816 3089 1137 3147; x_wconf 85' lang='lat' dir='ltr'><strong>formidabat</strong></span> <span class='ocrx_word' id='word_1_346' title='bbox 1178 3089 1448 3159; x_wconf 63' lang='lat' dir='ltr'><strong>piisimus</strong></span> <span class='ocrx_word' id='word_1_347' title='bbox 1492 3089 1678 3158; x_wconf 72' lang='lat' dir='ltr'><strong>patria:</strong></span> <span class='ocrx_word' id='word_1_348' title='bbox 1725 3096 1907 3157; x_wconf 82' lang='lat' dir='ltr'><strong>pater;</strong></span> <span class='ocrx_word' id='word_1_349' title='bbox 1940 3100 2058 3154; x_wconf 74' lang='lat' dir='ltr'><strong>qnte</strong></span> <span class='ocrx_word' id='word_1_350' title='bbox 2099 3083 2165 3138; x_wconf 89' lang='lat' dir='ltr'><strong>ad</strong></span> 
     </span>
    </p>
   </div>
   <div class='ocr_carea' id='block_1_48' title="bbox 569 3181 2057 3256">
    <p class='ocr_par' dir='ltr' id='par_1_48' title="bbox 569 3181 2057 3256">
     <span class='ocr_line' id='line_1_48' title="bbox 569 3181 2057 3256; baseline -0.005 -14"><span class='ocrx_word' id='word_1_351' title='bbox 569 3185 841 3242; x_wconf 66' lang='lat' dir='ltr'><strong>Iustinum</strong></span> <span class='ocrx_word' id='word_1_352' title='bbox 871 3194 1155 3256; x_wconf 79' lang='lat' dir='ltr'><strong>praetorem</strong></span> <span class='ocrx_word' id='word_1_353' title='bbox 1185 3182 1452 3239; x_wconf 87' lang='lat' dir='ltr'><strong>scribendi</strong></span> <span class='ocrx_word' id='word_1_354' title='bbox 1480 3183 1576 3236; x_wconf 87' lang='lat' dir='ltr'><strong>fuit</strong></span> <span class='ocrx_word' id='word_1_355' title='bbox 1598 3182 1869 3253; x_wconf 84' lang='lat' dir='ltr'><strong>praecipua</strong></span> <span class='ocrx_word' id='word_1_356' title='bbox 1897 3181 2057 3235; x_wconf 74' lang='lat' dir='ltr'><strong>ratio.</strong></span> 
     </span>
    </p>
   </div>
   <div class='ocr_carea' id='block_1_49' title="bbox 644 3272 2162 3345">
    <p class='ocr_par' dir='ltr' id='par_1_49' title="bbox 644 3272 2162 3345">
     <span class='ocr_line' id='line_1_49' title="bbox 644 3272 2162 3345; baseline -0.003 -16"><span class='ocrx_word' id='word_1_357' title='bbox 644 3275 751 3331; x_wconf 89' lang='lat' dir='ltr'><strong>Tot</strong></span> <span class='ocrx_word' id='word_1_358' title='bbox 780 3274 1005 3345; x_wconf 83' lang='lat' dir='ltr'><strong>ﬂagellis</strong></span> <span class='ocrx_word' id='word_1_359' title='bbox 1032 3274 1340 3342; x_wconf 78' lang='lat' dir='ltr'><strong>castigatos,</strong></span> <span class='ocrx_word' id='word_1_360' title='bbox 1382 3280 1461 3327; x_wconf 89' lang='lat' dir='ltr'><strong>tot</strong></span> <span class='ocrx_word' id='word_1_361' title='bbox 1491 3272 1890 3327; x_wconf 88' lang='lat' dir='ltr'><strong>calamitatibus</strong></span> <span class='ocrx_word' id='word_1_362' title='bbox 1928 3272 2162 3336; x_wconf 84' lang='lat' dir='ltr'><strong>attritos,</strong></span> 
     </span>
    </p>
   </div>
   <div class='ocr_carea' id='block_1_50' title="bbox 578 3364 2169 3436">
    <p class='ocr_par' dir='ltr' id='par_1_50' title="bbox 578 3364 2169 3436">
     <span class='ocr_line' id='line_1_50' title="bbox 578 3364 2169 3436; baseline -0.001 -15"><span class='ocrx_word' id='word_1_363' title='bbox 578 3368 717 3422; x_wconf 83' lang='lat' dir='ltr'><strong>filios</strong></span> <span class='ocrx_word' id='word_1_364' title='bbox 754 3367 821 3422; x_wconf 89' lang='lat' dir='ltr'><strong>ad</strong></span> <span class='ocrx_word' id='word_1_365' title='bbox 852 3367 1220 3436; x_wconf 73' lang='lat' dir='ltr'><strong>ptenitentiam</strong></span> <span class='ocrx_word' id='word_1_366' title='bbox 1262 3365 1479 3420; x_wconf 53' lang='lat' dir='ltr'><strong>tle-clere</strong></span> <span class='ocrx_word' id='word_1_367' title='bbox 1508 3366 1749 3420; x_wconf 87' lang='lat' dir='ltr'><strong>tcntabat</strong></span> <span class='ocrx_word' id='word_1_368' title='bbox 1773 3364 2082 3434; x_wconf 76' lang='lat' dir='ltr'><strong>Gregorius,</strong></span> <span class='ocrx_word' id='word_1_369' title='bbox 2115 3372 2169 3419; x_wconf 87' lang='lat' dir='ltr'><strong>ct</strong></span> 
     </span>
    </p>
   </div>
   <div class='ocr_carea' id='block_1_51' title="bbox 575 3458 2167 3528">
    <p class='ocr_par' dir='ltr' id='par_1_51' title="bbox 575 3458 2167 3528">
     <span class='ocr_line' id='line_1_51' title="bbox 575 3458 2167 3528; baseline -0.003 -12"><span class='ocrx_word' id='word_1_370' title='bbox 575 3461 796 3516; x_wconf 89' lang='lat' dir='ltr'><strong>salutari</strong></span> <span class='ocrx_word' id='word_1_371' title='bbox 821 3469 965 3514; x_wconf 88' lang='lat' dir='ltr'><strong>metu</strong></span> <span class='ocrx_word' id='word_1_372' title='bbox 990 3468 1284 3514; x_wconf 88' lang='lat' dir='ltr'><strong>concutere</strong></span> <span class='ocrx_word' id='word_1_373' title='bbox 1311 3477 1321 3507; x_wconf 68' lang='grc' dir='ltr'><strong><em>τ</em></strong></span> <span class='ocrx_word' id='word_1_374' title='bbox 1357 3458 1419 3512; x_wconf 91' lang='lat' dir='ltr'><strong>Si</strong></span> <span class='ocrx_word' id='word_1_375' title='bbox 1445 3459 1603 3525; x_wconf 85' lang='lat' dir='ltr'><strong>enim,</strong></span> <span class='ocrx_word' id='word_1_376' title='bbox 1631 3458 1821 3528; x_wconf 86' lang='lat' dir='ltr'><strong>inquit,</strong></span> <span class='ocrx_word' id='word_1_377' title='bbox 1855 3475 1947 3527; x_wconf 79' lang='lat' dir='ltr'><strong>per</strong></span> <span class='ocrx_word' id='word_1_378' title='bbox 1972 3459 2167 3511; x_wconf 81' lang='lat' dir='ltr'><strong>tenuis-</strong></span> 
     </span>
    </p>
   </div>
   <div class='ocr_carea' id='block_1_52' title="bbox 573 3549 2169 3621">
    <p class='ocr_par' dir='ltr' id='par_1_52' title="bbox 573 3549 2169 3621">
     <span class='ocr_line' id='line_1_52' title="bbox 573 3549 2169 3621; baseline -0.003 -15"><span class='ocrx_word' id='word_1_379' title='bbox 573 3550 694 3606; x_wconf 83' lang='lat' dir='ltr'><strong>simi</strong></span> <span class='ocrx_word' id='word_1_380' title='bbox 724 3551 856 3605; x_wconf 77' lang='lat' dir='ltr'><strong>renti</strong></span> <span class='ocrx_word' id='word_1_381' title='bbox 879 3550 1118 3621; x_wconf 75' lang='lat' dir='ltr'><strong>spiritum</strong></span> <span class='ocrx_word' id='word_1_382' title='bbox 1155 3549 1288 3603; x_wconf 78' lang='lat' dir='ltr'><strong>Deus</strong></span> <span class='ocrx_word' id='word_1_383' title='bbox 1318 3558 1512 3604; x_wconf 86' lang='lat' dir='ltr'><strong>terram</strong></span> <span class='ocrx_word' id='word_1_384' title='bbox 1543 3550 1697 3603; x_wconf 72' lang='lat' dir='ltr'><strong>movit</strong></span> <span class='ocrx_word' id='word_1_385' title='bbox 1730 3549 2169 3620; x_wconf 74' lang='lat' dir='ltr'><strong>wdiﬁriormzqne</strong></span> 
     </span>
    </p>
   </div>
   <div class='ocr_carea' id='block_1_53' title="bbox 577 3639 2168 3712">
    <p class='ocr_par' dir='ltr' id='par_1_53' title="bbox 577 3639 2168 3712">
     <span class='ocr_line' id='line_1_53' title="bbox 577 3639 2168 3712; baseline -0.001 -18"><span class='ocrx_word' id='word_1_386' title='bbox 577 3641 914 3712; x_wconf 78' lang='lat' dir='ltr'><strong>fundamenta</strong></span> <span class='ocrx_word' id='word_1_387' title='bbox 943 3640 1161 3707; x_wconf 79' lang='lat' dir='ltr'><strong>subruit,</strong></span> <span class='ocrx_word' id='word_1_388' title='bbox 1182 3643 1224 3694; x_wconf 86' lang='lat' dir='ltr'><strong>si</strong></span> <span class='ocrx_word' id='word_1_389' title='bbox 1253 3658 1345 3712; x_wconf 83' lang='lat' dir='ltr'><strong>per</strong></span> <span class='ocrx_word' id='word_1_390' title='bbox 1372 3640 1686 3695; x_wconf 82' lang='lat' dir='ltr'><strong>levissimam</strong></span> <span class='ocrx_word' id='word_1_391' title='bbox 1712 3639 1895 3693; x_wconf 74' lang='lat' dir='ltr'><strong>nubem</strong></span> <span class='ocrx_word' id='word_1_392' title='bbox 1924 3641 1998 3693; x_wconf 87' lang='lat' dir='ltr'><strong>ita</strong></span> <span class='ocrx_word' id='word_1_393' title='bbox 2027 3641 2168 3709; x_wconf 78' lang='lat' dir='ltr'><strong>ferit,</strong></span> 
     </span>
    </p>
   </div>
   <div class='ocr_carea' id='block_1_54' title="bbox 571 3729 2169 3805">
    <p class='ocr_par' dir='ltr' id='par_1_54' title="bbox 571 3729 2169 3805">
     <span class='ocr_line' id='line_1_54' title="bbox 571 3729 2169 3805; baseline -0.001 -21"><span class='ocrx_word' id='word_1_394' title='bbox 571 3733 695 3805; x_wconf 79' lang='lat' dir='ltr'><strong>quid</strong></span> <span class='ocrx_word' id='word_1_395' title='bbox 722 3735 956 3803; x_wconf 77' lang='lat' dir='ltr'><strong>facturus</strong></span> <span class='ocrx_word' id='word_1_396' title='bbox 984 3740 1060 3785; x_wconf 87' lang='lat' dir='ltr'><strong>est</strong></span> <span class='ocrx_word' id='word_1_397' title='bbox 1086 3749 1199 3785; x_wconf 81' lang='lat' dir='ltr'><strong>cum</strong></span> <span class='ocrx_word' id='word_1_398' title='bbox 1247 3733 1357 3801; x_wconf 80' lang='lat' dir='ltr'><strong>ipse</strong></span> <span class='ocrx_word' id='word_1_399' title='bbox 1384 3731 1651 3785; x_wconf 74' lang='lat' dir='ltr'><strong>advenerit</strong></span> <span class='ocrx_word' id='word_1_400' title='bbox 1684 3729 1858 3784; x_wconf 74' lang='lat' dir='ltr'><strong>Iudex</strong></span> <span class='ocrx_word' id='word_1_401' title='bbox 1896 3746 1956 3783; x_wconf 89' lang='lat' dir='ltr'><strong>ac</strong></span> <span class='ocrx_word' id='word_1_402' title='bbox 1983 3729 2169 3783; x_wconf 71' lang='lat' dir='ltr'><strong>rindex</strong></span> 
     </span>
    </p>
   </div>
   <div class='ocr_carea' id='block_1_55' title="bbox 571 3820 2171 3893">
    <p class='ocr_par' dir='ltr' id='par_1_55' title="bbox 571 3820 2171 3893">
     <span class='ocr_line' id='line_1_55' title="bbox 571 3820 2171 3893; baseline -0.002 -17"><span class='ocrx_word' id='word_1_403' title='bbox 571 3839 785 3893; x_wconf 86' lang='lat' dir='ltr'><strong>cumque</strong></span> <span class='ocrx_word' id='word_1_404' title='bbox 822 3823 875 3877; x_wconf 82' lang='lat' dir='ltr'><strong>in</strong></span> <span class='ocrx_word' id='word_1_405' title='bbox 917 3822 1160 3877; x_wconf 79' lang='lat' dir='ltr'><strong>ultionem</strong></span> <span class='ocrx_word' id='word_1_406' title='bbox 1207 3830 1535 3893; x_wconf 73' lang='lat' dir='ltr'><strong>peccatorum</strong></span> <span class='ocrx_word' id='word_1_407' title='bbox 1579 3822 1660 3875; x_wconf 86' lang='lat' dir='ltr'><strong>ira</strong></span> <span class='ocrx_word' id='word_1_408' title='bbox 1708 3821 1822 3892; x_wconf 83' lang='lat' dir='ltr'><strong>ejus</strong></span> <span class='ocrx_word' id='word_1_409' title='bbox 1870 3820 2171 3875; x_wconf 74' lang='lat' dir='ltr'><strong>exarserit?</strong></span> 
     </span>
    </p>
   </div>
   <div class='ocr_carea' id='block_1_56' title="bbox 576 3909 1067 3982">
    <p class='ocr_par' dir='ltr' id='par_1_56' title="bbox 576 3909 1067 3982">
     <span class='ocr_line' id='line_1_56' title="bbox 576 3909 1067 3982; baseline 0.004 -19"><span class='ocrx_word' id='word_1_410' title='bbox 576 3910 768 3982; x_wconf 84' lang='lat' dir='ltr'><strong>(Hom.</strong></span> <span class='ocrx_word' id='word_1_411' title='bbox 802 3910 821 3963; x_wconf 84' lang='lat' dir='ltr'><strong>l</strong></span> <span class='ocrx_word' id='word_1_412' title='bbox 859 3912 913 3965; x_wconf 88' lang='lat' dir='ltr'><strong>in</strong></span> <span class='ocrx_word' id='word_1_413' title='bbox 940 3909 1067 3981; x_wconf 81' lang='grc' dir='ltr'><strong>Ευ.)</strong></span> 
     </span>
    </p>
   </div>
   <div class='ocr_carea' id='block_1_57' title="bbox 641 4000 2167 4073">
    <p class='ocr_par' dir='ltr' id='par_1_57' title="bbox 641 4000 2167 4073">
     <span class='ocr_line' id='line_1_57' title="bbox 641 4000 2167 4073; baseline 0.002 -19"><span class='ocrx_word' id='word_1_414' title='bbox 641 4000 695 4055; x_wconf 73' lang='grc'><strong>4.</strong></span> <span class='ocrx_word' id='word_1_415' title='bbox 738 4001 1068 4057; x_wconf 68' lang='grc' dir='ltr'><strong>Ριωιιὶοιιιιιιὶ</strong></span> <span class='ocrx_word' id='word_1_416' title='bbox 1112 4003 1368 4068; x_wconf 87' lang='lat' dir='ltr'><strong>studium,</strong></span> <span class='ocrx_word' id='word_1_417' title='bbox 1402 4002 1694 4072; x_wconf 87' lang='lat' dir='ltr'><strong>quominus</strong></span> <span class='ocrx_word' id='word_1_418' title='bbox 1734 4002 2024 4073; x_wconf 80' lang='lat' dir='ltr'><strong>Gregorius</strong></span> <span class='ocrx_word' id='word_1_419' title='bbox 2068 4019 2167 4072; x_wconf 91' lang='lat' dir='ltr'><strong>pu-</strong></span> 
     </span>
    </p>
   </div>
   <div class='ocr_carea' id='block_1_58' title="bbox 575 4091 2165 4163">
    <p class='ocr_par' dir='ltr' id='par_1_58' title="bbox 575 4091 2165 4163">
     <span class='ocr_line' id='line_1_58' title="bbox 575 4091 2165 4163; baseline 0.001 -18"><span class='ocrx_word' id='word_1_420' title='bbox 575 4092 732 4147; x_wconf 89' lang='lat' dir='ltr'><strong>blicis</strong></span> <span class='ocrx_word' id='word_1_421' title='bbox 783 4091 1037 4147; x_wconf 65' lang='lat' dir='ltr'><strong>Ecclesia:</strong></span> <span class='ocrx_word' id='word_1_422' title='bbox 1067 4093 1385 4147; x_wconf 85' lang='lat' dir='ltr'><strong>utilitatibus</strong></span> <span class='ocrx_word' id='word_1_423' title='bbox 1414 4094 1681 4147; x_wconf 89' lang='lat' dir='ltr'><strong>assiduam</strong></span> <span class='ocrx_word' id='word_1_424' title='bbox 1722 4109 1941 4163; x_wconf 90' lang='lat' dir='ltr'><strong>operam</strong></span> <span class='ocrx_word' id='word_1_425' title='bbox 1990 4093 2165 4161; x_wconf 88' lang='lat' dir='ltr'><strong>daret,</strong></span> 
     </span>
    </p>
   </div>
   <div class='ocr_carea' id='block_1_59' title="bbox 577 4184 2168 4255">
    <p class='ocr_par' dir='ltr' id='par_1_59' title="bbox 577 4184 2168 4255">
     <span class='ocr_line' id='line_1_59' title="bbox 577 4184 2168 4255; baseline 0 -16"><span class='ocrx_word' id='word_1_426' title='bbox 577 4184 798 4239; x_wconf 75' lang='lat' dir='ltr'><strong>min’me</strong></span> <span class='ocrx_word' id='word_1_427' title='bbox 827 4184 1093 4238; x_wconf 86' lang='lat' dir='ltr'><strong>obstabat.</strong></span> <span class='ocrx_word' id='word_1_428' title='bbox 1136 4184 1428 4239; x_wconf 77' lang='lat' dir='ltr'><strong>Destructa:</strong></span> <span class='ocrx_word' id='word_1_429' title='bbox 1471 4184 1724 4252; x_wconf 86' lang='lat' dir='ltr'><strong>jacebant</strong></span> <span class='ocrx_word' id='word_1_430' title='bbox 1761 4184 2168 4255; x_wconf 69' lang='lat' dir='ltr'><strong>quamplurima:</strong></span> 
     </span>
    </p>
   </div>
   <div class='ocr_carea' id='block_1_60' title="bbox 574 4271 2167 4344">
    <p class='ocr_par' dir='ltr' id='par_1_60' title="bbox 574 4271 2167 4344">
     <span class='ocr_line' id='line_1_60' title="bbox 574 4271 2167 4344; baseline 0.002 -19"><span class='ocrx_word' id='word_1_431' title='bbox 574 4273 629 4325; x_wconf 84' lang='lat' dir='ltr'><strong>in</strong></span> <span class='ocrx_word' id='word_1_432' title='bbox 671 4273 817 4325; x_wconf 65' lang='lat' dir='ltr'><strong>Italia</strong></span> <span class='ocrx_word' id='word_1_433' title='bbox 847 4271 1109 4334; x_wconf 70' lang='lat' dir='ltr'><strong>ecclesite,</strong></span> <span class='ocrx_word' id='word_1_434' title='bbox 1143 4273 1213 4327; x_wconf 91' lang='lat' dir='ltr'><strong>ob</strong></span> <span class='ocrx_word' id='word_1_435' title='bbox 1242 4274 1494 4327; x_wconf 63' lang='lat' dir='ltr'><strong>continui</strong></span> <span class='ocrx_word' id='word_1_436' title='bbox 1524 4272 1845 4341; x_wconf 84' lang='lat' dir='ltr'><strong>Gothorum,</strong></span> <span class='ocrx_word' id='word_1_437' title='bbox 1872 4284 2167 4344; x_wconf 88' lang='lat' dir='ltr'><strong>posteaque</strong></span> 
     </span>
    </p>
   </div>
   <div class='ocr_carea' id='block_1_61' title="bbox 575 4363 2164 4435">
    <p class='ocr_par' dir='ltr' id='par_1_61' title="bbox 575 4363 2164 4435">
     <span class='ocr_line' id='line_1_61' title="bbox 575 4363 2164 4435; baseline 0.004 -20"><span class='ocrx_word' id='word_1_438' title='bbox 575 4363 1053 4430; x_wconf 84' lang='lat' dir='ltr'><strong>Langobardorum</strong></span> <span class='ocrx_word' id='word_1_439' title='bbox 1100 4366 1270 4432; x_wconf 85' lang='lat' dir='ltr'><strong>bella,</strong></span> <span class='ocrx_word' id='word_1_440' title='bbox 1317 4366 1513 4423; x_wconf 89' lang='lat' dir='ltr'><strong>occisis</strong></span> <span class='ocrx_word' id='word_1_441' title='bbox 1558 4376 1653 4421; x_wconf 90' lang='lat' dir='ltr'><strong>aut</strong></span> <span class='ocrx_word' id='word_1_442' title='bbox 1702 4367 1897 4435; x_wconf 84' lang='lat' dir='ltr'><strong>fugatis</strong></span> <span class='ocrx_word' id='word_1_443' title='bbox 1926 4368 2164 4433; x_wconf 89' lang='lat' dir='ltr'><strong>clericis,</strong></span> 
     </span>
    </p>
   </div>
   <div class='ocr_carea' id='block_1_62' title="bbox 575 4454 2167 4530">
    <p class='ocr_par' dir='ltr' id='par_1_62' title="bbox 575 4454 2167 4530">
     <span class='ocr_line' id='line_1_62' title="bbox 575 4454 2167 4530; baseline 0.003 -22"><span class='ocrx_word' id='word_1_444' title='bbox 575 4454 895 4523; x_wconf 77' lang='lat' dir='ltr'><strong>czetcrisque</strong></span> <span class='ocrx_word' id='word_1_445' title='bbox 932 4455 1046 4511; x_wconf 84' lang='lat' dir='ltr'><strong>fere</strong></span> <span class='ocrx_word' id='word_1_446' title='bbox 1074 4457 1126 4511; x_wconf 92' lang='lat' dir='ltr'><strong>in</strong></span> <span class='ocrx_word' id='word_1_447' title='bbox 1157 4458 1472 4513; x_wconf 84' lang='lat' dir='ltr'><strong>servitutem</strong></span> <span class='ocrx_word' id='word_1_448' title='bbox 1501 4460 1764 4514; x_wconf 88' lang='lat' dir='ltr'><strong>abductis.</strong></span> <span class='ocrx_word' id='word_1_449' title='bbox 1798 4459 2002 4515; x_wconf 84' lang='lat' dir='ltr'><strong>Graves</strong></span> <span class='ocrx_word' id='word_1_450' title='bbox 2028 4476 2167 4530; x_wconf 75' lang='lat' dir='ltr'><strong>pnn-</strong></span> 
     </span>
    </p>
   </div>
   <div class='ocr_carea' id='block_1_63' title="bbox 2263 1899 3838 1971">
    <p class='ocr_par' dir='ltr' id='par_1_63' title="bbox 2263 1899 3838 1971">
     <span class='ocr_line' id='line_1_63' title="bbox 2263 1899 3838 1971; baseline -0.002 -13"><span class='ocrx_word' id='word_1_451' title='bbox 2263 1911 2427 1969; x_wconf 87' lang='lat' dir='ltr'><strong>rcret,</strong></span> <span class='ocrx_word' id='word_1_452' title='bbox 2452 1918 2515 1957; x_wconf 87' lang='lat' dir='ltr'><strong>ac</strong></span> <span class='ocrx_word' id='word_1_453' title='bbox 2537 1900 2859 1956; x_wconf 88' lang='lat' dir='ltr'><strong>sententiam</strong></span> <span class='ocrx_word' id='word_1_454' title='bbox 2889 1900 3074 1955; x_wconf 88' lang='lat' dir='ltr'><strong>ferret.</strong></span> <span class='ocrx_word' id='word_1_455' title='bbox 3106 1899 3186 1953; x_wconf 77' lang='lat' dir='ltr'><strong>Ex</strong></span> <span class='ocrx_word' id='word_1_456' title='bbox 3206 1899 3363 1955; x_wconf 76' lang='lat' dir='ltr'><strong>dictis</strong></span> <span class='ocrx_word' id='word_1_457' title='bbox 3386 1907 3567 1955; x_wconf 89' lang='lat' dir='ltr'><strong>autem</strong></span> <span class='ocrx_word' id='word_1_458' title='bbox 3597 1902 3838 1971; x_wconf 87' lang='lat' dir='ltr'><strong>probatur</strong></span> 
     </span>
    </p>
   </div>
   <div class='ocr_carea' id='block_1_64' title="bbox 2263 1989 3841 2063">
    <p class='ocr_par' dir='ltr' id='par_1_64' title="bbox 2263 1989 3841 2063">
     <span class='ocr_line' id='line_1_64' title="bbox 2263 1989 3841 2063; baseline -0.001 -15"><span class='ocrx_word' id='word_1_459' title='bbox 2263 2010 2328 2049; x_wconf 91' lang='lat' dir='ltr'><strong>co</strong></span> <span class='ocrx_word' id='word_1_460' title='bbox 2353 2003 2594 2063; x_wconf 84' lang='lat' dir='ltr'><strong>tempore</strong></span> <span class='ocrx_word' id='word_1_461' title='bbox 2615 1991 2783 2046; x_wconf 79' lang='lat' dir='ltr'><strong>Italiae</strong></span> <span class='ocrx_word' id='word_1_462' title='bbox 2811 1990 3096 2061; x_wconf 91' lang='lat' dir='ltr'><strong>episcopos</strong></span> <span class='ocrx_word' id='word_1_463' title='bbox 3121 1990 3432 2049; x_wconf 83' lang='lat' dir='ltr'><strong>immediate</strong></span> <span class='ocrx_word' id='word_1_464' title='bbox 3453 1989 3701 2046; x_wconf 81' lang='lat' dir='ltr'><strong>Romano</strong></span> <span class='ocrx_word' id='word_1_465' title='bbox 3725 2009 3841 2062; x_wconf 81' lang='lat' dir='ltr'><strong>[tmt-</strong></span> 
     </span>
    </p>
   </div>
   <div class='ocr_carea' id='block_1_65' title="bbox 2264 2083 3841 2154">
    <p class='ocr_par' dir='ltr' id='par_1_65' title="bbox 2264 2083 3841 2154">
     <span class='ocr_line' id='line_1_65' title="bbox 2264 2083 3841 2154; baseline -0.003 -13"><span class='ocrx_word' id='word_1_466' title='bbox 2264 2086 2394 2141; x_wconf 86' lang='lat' dir='ltr'><strong>titici</strong></span> <span class='ocrx_word' id='word_1_467' title='bbox 2425 2094 2696 2154; x_wconf 87' lang='lat' dir='ltr'><strong>tamquam</strong></span> <span class='ocrx_word' id='word_1_468' title='bbox 2745 2100 2845 2139; x_wconf 90' lang='lat' dir='ltr'><strong>suo</strong></span> <span class='ocrx_word' id='word_1_469' title='bbox 2894 2084 3316 2154; x_wconf 88' lang='lat' dir='ltr'><strong>metropolitano</strong></span> <span class='ocrx_word' id='word_1_470' title='bbox 3346 2083 3611 2148; x_wconf 88' lang='lat' dir='ltr'><strong>subditos,</strong></span> <span class='ocrx_word' id='word_1_471' title='bbox 3644 2084 3709 2137; x_wconf 90' lang='lat' dir='ltr'><strong>ad</strong></span> <span class='ocrx_word' id='word_1_472' title='bbox 3740 2086 3841 2154; x_wconf 66' lang='lat' dir='ltr'><strong>ejus</strong></span> 
     </span>
    </p>
   </div>
   <div class='ocr_carea' id='block_1_66' title="bbox 2264 2174 3842 2246">
    <p class='ocr_par' dir='ltr' id='par_1_66' title="bbox 2264 2174 3842 2246">
     <span class='ocr_line' id='line_1_66' title="bbox 2264 2174 3842 2246; baseline -0.003 -13"><span class='ocrx_word' id='word_1_473' title='bbox 2264 2186 2451 2233; x_wconf 85' lang='lat' dir='ltr'><strong>nutum</strong></span> <span class='ocrx_word' id='word_1_474' title='bbox 2480 2190 2510 2229; x_wconf 88' lang='lat' dir='ltr'><strong>a</strong></span> <span class='ocrx_word' id='word_1_475' title='bbox 2543 2175 2773 2245; x_wconf 51' lang='lat' dir='ltr'><strong>protiriis</strong></span> <span class='ocrx_word' id='word_1_476' title='bbox 2800 2174 3040 2230; x_wconf 88' lang='lat' dir='ltr'><strong>ecclesiis</strong></span> <span class='ocrx_word' id='word_1_477' title='bbox 3067 2174 3133 2230; x_wconf 89' lang='lat' dir='ltr'><strong>ad</strong></span> <span class='ocrx_word' id='word_1_478' title='bbox 3157 2175 3361 2229; x_wconf 88' lang='lat' dir='ltr'><strong>alienas</strong></span> <span class='ocrx_word' id='word_1_479' title='bbox 3388 2174 3713 2246; x_wconf 82' lang='lat' dir='ltr'><strong>quandoque</strong></span> <span class='ocrx_word' id='word_1_480' title='bbox 3753 2178 3842 2229; x_wconf 81' lang='lat' dir='ltr'><strong>tui-</strong></span> 
     </span>
    </p>
   </div>
   <div class='ocr_carea' id='block_1_67' title="bbox 2264 2266 3841 2338">
    <p class='ocr_par' dir='ltr' id='par_1_67' title="bbox 2264 2266 3841 2338">
     <span class='ocr_line' id='line_1_67' title="bbox 2264 2266 3841 2338; baseline 0 -16"><span class='ocrx_word' id='word_1_481' title='bbox 2264 2283 2468 2338; x_wconf 85' lang='lat' dir='ltr'><strong>grasse,</strong></span> <span class='ocrx_word' id='word_1_482' title='bbox 2512 2282 2809 2337; x_wconf 89' lang='lat' dir='ltr'><strong>eorumque</strong></span> <span class='ocrx_word' id='word_1_483' title='bbox 2860 2266 3117 2322; x_wconf 80' lang='lat' dir='ltr'><strong>ecclesias</strong></span> <span class='ocrx_word' id='word_1_484' title='bbox 3163 2266 3283 2321; x_wconf 90' lang='lat' dir='ltr'><strong>aliis</strong></span> <span class='ocrx_word' id='word_1_485' title='bbox 3337 2266 3607 2337; x_wconf 83' lang='lat' dir='ltr'><strong>cpiscOpis</strong></span> <span class='ocrx_word' id='word_1_486' title='bbox 3671 2267 3841 2321; x_wconf 78' lang='lat' dir='ltr'><strong>cadent</strong></span> 
     </span>
    </p>
   </div>
   <div class='ocr_carea' id='block_1_68' title="bbox 2264 2354 3843 2427">
    <p class='ocr_par' dir='ltr' id='par_1_68' title="bbox 2264 2354 3843 2427">
     <span class='ocr_line' id='line_1_68' title="bbox 2264 2354 3843 2427; baseline -0.002 -15"><span class='ocrx_word' id='word_1_487' title='bbox 2264 2358 2591 2412; x_wconf 85' lang='lat' dir='ltr'><strong>auctoritate</strong></span> <span class='ocrx_word' id='word_1_488' title='bbox 2624 2356 2787 2411; x_wconf 83' lang='lat' dir='ltr'><strong>fuisse</strong></span> <span class='ocrx_word' id='word_1_489' title='bbox 2816 2355 3241 2411; x_wconf 76' lang='lat' dir='ltr'><strong>commendatus.</strong></span> <span class='ocrx_word' id='word_1_490' title='bbox 3269 2354 3430 2427; x_wconf 86' lang='lat' dir='ltr'><strong>(Vide</strong></span> <span class='ocrx_word' id='word_1_491' title='bbox 3462 2354 3661 2427; x_wconf 84' lang='lat' dir='ltr'><strong>Regist.</strong></span> <span class='ocrx_word' id='word_1_492' title='bbox 3694 2355 3779 2409; x_wconf 86' lang='lat' dir='ltr'><strong>tib.</strong></span> <span class='ocrx_word' id='word_1_493' title='bbox 3808 2371 3843 2425; x_wconf 87' lang='grc' dir='ltr'><strong>ι,</strong></span> 
     </span>
    </p>
   </div>
   <div class='ocr_carea' id='block_1_69' title="bbox 2266 2447 3439 2521">
    <p class='ocr_par' dir='ltr' id='par_1_69' title="bbox 2266 2447 3439 2521">
     <span class='ocr_line' id='line_1_69' title="bbox 2266 2447 3439 2521; baseline -0.001 -18"><span class='ocrx_word' id='word_1_494' title='bbox 2266 2466 2347 2521; x_wconf 73' lang='lat' dir='ltr'><strong>ep.</strong></span> <span class='ocrx_word' id='word_1_495' title='bbox 2381 2451 2436 2515; x_wconf 84' lang='lat'><strong>8,</strong></span> <span class='ocrx_word' id='word_1_496' title='bbox 2469 2447 2556 2509; x_wconf 77' lang='grc'><strong>15,</strong></span> <span class='ocrx_word' id='word_1_497' title='bbox 2581 2447 2672 2514; x_wconf 72' lang='grc'><strong>45,</strong></span> <span class='ocrx_word' id='word_1_498' title='bbox 2701 2448 2801 2514; x_wconf 79' lang='lat'><strong>79;</strong></span> <span class='ocrx_word' id='word_1_499' title='bbox 2833 2448 2922 2502; x_wconf 85' lang='lat' dir='ltr'><strong>lib.</strong></span> <span class='ocrx_word' id='word_1_500' title='bbox 2947 2462 3006 2512; x_wconf 84' lang='grc' dir='ltr'><strong>ιι,</strong></span> <span class='ocrx_word' id='word_1_501' title='bbox 3036 2464 3116 2518; x_wconf 85' lang='lat' dir='ltr'><strong>ep.</strong></span> <span class='ocrx_word' id='word_1_502' title='bbox 3145 2447 3211 2502; x_wconf 81' lang='lat'><strong>57</strong></span> <span class='ocrx_word' id='word_1_503' title='bbox 3237 2458 3287 2503; x_wconf 89' lang='lat' dir='ltr'><strong>et</strong></span> <span class='ocrx_word' id='word_1_504' title='bbox 3314 2447 3439 2517; x_wconf 66' lang='grc'><strong>45.)</strong></span> 
     </span>
    </p>
   </div>
   <div class='ocr_carea' id='block_1_70' title="bbox 2338 2541 3849 2612">
    <p class='ocr_par' dir='ltr' id='par_1_70' title="bbox 2338 2541 3849 2612">
     <span class='ocr_line' id='line_1_70' title="bbox 2338 2541 3849 2612; baseline 0 -17"><span class='ocrx_word' id='word_1_505' title='bbox 2338 2541 2391 2596; x_wconf 81' lang='grc'><strong>5.</strong></span> <span class='ocrx_word' id='word_1_506' title='bbox 2433 2541 2559 2596; x_wconf 86' lang='lat' dir='ltr'><strong>Post</strong></span> <span class='ocrx_word' id='word_1_507' title='bbox 2581 2543 2782 2612; x_wconf 88' lang='lat' dir='ltr'><strong>primas</strong></span> <span class='ocrx_word' id='word_1_508' title='bbox 2806 2541 2868 2596; x_wconf 60' lang='lat' dir='ltr'><strong>ii;</strong></span> <span class='ocrx_word' id='word_1_509' title='bbox 2897 2542 3143 2595; x_wconf 71' lang='lat' dir='ltr'><strong>ccclesiis</strong></span> <span class='ocrx_word' id='word_1_510' title='bbox 3163 2556 3323 2596; x_wconf 89' lang='lat' dir='ltr'><strong>curas</strong></span> <span class='ocrx_word' id='word_1_511' title='bbox 3344 2542 3634 2612; x_wconf 87' lang='lat' dir='ltr'><strong>impensas,</strong></span> <span class='ocrx_word' id='word_1_512' title='bbox 3661 2541 3849 2596; x_wconf 73' lang='lat' dir='ltr'><strong>altera:</strong></span> 
     </span>
    </p>
   </div>
   <div class='ocr_carea' id='block_1_71' title="bbox 2267 2633 3850 2703">
    <p class='ocr_par' dir='ltr' id='par_1_71' title="bbox 2267 2633 3850 2703">
     <span class='ocr_line' id='line_1_71' title="bbox 2267 2633 3850 2703; baseline 0 -15"><span class='ocrx_word' id='word_1_513' title='bbox 2267 2634 2443 2689; x_wconf 89' lang='lat' dir='ltr'><strong>charis</strong></span> <span class='ocrx_word' id='word_1_514' title='bbox 2469 2633 2567 2687; x_wconf 90' lang='lat' dir='ltr'><strong>sibi</strong></span> <span class='ocrx_word' id='word_1_515' title='bbox 2599 2633 2940 2688; x_wconf 88' lang='lat' dir='ltr'><strong>monasteriis</strong></span> <span class='ocrx_word' id='word_1_516' title='bbox 2969 2634 3223 2688; x_wconf 85' lang='lat' dir='ltr'><strong>servavit.</strong></span> <span class='ocrx_word' id='word_1_517' title='bbox 3269 2633 3455 2703; x_wconf 84' lang='lat' dir='ltr'><strong>Itaque</strong></span> <span class='ocrx_word' id='word_1_518' title='bbox 3499 2642 3738 2702; x_wconf 86' lang='lat' dir='ltr'><strong>egestate</strong></span> <span class='ocrx_word' id='word_1_519' title='bbox 3780 2633 3850 2688; x_wconf 81' lang='lat' dir='ltr'><strong>la-</strong></span> 
     </span>
    </p>
   </div>
   <div class='ocr_carea' id='block_1_72' title="bbox 2268 2722 3849 2796">
    <p class='ocr_par' dir='ltr' id='par_1_72' title="bbox 2268 2722 3849 2796">
     <span class='ocr_line' id='line_1_72' title="bbox 2268 2722 3849 2796; baseline -0.002 -14"><span class='ocrx_word' id='word_1_520' title='bbox 2268 2724 2588 2782; x_wconf 88' lang='lat' dir='ltr'><strong>borantibus</strong></span> <span class='ocrx_word' id='word_1_521' title='bbox 2636 2722 3133 2780; x_wconf 83' lang='lat' dir='ltr'><strong>munificentissime</strong></span> <span class='ocrx_word' id='word_1_522' title='bbox 3182 2725 3449 2782; x_wconf 89' lang='lat' dir='ltr'><strong>subvenit.</strong></span> <span class='ocrx_word' id='word_1_523' title='bbox 3484 2724 3564 2779; x_wconf 86' lang='lat' dir='ltr'><strong>Ab</strong></span> <span class='ocrx_word' id='word_1_524' title='bbox 3592 2726 3849 2796; x_wconf 82' lang='lat' dir='ltr'><strong>episc0pis</strong></span> 
     </span>
    </p>
   </div>
   <div class='ocr_carea' id='block_1_73' title="bbox 2268 2814 3850 2885">
    <p class='ocr_par' dir='ltr' id='par_1_73' title="bbox 2268 2814 3850 2885">
     <span class='ocr_line' id='line_1_73' title="bbox 2268 2814 3850 2885; baseline 0.002 -17"><span class='ocrx_word' id='word_1_525' title='bbox 2268 2816 2478 2884; x_wconf 80' lang='lat' dir='ltr'><strong>gravari</strong></span> <span class='ocrx_word' id='word_1_526' title='bbox 2500 2830 2561 2870; x_wconf 86' lang='lat' dir='ltr'><strong>se</strong></span> <span class='ocrx_word' id='word_1_527' title='bbox 2581 2814 2870 2883; x_wconf 78' lang='lat' dir='ltr'><strong>vexarique</strong></span> <span class='ocrx_word' id='word_1_528' title='bbox 2894 2827 3288 2885; x_wconf 86' lang='lat' dir='ltr'><strong>conquerentes</strong></span> <span class='ocrx_word' id='word_1_529' title='bbox 3309 2817 3604 2872; x_wconf 85' lang='lat' dir='ltr'><strong>monachos</strong></span> <span class='ocrx_word' id='word_1_530' title='bbox 3632 2817 3689 2871; x_wconf 90' lang='lat' dir='ltr'><strong>in</strong></span> <span class='ocrx_word' id='word_1_531' title='bbox 3710 2833 3850 2872; x_wconf 87' lang='lat' dir='ltr'><strong>suam</strong></span> 
     </span>
    </p>
   </div>
   <div class='ocr_carea' id='block_1_74' title="bbox 2270 2906 3853 2975">
    <p class='ocr_par' dir='ltr' id='par_1_74' title="bbox 2270 2906 3853 2975">
     <span class='ocr_line' id='line_1_74' title="bbox 2270 2906 3853 2975; baseline 0.001 -14"><span class='ocrx_word' id='word_1_532' title='bbox 2270 2907 2491 2961; x_wconf 89' lang='lat' dir='ltr'><strong>tutelam</strong></span> <span class='ocrx_word' id='word_1_533' title='bbox 2522 2906 2779 2975; x_wconf 90' lang='lat' dir='ltr'><strong>suscepit,</strong></span> <span class='ocrx_word' id='word_1_534' title='bbox 2806 2906 3142 2960; x_wconf 83' lang='lat' dir='ltr'><strong>inhumanum</strong></span> <span class='ocrx_word' id='word_1_535' title='bbox 3172 2922 3401 2962; x_wconf 87' lang='lat' dir='ltr'><strong>ccnscns</strong></span> <span class='ocrx_word' id='word_1_536' title='bbox 3431 2908 3509 2963; x_wconf 90' lang='lat' dir='ltr'><strong>cis</strong></span> <span class='ocrx_word' id='word_1_537' title='bbox 3538 2908 3853 2963; x_wconf 74' lang='lat' dir='ltr'><strong>interdicere</strong></span> 
     </span>
    </p>
   </div>
   <div class='ocr_carea' id='block_1_75' title="bbox 2270 2999 3852 3056">
    <p class='ocr_par' dir='ltr' id='par_1_75' title="bbox 2270 2999 3852 3056">
     <span class='ocr_line' id='line_1_75' title="bbox 2270 2999 3852 3056; baseline 0 -1"><span class='ocrx_word' id='word_1_538' title='bbox 2270 3000 2381 3055; x_wconf 87' lang='lat' dir='ltr'><strong>suis</strong></span> <span class='ocrx_word' id='word_1_539' title='bbox 2405 3000 2457 3055; x_wconf 93' lang='lat' dir='ltr'><strong>in</strong></span> <span class='ocrx_word' id='word_1_540' title='bbox 2484 2999 2829 3055; x_wconf 89' lang='lat' dir='ltr'><strong>monasteriis</strong></span> <span class='ocrx_word' id='word_1_541' title='bbox 2871 3000 3156 3055; x_wconf 89' lang='lat' dir='ltr'><strong>missarum</strong></span> <span class='ocrx_word' id='word_1_542' title='bbox 3182 3000 3601 3056; x_wconf 87' lang='lat' dir='ltr'><strong>celebrationem</strong></span> <span class='ocrx_word' id='word_1_543' title='bbox 3630 3008 3688 3055; x_wconf 90' lang='lat' dir='ltr'><strong>et</strong></span> <span class='ocrx_word' id='word_1_544' title='bbox 3718 3017 3852 3055; x_wconf 79' lang='lat' dir='ltr'><strong>mor-</strong></span> 
     </span>
    </p>
   </div>
   <div class='ocr_carea' id='block_1_76' title="bbox 2272 3088 3854 3161">
    <p class='ocr_par' dir='ltr' id='par_1_76' title="bbox 2272 3088 3854 3161">
     <span class='ocr_line' id='line_1_76' title="bbox 2272 3088 3854 3161; baseline 0.001 -17"><span class='ocrx_word' id='word_1_545' title='bbox 2272 3099 2485 3145; x_wconf 87' lang='lat' dir='ltr'><strong>tuorum</strong></span> <span class='ocrx_word' id='word_1_546' title='bbox 2512 3091 2865 3161; x_wconf 74' lang='lat' dir='ltr'><strong>sepulturam.</strong></span> <span class='ocrx_word' id='word_1_547' title='bbox 2914 3088 3032 3159; x_wconf 87' lang='lat' dir='ltr'><strong>lpsc</strong></span> <span class='ocrx_word' id='word_1_548' title='bbox 3073 3088 3425 3159; x_wconf 86' lang='lat' dir='ltr'><strong>spectandum</strong></span> <span class='ocrx_word' id='word_1_549' title='bbox 3457 3090 3776 3145; x_wconf 85' lang='lat' dir='ltr'><strong>humilitatis</strong></span> <span class='ocrx_word' id='word_1_550' title='bbox 3806 3099 3854 3145; x_wconf 88' lang='lat' dir='ltr'><strong>et</strong></span> 
     </span>
    </p>
   </div>
   <div class='ocr_carea' id='block_1_77' title="bbox 2194 3179 3854 3274">
    <p class='ocr_par' dir='ltr' id='par_1_77' title="bbox 2194 3179 3854 3274">
     <span class='ocr_line' id='line_1_77' title="bbox 2194 3179 3854 3274; baseline 0 -40"><span class='ocrx_word' id='word_1_551' title='bbox 2194 3210 2239 3274; x_wconf 65' lang='grc' dir='ltr'>ο</span> <span class='ocrx_word' id='word_1_552' title='bbox 2273 3179 2540 3249; x_wconf 70' lang='lat' dir='ltr'><strong>tequitatis</strong></span> <span class='ocrx_word' id='word_1_553' title='bbox 2586 3180 2892 3248; x_wconf 81' lang='lat' dir='ltr'><strong>exemplum</strong></span> <span class='ocrx_word' id='word_1_554' title='bbox 2942 3179 3190 3234; x_wconf 83' lang='lat' dir='ltr'><strong>omnibus</strong></span> <span class='ocrx_word' id='word_1_555' title='bbox 3238 3181 3550 3250; x_wconf 61' lang='lat' dir='ltr'><strong>praesulibus</strong></span> <span class='ocrx_word' id='word_1_556' title='bbox 3598 3182 3854 3250; x_wconf 81' lang='lat' dir='ltr'><strong>praebuit,</strong></span> 
     </span>
    </p>
   </div>
   <div class='ocr_carea' id='block_1_78' title="bbox 2272 3270 3854 3341">
    <p class='ocr_par' dir='ltr' id='par_1_78' title="bbox 2272 3270 3854 3341">
     <span class='ocr_line' id='line_1_78' title="bbox 2272 3270 3854 3341; baseline 0.003 -18"><span class='ocrx_word' id='word_1_557' title='bbox 2272 3286 2398 3341; x_wconf 62' lang='grc' dir='ltr'><strong>οπερ</strong></span> <span class='ocrx_word' id='word_1_558' title='bbox 2438 3273 2731 3332; x_wconf 87' lang='lat' dir='ltr'><strong>monachos</strong></span> <span class='ocrx_word' id='word_1_559' title='bbox 2760 3270 2817 3327; x_wconf 89' lang='lat' dir='ltr'><strong>S.</strong></span> <span class='ocrx_word' id='word_1_560' title='bbox 2854 3270 3125 3326; x_wconf 88' lang='lat' dir='ltr'><strong>Theodori</strong></span> <span class='ocrx_word' id='word_1_561' title='bbox 3174 3272 3227 3327; x_wconf 90' lang='lat' dir='ltr'><strong>in</strong></span> <span class='ocrx_word' id='word_1_562' title='bbox 3260 3274 3534 3328; x_wconf 86' lang='lat' dir='ltr'><strong>territorio</strong></span> <span class='ocrx_word' id='word_1_563' title='bbox 3585 3274 3854 3331; x_wconf 75' lang='lat' dir='ltr'><strong>l’anonni-</strong></span> 
     </span>
    </p>
   </div>
   <div class='ocr_carea' id='block_1_79' title="bbox 2272 3361 3859 3433">
    <p class='ocr_par' dir='ltr' id='par_1_79' title="bbox 2272 3361 3859 3433">
     <span class='ocr_line' id='line_1_79' title="bbox 2272 3361 3859 3433; baseline 0.002 -16"><span class='ocrx_word' id='word_1_564' title='bbox 2272 3371 2418 3418; x_wconf 84' lang='lat' dir='ltr'><strong>tano.</strong></span> <span class='ocrx_word' id='word_1_565' title='bbox 2453 3361 2746 3431; x_wconf 85' lang='lat' dir='ltr'><strong>Gregorius</strong></span> <span class='ocrx_word' id='word_1_566' title='bbox 2782 3376 2969 3418; x_wconf 89' lang='lat' dir='ltr'><strong>servus</strong></span> <span class='ocrx_word' id='word_1_567' title='bbox 2993 3362 3085 3416; x_wconf 88' lang='lat' dir='ltr'><strong>Dei</strong></span> <span class='ocrx_word' id='word_1_568' title='bbox 3118 3362 3398 3433; x_wconf 77' lang='lat' dir='ltr'><strong>presbyter</strong></span> <span class='ocrx_word' id='word_1_569' title='bbox 3428 3372 3480 3418; x_wconf 91' lang='lat' dir='ltr'><strong>et</strong></span> <span class='ocrx_word' id='word_1_570' title='bbox 3512 3364 3681 3418; x_wconf 90' lang='lat' dir='ltr'><strong>abbas</strong></span> <span class='ocrx_word' id='word_1_571' title='bbox 3714 3363 3859 3433; x_wconf 80' lang='lat' dir='ltr'><strong>hujus</strong></span> 
     </span>
    </p>
   </div>
   <div class='ocr_carea' id='block_1_80' title="bbox 2271 3451 3860 3522">
    <p class='ocr_par' dir='ltr' id='par_1_80' title="bbox 2271 3451 3860 3522">
     <span class='ocr_line' id='line_1_80' title="bbox 2271 3451 3860 3522; baseline 0 -16"><span class='ocrx_word' id='word_1_572' title='bbox 2271 3452 2585 3508; x_wconf 85' lang='lat' dir='ltr'><strong>monasterii</strong></span> <span class='ocrx_word' id='word_1_573' title='bbox 2629 3452 2812 3507; x_wconf 89' lang='lat' dir='ltr'><strong>oblato</strong></span> <span class='ocrx_word' id='word_1_574' title='bbox 2849 3452 3032 3507; x_wconf 89' lang='lat' dir='ltr'><strong>libello</strong></span> <span class='ocrx_word' id='word_1_575' title='bbox 3073 3452 3301 3522; x_wconf 85' lang='lat' dir='ltr'><strong>supplici</strong></span> <span class='ocrx_word' id='word_1_576' title='bbox 3338 3462 3665 3522; x_wconf 89' lang='lat' dir='ltr'><strong>conquestus</strong></span> <span class='ocrx_word' id='word_1_577' title='bbox 3698 3451 3860 3509; x_wconf 89' lang='lat' dir='ltr'><strong>fuerat</strong></span> 
     </span>
    </p>
   </div>
   <div class='ocr_carea' id='block_1_81' title="bbox 2272 3540 3860 3611">
    <p class='ocr_par' dir='ltr' id='par_1_81' title="bbox 2272 3540 3860 3611">
     <span class='ocr_line' id='line_1_81' title="bbox 2272 3540 3860 3611; baseline 0.003 -18"><span class='ocrx_word' id='word_1_578' title='bbox 2272 3540 2405 3596; x_wconf 84' lang='lat' dir='ltr'><strong>fines</strong></span> <span class='ocrx_word' id='word_1_579' title='bbox 2454 3542 2854 3611; x_wconf 84' lang='lat' dir='ltr'><strong>possessionum</strong></span> <span class='ocrx_word' id='word_1_580' title='bbox 2907 3556 3125 3595; x_wconf 56' lang='lat' dir='ltr'><strong>sparum</strong></span> <span class='ocrx_word' id='word_1_581' title='bbox 3173 3540 3241 3595; x_wconf 90' lang='lat' dir='ltr'><strong>ab</strong></span> <span class='ocrx_word' id='word_1_582' title='bbox 3294 3542 3568 3597; x_wconf 88' lang='lat' dir='ltr'><strong>actoribus</strong></span> <span class='ocrx_word' id='word_1_583' title='bbox 3611 3542 3860 3599; x_wconf 75' lang='lat' dir='ltr'><strong>Ecclesia:</strong></span> 
     </span>
    </p>
   </div>
   <div class='ocr_carea' id='block_1_82' title="bbox 2274 3633 3860 3705">
    <p class='ocr_par' dir='ltr' id='par_1_82' title="bbox 2274 3633 3860 3705">
     <span class='ocr_line' id='line_1_82' title="bbox 2274 3633 3860 3705; baseline 0.001 -16"><span class='ocrx_word' id='word_1_584' title='bbox 2274 3634 2532 3689; x_wconf 71' lang='lat' dir='ltr'><strong>Romana:</strong></span> <span class='ocrx_word' id='word_1_585' title='bbox 2564 3633 2723 3689; x_wconf 86' lang='lat' dir='ltr'><strong>fuisse</strong></span> <span class='ocrx_word' id='word_1_586' title='bbox 2752 3650 3031 3705; x_wconf 81' lang='lat' dir='ltr'><strong>pervasus.</strong></span> <span class='ocrx_word' id='word_1_587' title='bbox 3069 3633 3412 3705; x_wconf 88' lang='lat' dir='ltr'><strong>Quapropter</strong></span> <span class='ocrx_word' id='word_1_588' title='bbox 3448 3634 3609 3691; x_wconf 67' lang='lat' dir='ltr'><strong>Petra</strong></span> <span class='ocrx_word' id='word_1_589' title='bbox 3650 3638 3860 3691; x_wconf 68' lang='lat' dir='ltr'><strong>subditi—</strong></span> 
     </span>
    </p>
   </div>
   <div class='ocr_carea' id='block_1_83' title="bbox 2271 3724 3859 3796">
    <p class='ocr_par' dir='ltr' id='par_1_83' title="bbox 2271 3724 3859 3796">
     <span class='ocr_line' id='line_1_83' title="bbox 2271 3724 3859 3796; baseline 0.001 -16"><span class='ocrx_word' id='word_1_590' title='bbox 2271 3739 2448 3791; x_wconf 86' lang='lat' dir='ltr'><strong>cono,</strong></span> <span class='ocrx_word' id='word_1_591' title='bbox 2479 3724 2571 3793; x_wconf 90' lang='lat' dir='ltr'><strong>qui</strong></span> <span class='ocrx_word' id='word_1_592' title='bbox 2618 3724 2762 3779; x_wconf 90' lang='lat' dir='ltr'><strong>sedis</strong></span> <span class='ocrx_word' id='word_1_593' title='bbox 2807 3724 3116 3794; x_wconf 69' lang='lat' dir='ltr'><strong>apostolicae</strong></span> <span class='ocrx_word' id='word_1_594' title='bbox 3166 3725 3379 3795; x_wconf 87' lang='lat' dir='ltr'><strong>negotia</strong></span> <span class='ocrx_word' id='word_1_595' title='bbox 3429 3734 3483 3780; x_wconf 88' lang='lat' dir='ltr'><strong>et</strong></span> <span class='ocrx_word' id='word_1_596' title='bbox 3541 3728 3859 3796; x_wconf 77' lang='lat' dir='ltr'><strong>patrimonia</strong></span> 
     </span>
    </p>
   </div>
   <div class='ocr_carea' id='block_1_84' title="bbox 2272 3814 3863 3885">
    <p class='ocr_par' dir='ltr' id='par_1_84' title="bbox 2272 3814 3863 3885">
     <span class='ocr_line' id='line_1_84' title="bbox 2272 3814 3863 3885; baseline 0.002 -16"><span class='ocrx_word' id='word_1_597' title='bbox 2272 3822 2399 3870; x_wconf 91' lang='lat' dir='ltr'><strong>tunc</strong></span> <span class='ocrx_word' id='word_1_598' title='bbox 2442 3814 2496 3869; x_wconf 90' lang='lat' dir='ltr'><strong>in</strong></span> <span class='ocrx_word' id='word_1_599' title='bbox 2539 3814 2646 3871; x_wconf 84' lang='lat' dir='ltr'><strong>illis</strong></span> <span class='ocrx_word' id='word_1_600' title='bbox 2688 3814 2797 3869; x_wconf 87' lang='lat' dir='ltr'><strong>oris</strong></span> <span class='ocrx_word' id='word_1_601' title='bbox 2825 3815 3075 3881; x_wconf 86' lang='lat' dir='ltr'><strong>curabat,</strong></span> <span class='ocrx_word' id='word_1_602' title='bbox 3119 3815 3371 3885; x_wconf 61' lang='lat' dir='ltr'><strong>praecepit</strong></span> <span class='ocrx_word' id='word_1_603' title='bbox 3401 3814 3459 3871; x_wconf 89' lang='lat' dir='ltr'><strong>S.</strong></span> <span class='ocrx_word' id='word_1_604' title='bbox 3488 3815 3783 3885; x_wconf 87' lang='lat' dir='ltr'><strong>Gregorius</strong></span> <span class='ocrx_word' id='word_1_605' title='bbox 3810 3826 3863 3871; x_wconf 93' lang='lat' dir='ltr'><strong>ut</strong></span> 
     </span>
    </p>
   </div>
   <div class='ocr_carea' id='block_1_85' title="bbox 2270 3906 3861 3978">
    <p class='ocr_par' dir='ltr' id='par_1_85' title="bbox 2270 3906 3861 3978">
     <span class='ocr_line' id='line_1_85' title="bbox 2270 3906 3861 3978; baseline 0 -15"><span class='ocrx_word' id='word_1_606' title='bbox 2270 3923 2358 3963; x_wconf 88' lang='lat' dir='ltr'><strong>res</strong></span> <span class='ocrx_word' id='word_1_607' title='bbox 2383 3924 2514 3978; x_wconf 88' lang='lat' dir='ltr'><strong>quas</strong></span> <span class='ocrx_word' id='word_1_608' title='bbox 2546 3908 2825 3977; x_wconf 88' lang='lat' dir='ltr'><strong>repetebat</strong></span> <span class='ocrx_word' id='word_1_609' title='bbox 2852 3907 3037 3971; x_wconf 84' lang='lat' dir='ltr'><strong>abbas,</strong></span> <span class='ocrx_word' id='word_1_610' title='bbox 3064 3908 3351 3963; x_wconf 85' lang='lat' dir='ltr'><strong>restituere</strong></span> <span class='ocrx_word' id='word_1_611' title='bbox 3380 3906 3687 3977; x_wconf 62' lang='lat' dir='ltr'><strong>f0:lillﬂl‘0!,</strong></span> <span class='ocrx_word' id='word_1_612' title='bbox 3710 3909 3861 3965; x_wconf 82' lang='lat' dir='ltr'><strong>sicas</strong></span> 
     </span>
    </p>
   </div>
   <div class='ocr_carea' id='block_1_86' title="bbox 2272 3997 3864 4071">
    <p class='ocr_par' dir='ltr' id='par_1_86' title="bbox 2272 3997 3864 4071">
     <span class='ocr_line' id='line_1_86' title="bbox 2272 3997 3864 4071; baseline 0.001 -16"><span class='ocrx_word' id='word_1_613' title='bbox 2272 3999 2544 4055; x_wconf 85' lang='lat' dir='ltr'><strong>continuis</strong></span> <span class='ocrx_word' id='word_1_614' title='bbox 2571 3998 2724 4054; x_wconf 88' lang='lat' dir='ltr'><strong>annis</strong></span> <span class='ocrx_word' id='word_1_615' title='bbox 2756 3997 3111 4067; x_wconf 58' lang='lat' dir='ltr'><strong>quadraginta</strong></span> <span class='ocrx_word' id='word_1_616' title='bbox 3138 3999 3322 4068; x_wconf 88' lang='lat' dir='ltr'><strong>quiete</strong></span> <span class='ocrx_word' id='word_1_617' title='bbox 3345 4001 3655 4055; x_wconf 74' lang='lat' dir='ltr'><strong>cmnubium</strong></span> <span class='ocrx_word' id='word_1_618' title='bbox 3690 4018 3864 4071; x_wconf 79' lang='lat' dir='ltr'><strong>possc-</strong></span> 
     </span>
    </p>
   </div>
   <div class='ocr_carea' id='block_1_87' title="bbox 2271 4086 3857 4158">
    <p class='ocr_par' dir='ltr' id='par_1_87' title="bbox 2271 4086 3857 4158">
     <span class='ocr_line' id='line_1_87' title="bbox 2271 4086 3857 4158; baseline 0.001 -15"><span class='ocrx_word' id='word_1_619' title='bbox 2271 4086 2411 4143; x_wconf 81' lang='lat' dir='ltr'><strong>disse</strong></span> <span class='ocrx_word' id='word_1_620' title='bbox 2441 4089 2777 4158; x_wconf 82' lang='lat' dir='ltr'><strong>probaretur.</strong></span> <span class='ocrx_word' id='word_1_621' title='bbox 2812 4086 2913 4143; x_wconf 89' lang='lat' dir='ltr'><strong>Ubi</strong></span> <span class='ocrx_word' id='word_1_622' title='bbox 2941 4098 2961 4125; x_wconf 74' lang='grc' dir='ltr'><strong>ο</strong></span> <span class='ocrx_word' id='word_1_623' title='bbox 2995 4088 3272 4157; x_wconf 85' lang='lat' dir='ltr'><strong>privilegio</strong></span> <span class='ocrx_word' id='word_1_624' title='bbox 3300 4088 3553 4146; x_wconf 79' lang='lat' dir='ltr'><strong>Ecclesia:</strong></span> <span class='ocrx_word' id='word_1_625' title='bbox 3582 4090 3857 4153; x_wconf 67' lang='lat' dir='ltr'><strong>Romamn.</strong></span> 
     </span>
    </p>
   </div>
   <div class='ocr_carea' id='block_1_88' title="bbox 2271 4176 3862 4249">
    <p class='ocr_par' dir='ltr' id='par_1_88' title="bbox 2271 4176 3862 4249">
     <span class='ocr_line' id='line_1_88' title="bbox 2271 4176 3862 4249; baseline 0.002 -15"><span class='ocrx_word' id='word_1_626' title='bbox 2271 4193 2533 4235; x_wconf 87' lang='lat' dir='ltr'><strong>concesso</strong></span> <span class='ocrx_word' id='word_1_627' title='bbox 2557 4194 2586 4231; x_wconf 91' lang='lat' dir='ltr'><strong>a</strong></span> <span class='ocrx_word' id='word_1_628' title='bbox 2607 4176 2932 4246; x_wconf 85' lang='lat' dir='ltr'><strong>Justiniano,</strong></span> <span class='ocrx_word' id='word_1_629' title='bbox 2951 4178 3025 4232; x_wconf 92' lang='lat' dir='ltr'><strong>uti</strong></span> <span class='ocrx_word' id='word_1_630' title='bbox 3051 4180 3221 4233; x_wconf 89' lang='lat' dir='ltr'><strong>noluit</strong></span> <span class='ocrx_word' id='word_1_631' title='bbox 3246 4197 3259 4232; x_wconf 85' lang='lat'><strong>:</strong></span> <span class='ocrx_word' id='word_1_632' title='bbox 3288 4195 3396 4249; x_wconf 90' lang='lat' dir='ltr'><strong>quo</strong></span> <span class='ocrx_word' id='word_1_633' title='bbox 3418 4181 3673 4236; x_wconf 85' lang='lat' dir='ltr'><strong>videlicet</strong></span> <span class='ocrx_word' id='word_1_634' title='bbox 3704 4183 3862 4237; x_wconf 59' lang='lat' dir='ltr'><strong>abba-</strong></span> 
     </span>
    </p>
   </div>
   <div class='ocr_carea' id='block_1_89' title="bbox 2273 4272 3862 4347">
    <p class='ocr_par' dir='ltr' id='par_1_89' title="bbox 2273 4272 3862 4347">
     <span class='ocr_line' id='line_1_89' title="bbox 2273 4272 3862 4347; baseline 0.003 -19"><span class='ocrx_word' id='word_1_635' title='bbox 2273 4281 2379 4328; x_wconf 89' lang='lat' dir='ltr'><strong>tem</strong></span> <span class='ocrx_word' id='word_1_636' title='bbox 2410 4272 2475 4327; x_wconf 89' lang='lat' dir='ltr'><strong>ad</strong></span> <span class='ocrx_word' id='word_1_637' title='bbox 2502 4273 2866 4327; x_wconf 78' lang='lat' dir='ltr'><strong>centenarium</strong></span> <span class='ocrx_word' id='word_1_638' title='bbox 2894 4274 3291 4343; x_wconf 85' lang='lat' dir='ltr'><strong>possessionem</strong></span> <span class='ocrx_word' id='word_1_639' title='bbox 3323 4276 3652 4342; x_wconf 76' lang='lat' dir='ltr'><strong>[robandam</strong></span> <span class='ocrx_word' id='word_1_640' title='bbox 3671 4293 3862 4347; x_wconf 85' lang='lat' dir='ltr'><strong>cogere</strong></span> 
     </span>
    </p>
   </div>
   <div class='ocr_carea' id='block_1_90' title="bbox 2273 4361 3858 4437">
    <p class='ocr_par' dir='ltr' id='par_1_90' title="bbox 2273 4361 3858 4437">
     <span class='ocr_line' id='line_1_90' title="bbox 2273 4361 3858 4437; baseline 0.006 -24"><span class='ocrx_word' id='word_1_641' title='bbox 2273 4362 2552 4430; x_wconf 86' lang='lat' dir='ltr'><strong>potuisset.</strong></span> <span class='ocrx_word' id='word_1_642' title='bbox 2605 4365 2622 4432; x_wconf 96' lang='lat'><strong>(</strong></span> <span class='ocrx_word' id='word_1_643' title='bbox 2652 4361 2782 4415; x_wconf 76' lang='lat' dir='ltr'><strong>Vide</strong></span> <span class='ocrx_word' id='word_1_644' title='bbox 2810 4361 2898 4416; x_wconf 86' lang='lat' dir='ltr'><strong>lib.</strong></span> <span class='ocrx_word' id='word_1_645' title='bbox 2934 4378 2970 4426; x_wconf 84' lang='grc' dir='ltr'><strong>ι,</strong></span> <span class='ocrx_word' id='word_1_646' title='bbox 2998 4380 3079 4434; x_wconf 88' lang='lat' dir='ltr'><strong>ep.</strong></span> <span class='ocrx_word' id='word_1_647' title='bbox 3112 4363 3145 4419; x_wconf 87' lang='lat'><strong>9</strong></span> <span class='ocrx_word' id='word_1_648' title='bbox 3172 4373 3221 4419; x_wconf 91' lang='lat' dir='ltr'><strong>et</strong></span> <span class='ocrx_word' id='word_1_649' title='bbox 3250 4363 3334 4419; x_wconf 71' lang='lat' dir='ltr'><strong>l2.</strong></span> <span class='ocrx_word' id='word_1_650' title='bbox 3378 4364 3461 4437; x_wconf 78' lang='lat' dir='ltr'><strong>Cf.</strong></span> <span class='ocrx_word' id='word_1_651' title='bbox 3504 4365 3635 4421; x_wconf 83' lang='lat' dir='ltr'><strong>Cod.</strong></span> <span class='ocrx_word' id='word_1_652' title='bbox 3660 4368 3728 4421; x_wconf 86' lang='lat' dir='ltr'><strong>de</strong></span> <span class='ocrx_word' id='word_1_653' title='bbox 3753 4368 3858 4423; x_wconf 85' lang='lat' dir='ltr'><strong>SS.</strong></span> 
     </span>
    </p>
   </div>
   <div class='ocr_carea' id='block_1_91' title="bbox 2272 4450 2903 4524">
    <p class='ocr_par' dir='ltr' id='par_1_91' title="bbox 2272 4450 2903 4524">
     <span class='ocr_line' id='line_1_91' title="bbox 2272 4450 2903 4524; baseline 0.002 -19"><span class='ocrx_word' id='word_1_654' title='bbox 2272 4450 2442 4517; x_wconf 68' lang='grc' dir='ltr'><strong>[ἱστίη</strong></span> <span class='ocrx_word' id='word_1_655' title='bbox 2473 4455 2583 4524; x_wconf 84' lang='lat' dir='ltr'><strong>lege</strong></span> <span class='ocrx_word' id='word_1_656' title='bbox 2617 4453 2685 4507; x_wconf 92' lang='lat' dir='ltr'><strong>Ut</strong></span> <span class='ocrx_word' id='word_1_657' title='bbox 2713 4454 2903 4523; x_wconf 85' lang='lat' dir='ltr'><strong>inter.)</strong></span> 
     </span>
    </p>
   </div>
   <div class='ocr_carea' id='block_1_92' title="bbox 572 4543 3863 4643">
    <p class='ocr_par' dir='ltr' id='par_1_92' title="bbox 572 4543 3863 4643">
     <span class='ocr_line' id='line_1_92' title="bbox 572 4543 3863 4643; baseline 0.002 -44"><span class='ocrx_word' id='word_1_658' title='bbox 572 4544 759 4599; x_wconf 75' lang='lat' dir='ltr'><strong>sertim</strong></span> <span class='ocrx_word' id='word_1_659' title='bbox 784 4545 1123 4601; x_wconf 86' lang='lat' dir='ltr'><strong>calamitates</strong></span> <span class='ocrx_word' id='word_1_660' title='bbox 1162 4563 1333 4617; x_wconf 71' lang='lat' dir='ltr'><strong>passm</strong></span> <span class='ocrx_word' id='word_1_661' title='bbox 1363 4557 1517 4603; x_wconf 86' lang='lat' dir='ltr'><strong>erant</strong></span> <span class='ocrx_word' id='word_1_662' title='bbox 1555 4549 1937 4606; x_wconf 81' lang='lat' dir='ltr'><strong>Minturnensis</strong></span> <span class='ocrx_word' id='word_1_663' title='bbox 1966 4559 2022 4606; x_wconf 87' lang='lat' dir='ltr'><strong>et</strong></span> <span class='ocrx_word' id='word_1_664' title='bbox 2065 4548 2168 4607; x_wconf 86' lang='lat' dir='ltr'><strong>Pe-</strong></span> <span class='ocrx_word' id='word_1_665' title='bbox 2202 4584 2249 4643; x_wconf 72' lang='grc' dir='ltr'>ο</span> <span class='ocrx_word' id='word_1_666' title='bbox 2345 4544 2397 4597; x_wconf 75' lang='grc'><strong>6-</strong></span> <span class='ocrx_word' id='word_1_667' title='bbox 2442 4543 2599 4599; x_wconf 73' lang='lat' dir='ltr'><strong>Aliud</strong></span> <span class='ocrx_word' id='word_1_668' title='bbox 2625 4552 2740 4600; x_wconf 73' lang='lat' dir='ltr'><strong>eral</strong></span> <span class='ocrx_word' id='word_1_669' title='bbox 2769 4546 2825 4599; x_wconf 75' lang='lat' dir='ltr'><strong>S-</strong></span> <span class='ocrx_word' id='word_1_670' title='bbox 2853 4543 3120 4601; x_wconf 78' lang='lat' dir='ltr'><strong>Theodori</strong></span> <span class='ocrx_word' id='word_1_671' title='bbox 3143 4551 3526 4606; x_wconf 83' lang='lat' dir='ltr'><strong>monasterium</strong></span> <span class='ocrx_word' id='word_1_672' title='bbox 3553 4553 3695 4622; x_wconf 88' lang='lat' dir='ltr'><strong>apud</strong></span> <span class='ocrx_word' id='word_1_673' title='bbox 3728 4554 3863 4607; x_wconf 75' lang='lat' dir='ltr'><strong>Mes-</strong></span> 
     </span>
    </p>
   </div>
   <div class='ocr_carea' id='block_1_93' title="bbox 574 4636 2168 4711">
    <p class='ocr_par' dir='ltr' id='par_1_93' title="bbox 574 4636 2168 4711">
     <span class='ocr_line' id='line_1_93' title="bbox 574 4636 2168 4711; baseline 0.003 -18"><span class='ocrx_word' id='word_1_674' title='bbox 574 4636 928 4707; x_wconf 86' lang='lat' dir='ltr'><strong>puloniensis,</strong></span> <span class='ocrx_word' id='word_1_675' title='bbox 977 4639 1029 4692; x_wconf 89' lang='lat' dir='ltr'><strong>in</strong></span> <span class='ocrx_word' id='word_1_676' title='bbox 1071 4639 1263 4709; x_wconf 88' lang='lat' dir='ltr'><strong>quibus</strong></span> <span class='ocrx_word' id='word_1_677' title='bbox 1293 4640 1469 4694; x_wconf 91' lang='lat' dir='ltr'><strong>nullus</strong></span> <span class='ocrx_word' id='word_1_678' title='bbox 1508 4650 1790 4711; x_wconf 87' lang='lat' dir='ltr'><strong>supererat</strong></span> <span class='ocrx_word' id='word_1_679' title='bbox 1836 4642 2106 4708; x_wconf 87' lang='lat' dir='ltr'><strong>sacerdos,</strong></span> <span class='ocrx_word' id='word_1_680' title='bbox 2138 4657 2168 4697; x_wconf 89' lang='lat' dir='ltr'><strong>a</strong></span> 
     </span>
    </p>
   </div>
   <div class='ocr_carea' id='block_1_94' title="bbox 570 4722 2169 4802">
    <p class='ocr_par' dir='ltr' id='par_1_94' title="bbox 570 4722 2169 4802">
     <span class='ocr_line' id='line_1_94' title="bbox 570 4722 2169 4802; baseline 0.002 -21"><span class='ocrx_word' id='word_1_681' title='bbox 570 4744 680 4796; x_wconf 90' lang='lat' dir='ltr'><strong>quo</strong></span> <span class='ocrx_word' id='word_1_682' title='bbox 710 4722 793 4782; x_wconf 83' lang='lat' dir='ltr'><strong>vel</strong></span> <span class='ocrx_word' id='word_1_683' title='bbox 824 4730 1128 4799; x_wconf 74' lang='lat' dir='ltr'><strong>ptenitentia</strong></span> <span class='ocrx_word' id='word_1_684' title='bbox 1172 4729 1533 4784; x_wconf 79' lang='lat' dir='ltr'><strong>decedentibus</strong></span> <span class='ocrx_word' id='word_1_685' title='bbox 1562 4731 1645 4785; x_wconf 91' lang='lat' dir='ltr'><strong>vel</strong></span> <span class='ocrx_word' id='word_1_686' title='bbox 1688 4729 1945 4802; x_wconf 87' lang='lat' dir='ltr'><strong>baptisma</strong></span> <span class='ocrx_word' id='word_1_687' title='bbox 1997 4742 2169 4802; x_wconf 84' lang='lat' dir='ltr'><strong>posset</strong></span> 
     </span>
    </p>
   </div>
   <div class='ocr_carea' id='block_1_95' title="bbox 552 4818 2168 4892">
    <p class='ocr_par' dir='ltr' id='par_1_95' title="bbox 552 4818 2168 4892">
     <span class='ocr_line' id='line_1_95' title="bbox 552 4818 2168 4892; baseline 0.005 -20"><span class='ocrx_word' id='word_1_688' title='bbox 552 4818 861 4892; x_wconf 68' lang='lat' dir='ltr'><strong>,infantibus</strong></span> <span class='ocrx_word' id='word_1_689' title='bbox 907 4820 1046 4875; x_wconf 88' lang='lat' dir='ltr'><strong>dari.</strong></span> <span class='ocrx_word' id='word_1_690' title='bbox 1089 4820 1354 4890; x_wconf 85' lang='lat' dir='ltr'><strong>Quocirca</strong></span> <span class='ocrx_word' id='word_1_691' title='bbox 1384 4824 1630 4880; x_wconf 86' lang='lat' dir='ltr'><strong>viduatas</strong></span> <span class='ocrx_word' id='word_1_692' title='bbox 1678 4832 1733 4879; x_wconf 93' lang='lat' dir='ltr'><strong>et</strong></span> <span class='ocrx_word' id='word_1_693' title='bbox 1783 4826 2024 4881; x_wconf 89' lang='lat' dir='ltr'><strong>desertas</strong></span> <span class='ocrx_word' id='word_1_694' title='bbox 2049 4828 2168 4880; x_wconf 89' lang='lat' dir='ltr'><strong>illas</strong></span> 
     </span>
    </p>
   </div>
   <div class='ocr_carea' id='block_1_96' title="bbox 547 4912 2169 4987">
    <p class='ocr_par' dir='ltr' id='par_1_96' title="bbox 547 4912 2169 4987">
     <span class='ocr_line' id='line_1_96' title="bbox 547 4912 2169 4987; baseline 0.004 -21"><span class='ocrx_word' id='word_1_695' title='bbox 547 4912 844 4978; x_wconf 69' lang='lat' dir='ltr'><strong>ecclesias,</strong></span> <span class='ocrx_word' id='word_1_696' title='bbox 874 4913 1217 4984; x_wconf 86' lang='lat' dir='ltr'><strong>reliquasque</strong></span> <span class='ocrx_word' id='word_1_697' title='bbox 1245 4930 1429 4985; x_wconf 90' lang='lat' dir='ltr'><strong>parem</strong></span> <span class='ocrx_word' id='word_1_698' title='bbox 1457 4916 1825 4971; x_wconf 88' lang='lat' dir='ltr'><strong>calamitatem</strong></span> <span class='ocrx_word' id='word_1_699' title='bbox 1856 4933 2043 4987; x_wconf 87' lang='lat' dir='ltr'><strong>passas</strong></span> <span class='ocrx_word' id='word_1_700' title='bbox 2077 4927 2169 4972; x_wconf 87' lang='lat' dir='ltr'><strong>ant</strong></span> 
     </span>
    </p>
   </div>
   <div class='ocr_carea' id='block_1_97' title="bbox 576 5005 2170 5078">
    <p class='ocr_par' dir='ltr' id='par_1_97' title="bbox 576 5005 2170 5078">
     <span class='ocr_line' id='line_1_97' title="bbox 576 5005 2170 5078; baseline 0.005 -21"><span class='ocrx_word' id='word_1_701' title='bbox 576 5005 837 5073; x_wconf 76' lang='lat' dir='ltr'><strong>proximis</strong></span> <span class='ocrx_word' id='word_1_702' title='bbox 864 5006 1111 5062; x_wconf 89' lang='lat' dir='ltr'><strong>ecclesiis</strong></span> <span class='ocrx_word' id='word_1_703' title='bbox 1156 5006 1335 5064; x_wconf 88' lang='lat' dir='ltr'><strong>adhuc</strong></span> <span class='ocrx_word' id='word_1_704' title='bbox 1364 5008 1588 5078; x_wconf 81' lang='lat' dir='ltr'><strong>integris</strong></span> <span class='ocrx_word' id='word_1_705' title='bbox 1626 5010 1819 5074; x_wconf 89' lang='lat' dir='ltr'><strong>univit,</strong></span> <span class='ocrx_word' id='word_1_706' title='bbox 1849 5020 1942 5064; x_wconf 91' lang='lat' dir='ltr'><strong>aut</strong></span> <span class='ocrx_word' id='word_1_707' title='bbox 1980 5009 2170 5066; x_wconf 89' lang='lat' dir='ltr'><strong>vicinis</strong></span> 
     </span>
    </p>
   </div>
   <div class='ocr_carea' id='block_1_98' title="bbox 574 5098 2169 5171">
    <p class='ocr_par' dir='ltr' id='par_1_98' title="bbox 574 5098 2169 5171">
     <span class='ocr_line' id='line_1_98' title="bbox 574 5098 2169 5171; baseline 0.003 -20"><span class='ocrx_word' id='word_1_708' title='bbox 574 5098 844 5168; x_wconf 86' lang='lat' dir='ltr'><strong>cpisc0pis</strong></span> <span class='ocrx_word' id='word_1_709' title='bbox 871 5099 1168 5155; x_wconf 84' lang='lat' dir='ltr'><strong>visitandas</strong></span> <span class='ocrx_word' id='word_1_710' title='bbox 1197 5108 1253 5155; x_wconf 90' lang='lat' dir='ltr'><strong>et</strong></span> <span class='ocrx_word' id='word_1_711' title='bbox 1281 5102 1543 5171; x_wconf 88' lang='lat' dir='ltr'><strong>regendas</strong></span> <span class='ocrx_word' id='word_1_712' title='bbox 1572 5100 1987 5156; x_wconf 88' lang='lat' dir='ltr'><strong>commendavit.</strong></span> <span class='ocrx_word' id='word_1_713' title='bbox 2017 5101 2169 5155; x_wconf 84' lang='lat' dir='ltr'><strong>Mau-</strong></span> 
     </span>
    </p>
   </div>
   <div class='ocr_carea' id='block_1_99' title="bbox 574 5188 2168 5264">
    <p class='ocr_par' dir='ltr' id='par_1_99' title="bbox 574 5188 2168 5264">
     <span class='ocr_line' id='line_1_99' title="bbox 574 5188 2168 5264; baseline 0.008 -27"><span class='ocrx_word' id='word_1_714' title='bbox 574 5188 735 5243; x_wconf 76' lang='lat' dir='ltr'><strong>ricius</strong></span> <span class='ocrx_word' id='word_1_715' title='bbox 764 5190 1059 5259; x_wconf 86' lang='lat' dir='ltr'><strong>imperator</strong></span> <span class='ocrx_word' id='word_1_716' title='bbox 1083 5189 1318 5257; x_wconf 80' lang='lat' dir='ltr'><strong>iusserat</strong></span> <span class='ocrx_word' id='word_1_717' title='bbox 1349 5199 1405 5245; x_wconf 90' lang='lat' dir='ltr'><strong>ut</strong></span> <span class='ocrx_word' id='word_1_718' title='bbox 1435 5192 1673 5261; x_wconf 84' lang='lat' dir='ltr'><strong>episcopi</strong></span> <span class='ocrx_word' id='word_1_719' title='bbox 1711 5207 1848 5261; x_wconf 92' lang='lat' dir='ltr'><strong>quos</strong></span> <span class='ocrx_word' id='word_1_720' title='bbox 1876 5207 1908 5247; x_wconf 89' lang='lat' dir='ltr'><strong>a</strong></span> <span class='ocrx_word' id='word_1_721' title='bbox 1938 5194 2168 5264; x_wconf 81' lang='lat' dir='ltr'><strong>propriis</strong></span> 
     </span>
    </p>
   </div>
   <div class='ocr_carea' id='block_1_100' title="bbox 572 5278 2167 5352">
    <p class='ocr_par' dir='ltr' id='par_1_100' title="bbox 572 5278 2167 5352">
     <span class='ocr_line' id='line_1_100' title="bbox 572 5278 2167 5352; baseline 0.004 -21"><span class='ocrx_word' id='word_1_722' title='bbox 572 5278 706 5333; x_wconf 83' lang='lat' dir='ltr'><strong>locis</strong></span> <span class='ocrx_word' id='word_1_723' title='bbox 734 5278 1046 5334; x_wconf 89' lang='lat' dir='ltr'><strong>hostilitatis</strong></span> <span class='ocrx_word' id='word_1_724' title='bbox 1074 5280 1222 5334; x_wconf 88' lang='lat' dir='ltr'><strong>furor</strong></span> <span class='ocrx_word' id='word_1_725' title='bbox 1242 5281 1545 5351; x_wconf 82' lang='lat' dir='ltr'><strong>expulerat,</strong></span> <span class='ocrx_word' id='word_1_726' title='bbox 1578 5282 1647 5336; x_wconf 91' lang='lat' dir='ltr'><strong>ad</strong></span> <span class='ocrx_word' id='word_1_727' title='bbox 1675 5298 1770 5336; x_wconf 91' lang='lat' dir='ltr'><strong>eos</strong></span> <span class='ocrx_word' id='word_1_728' title='bbox 1799 5283 2085 5352; x_wconf 77' lang='lat' dir='ltr'><strong>episcopos</strong></span> <span class='ocrx_word' id='word_1_729' title='bbox 2108 5300 2167 5339; x_wconf 89' lang='lat' dir='ltr'><strong>se</strong></span> 
     </span>
    </p>
   </div>
   <div class='ocr_carea' id='block_1_101' title="bbox 577 5370 2163 5441">
    <p class='ocr_par' dir='ltr' id='par_1_101' title="bbox 577 5370 2163 5441">
     <span class='ocr_line' id='line_1_101' title="bbox 577 5370 2163 5441; baseline 0.004 -17"><span class='ocrx_word' id='word_1_730' title='bbox 577 5370 909 5441; x_wconf 73' lang='lat' dir='ltr'><strong>conferrent,</strong></span> <span class='ocrx_word' id='word_1_731' title='bbox 934 5372 1026 5441; x_wconf 91' lang='lat' dir='ltr'><strong>qui</strong></span> <span class='ocrx_word' id='word_1_732' title='bbox 1052 5373 1162 5427; x_wconf 87' lang='lat' dir='ltr'><strong>suis</strong></span> <span class='ocrx_word' id='word_1_733' title='bbox 1190 5373 1258 5427; x_wconf 90' lang='lat' dir='ltr'><strong>ab</strong></span> <span class='ocrx_word' id='word_1_734' title='bbox 1287 5374 1536 5429; x_wconf 82' lang='lat' dir='ltr'><strong>ecclesiis</strong></span> <span class='ocrx_word' id='word_1_735' title='bbox 1564 5375 1733 5430; x_wconf 88' lang='lat' dir='ltr'><strong>avulsi</strong></span> <span class='ocrx_word' id='word_1_736' title='bbox 1777 5391 1883 5430; x_wconf 92' lang='lat' dir='ltr'><strong>non</strong></span> <span class='ocrx_word' id='word_1_737' title='bbox 1924 5374 2163 5441; x_wconf 84' lang='lat' dir='ltr'><strong>fuerant,</strong></span> 
     </span>
    </p>
   </div>
   <div class='ocr_carea' id='block_1_102' title="bbox 573 5462 2163 5537">
    <p class='ocr_par' dir='ltr' id='par_1_102' title="bbox 573 5462 2163 5537">
     <span class='ocr_line' id='line_1_102' title="bbox 573 5462 2163 5537; baseline 0.007 -25"><span class='ocrx_word' id='word_1_738' title='bbox 573 5468 631 5514; x_wconf 86' lang='lat' dir='ltr'><strong>et</strong></span> <span class='ocrx_word' id='word_1_739' title='bbox 676 5462 742 5516; x_wconf 81' lang='lat' dir='ltr'><strong>ab</strong></span> <span class='ocrx_word' id='word_1_740' title='bbox 783 5462 862 5520; x_wconf 88' lang='lat' dir='ltr'><strong>eis</strong></span> <span class='ocrx_word' id='word_1_741' title='bbox 902 5463 1167 5533; x_wconf 78' lang='lat' dir='ltr'><strong>stipendia</strong></span> <span class='ocrx_word' id='word_1_742' title='bbox 1210 5464 1439 5535; x_wconf 67' lang='lat' dir='ltr'><strong>vitatque</strong></span> <span class='ocrx_word' id='word_1_743' title='bbox 1488 5467 1793 5522; x_wconf 88' lang='lat' dir='ltr'><strong>necessaria</strong></span> <span class='ocrx_word' id='word_1_744' title='bbox 1838 5469 2163 5537; x_wconf 87' lang='lat' dir='ltr'><strong>acciperent.</strong></span> 
     </span>
    </p>
   </div>
   <div class='ocr_carea' id='block_1_103' title="bbox 576 5546 2170 5631">
    <p class='ocr_par' dir='ltr' id='par_1_103' title="bbox 576 5546 2170 5631">
     <span class='ocr_line' id='line_1_103' title="bbox 576 5546 2170 5631; baseline 0.007 -29"><span class='ocrx_word' id='word_1_745' title='bbox 576 5546 693 5605; x_wconf 90' lang='lat' dir='ltr'><strong>lloc</strong></span> <span class='ocrx_word' id='word_1_746' title='bbox 734 5551 1012 5608; x_wconf 83' lang='lat' dir='ltr'><strong>decretum</strong></span> <span class='ocrx_word' id='word_1_747' title='bbox 1040 5553 1332 5625; x_wconf 86' lang='lat' dir='ltr'><strong>Gregorius</strong></span> <span class='ocrx_word' id='word_1_748' title='bbox 1375 5556 1647 5626; x_wconf 71' lang='lat' dir='ltr'><strong>laudavit,</strong></span> <span class='ocrx_word' id='word_1_749' title='bbox 1696 5561 2047 5631; x_wconf 87' lang='lat' dir='ltr'><strong>hortatusque</strong></span> <span class='ocrx_word' id='word_1_750' title='bbox 2087 5568 2170 5616; x_wconf 85' lang='lat' dir='ltr'><strong>est</strong></span> 
     </span>
    </p>
   </div>
   <div class='ocr_carea' id='block_1_104' title="bbox 656 5691 1578 5765">
    <p class='ocr_par' dir='ltr' id='par_1_104' title="bbox 656 5691 1578 5765">
     <span class='ocr_line' id='line_1_104' title="bbox 656 5691 1578 5765; baseline 0.01 -20"><span class='ocrx_word' id='word_1_751' title='bbox 656 5703 679 5765; x_wconf 50' lang='grc' dir='ltr'>ξ</span> <span class='ocrx_word' id='word_1_752' title='bbox 712 5691 852 5765; x_wconf 65' lang='lat' dir='ltr'><strong>Yide</strong></span> <span class='ocrx_word' id='word_1_753' title='bbox 878 5692 968 5751; x_wconf 81' lang='lat' dir='ltr'><strong>lib.</strong></span> <span class='ocrx_word' id='word_1_754' title='bbox 1004 5711 1082 5761; x_wconf 88' lang='lat' dir='ltr'><strong>tn,</strong></span> <span class='ocrx_word' id='word_1_755' title='bbox 1111 5711 1236 5765; x_wconf 89' lang='lat' dir='ltr'><strong>cpp.</strong></span> <span class='ocrx_word' id='word_1_756' title='bbox 1267 5699 1317 5761; x_wconf 80' lang='lat' dir='ltr'><strong>t,</strong></span> <span class='ocrx_word' id='word_1_757' title='bbox 1349 5698 1387 5749; x_wconf 78' lang='lat'><strong>2</strong></span> <span class='ocrx_word' id='word_1_758' title='bbox 1407 5707 1461 5752; x_wconf 89' lang='lat' dir='ltr'><strong>et</strong></span> <span class='ocrx_word' id='word_1_759' title='bbox 1491 5698 1578 5755; x_wconf 71' lang='grc' dir='ltr'><strong>δῖ’).</strong></span> 
     </span>
    </p>
   </div>
   <div class='ocr_carea' id='block_1_105' title="bbox 664 5762 2169 5831">
    <p class='ocr_par' dir='ltr' id='par_1_105' title="bbox 664 5762 2169 5831">
     <span class='ocr_line' id='line_1_105' title="bbox 664 5762 2169 5831; baseline 0.01 -16"><span class='ocrx_word' id='word_1_760' title='bbox 664 5762 686 5795; x_wconf 75' lang='grc'><strong>¹¹</strong></span> <span class='ocrx_word' id='word_1_761' title='bbox 718 5762 955 5820; x_wconf 67' lang='lat' dir='ltr'><strong>indicem</strong></span> <span class='ocrx_word' id='word_1_762' title='bbox 989 5762 1423 5822; x_wconf 54' lang='lat' dir='ltr'><strong>Eccle&#39;siasticum</strong></span> <span class='ocrx_word' id='word_1_763' title='bbox 1455 5779 1510 5822; x_wconf 89' lang='lat' dir='ltr'><strong>ct</strong></span> <span class='ocrx_word' id='word_1_764' title='bbox 1538 5771 1731 5828; x_wconf 86' lang='lat' dir='ltr'><strong>laicunt</strong></span> <span class='ocrx_word' id='word_1_765' title='bbox 1760 5774 1827 5829; x_wconf 90' lang='lat' dir='ltr'><strong>de</strong></span> <span class='ocrx_word' id='word_1_766' title='bbox 1849 5776 2037 5829; x_wconf 88' lang='lat' dir='ltr'><strong>eodem</strong></span> <span class='ocrx_word' id='word_1_767' title='bbox 2074 5793 2169 5831; x_wconf 85' lang='lat' dir='ltr'><strong>nc-</strong></span> 
     </span>
    </p>
   </div>
   <div class='ocr_carea' id='block_1_106' title="bbox 581 5834 2164 5907">
    <p class='ocr_par' dir='ltr' id='par_1_106' title="bbox 581 5834 2164 5907">
     <span class='ocr_line' id='line_1_106' title="bbox 581 5834 2164 5907; baseline 0.011 -23"><span class='ocrx_word' id='word_1_768' title='bbox 581 5834 729 5894; x_wconf 71' lang='lat' dir='ltr'><strong>gotio</strong></span> <span class='ocrx_word' id='word_1_769' title='bbox 754 5837 1084 5906; x_wconf 84' lang='lat' dir='ltr'><strong>conjunctim</strong></span> <span class='ocrx_word' id='word_1_770' title='bbox 1114 5835 1408 5907; x_wconf 84' lang='lat' dir='ltr'><strong>inquirere,</strong></span> <span class='ocrx_word' id='word_1_771' title='bbox 1456 5848 1511 5895; x_wconf 88' lang='lat' dir='ltr'><strong>ct</strong></span> <span class='ocrx_word' id='word_1_772' title='bbox 1539 5846 1858 5900; x_wconf 87' lang='lat' dir='ltr'><strong>sententiam</strong></span> <span class='ocrx_word' id='word_1_773' title='bbox 1906 5846 2044 5901; x_wconf 85' lang='lat' dir='ltr'><strong>ferre</strong></span> <span class='ocrx_word' id='word_1_774' title='bbox 2087 5848 2164 5900; x_wconf 87' lang='lat' dir='ltr'><strong>vi-</strong></span> 
     </span>
    </p>
   </div>
   <div class='ocr_carea' id='block_1_107' title="bbox 2274 4634 3867 4705">
    <p class='ocr_par' dir='ltr' id='par_1_107' title="bbox 2274 4634 3867 4705">
     <span class='ocr_line' id='line_1_107' title="bbox 2274 4634 3867 4705; baseline 0.007 -17"><span class='ocrx_word' id='word_1_775' title='bbox 2274 4650 2495 4702; x_wconf 89' lang='lat' dir='ltr'><strong>sanam,</strong></span> <span class='ocrx_word' id='word_1_776' title='bbox 2546 4635 2597 4688; x_wconf 91' lang='lat' dir='ltr'><strong>in</strong></span> <span class='ocrx_word' id='word_1_777' title='bbox 2644 4634 2788 4705; x_wconf 82' lang='lat' dir='ltr'><strong>quod</strong></span> <span class='ocrx_word' id='word_1_778' title='bbox 2837 4636 3043 4690; x_wconf 89' lang='lat' dir='ltr'><strong>recludi</strong></span> <span class='ocrx_word' id='word_1_779' title='bbox 3090 4635 3261 4693; x_wconf 89' lang='lat' dir='ltr'><strong>voluit</strong></span> <span class='ocrx_word' id='word_1_780' title='bbox 3307 4642 3605 4697; x_wconf 81' lang='lat' dir='ltr'><strong>ntonaehos</strong></span> <span class='ocrx_word' id='word_1_781' title='bbox 3633 4643 3867 4699; x_wconf 79' lang='lat' dir='ltr'><strong>civitatis</strong></span> 
     </span>
    </p>
   </div>
   <div class='ocr_carea' id='block_1_108' title="bbox 2277 4723 3866 4803">
    <p class='ocr_par' dir='ltr' id='par_1_108' title="bbox 2277 4723 3866 4803">
     <span class='ocr_line' id='line_1_108' title="bbox 2277 4723 3866 4803; baseline 0.008 -26"><span class='ocrx_word' id='word_1_782' title='bbox 2277 4724 2438 4778; x_wconf 91' lang='lat' dir='ltr'><strong>Tauri</strong></span> <span class='ocrx_word' id='word_1_783' title='bbox 2469 4724 2611 4795; x_wconf 90' lang='lat' dir='ltr'><strong>apud</strong></span> <span class='ocrx_word' id='word_1_784' title='bbox 2642 4723 2859 4780; x_wconf 84' lang='lat' dir='ltr'><strong>Brutios</strong></span> <span class='ocrx_word' id='word_1_785' title='bbox 2883 4741 2913 4779; x_wconf 94' lang='lat' dir='ltr'><strong>a</strong></span> <span class='ocrx_word' id='word_1_786' title='bbox 2942 4725 3186 4783; x_wconf 85' lang='lat' dir='ltr'><strong>barbaris</strong></span> <span class='ocrx_word' id='word_1_787' title='bbox 3213 4727 3448 4797; x_wconf 72' lang='lat' dir='ltr'><strong>fugatos,</strong></span> <span class='ocrx_word' id='word_1_788' title='bbox 3476 4739 3530 4786; x_wconf 92' lang='lat' dir='ltr'><strong>ct</strong></span> <span class='ocrx_word' id='word_1_789' title='bbox 3570 4748 3669 4803; x_wconf 90' lang='lat' dir='ltr'><strong>per</strong></span> <span class='ocrx_word' id='word_1_790' title='bbox 3698 4743 3866 4789; x_wconf 78' lang='lat' dir='ltr'><strong>totum</strong></span> 
     </span>
    </p>
   </div>
   <div class='ocr_carea' id='block_1_109' title="bbox 2275 4815 3864 4893">
    <p class='ocr_par' dir='ltr' id='par_1_109' title="bbox 2275 4815 3864 4893">
     <span class='ocr_line' id='line_1_109' title="bbox 2275 4815 3864 4893; baseline 0.004 -23"><span class='ocrx_word' id='word_1_791' title='bbox 2275 4815 2511 4870; x_wconf 84' lang='lat' dir='ltr'><strong>Siciliam</strong></span> <span class='ocrx_word' id='word_1_792' title='bbox 2533 4816 2649 4870; x_wconf 88' lang='lat' dir='ltr'><strong>sine</strong></span> <span class='ocrx_word' id='word_1_793' title='bbox 2669 4824 2881 4870; x_wconf 89' lang='lat' dir='ltr'><strong>rectore</strong></span> <span class='ocrx_word' id='word_1_794' title='bbox 2905 4826 3178 4885; x_wconf 85' lang='lat' dir='ltr'><strong>vagantes.</strong></span> <span class='ocrx_word' id='word_1_795' title='bbox 3198 4818 3311 4885; x_wconf 85' lang='lat' dir='ltr'><strong>Qua</strong></span> <span class='ocrx_word' id='word_1_796' title='bbox 3335 4821 3402 4876; x_wconf 91' lang='lat' dir='ltr'><strong>de</strong></span> <span class='ocrx_word' id='word_1_797' title='bbox 3430 4838 3485 4875; x_wconf 87' lang='lat' dir='ltr'><strong>re</strong></span> <span class='ocrx_word' id='word_1_798' title='bbox 3509 4824 3729 4893; x_wconf 87' lang='lat' dir='ltr'><strong>scripsit</strong></span> <span class='ocrx_word' id='word_1_799' title='bbox 3758 4834 3864 4879; x_wconf 90' lang='lat' dir='ltr'><strong>tum</strong></span> 
     </span>
    </p>
   </div>
   <div class='ocr_carea' id='block_1_110' title="bbox 2275 4906 3867 4980">
    <p class='ocr_par' dir='ltr' id='par_1_110' title="bbox 2275 4906 3867 4980">
     <span class='ocr_line' id='line_1_110' title="bbox 2275 4906 3867 4980; baseline 0.006 -21"><span class='ocrx_word' id='word_1_800' title='bbox 2275 4906 2341 4959; x_wconf 87' lang='lat' dir='ltr'><strong>ad</strong></span> <span class='ocrx_word' id='word_1_801' title='bbox 2366 4906 2618 4972; x_wconf 81' lang='lat' dir='ltr'><strong>Felicem,</strong></span> <span class='ocrx_word' id='word_1_802' title='bbox 2640 4906 2952 4978; x_wconf 81' lang='lat' dir='ltr'><strong>episeOpum</strong></span> <span class='ocrx_word' id='word_1_803' title='bbox 2975 4907 3396 4980; x_wconf 85' lang='lat' dir='ltr'><strong>Messanenscm,</strong></span> <span class='ocrx_word' id='word_1_804' title='bbox 3423 4923 3534 4967; x_wconf 90' lang='lat' dir='ltr'><strong>tum</strong></span> <span class='ocrx_word' id='word_1_805' title='bbox 3558 4916 3628 4969; x_wconf 76' lang='lat' dir='ltr'><strong>ad</strong></span> <span class='ocrx_word' id='word_1_806' title='bbox 3656 4917 3867 4970; x_wconf 79' lang='lat' dir='ltr'><strong>Petrum</strong></span> 
     </span>
    </p>
   </div>
   <div class='ocr_carea' id='block_1_111' title="bbox 2275 4998 3863 5074">
    <p class='ocr_par' dir='ltr' id='par_1_111' title="bbox 2275 4998 3863 5074">
     <span class='ocr_line' id='line_1_111' title="bbox 2275 4998 3863 5074; baseline 0.004 -25"><span class='ocrx_word' id='word_1_807' title='bbox 2275 4998 2658 5053; x_wconf 87' lang='lat' dir='ltr'><strong>snbdiaconum</strong></span> <span class='ocrx_word' id='word_1_808' title='bbox 2694 4999 2804 5066; x_wconf 85' lang='lat' dir='ltr'><strong>jam</strong></span> <span class='ocrx_word' id='word_1_809' title='bbox 2855 4998 3127 5054; x_wconf 83' lang='lat' dir='ltr'><strong>laudatum</strong></span> <span class='ocrx_word' id='word_1_810' title='bbox 3176 5000 3324 5071; x_wconf 90' lang='lat' dir='ltr'><strong>(Lib.</strong></span> <span class='ocrx_word' id='word_1_811' title='bbox 3361 5019 3396 5067; x_wconf 87' lang='grc' dir='ltr'><strong>ι,</strong></span> <span class='ocrx_word' id='word_1_812' title='bbox 3420 5020 3536 5074; x_wconf 80' lang='lat' dir='ltr'><strong>epp.</strong></span> <span class='ocrx_word' id='word_1_813' title='bbox 3565 5003 3637 5058; x_wconf 72' lang='grc'><strong>40</strong></span> <span class='ocrx_word' id='word_1_814' title='bbox 3663 5016 3714 5059; x_wconf 82' lang='lat' dir='ltr'><strong>et</strong></span> <span class='ocrx_word' id='word_1_815' title='bbox 3744 5004 3863 5073; x_wconf 72' lang='grc'><strong>41).</strong></span> 
     </span>
    </p>
   </div>
   <div class='ocr_carea' id='block_1_112' title="bbox 2276 5088 3869 5165">
    <p class='ocr_par' dir='ltr' id='par_1_112' title="bbox 2276 5088 3869 5165">
     <span class='ocr_line' id='line_1_112' title="bbox 2276 5088 3869 5165; baseline 0.007 -26"><span class='ocrx_word' id='word_1_816' title='bbox 2276 5088 2392 5141; x_wconf 84' lang='lat' dir='ltr'><strong>Alia</strong></span> <span class='ocrx_word' id='word_1_817' title='bbox 2449 5088 2769 5143; x_wconf 72' lang='lat' dir='ltr'><strong>sanctissimi</strong></span> <span class='ocrx_word' id='word_1_818' title='bbox 2825 5105 2976 5159; x_wconf 83' lang='lat' dir='ltr'><strong>papa:</strong></span> <span class='ocrx_word' id='word_1_819' title='bbox 3039 5091 3270 5160; x_wconf 81' lang='lat' dir='ltr'><strong>epistola</strong></span> <span class='ocrx_word' id='word_1_820' title='bbox 3338 5095 3591 5149; x_wconf 87' lang='lat' dir='ltr'><strong>monachi</strong></span> <span class='ocrx_word' id='word_1_821' title='bbox 3649 5096 3869 5165; x_wconf 86' lang='lat' dir='ltr'><strong>quidam</strong></span> 
     </span>
    </p>
   </div>
   <div class='ocr_carea' id='block_1_113' title="bbox 2276 5178 3869 5257">
    <p class='ocr_par' dir='ltr' id='par_1_113' title="bbox 2276 5178 3869 5257">
     <span class='ocr_line' id='line_1_113' title="bbox 2276 5178 3869 5257; baseline 0.006 -25"><span class='ocrx_word' id='word_1_822' title='bbox 2276 5178 2604 5234; x_wconf 70' lang='lat' dir='ltr'><strong>Suri-entiam</strong></span> <span class='ocrx_word' id='word_1_823' title='bbox 2632 5180 2877 5235; x_wconf 73' lang='lat' dir='ltr'><strong>dimcesis</strong></span> <span class='ocrx_word' id='word_1_824' title='bbox 2905 5181 3097 5237; x_wconf 85' lang='lat' dir='ltr'><strong>eadem</strong></span> <span class='ocrx_word' id='word_1_825' title='bbox 3142 5184 3369 5251; x_wconf 65' lang='lat' dir='ltr'><strong>vagandi</strong></span> <span class='ocrx_word' id='word_1_826' title='bbox 3399 5185 3618 5240; x_wconf 79' lang='lat' dir='ltr'><strong>licentia</strong></span> <span class='ocrx_word' id='word_1_827' title='bbox 3658 5187 3869 5257; x_wconf 88' lang='lat' dir='ltr'><strong>abrepti</strong></span> 
     </span>
    </p>
   </div>
   <div class='ocr_carea' id='block_1_114' title="bbox 2277 5272 3869 5342">
    <p class='ocr_par' dir='ltr' id='par_1_114' title="bbox 2277 5272 3869 5342">
     <span class='ocr_line' id='line_1_114' title="bbox 2277 5272 3869 5342; baseline 0.006 -19"><span class='ocrx_word' id='word_1_828' title='bbox 2277 5280 2331 5323; x_wconf 83' lang='lat' dir='ltr'><strong>tl</strong></span> <span class='ocrx_word' id='word_1_829' title='bbox 2356 5272 2565 5339; x_wconf 68' lang='lat' dir='ltr'><strong>reculio</strong></span> <span class='ocrx_word' id='word_1_830' title='bbox 2594 5273 2815 5342; x_wconf 90' lang='lat' dir='ltr'><strong>insuper</strong></span> <span class='ocrx_word' id='word_1_831' title='bbox 2851 5274 3152 5342; x_wconf 88' lang='lat' dir='ltr'><strong>studentes,</strong></span> <span class='ocrx_word' id='word_1_832' title='bbox 3177 5276 3243 5329; x_wconf 91' lang='lat' dir='ltr'><strong>ad</strong></span> <span class='ocrx_word' id='word_1_833' title='bbox 3264 5276 3497 5332; x_wconf 80' lang='lat' dir='ltr'><strong>cilicium</strong></span> <span class='ocrx_word' id='word_1_834' title='bbox 3522 5289 3869 5334; x_wconf 73' lang='lat' dir='ltr'><strong>revocantur.</strong></span> 
     </span>
    </p>
   </div>
   <div class='ocr_carea' id='block_1_115' title="bbox 2276 5362 3874 5439">
    <p class='ocr_par' dir='ltr' id='par_1_115' title="bbox 2276 5362 3874 5439">
     <span class='ocr_line' id='line_1_115' title="bbox 2276 5362 3874 5439; baseline 0.004 -23"><span class='ocrx_word' id='word_1_835' title='bbox 2276 5362 2525 5418; x_wconf 76' lang='lat' dir='ltr'><strong>Nonnulli</strong></span> <span class='ocrx_word' id='word_1_836' title='bbox 2552 5379 2767 5434; x_wconf 75' lang='lat' dir='ltr'><strong>quoque</strong></span> <span class='ocrx_word' id='word_1_837' title='bbox 2793 5381 2858 5419; x_wconf 80' lang='lat' dir='ltr'><strong>ex</strong></span> <span class='ocrx_word' id='word_1_838' title='bbox 2892 5364 3006 5420; x_wconf 80' lang='lat' dir='ltr'><strong>istis</strong></span> <span class='ocrx_word' id='word_1_839' title='bbox 3043 5367 3348 5434; x_wconf 84' lang='lat' dir='ltr'><strong>erronibus,</strong></span> <span class='ocrx_word' id='word_1_840' title='bbox 3371 5384 3530 5439; x_wconf 86' lang='lat' dir='ltr'><strong>usque</strong></span> <span class='ocrx_word' id='word_1_841' title='bbox 3571 5370 3643 5424; x_wconf 83' lang='lat' dir='ltr'><strong>ad</strong></span> <span class='ocrx_word' id='word_1_842' title='bbox 3668 5380 3874 5423; x_wconf 78' lang='lat' dir='ltr'><strong>tantum</strong></span> 
     </span>
    </p>
   </div>
   <div class='ocr_carea' id='block_1_116' title="bbox 2275 5456 3877 5527">
    <p class='ocr_par' dir='ltr' id='par_1_116' title="bbox 2275 5456 3877 5527">
     <span class='ocr_line' id='line_1_116' title="bbox 2275 5456 3877 5527; baseline 0.006 -22"><span class='ocrx_word' id='word_1_843' title='bbox 2275 5456 2418 5525; x_wconf 75' lang='lat' dir='ltr'><strong>nefas</strong></span> <span class='ocrx_word' id='word_1_844' title='bbox 2447 5456 2780 5524; x_wconf 77' lang='lat' dir='ltr'><strong>prosilierunt</strong></span> <span class='ocrx_word' id='word_1_845' title='bbox 2802 5494 2820 5521; x_wconf 89' lang='lat'><strong>,</strong></span> <span class='ocrx_word' id='word_1_846' title='bbox 2871 5465 2925 5510; x_wconf 90' lang='lat' dir='ltr'><strong>ut</strong></span> <span class='ocrx_word' id='word_1_847' title='bbox 2975 5472 3171 5511; x_wconf 79' lang='lat' dir='ltr'><strong>uxores</strong></span> <span class='ocrx_word' id='word_1_848' title='bbox 3197 5458 3409 5527; x_wconf 85' lang='lat' dir='ltr'><strong>publice</strong></span> <span class='ocrx_word' id='word_1_849' title='bbox 3435 5459 3720 5515; x_wconf 76' lang='lat' dir='ltr'><strong>duxissent</strong></span> <span class='ocrx_word' id='word_1_850' title='bbox 3744 5502 3758 5525; x_wconf 90' lang='lat'><strong>,</strong></span> <span class='ocrx_word' id='word_1_851' title='bbox 3810 5461 3877 5515; x_wconf 86' lang='lat' dir='ltr'><strong>de</strong></span> 
     </span>
    </p>
   </div>
   <div class='ocr_carea' id='block_1_117' title="bbox 2277 5545 3873 5623">
    <p class='ocr_par' dir='ltr' id='par_1_117' title="bbox 2277 5545 3873 5623">
     <span class='ocr_line' id='line_1_117' title="bbox 2277 5545 3873 5623; baseline 0.006 -26"><span class='ocrx_word' id='word_1_852' title='bbox 2277 5546 2470 5617; x_wconf 58' lang='lat' dir='ltr'><strong>qud-tus</strong></span> <span class='ocrx_word' id='word_1_853' title='bbox 2498 5546 2685 5602; x_wconf 87' lang='lat' dir='ltr'><strong>scribit</strong></span> <span class='ocrx_word' id='word_1_854' title='bbox 2718 5545 2787 5599; x_wconf 89' lang='lat' dir='ltr'><strong>ad</strong></span> <span class='ocrx_word' id='word_1_855' title='bbox 2822 5547 3170 5604; x_wconf 82' lang='lat' dir='ltr'><strong>Antbcntium</strong></span> <span class='ocrx_word' id='word_1_856' title='bbox 3210 5547 3604 5605; x_wconf 86' lang='lat' dir='ltr'><strong>subdiaconum</strong></span> <span class='ocrx_word' id='word_1_857' title='bbox 3655 5549 3873 5623; x_wconf 60' lang='lat' dir='ltr'><strong>(Ibid,</strong></span> 
     </span>
    </p>
   </div>
   <div class='ocr_carea' id='block_1_118' title="bbox 2273 5707 3877 5834">
    <p class='ocr_par' dir='ltr' id='par_1_118' title="bbox 2273 5707 3877 5834">
     <span class='ocr_line' id='line_1_118' title="bbox 2273 5707 3877 5834; baseline 0.007 -72"><span class='ocrx_word' id='word_1_858' title='bbox 2541 5709 2685 5778; x_wconf 80' lang='lat' dir='ltr'><strong>quod</strong></span> <span class='ocrx_word' id='word_1_859' title='bbox 2707 5725 2904 5766; x_wconf 83' lang='lat' dir='ltr'><strong>novum</strong></span> <span class='ocrx_word' id='word_1_860' title='bbox 2929 5726 3035 5769; x_wconf 83' lang='lat' dir='ltr'><strong>non</strong></span> <span class='ocrx_word' id='word_1_861' title='bbox 3058 5725 3180 5769; x_wconf 87' lang='lat' dir='ltr'><strong>esse</strong></span> <span class='ocrx_word' id='word_1_862' title='bbox 3208 5711 3380 5770; x_wconf 75' lang='lat' dir='ltr'><strong>docet</strong></span> <span class='ocrx_word' id='word_1_863' title='bbox 3407 5722 3536 5771; x_wconf 88' lang='lat' dir='ltr'><strong>nota</strong></span> <span class='ocrx_word' id='word_1_864' title='bbox 3563 5732 3591 5774; x_wconf 73' lang='grc' dir='ltr'><em>ε</em></span> <span class='ocrx_word' id='word_1_865' title='bbox 3621 5714 3689 5770; x_wconf 87' lang='lat' dir='ltr'><strong>ad</strong></span> <span class='ocrx_word' id='word_1_866' title='bbox 3716 5732 3815 5788; x_wconf 88' lang='lat' dir='ltr'><strong>cp.</strong></span> <span class='ocrx_word' id='word_1_867' title='bbox 3854 5720 3877 5773; x_wconf 76' lang='grc' dir='ltr'><strong>ι</strong></span> 
     </span>
    </p>
   </div>
   <div class='ocr_carea' id='block_1_119' title="bbox 2350 5847 3265 5925">
    <p class='ocr_par' dir='ltr' id='par_1_119' title="bbox 2350 5847 3265 5925">
     <span class='ocr_line' id='line_1_119' title="bbox 2350 5847 3265 5925; baseline 0.007 -21"><span class='ocrx_word' id='word_1_868' title='bbox 2350 5859 2372 5892; x_wconf 70' lang='grc' dir='ltr'><strong>ε</strong></span> <span class='ocrx_word' id='word_1_869' title='bbox 2410 5847 2542 5906; x_wconf 77' lang='lat' dir='ltr'><strong>Vide</strong></span> <span class='ocrx_word' id='word_1_870' title='bbox 2572 5857 2753 5905; x_wconf 86' lang='lat' dir='ltr'><strong>notam</strong></span> <span class='ocrx_word' id='word_1_871' title='bbox 2783 5865 2810 5903; x_wconf 89' lang='lat' dir='ltr'><strong>c</strong></span> <span class='ocrx_word' id='word_1_872' title='bbox 2839 5851 2905 5906; x_wconf 84' lang='lat' dir='ltr'><strong>ad</strong></span> <span class='ocrx_word' id='word_1_873' title='bbox 2929 5866 3015 5925; x_wconf 83' lang='lat' dir='ltr'><strong>cp.</strong></span> <span class='ocrx_word' id='word_1_874' title='bbox 3046 5851 3079 5909; x_wconf 83' lang='lat'><strong><em>9</em></strong></span> <span class='ocrx_word' id='word_1_875' title='bbox 3104 5851 3195 5908; x_wconf 75' lang='lat' dir='ltr'><strong>lib.</strong></span> <span class='ocrx_word' id='word_1_876' title='bbox 3228 5865 3265 5910; x_wconf 79' lang='grc' dir='ltr'><strong>ι.</strong></span> 
     </span>
    </p>
   </div>
  </div>
