3992 6338
146 393 222 447 till

614 384 671 439 S.
713 378 1036 439 GllEGURlI
1079 376 1291 433 .‘llAGNl
1332 375 1514 443 “TA,
1560 376 1649 430 ex
1694 373 1856 430 Ε]υὸ
1894 372 2198 429 Stjl‘tll’TlS
2239 373 2630 429 ADUllNATA.
2676 376 2799 431 LIB.
2844 378 2905 435 ll.

3287 383 3394 434 303

142 526 203 578 ει,
231 502 350 573 12),
381 508 437 555 ut
485 499 624 557 omni
674 494 937 566 vigilantia
983 492 1367 561 pcrquirantnr,
1408 496 1461 542 et
1492 488 1544 541 in
1576 503 1688 540 mo-
1723 492 1765 545 Α
1796 488 2197 541 conversationis
2244 489 2325 541 via
2373 490 2635 542 meliorari
2680 490 2859 545 debeat
2901 490 3046 561 (Lib.
3081 508 3115 557 ι,
3145 510 3224 562 ep.
3268 493 3393 561 59.).

142 598 359 657 nasteriis
388 595 547 663 digna
582 589 909 645 coercitione
954 586 1086 639 tanti
1120 583 1302 651 ﬁagitii
1335 596 1523 651 poenas
1548 581 1697 633 luere

142 696 390 757 cnganlur.
421 687 598 751 Usque
624 679 760 733 adeo
792 676 1105 731 monastic-re
1131 672 1435 727 stabilitatis
1466 678 1700 724 assertor

144 783 240 845 fuit,
268 787 322 832 ut
356 772 563 831 clericis
602 772 653 824 in
695 767 1024 822 monasterio
1075 762 1352 818 conversis
1401 759 1603 814 nullam
1635 758 1700 811 ad

146 872 273 943 227
298 863 568 921 Ecclesias
590 863 641 916 in
662 859 854 929 Quibus
879 858 1028 927 prius
1050 856 1409 908 militaverant
1431 849 1704 905 remeandi

144 941 383 1018 licentiam
431 950 837 1022 relinquendam
890 946 1181 1009 censuerit,
1213 952 1267 998 et
1312 944 1480 996 multo
1531 941 1706 995 minus

146 1052 199 1104 ad
224 1049 343 1103 alias
372 1042 702 1104 transeundi,
736 1039 838 1093 nisi
866 1053 963 1094 eos
1006 1036 1073 1090 ad
1102 1033 1402 1091 sacerdotia
1429 1046 1708 1086 assumen-

143 1144 228 1196 dos
248 1135 563 1209 judicavcrit
592 1133 901 1202 episcopus.

206 1253 403 1320 Quanta
431 1248 595 1303 fuerit
622 1242 946 1301 sanctissimi
978 1239 1243 1311 pontiﬁcis
1272 1239 1338 1292 de
1377 1234 1565 1291 ordine
1593 1248 1711 1286 mov

144 1345 332 1401 nastico
377 1338 687 1395 sollicitudo
716 1344 771 1389 et
800 1333 1071 1400 vigilantia
1104 1331 1296 1401 probat
1338 1329 1438 1381 alia
1470 1325 1535 1379 ad
1565 1339 1716 1378 cum-

142 1439 252 1492 dem
296 1434 642 1489 Anthemium
699 1427 966 1496 Epistola,
1015 1440 1119 1493 qua
1170 1422 1275 1476 duo
1323 1418 1561 1489 praecipit
1610 1430 1714 1469 non

143 1528 318 1593 leviter
345 1522 742 1594 prtetereunda.
789 1517 960 1571 L'umu
991 1524 1075 1569 est
1100 1524 1155 1567 ut
1180 1513 1432 1566 mulieres
1456 1524 1573 1577 qum
1594 1509 1719 1561 hos-

144 1619 261 1671 tium
291 1623 442 1667 metu
495 1613 561 1665 ad
605 1606 1059 1674 Eunmrphiauam
1110 1601 1336 1654 insulam
1367 1599 1723 1664 confugerant

144 1706 255 1763 inde
283 1711 689 1765 amovereutur,
719 1713 785 1751 ue
816 1694 1091 1749 monachis
1118 1692 1257 1745 hanc
1305 1688 1533 1741 insulam
1567 1688 1720 1741 inco-

142 1795 364 1853 lentibus
393 1790 737 1845 occasion-ru
790 1787 970 1853 lapsus
1008 1782 1334 1851 priebereul.
1368 1776 1609 1831 Alterum
1642 1784 1724 1829 est

1804 576 1909 631 Sed
1934 578 1985 631 in
2012 579 2169 632 rebus
2198 580 2504 633 monasticis
2527 579 2719 636 diutius
2743 598 2847 637 non
2876 592 2955 637 est
2982 584 3394 643 immorandum.

1878 695 1932 749 8.
1986 693 2054 749 Ut
2099 696 2335 765 episcopi
2385 695 2566 750 viduas
2619 696 2865 751 honorant
2909 697 3061 766 jubet
3104 699 3400 769 Apostolus

1811 785 1981 847 (Tim.
2016 802 2065 848 v,
2097 786 2159 854 5)
2180 829 2194 850 ,
2220 786 2365 855 quod
2406 788 2568 840 etiam
2605 786 2673 841 de
2701 789 3090 856 suppeditando
3120 792 3263 846 victu
3292 809 3398 846 e:e-

1812 877 2049 944 terisque
2083 879 2203 931 vitae
2244 878 2558 931 necessariis
2600 888 2679 933 est
2721 880 3144 948 intelligendum.
3195 881 3401 937 Idcirco

1811 967 2104 1035 Gregorius
2132 985 2239 1020 non
2283 968 2456 1022 solmn
2487 984 2580 1022 eas
2624 970 2895 1040 episcopis
2929 971 2950 1007 ι’
2983 974 3399 1037 commendavit,

1812 1060 1906 1114 sed
1938 1060 2075 1113 tueri
2116 1074 2333 1127 quoque
2381 1077 2445 1115 ac
2491 1062 2542 1113 iu
2582 1071 2824 1129 egestate
2868 1064 3153 1119 sublevare
3195 1081 3411 1135 semper

1816 1151 1931 1221 ipse
1958 1150 2185 1204 curavit.
2218 1149 2387 1217 Hujus
2410 1161 2587 1205 autem
2617 1160 2857 1221 pateruze
2882 1168 3006 1221 erga
3047 1170 3138 1208 eas
3166 1158 3412 1211 caritatis

1816 1248 2187 1307 argumentum
2236 1249 2318 1293 est
2363 1241 2625 1309 imprimis
2673 1243 2898 1310 epistola
2946 1243 3015 1297 59
3058 1245 3179 1299 libri
3225 1262 3271 1311 ι,
3305 1264 3410 1316 qua

1818 1332 1928 1400 imp
1964 1340 2048 1384 rat
2085 1330 2373 1384 Anthemio
2421 1330 2785 1395 subdiacono,
2832 1332 3186 1388 ecclesiastici
3238 1338 3409 1403 patri-

1820 1421 1989 1477 monii
2025 1420 2260 1475 curatori
2303 1421 2354 1474 in
2385 1420 2699 1487 Campania,
2735 1430 2791 1475 ut
2822 1422 2967 1476 mille
3011 1423 3220 1478 modios
3252 1426 3413 1481 tritici

1822 1523 1876 1570 et
1898 1515 2171 1582 octoginta
2194 1515 2397 1570 solidos
2428 1514 2597 1568 tribus
2619 1522 2807 1583 eroget
2830 1514 3002 1569 viduis
3033 1517 3411 1571 nccrssitatcm

1822 1606 2172 1675 patientibus.
2226 1605 2472 1659 Annuam
2532 1605 2695 1661 fuisse
2748 1606 3084 1675 largitionem
3145 1610 3282 1664 hanc
3346 1627 3414 1665 ex

1826 1710 1913 1764 ep.
1947 1692 2014 1747 59
2056 1694 2297 1763 ejusdem
2347 1695 2467 1749 Lbri
2497 1694 2835 1763 conjicilnus.
2884 1694 3174 1750 Exordium
3220 1699 3414 1767 prioris

1830 1786 2072 1855 epistolae
2101 1802 2199 1839 nos
2229 1786 2408 1848 docet,
2456 1784 2590 1839 nihil
2620 1796 2810 1841 sancto
2839 1795 2894 1841 et
2923 1787 3011 1856 pio
3038 1788 3237 1857 pastoxi
3266 1790 3417 1844 cordi

146 1897 189 1942 ut
218 1895 342 1939 ante
372 1898 572 1935 annum
614 1878 788 1933 aetatis
817 1885 1069 1930 octavqu
1098 1873 1367 1926 decimum
1416 1870 1548 1924 nulli
1596 1868 1725 1922 ado-
1764 1866 1804 1923 Β
1832 1876 1999 1943 magis
2030 1874 2194 1930 fuisse
2229 1891 2388 1945 quam
2434 1891 2732 1945 pauperum
2758 1892 2962 1944 curam,
2992 1878 3418 1947 praecipuamque

146 1984 395 2036 lescentes
434 1974 500 2028 ad
533 1970 887 2026 umnasticxuu
936 1967 1175 2019 Ιιειιιὶιιιιιι
1224 1966 1323 2018 hac
1354 1964 1406 2017 in
1440 1961 1634 2027 insula,
1671 1961 1724 2014 in

149 2068 421 2131 Palmaria,
455 2074 510 2118 ct
555 2064 606 2115 iu
637 2061 753 2113 aliis
782 2058 968 2112 insulis
990 2055 1167 2123 suscip
1206 2062 1409 2108 rentur.
1446 2050 1581 2115 Quia
1601 2088 1618 2117 ,
1648 2051 1730 2102 iu-

150 2160 248 2229 quit
274 2155 525 2226 providus
550 2150 810 2223 pontifex,
843 2148 974 2201 dura
1002 2155 1079 2199 est
1108 2147 1158 2198 in
1186 2144 1370 2198 insulis
1398 2142 1728 2212 congregatio

150 2250 535 2307 monachorum;
587 2245 692 2299 hoc
733 2250 846 2307 est,
876 2242 1001 2309 quia
1040 2238 1379 2292 durissimum
1430 2236 1593 2288 vitam
1644 2234 1729 2287 lic

150 2342 359 2411 agebant
402 2336 674 2400 monachi,
703 2339 922 2403 prOpter
959 2329 1100 2384 acris
1128 2327 1523 2382 inclementiam
1555 2333 1608 2377 et
1640 2339 1729 2376 re-

150 2453 255 2492 rqu
286 2433 347 2487 ad
378 2431 537 2484 vitam
580 2426 957 2495 requisitarum
990 2419 1289 2489 penuriam.
1323 2417 1610 2484 Perperam
1637 2430 1733 2466 au-

153 2539 248 2583 tem
272 2541 332 2578 ex
359 2524 461 2577 hoc
493 2520 613 2573 lmo
640 2517 855 2585 quidam
898 2520 1128 2580 arguunt
1158 2510 1246 2563 hic
1272 2504 1547 2562 deﬁnitum
1574 2505 1735 2558 abso-

152 2620 250 2673 lute
283 2632 309 2668 a
339 2614 397 2666 S.
428 2611 470 2665 G
506 2609 696 2679 egorio
740 2616 947 2673 tempus
985 2599 1333 2672 professionis
1380 2595 1732 2659 monasticse,

154 2725 262 2765 cum
288 2706 481 2760 ibidem
503 2704 687 2771 jubeat
711 2712 906 2768 pueros
928 2695 1012 2749 his
1036 2694 1087 2747 in
1122 2689 1463 2745 monasteriis
1489 2696 1738 2757 repertos

154 2802 275 2855 intra
300 2812 499 2851 annum
522 2792 697 2847 celatis
740 2786 804 2841 18
835 2786 1061 2840 Romam
1102 2780 1418 2846 transmitti,
1450 2777 1740 2848 procellu-

153 2892 232 2946 bio
262 2896 315 2943 ut
345 2889 397 2941 iu
424 2883 769 2939 monasteriis
795 2882 885 2936 ubi
916 2879 1096 2934 mitior
1122 2884 1263 2932 esset
1296 2873 1579 2943 disciplina
1610 2886 1739 2939 pos-

156 2989 262 3035 sent
290 2976 516 3031 institui.
550 2975 745 3028 \‘erum
779 2971 845 3025 de
874 2970 955 3024 his
993 2969 1102 3037 jam
1131 2966 1365 3021 diximus
1403 2963 1539 3017 libro
1568 2960 1741 3030 primo

156 3070 302 3141 (Cap.
326 3069 381 3136 5,
410 3068 439 3139 §
467 3066 555 3136 ll)
589 3065 715 3120 etin
742 3070 869 3118 nota
893 3060 961 3115 ad
991 3060 1129 3113 hanc
1152 3055 1437 3127 epistolam
1467 3053 1556 3107 50.

219 3182 293 3237 Ad
333 3177 684 3236 restaurauda
710 3182 766 3230 et
789 3171 1147 3229 construenda
1176 3168 1338 3223 etiam
1382 3179 1520 3219 nova
1550 3176 1739 3217 mona-

162 3276 331 3339 iteria,
359 3280 453 3327 aut
480 3271 565 3325 his
593 3270 643 3323 in
678 3266 867 3321 insulis
892 3272 986 3318 aut
1022 3263 1075 3317 in
1103 3258 1490 3330 adjaccutibus,
1520 3270 1644 3311 usus
1666 3261 1750 3309 est

160 3365 443 3435 Gregorius
490 3362 705 3417 llorosii
752 3357 966 3413 abbatis
1014 3368 1210 3423 opera,
1243 3364 1301 3404 ut
1337 3366 1403 3403 ex
1430 3348 1594 3402 variis
1646 3347 1751 3400 hoc

160 3474 289 3509 :umo
337 3454 551 3523 scriptis
590 3449 831 3520 epistolis
883 3446 1231 3514 intelligimus
1280 3441 1421 3514 (Lib.
1455 3457 1504 3505 ι,
1531 3455 1646 3509 opp.
1683 3435 1744 3488 51

162 3558 209 3601 et
234 3546 353 3617 5‘2).
409 3544 657 3601 Monahi
696 3543 747 3595 in
779 3539 951 3595 insula
980 3536 1180 3593 montis
1207 3534 1407 3589 Christi
1433 3532 1691 3600 degentes
1720 3544 1750 3581 a

163 3638 350 3706 regulm
400 3635 713 3689 monastira:
760 3629 1047 3702 praeceptis
1089 3626 1303 3697 penitus
1350 3622 1750 3678 exorbitarant:

163 3744 253 3781 nec
294 3728 385 3795 qui
444 3725 763 3778 habitabant
812 3722 864 3776 iu
918 3719 1089 3774 insula
1140 3714 1411 3781 Gorgouia
1451 3710 1756 3778 religiosius

165 3820 298 3889 leges
324 3836 457 3875 suas
487 3818 775 3872 observare
819 3812 1149 3869 lcrcbantur.
1177 3808 1303 3862 llazc
1328 3813 1447 3859 erat
1474 3801 1756 3873 perturba-

169 3920 335 3965 torum
389 3918 448 3965 et
502 3909 809 3977 iniquorum
857 3904 1070 3959 illorum
1119 3908 1423 3968 temporum
1477 3892 1755 3956 conditio,

165 3998 733 4069 circumstrepentibus
782 3995 1015 4065 undique
1064 3990 1247 4054 armis,
1280 3989 1420 4042 inter
1447 3998 1567 4054 qua:
1614 3983 1758 4050 leges

164 4094 315 4147 etiam
368 4091 677 4147 sanctiores
726 4096 820 4142 aut
847 4087 1009 4141 silent
1052 4092 1147 4139 aut
1174 4083 1265 4137 vix
1314 4079 1627 4135 audiuntur.
1682 4076 1759 4129 De

166 4184 383 4238 fratrum
430 4192 615 4237 tamen
648 4180 860 4234 illorum
888 4175 1269 4232 emendatione
1318 4185 1427 4225 non
1465 4167 1760 4236 desperans

165 4271 483 4341 Gregorius,
515 4269 746 4323 llorosio
775 4265 953 4321 abbati
989 4263 1099 4333 jam
1141 4260 1362 4315 laudato
1399 4257 1453 4311 in
1493 4252 1760 4309 mandatis

166 4362 307 4417 dedit
363 4371 423 4415 ut
473 4361 589 4414 lr.ec
632 4355 963 4412 monasteria
1010 4353 1254 4408 visitaret
1314 4358 1569 4416 tanquam
1618 4343 1761 4398 sedis

166 4454 480 4522 apostolitae
507 4461 530 4487 ⁸
564 4450 795 4519 legatus,
824 4455 880 4501 et
906 4438 1025 4517 qua:
1054 4441 1396 4499 correctione
1430 4438 1588 4505 digna
1619 4435 1763 4489 inve-

167 4546 303 4599 niret
343 4561 408 4598 ea
452 4549 730 4609 satageret
771 4539 1089 4609 exstirpare,
1141 4544 1305 4603 atque
1350 4529 1645 4587 monachos
1691 4526 1759 4581 ad

166 4635 447 4689 meliorem
485 4636 692 4702 frugem
722 4636 1025 4685 revocaret.

231 4745 282 4799 7.
327 4745 525 4814 Neque
553 4758 681 4797 vero
705 4749 928 4813 propter
957 4736 1341 4793 nonnullorum
1374 4730 1766 4788 monachorum

165 4844 457 4905 corruptos
488 4850 670 4889 mores
691 4848 721 4886 a
749 4832 901 4886 novis
923 4826 1263 4883 monasteriis
1289 4821 1584 4879 excitandis
1605 4820 1769 4875 absti-

168 4927 397 4980 nendum
429 4925 700 4995 judicavit
728 4938 914 4991 aequus
941 4921 1029 4975 ille
1054 4932 1231 4973 rerum
1260 4915 1573 4970 testin'rator.
1600 4910 1765 4976 Quin-

166 5017 326 5073 immo
375 5017 565 5072 eidem
612 5013 839 5067 llorosio
870 5017 926 5066 et
962 5007 1288 5080 Symmacho
1322 5001 1590 5058 defensori
1634 5015 1773 5068 pra:-

169 5116 349 5184 cepit,
392 5123 460 5169 ut
514 5119 710 5185 praeter
760 5105 1144 5162 monasterium
1196 5117 1227 5155 a
1275 5098 1475 5153 Labina
1525 5094 1772 5163 religiosa

169 5205 365 5260 femina
399 5220 588 5274 nuper
615 5201 937 5257 :edilicatmu
969 5198 1021 5251 in
1051 5194 1272 5249 Corsica
1305 5190 1496 5255 insula,
1536 5187 1600 5241 ad
1631 5185 1776 5256 quod

174 5293 579 5350 instituendum
651 5288 948 5345 monachos
998 5303 1026 5341 a
1077 5283 1341 5350 Gregorio
1411 5278 1781 5350 postulaverat

170 5386 572 5457 Symmachus,
604 5383 747 5438 aliud
797 5384 849 5436 iu
891 5382 1014 5435 loco
1063 5376 1301 5446 ejusdem
1348 5373 1534 5428 insulae
1573 5367 1780 5423 munito

172 5479 421 5533 :ezliﬁcari
459 5486 761 5534 curarent:
792 5473 1079 5539 Quatenus,
1105 5468 1294 5537 inquit,
1320 5465 1492 5521 insula
1528 5465 1642 5531 ipsa
1667 5476 1781 5530 qua:

174 5572 559 5625 monasterium
601 5584 737 5622 nunc
769 5579 926 5637 usque
963 5579 1066 5617 non
1108 5559 1303 5624 habuit,
1331 5558 1487 5611 etiam
1535 5554 1589 5606 in
1629 5551 1782 5621 hujus

242 5731 263 5757 ·
303 5720 556 5790 Scripsit
585 5718 642 5772 S.
673 5714 967 5790 Gregorius
992 5710 1059 5790 ad
1091 5711 1225 5790 illos,
1252 5705 1552 5790 monachps
1575 5722 1587 5755 :

182 5792 299 5858 quid
320 5774 663 5858 disposuerit
715 5774 1050 5858 (lforosius)
1094 5779 1227 5858 [eiut
1256 5797 1288 5858 ρ
1327 5793 1408 5858 me
1450 5774 1783 5858 dispositum,

184 5842 290 5913 im
334 5842 537 5915 debita
597 5842 876 5913 ret‘ct‘entia
926 5842 1197 5907 atatodite.
1250 5849 1402 5915 Quod
1450 5842 1642 5917 probat
1688 5842 1786 5913 ipsi

1828 1977 2072 2024 actorum
2116 1977 2174 2021 et
2222 1975 2631 2037 procuratorum
2676 1967 2842 2037 ipsius
2878 1968 3209 2037 provinciam
3256 1968 3421 2022 fuisse

1831 2060 2194 2128 indigentibus
2226 2060 2523 2115 subsidium
2570 2058 2731 2126 ferre,
2766 2060 2832 2114 ad
2860 2060 3005 2130 quod
3054 2069 3110 2114 et
3153 2077 3334 2116 coram
3366 2074 3421 2115 ct

1829 2154 2043 2222 scriptis
2063 2168 2159 2207 eos
2186 2152 2524 2206 hortabatur.
2557 2151 2626 2205 At
2655 2151 2698 2205 si
2729 2150 2907 2205 ofﬁcio
2938 2167 3035 2205 suo
3063 2152 3420 2219 negligentius

1831 2245 2222 2309 incumberent,
2255 2252 2309 2297 et
2355 2243 2680 2313 pauperibus
2730 2251 2926 2312 prtcsto
2979 2260 3085 2297 non
3136 2244 3418 2307 adessent,

1830 2338 2133 2393 acrioribus
2153 2336 2400 2405 Gregorii
2424 2335 2881 2405 increpationibus
2906 2335 3160 2389 stimulati
3190 2351 3301 2390 sum
3328 2352 3421 2390 so,

1830 2430 2030 2485 cordiae
2059 2430 2243 2485 statim
2275 2444 2462 2499 punias
2490 2427 2710 2483 dabant.

1910 2542 1988 2595 Ex
2019 2542 2191 2596 tribus
2214 2540 2387 2595 viduis
2409 2539 2567 2595 modo
2594 2542 3032 2595 commemorat‘s
3053 2550 3167 2594 erat
3190 2539 3419 2601 I’ateria,

1837 2634 1947 2687 (hia
1975 2649 2070 2687 seu
2091 2633 2253 2686 amita
2284 2640 2375 2685 aut
2416 2639 2704 2686 matertera
2732 2630 2787 2685 S.
2820 2630 3064 2699 Gregorii
3091 2649 3104 2683 :
3135 2647 3294 2700 quam
3324 2633 3425 2686 etsi

1838 2726 2056 2780 viduam
2084 2740 2338 2794 expresse
2368 2738 2475 2777 non
2512 2723 2678 2791 dicat,
2708 2724 2882 2777 innuit
2915 2731 3112 2787 tamen,
3154 2723 3279 2776 dum
3309 2738 3429 2776 eam

1844 2818 1964 2872 aliis
1993 2817 2167 2871 viduis
2190 2823 2527 2879 aunumerat,
2556 2823 2611 2869 ct
2640 2814 2706 2868 de
2737 2815 2902 2883 ipsius
2934 2813 3055 2867 ﬁliis
3086 2814 3328 2882 loquens,
3362 2814 3429 2866 de

1845 2908 1963 2961 viro
1991 2914 2154 2960 tacet.
2187 2903 2346 2958 Tanti
2377 2904 2643 2973 pontiﬁcis
2681 2903 2931 2972 exemplo
2970 2902 3178 2956 discere
3208 2913 3434 2972 possunt

1843 2997 2089 3067 episc0pi
2120 2995 2531 3063 consanguineis
2559 3002 2615 3048 et
2652 2994 2908 3063 proximis
2948 2994 3058 3051 suis
3105 2994 3238 3064 (etsi
3275 2993 3433 3047 ditari

1849 3089 2004 3143 bonis
2050 3086 2305 3142 Ecclesiae
2356 3102 2461 3140 non
2510 3086 2775 3156 debeant)
2828 3086 3208 3139 misericordia:
3254 3094 3433 3140 tamen

1850 3182 2055 3235 viscera
2099 3196 2205 3234 non
2246 3179 2521 3243 claudere,
2565 3164 2660 3232 sed
2700 3177 2841 3230 inter
2869 3177 3002 3231 alios
3031 3191 3295 3246 pauperes
3332 3177 3438 3231 illis

1853 3272 2031 3326 locum
2054 3270 2203 3324 dare.
2235 3269 2290 3323 Si
2315 3270 2404 3337 qui
2439 3277 2618 3322 autem
2659 3267 3057 3338 prepinquitate
3086 3266 3186 3321 sibi
3213 3266 3440 3335 conjun-

1850 3374 1971 3420 ctos
1997 3377 2269 3435 pauperes
2297 3377 2326 3415 a
2359 3375 2417 3415 se
2446 3359 2708 3430 repellant
2732 3400 2747 3425 ,
2777 3357 2994 3413 videant
3028 3372 3095 3413 ne
3120 3357 3355 3427 superbo
3384 3356 3439 3412 id

1853 3456 2045 3529 pudori
2074 3455 2303 3511 adscribi
2342 3454 2529 3524 possit.

1927 3548 2059 3603 Cum
2088 3544 2346 3602 beneﬁcia
2371 3544 2637 3609 conferre,
2670 3559 2775 3598 non
2807 3542 3074 3598 faenerare
3105 3550 3330 3613 cuperet
3363 3542 3442 3597 vir

1856 3638 2423 3703 munilicentissimus,
2474 3646 2529 3691 et
2568 3636 2781 3690 beatius
2829 3650 2949 3689 esse
2993 3635 3124 3688 dare
3175 3634 3445 3703 iudicaret

1854 3749 2017 3804 quam
2047 3732 2313 3801 accipere,
2340 3744 2563 3783 munera
2592 3727 2873 3791 reuuebat,
2898 3734 2957 3778 ut
2984 3741 3048 3779 ex
3074 3726 3191 3793 ejus
3216 3724 3442 3793 episiola

1858 3826 1925 3879 ad
1953 3825 2191 3880 Felicem
2220 3823 2619 3877 Messanensem
2670 3822 2773 3875 hoc
2801 3835 2943 3873 anno
2971 3819 3171 3888 scripta
3211 3816 3361 3889 (Lib.
3391 3834 3405 3872 ι
3429 3859 3445 3884 ,

1857 3936 1941 3988 ep.
1974 3916 2063 3987 66)
2096 3915 2431 3985 potissimum
2476 3912 2749 3967 discimus.
2809 3911 3071 3963 Nimirum
3111 3910 3448 3977 iutelligebat

1860 4023 1920 4063 se
1942 4009 2064 4061 ideo
2093 4007 2144 4060 in
2168 4012 2377 4060 summo
2407 4002 2663 4057 Ecclesiae
2691 4000 2902 4071 fastigio
2932 4000 3303 4067 constitutum,
3330 4007 3387 4053 ut
3417 4016 3448 4051 a

1860 4117 1920 4157 se
1951 4102 2003 4163 in
2034 4100 2280 4155 subditos
2329 4097 2470 4153 dona
2518 4097 2737 4167 copiose
2766 4105 3068 4165 spenteque
3113 4093 3446 4160 deﬂuerent;

1861 4209 1991 4260 non,
2024 4192 2237 4247 inverso
2266 4191 2474 4255 ordine,
2506 4204 2537 4243 a
2576 4186 2801 4243 subditis
2830 4188 2905 4241 ad,
2927 4202 2985 4242 se
3013 4185 3325 4242 rclluercut.

2387 4306 2550 4376 223
2586 4300 2814 4358 CAPUT
2854 4301 2917 4356 v.

1850 4424 2219 4473 τΑειοωίεκτυιι.
2238 4445 2292 4456 -
2316 4419 2364 4468 l.
2390 4418 2441 4466 S.
2467 4417 2695 4478 Gregorii
2737 4415 3075 4478 misericordia
3103 4415 3148 4463 in
3174 4414 3453 4471 haereticos,

1931 4498 2020 4546 per
2046 4483 2355 4545 prudentiam
2376 4477 2663 4546 temperata.
2690 4505 2749 4514 -
2849 4477 3114 4546 _Quomodo
3150 4490 3207 4524 se
3240 4478 3458 4546 gesserit

1930 4536 2398 4600 erga'schismatic'is
2416 4536 2501 4598 pro
2518 4542 2672 4588 tribus
2687 4538 2910 4599 capitulis
2929 4537 3298 4585 tumultuantes.
3317 4536 3458 4600 Dam-

1800 4599 1846 4659 D
1932 4604 2067 4655 natio
2089 4607 2232 4655 trium
2253 4602 2569 4663 capitulorum
2599 4615 2709 4648 num
2728 4603 2783 4648 'in
2807 4600 3058 4663 Hispaniis
3086 4603 3309 4663 recepta;
3336 4605 3386 4663 et
3406 4599 3455 4663 iu

1940 4668 2125 4718 Galliis.
2148 4693 2206 4706 ν-
2226 4668 2269 4714 5.
2298 4658 2532 4726 Exempla
2554 4663 2802 4726 ehgritatis
2828 4674 2879 4709 et
2895 4658 3143 4726 riequitatis
3162 4658 3388 4726 Gregorii
3412 4659 3456 4703 in

1939 4731 2149 4779 Judmos.
2177 4727 2297 4775 μί.
2338 4720 2568 4785 Auttinris
2613 4720 3041 4785 Langobardorum
3090 4732 3186 4785 res
3229 4720 3456 4785 moritur.

1941 4794 2086 4855 Cujus
2108 4802 2361 4855 successor
2383 4784 2624 4855 Agilull‘us
2646 4780 2902 4855 catholicis
2916 4784 3138 4853 t'avet..-—-
3230 4780 3355 4836 Quid
3374 4792 3460 4855 pro

1942 4842 2039 4904 aut:
2064 4862 2116 4905 et
2141 4865 2228 4913 pro
2248 4842 2833 4913 disciplinarestauranda
2870 4844 3140 4913 Gregorius
3160 4842 3458 4913 decreverit.

1943 4900 2089 4965 :ii.‘
2103 4900 2225 4974 συἱό
2246 4900 2469 4974 statuerit
2490 4909 2555 4974 de
2573 4900 3259 4974 subditmonorum'cali-baut1
3294 4900 3460 4974 l’utida

1944 4962 2356 5029 hetero'dosorum
2400 4969 2577 5020 fabella
2625 4969 2919 5029 exploditur.
2943 4966 3072 5029 —7.
3112 4966 3187 5029 ρο
3221 4962 3464 5029 Venautio

1945 5025 2200 5091 monastici
2224 5042 2378 5085 status
2397 5035 2674 5091 desertore.
2695 5025 2757 5065 '—
2781 5034 2826 5078 8.
2862 5030 2983 5078 Eum
3015 5028 3066 5077 S.
3109 5026 3380 5091 Gregorius
3405 5025 3461 5091 ad

1945 5084 2277 5163 iiiiisianiiau'.
2299 5097 2537 5163 hortatur.
2567 5090 3024 5163 Demittunachorum
3070 5084 3311 5149 conjugiis
3348 5084 3462 5146 quid

1864 5180 1875 5186 ο
1943 5152 2268 5211 sentiendum.
2294 5158 2409 5218 (An.
2436 5157 2527 5204 590
2554 5163 2603 5202 et
2627 5152 2758 5214 591.)

1954 5262 2004 5317 1.
2048 5261 2162 5329 Qua
2193 5260 2457 5317 charitate
2484 5254 2775 5322 Gregorius
2803 5268 2932 5308 suos
2959 5259 3014 5306 et
3042 5247 3298 5305 Ecclesia:
3327 5245 3467 5301 ﬁlios

1882 5355 2353 5424 complecteretur,
2382 5348 2513 5403 satis
2540 5357 2813 5415 superque
2835 5343 3227 5405 demonstrant,
3253 5353 3374 5407 qua:
3402 5352 3467 5390 ex

1885 5450 2003 5519 ejus
2049 5443 2290 5516 epistolis
2318 5441 2493 5511 primo
2529 5435 2873 5509 pontiﬁcatus
2920 5449 3063 5487 anno
3102 5431 3316 5501 scriptis
3359 5428 3469 5497 jam

1884 5540 2145 5599 eruimus.
2178 5535 2331 5590 Nunc
2353 5547 2484 5588 vero
2508 5531 2574 5585 de
2601 5526 2842 5598 ejusdem
2885 5528 2938 5583 in
2970 5526 3193 5591 alienos,
3226 5522 3473 5577 videlicet

1889 5692 2141 5749 collatam
2185 5686 2349 5742 fuisse
2389 5682 2551 5754 legati
2580 5691 2673 5736 aut
2700 5679 2885 5737 vicarii
2912 5678 3192 5751 apostolici
3241 5672 3470 5729 auctori-

1893 5770 2148 5887 lati:mlllib.
2175 5845 2214 5901 ι,
2243 5843 2365 5901 epp.
2400 5825 2466 5881 15
2494 5832 2546 5881 et
2574 5823 2660 5879 69..
