3992 6308
550 324 654 381 503

1012 320 1076 379 s.
1114 316 1438 376 cnsconn
1477 274 1708 370 mam
1741 309 1921 372 vara,
1966 306 2054 360 ex
2100 306 2152 357 li.

2299 303 2608 357 SClill’TlS
2648 301 3044 354 ΛυυιὶλΑΤΑ.
3091 301 3217 353 Llll.
3261 302 3326 355 ll.

3719 303 3813 358 ωδ

549 434 831 492 ιιωτθιὶροε
859 439 955 487 aut
981 430 1370 493 schismaticos,
1405 427 1510 480 imo
1534 423 1695 477 etiam
1729 420 1779 472 in
1804 417 2018 471 Judaeos
2040 413 2137 467 mi-
2167 413 2209 470 Λ
2244 409 2483 463 aliisl‘ere
2506 409 2797 478 provinciis
2818 423 2938 477 quc
2963 408 3203 462 ﬂoinann
3224 407 3539 477 imperatori
3558 423 3658 464 non
3683 428 3816 480 νει-ρ-

549 523 842 581 sericordia
867 563 883 590 ,
932 521 1175 593 quaedam
1225 519 1411 572 iisdem
1441 530 1507 567 ex
1544 508 1908 566 monumentis
1944 506 2137 574 depro-

551 613 898 671 mcuda:ubi
935 609 1212 682 quomodo
1254 622 1313 661 se
1353 603 1580 674 gesserit
1628 615 1755 668 erga
1794 613 1982 654 omnes
2022 595 2142 648 ilfos

552 707 748 762 Christi
799 713 854 758 et
901 703 1020 770 ejus
1065 714 1274 770 sponsa:
1313 697 1533 758 hostes,
1586 691 1745 750 simul
1773 687 2141 766 ostendemus.

552 793 1014 851 Mansuetudinem
1055 786 1330 844 severitati
1359 781 1746 855 praeferendam
1787 794 1936 844 esse,
1988 785 2048 832 ut
2092 775 2142 829 in

554 884 800 940 lueresim
849 879 982 950 lapsi
1031 876 1099 932 ad
1143 890 1326 932 veram
1375 873 1532 928 tidem
1587 877 1942 935 revocentur,
1985 866 2148 921 docet

551 989 638 1044 ep.
672 974 736 1027 ad
770 969 1098 1026 Demetrium
1129 967 1541 1037 Neapolitanum
1571 964 1884 1034 episcopum
1924 957 2072 1030 (Lib.
2107 975 2143 1024 ι,

553 1079 634 1132 ep.
668 1061 735 1114 -14
755 1066 800 1128 ):
850 1061 1105 1130 ipsosque
1133 1058 1200 1112 ad
1230 1055 1665 1112 communionem
1691 1053 1851 1106 etiam
1879 1048 2148 1118 interposi-

554 1153 708 1206 tionis
736 1153 928 1204 anima:
955 1147 1184 1219 pericula
1214 1145 1371 1200 facile
1397 1140 1792 1212 suscipiendos.
1842 1137 1917 1194 Ne
1967 1145 2147 1190 tamen

552 1257 761 1297 summa
825 1240 940 1294 lucc
989 1236 1316 1306 indulgentia
1380 1235 1430 1288 in
1495 1232 1713 1286 nimiam
1776 1227 2146 1283 muissionem

553 1332 870 1395 declinaret,
920 1328 1107 1384 aderat
1153 1323 1482 1380 moderatrix
1532 1319 1835 1391 prudentia,
1885 1329 2149 1385 qumma-

555 1423 702 1478 xime
727 1420 897 1476 eluxit
923 1419 976 1473 in
1003 1415 1354 1486 reSponsionc
1383 1412 1449 1467 ad
1476 1411 1828 1482 quaestionem
1874 1406 1941 1460 de
1986 1405 2144 1458 unica

555 1518 653 1565 aut
681 1511 818 1564 trina
850 1507 1117 1562 mersione
1145 1502 1395 1575 baptismi
1426 1516 1455 1554 a
1486 1501 1557 1576 S.
1577 1497 1822 1553 Leandro
1845 1490 2145 1565 Hispalensi

555 1603 908 1673 propositam.
941 1600 1094 1654 [litus
1121 1596 1262 1664 apud
1294 1594 1520 1647 Arianos
1551 1597 1800 1659 receptus
1831 1594 1943 1642 erat
1977 1585 2148 1640 tribus

556 1693 766 1747 vicibus
793 1692 844 1745 in
873 1686 1199 1744 eontereudo
1229 1684 1494 1754 baptismo
1525 1694 1788 1749 mergere,
1831 1678 1924 1732 sed
1957 1676 2148 1731 ortho-

557 1781 712 1835 doxis
762 1779 915 1834 unica
960 1776 1258 1832 sulliciebat
1287 1772 1505 1828 mersio.
1541 1770 1722 1840 Nuper
1751 1767 1817 1822 ad
1870 1767 2026 1821 Iidem
2059 1780 2148 1818 ea-
2182 1785 2228 1845 Β

559 1870 811 1924 tholieam
842 1866 1087 1922 conversi
1117 1860 1425 1932 Wisigothi,
1458 1867 1680 1914 auctore
1706 1855 2001 1928 praesertim
2036 1853 2145 1906 Ite-

556 1958 790 2014 charedo
820 1971 944 2026 rege
974 1964 1028 2011 et
1071 1953 1294 2009 doctore
1325 1951 1381 2005 S.
1422 1948 1688 2010 Leandro,
1739 1946 2023 2016 pristinum
2063 1951 2148 1996 ter

557 2049 834 2120 mergendi
864 2063 1067 2102 tuon-tn
1095 2046 1330 2101 retinere
1359 2035 1978 2112 cupiebant.-’Obstabam
2000 2042 2148 2088 veto-

557 2155 648 2195 res
674 2139 946 2203 catholici,
975 2137 1058 2192 sui
1085 2150 1301 2206 quoque
1330 2135 1464 2188 ritus
1493 2128 1916 2186 retinentissimi.
1949 2127 2022 2181 De
2047 2126 2152 2180 hac

559 2227 930 2284 controversia
959 2225 1236 2282 consultus
1282 2221 1542 2285 Leander,
1574 2235 1633 2275 se
1652 2219 1755 2272 lem
1796 2214 2091 2287 apostolica
2119 2230 2147 2264 ,α

563 2334 594 2372 a
615 2316 864 2372 leundam
896 2315 1126 2376 censuit,
1158 2327 1331 2381 eaque
1361 2308 1662 2364 inconsulta
1694 2304 1823 2360 nihil
1854 2305 2151 2357 decernere

561 2416 646 2462 est
673 2420 866 2470 ausus,
918 2403 1194 2473 antiquam
1227 2411 1250 2438 α
1283 2408 1494 2471 patrum
1522 2411 1744 2452 suorum
1773 2400 1995 2448 secutus
2027 2405 2155 2444 cou-

561 2499 925 2556 suetudinem.
983 2495 1208 2566 Scripsit
1257 2493 1438 2562 itaque
1487 2489 1552 2544 ad
1617 2487 1935 2556 Gregorium
1989 2492 2042 2538 et
2099 2483 2150 2538 in

564 2601 850 2659 utramque.
872 2579 1075 2658 partem
1092 2583 1562 2650 disseruil,varias
1593 2589 1704 2634 tum
1725 2593 1822 2649 pro
1847 2577 2006 2632 unica
2040 2582 2151 2628 tum

561 2697 661 2752 pro
690 2680 828 2734 trina
857 2677 1201 2733 inuncrsioue
1242 2674 1478 2730 rationes
1523 2685 1820 2741 exponens.
1850 2666 1929 2721 Ad
1959 2663 2153 2736 quaesi-

562 2778 677 2822 tum
709 2765 985 2835 respondit
1013 2762 1379 2819 :anctissimus
1417 2761 1690 2827 magister,
1742 2758 1874 2812 citra
1907 2753 2026 2809 lidci
2059 2767 2155 2824 pc-

559 2855 831 2920 rieulum,
887 2853 1205 2907 alterutrum
1263 2849 1731 2906 indiscriminatim
1774 2846 1950 2901 ritum
2000 2842 2153 2913 sequi

557 2944 741 3008 licere,
773 2944 898 3015 quia
929 2942 1020 2998 ubi
1051 2957 1157 2997 una
1185 2950 1266 2996 est
1296 2940 1427 2995 lides
1447 2982 1464 3008 ,
1513 2938 1646 2994 nihil
1693 2936 1861 2991 ollicit
1901 2933 2156 2990 Ecclesiae

557 3043 822 3092 consuetu
841 3035 892 3090 lo
921 3033 1153 3089 diversa.
1185 3031 1344 3086 Addit
1372 3039 1550 3084 tamen
1578 3047 1591 3082 :
1618 3024 1725 3083 Sed
1753 3027 1873 3096 quia
1905 3039 2042 3078 mmc
2067 3039 2156 3076 us-

2247 499 2368 552 bauf
2387 499 2779 569 (quovidi-licet
2795 509 3043 566 cogente,
3062 498 3186 552 licet
3203 498 3425 567 Vigilius
3454 514 3589 568 papa
3621 502 3820 560 relucta-

2249 599 2424 657 retur,
2447 591 2698 642 damnata
2730 597 2857 642 sunt
2883 587 3115 656 capitula
3139 587 3274 657 lucc)
3307 587 3376 642 de
3405 603 3595 642 CLI'Ulll
3621 591 3817 648 daazna-

2247 679 2396 733 tione
2427 678 2710 733 decretum
2742 677 2952 732 nonnisi
2986 677 3188 731 tardius
3234 677 3397 731 luisse
3427 687 3716 748 receptum.
3755 681 3820 739 De

2247 767 2521 837 Hispaniis
2570 768 2620 821 iJ
2673 765 3116 821 lurulentissimis
3140 765 3474 834 argumentis
3499 768 3820 836 probatemi-

2249 858 2595 913 nentissimus
2633 857 2919 912 cardinalis
2959 853 3224 910 Henricus
3271 855 3552 922 Norisius,
3591 857 3823 914 disserta-

2251 947 2397 1002 tione
2426 945 2685 1001 historica
2733 945 2800 999 de
2829 959 2964 1013 syno
2987 944 3038 998 lo
3066 959 3118 1009 V,
3149 959 3270 1012 cap.
3303 943 3355 1006 9,
3393 942 3422 1016 §
3454 943 3506 1008 2,
3549 949 3821 1014 p'a-serlim

2249 1055 2317 1094 ex
2366 1037 2715 1093 conciliarent
2781 1033 3052 1104 llispanize
3105 1033 3321 1088 silentio
3384 1033 3648 1103 synodum
3706 1037 3826 1093 hanc

2249 1125 2648 1196 suscipiendum
2678 1123 2863 1177 nullibi
2893 1123 3317 1185 decernentium,
3352 1129 3516 1189 atque
3556 1138 3620 1176 ex
3663 1121 3714 1177 S.
3746 1125 3828 1179 lsi-

2250 1214 2386 1269 doro
2435 1213 2525 1282 qui
2577 1221 2691 1266 tum
2750 1211 2803 1265 in
2856 1210 3106 1277 catalogo
3151 1209 3489 1280 Scriptorum
3533 1209 3725 1266 Eceles.
3769 1216 3829 1270 de

2253 1301 2542 1357 Theodoro
2583 1301 2963 1370 Mopsuesteno
2994 1299 3241 1369 loquens,
3291 1308 3402 1353 tum
3455 1300 3507 1355 in
3558 1301 3826 1368 Chron'en,

2249 1390 2608 1447 Iustinianum
2658 1393 3040 1462 imperatorem
3071 1390 3216 1460 quod
3267 1390 3558 1460 episc0pos
3584 1390 3712 1444 intra
3742 1394 3830 1446 im-

2251 1483 2387 1554 perii
2431 1483 2584 1548 lines,
2634 1482 2701 1537 ad
2750 1484 2849 1537 tria
2895 1481 3133 1552 capitula
3176 1481 3478 1536 damnanda
3509 1486 3828 1554 compu‘crit,

2250 1573 2474 1629 liberius
2496 1571 2789 1643 redarguit.

2326 1664 2402 1719 De
2429 1664 2612 1719 Galliis
2642 1663 2781 1718 idem
2813 1662 3075 1734 probatur
3104 1661 3276 1719 Tomo
3307 1661 3370 1727 ll,
3420 1680 3515 1719 seu
3561 1663 3610 1720 in
3647 1680 3830 1736 appen-

2254 1754 2371 1809 dice
2392 1757 2459 1809 ad
2486 1769 2647 1824 opera
2679 1753 2736 1808 S.
2769 1755 2966 1809 Leonis
2987 1753 3147 1824 Papa:
3164 1755 3363 1823 magni,
3398 1756 3450 1810 in
3475 1756 3831 1812 observatione

2254 1849 2321 1902 ad
2362 1845 2626 1900 Judicium
2673 1844 3029 1900 Chrodoberti
3061 1845 3392 1901 Turonensis
3422 1845 3689 1916 episcol-i;
3720 1863 3833 1917 pro-

2252 1939 2374 1993 latis
2424 1939 2586 1992 etiam
2633 1937 2809 2005 Vigilii
2841 1946 2895 1992 et
2929 1935 3128 2005 Pelagii
3168 1936 3479 2006 pontiﬁcum
3511 1938 3744 2006 epistolis
3785 1938 3831 1992 id

2254 2049 2362 2086 non
2394 2032 2623 2086 obscure
2655 2029 3094 2098 signiticmitibus.
3145 2028 3291 2084 Sane
3320 2029 3410 2098 qui
3441 2029 3530 2083 diu
3563 2030 3760 2084 vixerat
3787 2031 3832 2086 ia

2252 2124 2440 2179 Galliis
2467 2124 2524 2178 S.
2557 2121 2924 2177 Colunbanus
2947 2163 2964 2189 ,
3017 2123 3089 2177 ita
3121 2123 3354 2178 sensisse
3383 2122 3519 2176 satis
3549 2124 3753 2192 aperuit
3789 2123 3833 2176 in

2251 2214 2478 2284 cpistola
2501 2214 2567 2268 ad
2594 2212 2928 2267 Banit‘acium
2960 2212 3022 2277 V,
3055 2212 3144 2266 ubi
3178 2211 3320 2288 inter
3347 2219 3546 2266 cmtera
3578 2211 3684 2266 lucc
3713 2227 3836 2266 cou-

2252 2314 2332 2359 tra
2365 2303 2613 2372 Vigilium
2647 2317 2838 2372 papam
2871 2301 3145 2369 intorquet
3174 2317 3188 2354 :
3227 2300 3399 2371 Vigila
3430 2300 3621 2368 itaque,
3645 2318 3829 2372 quaeso,

2253 2407 2410 2461 papa,
2461 2393 2582 2464 quia
2626 2394 2760 2464 forte
2805 2407 2908 2445 non
2954 2393 3080 2444 bene
3125 2391 3352 2462 vigilavit
3410 2390 3650 2462 Vigilius,
3697 2408 3834 2462 quem

2255 2493 2409 2555 caput
2436 2485 2676 2538 scanduli
2703 2485 2792 2538 isti
2819 2483 3066 2548 clamant,
3090 2483 3176 2554 qui
3196 2481 3335 2536 vobis
3361 2483 3564 2552 culpam
3587 2485 3835 2554 injieinnt.

2210 2608 2212 2610 τ
2257 2573 2372 2628 Etsi
2403 2590 2531 2630 vero
2579 2575 2648 2630 de
2692 2573 3011 2628 Columbani
3039 2573 3284 2628 doctrina
3313 2582 3366 2627 et
3394 2573 3581 2626 ritibus
3611 2581 3756 2627 mota
3781 2573 3842 2629 sit

2255 2667 2578 2737 quandoque
2621 2668 2670 2722 in
2713 2666 3000 2720 Gallicanis
3029 2664 3251 2736 synodis
3281 2664 3668 2724 controversia,
3708 2680 3838 2717 nuu-

2256 2772 2418 2827 quam
2451 2765 2629 2810 tamen
2681 2757 2730 2809 in
2761 2755 3126 2825 suspicionem
3158 2755 3361 2809 erroris
3409 2762 3503 2808 aut
3550 2754 3841 2809 schismatis

2257 2849 2522 2904 adductus
2550 2858 2633 2904 est
2663 2848 2732 2903 ob
2761 2848 2921 2903 trium
2948 2846 3306 2918 capitulorum
3337 2844 3735 2902 damnationem
3765 2862 3842 2902 re-

2254 2939 2482 3010 jectam.

2331 3032 2387 3087 Si
2419 3032 2557 3088 intra
2588 3031 2758 3086 lineas
2790 3031 2921 3085 istas
2951 3044 3071 3087 sese
3100 3028 3493 3085 continuissent
3521 3029 3688 3083 lslrizl!
3719 3030 3844 3085 anti-

557 3143 653 3199 que
677 3125 740 3180 ab
771 3124 1024 3180 haereticis
1050 3124 1226 3194 infans
1256 3121 1308 3175 in
1336 3118 1644 3189 baptismate
1693 3115 1838 3168 teriio
1878 3113 2150 3183 mergeba-

2259 3124 2432 3192 stites,
2477 3124 2717 3195 satisque
2753 3124 3068 3179 habuissent
3105 3122 3267 3178 toties
3304 3121 3600 3176 decantata:
3642 3121 3848 3176 damna-

559 3223 664 3280 tur,
695 3213 922 3286 ﬂendum
952 3211 1090 3283 apud
1116 3227 1204 3265 vos
1231 3225 1342 3264 esse
1370 3221 1708 3272 non-censeo,
1750 3219 1833 3268 ne,
1867 3203 1985 3254 dum
2015 3217 2150 3254 mer-

559 3305 730 3358 siones
759 3308 1074 3368 numerant,
1117 3297 1434 3352 divinitatem
1475 3294 1737 3356 dividant;
1768 3292 1988 3360 dumque
2016 3288 2152 3360 quod

565 3390 825 3463 faciebant
853 3390 1072 3462 faciunt,
1096 3404 1151 3442 se
1177 3403 1368 3441 merent
1399 3392 1630 3438 nostrum
1660 3383 1838 3436 vicisse
1865 3379 2152 3450 glorientur

565 3478 704 3545 (Lib.
758 3495 792 3538 ι.
844 3495 926 3549 ep.
959 3477 1072 3548 45).
1105 3474 1582 3531 Prudentissimum
1628 3487 1761 3526 sane
1806 3485 2145 3540 responsum.

565 3568 740 3639 Atque
767 3569 957 3623 eadem
1001 3577 1080 3622 est
1117 3566 1257 3622 ratio
1280 3581 1381 3623 cur
1410 3563 1665 3619 fratribus
1695 3561 1893 3617 nostris
1923 3575 2094 3631 nuper
2121 3573 2154 3613 e

566 3678 732 3733 pravo
759 3661 965 3718 Calvini
995 3660 1246 3730 dogmate
1272 3657 1340 3714 ad
1369 3674 1469 3714 nos
1495 3655 1749 3720 reversis,
1781 3653 2014 3725 plurima
2044 3667 2151 3707 non

566 3753 956 3822 indulgeamus,
970 3766 1090 3821 qua:
1113 3751 1246 3806 alias
1269 3751 1408 3804 inter
1424 3749 1672 3823 ἀδιάφορα
1687 3746 1895 3804 censeri
1926 3746 2150 3816 possint.

633 3840 689 3898 2.
731 3841 932 3896 Eadem
991 3841 1216 3896 lenitate
1267 3856 1364 3910 per
1408 3838 1745 3911 prudentiam
1797 3844 2154 3906 attemperata

565 3935 694 3989 ustus
743 3940 826 3988 est
854 3931 1145 4002 Gregorius
1173 3947 1301 4001 erga
1330 3930 1736 3998 Sch'smatieos,
1782 3945 1878 3986 eos
1923 3929 2157 3985 maxime

565 4026 654 4096 qui
684 4042 780 4097 pro
813 4025 971 4080 trium
1000 4024 1358 4094 capitulorum
1389 4020 1702 4077 defensioue
1731 4020 2062 4076 dissidebant
2090 4020 2156 4074 ab

563 4113 826 4172 Ecclesia.
874 4111 978 4169 Pro
1020 4113 1314 4168 schismate
1356 4111 1460 4166 isto
1501 4110 1604 4165 soli
1635 4119 1764 4164 tunc
1792 4109 2008 4163 stabant
2037 4107 2158 4163 lslri

563 4202 808 4272 episcopi
838 4210 893 4257 et
919 4200 1129 4256 Veneti.
1162 4200 1419 4268 Quamvis
1447 4199 1588 4254 enim
1617 4199 1766 4269 prius
1805 4199 1855 4252 in
1902 4197 2075 4252 Africa
2105 4206 2160 4252 et

567 4291 622 4344 in
653 4290 865 4361 Illyrico
895 4290 1070 4344 acrius
1094 4288 1501 4358 conﬂagrasset,
1534 4289 1618 4344 his
1643 4290 1694 4344 in
1723 4288 2013 4358 provinciis
2048 4287 2160 4356 jam

566 4379 803 4449 sepitum
828 4379 994 4434 fuisse
1021 4393 1128 4434 non
1161 4387 1364 4434 temere
1391 4378 1731 4447 eonjicimus,
1761 4394 1827 4433 ex
1857 4387 1936 4433 tot
1965 4380 2163 4448 episto-

568 4470 635 4524 lis
663 4478 776 4524 tum
806 4470 874 4524 ad
900 4467 1212 4541 lllyricanos
1241 4477 1354 4525 tum
1383 4469 1448 4524 ad
1477 4468 1760 4525 Africanos
1798 4470 2078 4540 episcOpos
2127 4486 2158 4524 a

2257 3213 2388 3268 tioni
2415 3230 2520 3267 non
2548 3213 2905 3278 subscribere,
2938 3211 3333 3267 communionis
3358 3221 3412 3266 et
3438 3211 3718 3265 charitatis
3746 3211 3847 3265 viu-

2255 3307 2436 3362 culum
2465 3322 2569 3361 non
2593 3305 2982 3374 abrumpendo,
3017 3305 3236 3360 minime
3266 3305 3591 3360 schismatiei
3621 3305 3841 3358 auditi;-

2253 3405 2393 3452 scnt.
2423 3396 2488 3449 At
2514 3409 2783 3465 nunquam
2813 3395 3126 3449 tumultuari
3154 3409 3370 3449 cessaru
3398 3402 3454 3459 -t,
3487 3402 3540 3448 et
3571 3395 3626 3448 in
3659 3395 3846 3450 Roma-

2257 3501 2380 3540 nam
2409 3486 2592 3541 scdem
2623 3485 2962 3541 debacchari.
2995 3485 3101 3540 Eos
3141 3493 3318 3539 tamen
3348 3499 3649 3553 cormnque
3693 3487 3846 3556 229

2257 3577 2668 3647 antesignanum
2696 3576 2955 3631 Severum
2980 3576 3378 3646 Aquileiensem
3403 3590 3501 3629 seu
3521 3563 3849 3630 Gradensrm

2257 3671 2570 3740 episcopum
2600 3670 2869 3739 relapsqu
2901 3678 2955 3724 ct
2984 3684 3256 3724 reversum
3302 3668 3368 3722 al
3409 3666 3679 3736 cjuratmu
3711 3667 3850 3736 prius

2259 3761 2494 3817 sebisma
2519 3760 2575 3815 S.
2608 3760 2898 3830 Gregorius
2927 3759 3119 3815 allectu
3151 3770 3376 3830 paterno
3405 3759 3472 3812 ad
3504 3774 3691 3828 pacem
3724 3758 3850 3813 invi-

2260 3853 2414 3920 tavit,
2444 3862 2500 3908 et
2528 3851 2592 3905 ad
2618 3853 2882 3922 synodum
2912 3852 3252 3922 imperatoris
3275 3851 3362 3919 jus
3394 3867 3426 3904 u
3453 3850 3842 3905 celebrandam.

2258 3942 2494 3998 Joannes
2545 3943 2808 3997 Diaconus
2837 3943 3001 3998 refert
3031 3942 3182 4012 (Lib.
3233 3959 3269 4008 l,
3317 3960 3400 4012 ep.
3451 3941 3553 4012 16)
3593 3941 3848 3998 Severum

2261 4043 2388 4089 tuac
2407 4035 2702 4102 apostolica
2726 4035 2884 4089 simul
2909 4035 3283 4105 impcrialique
3324 4034 3571 4104 jussione
3591 4045 3853 4101 coactum,

2261 4135 2316 4180 et
2344 4125 2654 4181 imminente
2683 4125 3001 4195 Smaragdo,
3034 4126 3344 4180 Ravennam
3372 4127 3612 4192 venisse,
3645 4127 3737 4180 ubi
3769 4140 3854 4182 ve-

2261 4218 2396 4274 ritus
2441 4234 2562 4273 cum
2609 4217 2873 4286 Gregorio
2921 4218 3240 4290 synodalem
3289 4218 3473 4274 subire
3523 4215 3852 4282 conﬂictum,

2258 4308 2536 4363 mediante
2578 4307 2786 4364 JOannc
2835 4308 3150 4362 Ravennate
3178 4309 3456 4378 episcopo,
3503 4308 3570 4362 ad
3603 4308 3855 4362 unitatem

2263 4394 2519 4451 Ecclesia:
2546 4395 2723 4462 rediit,
2753 4412 2782 4450 a
2805 4411 2907 4464 qua
2931 4397 3093 4466 paulo
3124 4405 3244 4466 post
3268 4412 3390 4451 eum
3423 4397 3679 4452 resiliisse
3702 4405 3858 4452 testa-

2266 4495 2374 4553 tur,
2421 4486 2660 4558 subrepta
2691 4502 2906 4556 quoque
2947 4487 3186 4541 Mauricii
3217 4487 3441 4554 Augusti
3465 4486 3715 4556 jussione
3757 4503 3855 4555 qua

565 4560 626 4616 S.
656 4559 918 4631 Gregorio
957 4538 1156 4630 missis,
1186 4562 1239 4616 in
1268 4561 1463 4632 quibus
1492 4562 1637 4616 nulla
1668 4538 2152 4631 schismatis'hujus

2267 4538 2612 4647 praecipiebat
2632 4585 2685 4629 ut
2710 4576 3022 4630 scliismatici
3047 4577 3215 4631 redire
3243 4577 3311 4630 ad
3337 4538 3589 4632 unitatem
3616 4538 3858 4631 Ecclesiae

568 4652 629 4708 ﬁt
653 4652 878 4709 mentio.
917 4651 1286 4709 Schismaticis
1314 4660 1494 4707 autem
1526 4668 1630 4708 non
1670 4668 2019 4708 {ICCOIISCIIIUS
2045 4669 2173 4717 ρος,
2264 4663 2478 4717 minime
2505 4673 2827 4734 cogerentur.
2875 4663 3074 4718 verum
3104 4673 3222 4734 qum
3263 4665 3350 4720 hic
3393 4676 3579 4720 narra;
3602 4665 3857 4727 Joannes,

567 4740 678 4811 qui,
703 4741 805 4796 etsi
833 4739 1121 4797 concilium
1140 4739 1187 4796 V
1204 4755 1312 4795 non
1341 4740 1666 4810 reciperent,
1691 4752 1744 4798 et
1767 4741 1925 4797 trium
1955 4743 2165 4813 capitu~

567 4832 746 4894 lorum
768 4830 1208 4887 eondemaationi
1242 4829 1461 4886 minime
1493 4831 1954 4902 subscripsissent,
1981 4841 2160 4888 tamen

569 4925 637 4976 ab
664 4936 850 4981 corum
888 4919 1275 4975 .communione
1327 4921 1418 4990 qui
1461 4920 1724 4991 synodum
1755 4919 1893 4974 hanc
1931 4920 2072 4974 admi
2105 4935 2162 4974 e-

569 5021 712 5076 rant,
743 5018 799 5065 et
826 5009 1216 5066 conclamatum
1249 5009 1301 5064 in
1330 5025 1393 5064 ea
1425 5009 1586 5063 trium
1615 5010 1968 5079 capitulorum
2002 5010 2124 5064 dam
2143 5040 2158 5051 -

573 5103 873 5167 nationem,
921 5101 1227 5157 nullatenus
1263 5101 1622 5164 abstinebant.
1655 5102 1814 5157 Certe
1856 5117 1957 5174 pro
1985 5103 2160 5157 schis-

569 5193 783 5248 tnaticis
822 5209 918 5250 eos
945 5210 1218 5264 nunquam
1249 5194 1436 5252 habuit
1463 5193 1520 5249 S.
1553 5193 1864 5264 Gregorius,
1913 5194 2005 5251 sed
2038 5196 2160 5252 illos

570 5289 780 5340 tantum
824 5285 915 5354 qui
943 5285 1231 5342 occasione
1256 5284 1455 5354 quintae
1495 5285 1686 5357 synodi
1728 5285 2073 5354 secedebant,
2108 5296 2164 5342 et

569 5373 796 5428 aliorum
817 5375 1262 5432 communionem
1293 5375 1635 5444 respuebant,
1671 5385 1727 5432 ut
1766 5375 1901 5434 infra
1929 5377 2160 5433 manife-

565 5465 670 5524 stis
698 5465 1034 5525 documentis
1063 5467 1423 5528 ostendemus.

643 5553 854 5626 Quippe
881 5556 1273 5612 observandum
1302 5565 1403 5621 est,
1449 5558 1501 5614 in
1541 5555 1828 5629 Hispaniis,
1871 5557 2062 5614 Galliis
2101 5566 2162 5614 et

647 5717 673 5746 ι
715 5706 980 5765 Himerius
1007 5711 1426 5782 Tarraconensis
1451 5711 1736 5782 episcopus
1764 5714 2035 5770 consuluit
2065 5714 2160 5769 Da-

566 5794 785 5849 masum
813 5794 1026 5852 papam.
1061 5781 1225 5853 Cujus
1251 5795 1529 5839 successor
1556 5781 1779 5841 Sir’ieius
1802 5784 2016 5855 scripsit
2043 5787 2159 5856 epi-

2267 4755 2415 4825 prius
2443 4757 2807 4823 contigerunt,
2854 4763 2908 4808 ut
2936 4764 3083 4825 patet
3113 4769 3177 4810 ex
3211 4754 3378 4809 Paulo
3409 4755 3648 4811 Diacnno
3701 4758 3718 4826 (
3748 4753 3858 4810 Lib.

2264 4862 2320 4901 In
2342 4846 2405 4899 de
2429 4845 2569 4900 Gest.
2602 4845 2860 4916 Langob.,
2879 4862 2925 4901 c.
2952 4845 3064 4915 27).
3091 4845 3315 4901 Constat
3339 4847 3482 4900 enim
3507 4846 3859 4914 Smaragdum

2264 4937 2555 4992 exarchum
2579 4935 2692 5006 jam
2723 4937 2901 4992 locum
2932 4938 3160 4992 cessisse
3188 4937 3457 5003 Romano,
3481 4937 3702 5008 quando
3731 4936 3863 4991 Gre-

2268 5025 2448 5094 gorius
2474 5025 2732 5080 Severum
2760 5026 2953 5081 litteris
2982 5027 3092 5082 suis
3112 5025 3178 5080 ad
3204 5040 3390 5096 pacem
3411 5027 3778 5094 compellavit.
3810 5025 3861 5080 lu

2267 5115 2331 5170 iis
2357 5131 2574 5184 quoque.
2599 5115 2656 5171 S.
2685 5115 2980 5186 Gregorius
3006 5116 3249 5170 meminit
3286 5125 3396 5170 tum
3448 5117 3654 5171 reditus
3681 5116 3864 5171 Severi

2267 5205 2332 5259 ad
2380 5205 2694 5272 Ecclesiam,
2729 5215 2842 5261 tum
2872 5205 3111 5276 ejusdem
3142 5207 3360 5262 rccilivi
3394 5208 3578 5276 lapsus
3623 5208 3678 5263 in
3726 5207 3866 5261 s:~hi-

2267 5311 2383 5350 sma
2413 5313 2425 5349 :
2455 5295 2738 5364 Quantum,
2773 5296 2967 5365 inquit,
2997 5299 3385 5368 incorporatum
3427 5308 3475 5352 te
3512 5298 3630 5370 jam
3668 5298 3866 5368 pridem

2268 5387 2428 5457 fuisse
2473 5387 2527 5440 in
2571 5388 2770 5440 unitate
2796 5386 3050 5442 Ecclesia:
3076 5389 3237 5458 gavisi
3266 5390 3555 5462 fueramus,
3587 5389 3863 5443 abundan-

2259 5477 2362 5529 tius
2407 5491 2541 5528 nunc
2589 5477 2924 5531 dissociatum
2955 5494 2986 5530 a
3017 5477 3274 5531 catholica
3303 5479 3550 5532 societate
3589 5477 3867 5549 confundi-

2261 5582 2394 5620 mur.
2423 5564 2704 5622 Obturavit
2746 5583 2906 5625 aures
2936 5568 3225 5640 episcopus
3255 5568 3565 5624 schismatis
3614 5569 3867 5624 incentor

2261 5716 2455 5791 stolam
2495 5716 2823 5791 decretalem
2851 5719 2917 5776 ad
2949 5717 3277 5787 llimerium,
3308 5733 3473 5791 quam
3503 5715 3700 5790 legeris
3735 5723 3864 5774 tom.

2263 5785 2308 5844 ll
2340 5787 2725 5845 Conciliorum.
