3992 6356
148 342 235 401 505

584 330 637 385 S.
683 326 1006 382 CREGOIHI
1050 329 1260 384 MAGNI
1303 327 1486 400 VITA,
1534 329 1622 385 EX
1669 328 1827 386 EJL'S
1864 329 2166 387 SCltllTlS
2206 333 2600 394 ADOltNATA.
2645 337 2762 392 LIB.
2803 338 2869 395 11.

3289 345 3393 400 516

144 469 240 513 cum
264 447 369 502 suis
397 445 587 509 sociis;
614 450 667 496 at
689 441 754 495 de
777 448 1002 509 paterno
1025 454 1149 506 erga
1183 438 1481 507 perduelles
1505 437 1698 493 all'eetu
1731 443 1778 502 Λ
1806 441 1998 495 naculo
2026 456 2239 510 semper
2265 443 2526 498 assideret
2551 485 2566 511 ,
2611 455 2663 501 et
2692 463 2850 517 quem
2883 450 3068 507 mallet
3096 467 3126 508 ε
3167 452 3396 511 ducibus

142 545 248 604 nihil
274 536 475 594 remisit
518 531 892 588 sallt‘liSSlllllH
921 530 1021 595 vir,
1055 538 1118 584 ut
1145 545 1212 584 ex
1243 530 1362 585 aliis
1390 530 1556 601 ipsius
1581 530 1699 600 epi-

142 635 266 695 stulis
292 627 422 682 intra
453 624 818 679 ostendemus.

197 725 240 776 5.
278 720 420 788 Ipsos
467 714 626 768 etiam
664 710 878 765 Judzens
924 726 1035 764 nrn
1071 709 1245 766 solum
1293 709 1581 780 aequitatis,
1608 708 1703 764 sed

141 819 272 874 etiam
316 806 591 862 «haiitatis
619 802 862 870 Gregorii
897 802 1192 872 periculum
1233 802 1430 857 fecisse
1465 801 1574 870 jam
1608 801 1705 855 de-

138 908 489 961 tuouslrcmus.
519 893 707 947 Petrus
728 891 1133 944 Terracinensis
1153 891 1460 961 episcopus,
1490 889 1704 945 Judzcos

139 991 309 1048 deloco
339 987 389 1038 in
423 994 445 1020 δ
473 999 571 1054 quo
618 981 687 1034 ad
731 979 1069 1033 celebrandas
1096 980 1399 1050 festivitates
1425 995 1546 1033 suas
1577 995 1703 1032 con-

136 1080 278 1135 venire
303 1078 696 1134 consueverant,
743 1068 1034 1136 expulerat,
1077 1067 1348 1134 assignato
1390 1074 1564 1119 tamen
1596 1066 1703 1120 a'io

135 1175 253 1231 loco,
284 1165 369 1217 ubi
404 1164 568 1217 libere
600 1168 820 1232 possent
851 1158 1126 1227 religionis
1171 1173 1332 1212 eausa
1360 1158 1698 1226 congregari.

131 1263 186 1313 At
232 1253 386 1324 paulo
436 1259 555 1321 post
585 1248 802 1304 eosdem
850 1247 974 1301 inde
1002 1261 1220 1316 quoque
1251 1247 1479 1315 migrare
1508 1261 1706 1314 coege-

133 1359 215 1402 rat.
262 1344 336 1397 De
380 1342 574 1409 injuria
603 1340 705 1394 sibi
737 1340 874 1393 facta
901 1336 1070 1392 Judaei
1101 1337 1382 1406 conquesti
1411 1346 1536 1390 sunt
1563 1337 1704 1406 apud

131 1452 322 1510 papam,
364 1435 457 1504 qui
496 1433 655 1489 Petro
685 1430 962 1500 rescripsit
988 1448 1001 1483 :
1026 1429 1086 1483 Si
1133 1429 1205 1482 ita
1234 1438 1330 1493 est,
1362 1433 1588 1483 velamus
1620 1438 1706 1482 tua

131 1528 412 1603 )‘ruternitas
440 1525 504 1579 ab
535 1523 837 1595 hujusmodi
861 1538 914 1575 se
941 1521 1145 1592 querela
1192 1519 1505 1588 suspendat,
1552 1529 1600 1574 et
1637 1520 1708 1574 ad

130 1626 266 1676 locum
311 1635 468 1688 quem
517 1634 630 1672 cum
679 1625 766 1668 tua
813 1613 1126 1668 conscientia
1184 1629 1281 1683 quo
1329 1622 1707 1684 congregemur

131 1713 274 1781 adepti
298 1721 448 1774 sunt,
471 1727 578 1774 eos,
610 1710 740 1762 sicut
767 1722 876 1760 mos
893 1706 990 1774 fuit
1014 1703 1207 1758 ibidem
1231 1703 1386 1756 liceat
1414 1707 1702 1761 convenire.

1806 531 1859 584 iu
1891 532 2140 584 maritum
2171 533 2270 586 sibi
2311 540 2364 586 et
2409 533 2460 586 in
2509 538 2671 590 totius
2697 540 2868 606 gentis
2897 556 3079 610 regem
3107 543 3388 614 deligeret.

1806 620 1898 674 Illa
1929 620 2110 676 habito
2141 639 2260 676 cum
2292 622 2584 690 majoribus
2611 635 2738 681 natu
2765 630 2988 686 consilio
3018 631 3390 691 Taurinatiutn

1807 709 2280 778 ducem,Agonem
2298 727 2393 766 seu
2417 712 2710 781 Agilulium
2741 719 2981 788 nomine,
3013 723 3063 778 in
3094 726 3242 794 regni
3275 728 3394 782 tha-

1807 799 2040 868 lamique
2081 810 2387 856 consortem
2439 803 2706 860 adscivit:
2738 808 2825 862 cui
2869 809 3149 868 Mediolani
3197 818 3248 869 in
3299 818 3398 871 fre-

1807 890 1992 958 quenti
2022 891 2190 945 totius
2217 892 2391 959 gentis
2421 906 2690 950 conventu
2719 897 2967 968 imposita
2991 912 3090 970 est,
3116 912 3172 958 ut
3199 906 3398 963 habcut

1805 981 2098 1050 scriptores
2144 983 2576 1044 Mediolaneuses
2600 1031 2614 1056 ,
2669 1006 2869 1047 corona
2900 1010 3064 1051 aurea
3093 1013 3158 1052 ex
3190 999 3343 1054 inclu.
3363 1018 3397 1056 ο

1807 1076 1833 1129 f
1861 1091 1982 1130 rreo
2010 1077 2212 1132 circulo
2240 1081 2381 1134 dicta
2405 1082 2606 1148 ferrea;
2636 1100 2752 1152 qua:
2772 1086 3118 1144 celeberrima
3143 1090 3400 1162 deinceps

1807 1169 1997 1222 evasit.
2056 1169 2231 1224 Tanto
2289 1171 2322 1224 b
2360 1169 2551 1228 uelicio
2597 1176 2700 1229 sibi
2748 1177 3052 1232 devinctum
3104 1181 3397 1249 Agilullutn

1807 1256 2173 1314 Thcodclinda
2204 1262 2482 1316 catholica:
2530 1264 2651 1318 lidei
2699 1265 2890 1320 ardore
2936 1269 3152 1324 incensa
3186 1273 3396 1342 impulit

1807 1347 1873 1402 ad
1903 1347 2147 1404 eamdem
2196 1351 2352 1406 [idem
2383 1353 2809 1422 amplectendam
2837 1398 2852 1422 ,
2883 1358 2927 1413 si
2961 1356 3126 1414 Paulo
3159 1361 3396 1419 Diacouo

1806 1441 2076 1498 credimus
2107 1443 2124 1514 (
2151 1442 2262 1498 Lib.
2304 1460 2375 1510 ιν,
2415 1461 2461 1505 c.
2493 1444 2591 1517 6).
2632 1445 2803 1515 Regis.
2823 1463 2952 1506 vero
2981 1450 3285 1519 exemplum
3316 1469 3397 1507 se-

1807 1533 1915 1588 cuti
1947 1548 2135 1606 magna
2166 1551 2232 1590 ex
2263 1544 2415 1607 parte
2440 1535 2796 1605 Langobardi,
2829 1537 3185 1594 Arianismum
3212 1541 3392 1610 ejura-

1807 1633 1951 1680 runt.
1986 1625 2138 1694 Quod
2180 1635 2360 1682 tamen
2390 1625 2457 1682 de
2486 1635 2733 1701 suscepta
2763 1627 3026 1686 caiholica
3059 1628 3158 1683 [ide
3185 1629 3254 1684 ab
3276 1630 3398 1699 Agi-

1810 1714 1939 1770 lullo
1989 1713 2188 1771 Paulus
2231 1718 2334 1782 ait,
2385 1717 2586 1774 tardius
2633 1720 2829 1773 factum
2860 1718 3204 1790 intelligimus
3235 1738 3299 1777 ex
3333 1723 3394 1780 S.

135 1810 224 1864 Eos
243 1808 378 1860 enim
403 1807 490 1876 qui
513 1823 544 1857 a
575 1804 821 1873 refigione
863 1799 1159 1855 Christiana
1198 1797 1520 1863 discordant,
1551 1813 1705 1855 man-
1742 1810 1783 1868 Β
1810 1804 2125 1862 Columbani
2155 1807 2221 1862 ad
2253 1807 2580 1864 Bonifacium
2620 1823 2812 1879 papam
2851 1809 3100 1878 epistola,
3133 1826 3239 1865 non
3269 1821 3395 1867 ante

131 1897 404 1962 suetudine,
437 1894 770 1964 benignitate,
796 1891 1142 1954 admonendo,
1173 1890 1461 1954 suadendo,
1493 1890 1562 1943 ad
1584 1890 1704 1946 uni-

129 2003 261 2044 tatem
301 1987 429 2058 ﬁdei
459 2001 666 2039 necesse
701 1993 778 2041 est
825 2000 1177 2056 congregare:
1205 2000 1267 2039 ne
1312 2001 1437 2059 quos
1486 1982 1704 2041 dulcedo

125 2077 495 2152 prcedicationis
540 2085 588 2129 et
629 2083 918 2146 prceventus
968 2076 1132 2146 futuri
1173 2075 1371 2145 judicis
1420 2084 1584 2129 terror.
1635 2073 1706 2126 ad

126 2170 422 2230 credendum
448 2168 664 2222 inritare
692 2175 920 2238 poterat,
962 2167 1119 2225 minis
1144 2174 1192 2220 et
1221 2164 1503 2238 terroribus
1535 2164 1708 2236 repel~

123 2264 300 2317 lantur.
331 2257 479 2330 (Lib.
503 2274 548 2322 ι,
579 2272 659 2327 ep.
697 2254 812 2325 55.)

184 2351 311 2409 lluic
355 2347 643 2404 sententia:
671 2360 898 2416 prorsus
930 2359 1169 2401 consona
1224 2352 1352 2399 sunt
1395 2358 1515 2412 qtae
1545 2342 1706 2412 paulo

126 2452 234 2516 post
278 2441 343 2494 ad
390 2439 674 2508 Virgilium
725 2437 1095 2492 Arc‘atensem
1122 2478 1137 2504 ,
1178 2446 1230 2490 et
1259 2437 1326 2490 ad
1356 2435 1702 2490 Theodorum

126 2537 499 2594 Massiliensem
524 2534 838 2603 episcopum
869 2532 1102 2601 scripsit,
1128 2531 1376 2585 videlicet
1401 2529 1615 2585 Iudaeos
1639 2530 1708 2585 ad

124 2629 436 2699 baptismum
466 2622 861 2692 suscipiendum
884 2621 1003 2691 cogi
1034 2639 1139 2676 non
1161 2620 1419 2687 debere,“
1437 2637 1504 2676 ne
1529 2636 1712 2675 ncces»-

124 2723 263 2776 sitatc
289 2719 478 2790 potius
503 2731 663 2785 quam
692 2717 968 2768 vo'untate
996 2713 1290 2768 Christiani
1321 2713 1466 2779 facti,
1499 2714 1564 2768 ad
1593 2714 1708 2784 pri-

131 2813 308 2864 stinam
338 2806 784 2878 superstitionem
815 2805 1208 2866 relaberentur,
1242 2803 1459 2876 indeque
1492 2805 1710 2860 deterius

126 2907 439 2953 morerentur
463 2937 478 2965 ,
506 2896 645 2950 unde
681 2895 848 2949 renati
877 2910 987 2949 esse
1014 2893 1338 2949 videbantur.
1381 2896 1398 2964 (
1426 2892 1585 2962 lbid.,
1625 2911 1709 2966 ep.

131 2990 231 3057 ιι)

186 3079 577 3146 Delinquentes
608 3087 788 3131 tamen
815 3074 1048 3141 Judayos,
1082 3076 1314 3133 npxime
1341 3075 1385 3130 si
1416 3075 1709 3152 periculum

1807 1911 2007 1954 annum
2029 1896 2133 1952 607
2159 1900 2389 1968 scripta,
2404 1914 2511 1968 quo
2542 1908 2784 1970 tempore
2805 1915 2901 1955 rex
2921 1900 3392 1968 Langobardorum

1807 1989 1980 2044 adhuc
2010 1995 2127 2043 erat
2158 1987 2406 2054 Arianus,
2430 1989 2496 2044 de
2517 2004 2582 2045 eo
2606 2005 2835 2058 namque
2863 1991 2941 2045 sic
2968 1991 3207 2060 loquitur
3234 2011 3248 2046 :
3274 1991 3396 2048 Fer-

1809 2095 1890 2140 tur
1933 2083 2072 2143 enim
2115 2081 2326 2146 dixisse,
2377 2081 2420 2134 si
2467 2089 2658 2134 certum
2697 2082 2872 2147 sciret,
2922 2090 2972 2135 et
3005 2082 3114 2152 ipse
3141 2081 3390 2138 crederet.

1809 2176 1936 2246 Ejus
1982 2175 2061 2230 rei
2107 2188 2269 2230 causa
2316 2173 2678 2228 Columbanus
2729 2171 2919 2225 librum
2951 2180 3138 2225 contra
3167 2172 3396 2228 Arianos

1807 2266 2127 2338 composuit,
2160 2272 2297 2319 teste
2333 2261 2489 2317 Jona.
2541 2260 2764 2328 Constat
2811 2262 3158 2316 nihilominus
3201 2264 3399 2332 Agilul-

1809 2359 1936 2424 tum,
1971 2357 2072 2412 etsi
2102 2356 2340 2411 nondum
2369 2352 2730 2408 orthodoxam
2758 2361 3075 2421 sequeretur
3106 2351 3283 2418 ﬁdem,
3311 2369 3398 2409 ca-

1810 2449 1864 2503 th
1890 2448 2024 2503 ilicis
2045 2447 2270 2502 multum
2297 2445 2510 2511 favisse,
2537 2443 2604 2498 ab
2648 2444 2765 2514 ipso
2787 2443 2938 2514 regni
2959 2444 3218 2512 exordio;
3248 2447 3396 2516 quod

1809 2539 1972 2596 etiam
2019 2545 2272 2609 expertus
2312 2544 2394 2592 est
2439 2535 2497 2591 S.
2546 2533 2910 2592 Columbanus
2937 2536 3006 2592 ab
3034 2536 3227 2593 eodem
3257 2537 3402 2592 heni-

1810 2641 1913 2698 gne
1941 2632 2220 2696 exceptus.

1883 2717 1936 2772 5.
1977 2716 2267 2786 Gregorius
2295 2716 2474 2771 audita
2506 2717 2646 2786 regis
2679 2717 2932 2773 Authatis
2961 2735 3026 2772 nu
3053 2726 3154 2785 rte,
3185 2719 3400 2788 scripsit

1813 2806 1880 2861 ad
1927 2807 2206 2861 universos
2251 2805 2415 2860 Italiae
2460 2807 2741 2878 episcopos
2788 2807 2946 2881 (Lib.
2978 2825 3015 2873 ι,
3045 2826 3126 2879 ep.
3161 2807 3293 2878 44),
3341 2815 3402 2862 ιιι

1814 2896 2288 2965 Langobardorum
2341 2897 2593 2967 parvulos
2641 2898 2693 2951 in
2740 2897 2938 2952 Ariana
2985 2899 3284 2968 baptizatos
3333 2899 3402 2951 ad

1813 2986 2133 3046 catholicam
2192 2984 2348 3041 iidem
2407 2987 2739 3054 conciliare,
2798 2987 3112 3044 imminente
3168 2989 3410 3044 maxime

1814 3081 1960 3148 gravi
1993 3080 2341 3143 mortalitate,
2383 3087 2665 3147 curarent;
2706 3087 2892 3150 postea
2944 3096 3073 3136 vero
3121 3081 3186 3136 ad
3223 3097 3404 3136 resar-

131 3171 252 3222 [οτι-1
280 3183 347 3222 ne
373 3167 718 3236 contemptui
745 3175 888 3220 CSrel.
915 3167 1102 3240 religio
1123 3166 1784 3237 Cbristiana,coercerec
1817 3169 2064 3224 ciendam
2119 3170 2172 3222 in
2217 3169 2366 3223 Italia
2412 3167 2662 3226 Ecclesia:
2695 3170 3048 3241 disciplinam,
3099 3187 3218 3241 qua:
3266 3172 3406 3226 inter

127 3259 444 3328 quantocius
508 3258 806 3326 satagebat.
865 3256 1000 3310 Hinc
1056 3257 1145 3310 ubi
1203 3256 1414 3326 accepit
1472 3254 1714 3310 Judaeum

129 3349 401 3419 quemdam
438 3348 693 3404 Ecclesia:
729 3347 1044 3403 Venaframe
1094 3348 1390 3403 ministeria
1443 3363 1540 3403 seu
1589 3364 1718 3405 vasa

126 3459 265 3498 sacra
298 3442 496 3513 (quod
523 3442 730 3510 legibus
763 3441 1147 3514 interdictum)
1179 3457 1539 3512 comparasse,
1584 3459 1720 3513 pra:-

129 3536 414 3603 scrtimque
448 3533 646 3588 calices
676 3532 833 3601 duos,
862 3533 1024 3601 jussit
1067 3531 1354 3587 Anthemio
1383 3534 1715 3589 subdiacono

131 3636 176 3677 ut
202 3634 514 3694 emptorem
547 3640 643 3694 per
668 3623 904 3693 judicent
932 3623 1218 3695 provincia:
1247 3622 1447 3679 faceret
1472 3623 1720 3680 conveni-

131 3718 186 3776 ri.
213 3726 267 3770 et
293 3715 362 3769 ad
389 3731 554 3770 sacra
598 3715 688 3768 illa
719 3715 929 3770 cimelia
959 3713 1290 3770 restituenda
1321 3724 1560 3782 cogeret,
1589 3714 1721 3769 rele-

129 3806 250 3872 gulis
279 3807 331 3860 iu
380 3806 767 3876 paenitentiam
799 3805 1026 3862 diacono
1065 3815 1122 3862 et
1164 3806 1283 3862 aliis
1320 3806 1529 3862 clericis
1555 3822 1722 3862 sacrae

129 3915 163 3951 si
187 3898 476 3965 pel'ectilis
507 3897 681 3966 impiis
713 3896 1101 3953 venditoribus.

195 3984 243 4038 4.
300 3986 467 4041 Nunc
517 3984 994 4055 Langobardorum
1042 4002 1130 4042 res
1177 3987 1351 4056 primo
1404 3986 1722 4055 Gregoriani

128 4077 478 4145 pontificatus
508 4093 651 4132 attuo
680 4087 858 4146 gestas
885 4078 1191 4132 summatim
1222 4079 1565 4147 attingamus.
1608 4078 1723 4135 Hoc

128 4184 257 4222 attno
283 4170 628 4224 exstinctum
677 4168 839 4223 luisse
884 4168 1162 4222 Autbarim
1211 4183 1397 4224 eorum
1429 4183 1608 4239 regem
1639 4161 1740 4224 di?

125 4261 316 4314 st-imus
362 4276 435 4316 ex
490 4276 578 4328 ep.
629 4243 698 4312 Π
741 4260 861 4314 libri
891 4277 926 4325 ι,
961 4259 1169 4330 prolato
1202 4258 1424 4327 Regium
1456 4274 1626 4330 usque
1669 4260 1722 4315 in

128 4351 379 4404 extremis
425 4349 736 4404 Brutiorum
769 4348 960 4402 tiuibus
987 4345 1461 4415 Langobardorum
1499 4348 1724 4417 imperio

127 4433 302 4503 (Paul.
331 4441 430 4492 lib.
471 4455 549 4503 ιιι,
586 4455 631 4491 c.
666 4438 779 4507 5-5).
813 4436 980 4492 Paulo
1010 4445 1167 4491 antea
1197 4437 1447 4507 princeps
1494 4436 1724 4494 Arianus

127 4543 226 4580 sua!
254 4539 427 4584 secta:
458 4529 818 4600 propaganda:
849 4529 963 4582 zelo
993 4529 1264 4598 abreptus,
1293 4530 1472 4585 edicto
1494 4531 1722 4586 solemni

124 4619 508 4685 prohibuerat,
537 4635 605 4674 ne
631 4635 849 4673 suorum
880 4620 1157 4689 gentilium
1189 4619 1302 4684 lilii,
1335 4620 1386 4674 in
1414 4620 1517 4674 lide
1545 4622 1727 4677 catho-

126 4710 216 4762 I'ca
239 4712 680 4782 baptizarentur.
712 4714 779 4765 At
807 4727 912 4766 non
942 4711 1110 4766 multo
1137 4689 1450 4780 post-Deum
1473 4724 1730 4781 expertus

123 4814 194 4853 est
223 4803 314 4856 vin
338 4804 538 4868 licem,
565 4811 617 4855 et
647 4817 746 4871 pro
777 4803 878 4856 hac
907 4801 1065 4870 culpa
1110 4815 1142 4857 e
1191 4802 1323 4856 vivis
1351 4810 1436 4855 est
1460 4803 1722 4858 sublatus.

126 4889 249 4944 Eum
281 4908 517 4947 veneno
565 4893 827 4946 interiisse
875 4899 1054 4945 narrat
1081 4907 1258 4945 rerum
1295 4889 1728 4959 Langobardica-

120 4996 229 5035 runt
258 4983 520 5052 scriptor
564 4982 759 5052 (Paul.
795 4981 945 5034 Diue.
976 4979 1064 5034 lib.
1098 4997 1176 5048 tn,
1207 4999 1250 5033 c.
1283 4979 1407 5048 36),
1441 4989 1723 5050 potquam

121 5088 208 5125 sex
235 5073 406 5127 annis
437 5086 741 5141 regnasset.
773 5070 998 5139 Cognita
1029 5069 1145 5139 ejus
1195 5079 1386 5135 morte,
1421 5070 1728 5138 Langobar-

119 5160 146 5210 d
168 5178 304 5215 vrum
338 5163 527 5218 duces
555 5171 611 5217 et
639 5161 926 5230 eptimates
956 5159 1174 5229 Papiam
1225 5168 1607 5224 convenerunt,
1661 5161 1728 5214 de

119 5267 449 5306 successore
502 5251 750 5320 eligendo
790 5249 1154 5305 deliberaturi.
1186 5249 1389 5315 Quibus
1419 5250 1470 5302 in
1498 5249 1729 5305 comitiis

121 5342 358 5395 Limuimi
418 5342 699 5395 sententia
757 5339 1032 5394 decretum
1083 5346 1167 5392 est
1214 5323 1274 5392 ut
1324 5337 1724 5404 Tltcodeliuda,

118 5444 374 5501 spectata:
409 5433 721 5504 prudentia:
765 5432 1084 5500 virtutisque
1113 5429 1314 5498 regina,
1355 5429 1502 5498 regni
1532 5430 1726 5498 guber-

183 5599 206 5623 “
247 5587 366 5642 Cur
421 5585 484 5640 id
533 5583 726 5640 factum
771 5586 931 5640 docet
978 5599 1066 5648 cr.
1123 5581 1327 5635 decima
1376 5582 1532 5650 lUljllS
1583 5583 1722 5637 Iib:i.

119 5654 385 5710 Nimirum
420 5670 705 5726 synagoga
735 5657 805 5708 ita
832 5653 1212 5726 eratecclesia:
1233 5656 1504 5726 prosunt,
1531 5663 1586 5707 ut
1608 5656 1727 5710 inde

117 5727 268 5778 turile-
300 5719 498 5780 audiri
526 5719 830 5778 titur—voces
860 5722 1199 5792 psallentium
1223 5719 1286 5774 lu
1307 5723 1421 5776 Ξιυυι
1440 5739 1544 5775 ιιιιι.

189 5806 210 5833 ι
257 5798 401 5851 ἳιιέθ
436 5797 616 5850 etiam
646 5794 733 5849 lib.
767 5790 954 5864 txﬂ-p'.
988 5790 1039 5846 6.

1821 3259 2169 3312 barbarorum
2199 3258 2652 3313 heterodoxorum
2683 3258 2890 3326 gladios
2919 3259 3259 3328 pessumdata
3288 3259 3408 3314 fue-

1818 3358 1920 3414 rat,
1973 3359 2208 3404 mentem
2261 3350 2534 3421 applicuit.
2585 3349 2660 3404 De
2697 3349 3038 3406 sacerdotum
3069 3351 3410 3420 aliorumque

1820 3455 1887 3496 ex
1915 3440 2060 3494 clero
2087 3441 2357 3509 lapsorum
2387 3440 2696 3509 rteniteutia
2723 3441 3000 3507 sollicitus,
3022 3440 3182 3510 jussit
3226 3457 3321 3496 eos
3349 3443 3404 3498 in

1818 3531 2158 3602 pauperrima
2187 3531 2530 3597 monasteria,
2549 3531 2636 3586 ubi
2665 3532 2924 3599 regularis
2953 3532 3293 3588 observantia
3323 3533 3405 3587 vi-

1820 3629 1992 3691 geret,
2021 3622 2242 3685 retrudi,
2275 3622 2460 3693 eisque
2505 3621 2821 3676 sutlicieutia
2853 3623 3116 3691 stipendia
3155 3623 3408 3692 suppedi-

1824 3711 1947 3775 tari,
1973 3719 2031 3765 ut
2058 3727 2125 3766 ex
2157 3712 2222 3768 iis
2249 3712 2412 3766 etiam
2443 3711 2738 3765 subsidium
2769 3710 2834 3764 ad
2866 3711 3212 3765 victitandum
3242 3712 3411 3765 habe-

1822 3815 1944 3858 rent
1977 3805 2246 3868 monachi,
2280 3805 2372 3873 qui
2400 3805 2468 3860 de
2497 3819 2685 3860 eorum
2731 3803 3107 3860 emendatione
3144 3805 3408 3863 sollicitu-

1824 3897 2005 3953 dinem
2031 3903 2299 3964 gererent.

1896 3987 2165 4042 Ambitum
2197 3985 2248 4040 iu
2280 3985 2489 4042 clericis
2527 3985 2882 4056 comprimere
2925 3984 3222 4053 satagebat.
3258 3984 3409 4041 Unde

1825 4078 2133 4133 Liberatum
2165 4075 2448 4130 diaconum
2478 4075 2783 4129 atubitiou's
2826 4073 3015 4143 spiritu
3064 4072 3306 4131 inﬂatum
3353 4084 3410 4130 et

1825 4171 2156 4236 distentum,
2205 4169 2258 4222 iu
2308 4168 2495 4222 ultimo
2545 4167 2683 4222 inter
2728 4173 2951 4221 caeteros
3000 4166 3258 4222 diaconos
3287 4167 3408 4222 loco

1826 4267 1970 4313 stare
1989 4257 2168 4328 jussit,
2199 4272 2306 4325 quo
2336 4255 2620 4309 humilitati
2645 4263 2700 4309 et
2727 4255 3046 4323 subjectioui
3076 4265 3409 4310 assuesceret

1829 4347 1969 4419 (Lib.
2003 4363 2040 4412 ι,
2071 4363 2152 4418 ep.
2186 4345 2256 4399 85
2283 4353 2330 4399 et
2359 4343 2473 4414 84).
2505 4342 2796 4414 Episcopus
2825 4341 2892 4396 de
2919 4343 3142 4397 crimine
3171 4344 3410 4411 postu'a-

1829 4448 1934 4505 tos,
1983 4439 2036 4492 in
2085 4436 2314 4492 concilio
2341 4435 2408 4488 de
2439 4450 2588 4487 mure
2615 4432 2868 4501 judicari,
2915 4448 3087 4501 neque
3115 4433 3217 4486 alia
3249 4450 3408 4504 quam

1757 4564 1802 4622 υ
1830 4527 2074 4601 synodali
2103 4528 2367 4582 sententia
2397 4525 2444 4578 dc
2468 4527 2589 4594 poni
2622 4523 2930 4622 prce-cepit}
2954 4521 3067 4622 Lib.
3103 4539 3174 4622 ut,
3207 4541 3297 4600 ep.
3320 4524 3408 4593 8).

1830 4619 2066 4674 Clericos
2094 4617 2403 4688 peregrinos
2431 4615 2633 4682 absque
2661 4612 2896 4684 tpiscopi
2925 4612 3015 4682 sui
3033 4611 3276 4676 cessioue
3313 4626 3408 4665 Seu

1829 4711 2022 4766 litteris
2045 4708 2360 4765 dimissoriis
2382 4723 2487 4760 non
2517 4703 2852 4775 recipiendos
2879 4709 2970 4772 aut
2996 4699 3410 4754 inrardiuaudos

1829 4819 1948 4858 esse
1994 4800 2203 4857 statuit.
2253 4798 2327 4852 De
2373 4797 2826 4869 subdiaconosgum
2871 4791 3278 4865 cmlibattt,quid
3310 4789 3406 4844 de-

1827 4892 2057 4948 creverit
2082 4931 2098 4957 ,
2152 4905 2294 4944 nunc
2321 4887 2589 4947 morosius
2633 4883 3022 4956 explorandum
3073 4879 3223 4950 (Lib.
3254 4895 3293 4949 ι,
3322 4898 3403 4949 ep.

1827 4981 1913 5036 85.
1944 4982 1963 5051 )

1901 5071 2060 5140 230
2085 5068 2138 5122 6.
2174 5066 2419 5133 Pelagius
2464 5079 2601 5136 papa
2632 5063 2693 5129 11,
2739 5072 2864 5119 ante
2895 5060 3204 5126 triennium,
3235 5060 3407 5128 legem

1828 5160 2108 5216 (mlibatus
2146 5157 2340 5212 Siciliae
2369 5155 2730 5218 subdiacouis,
2775 5165 2796 5192 α
2837 5169 2988 5208 more
3027 5154 3279 5209 Romana:
3308 5154 3411 5210 Ee-

1831 5251 2030 5312 clcsiaz,
2083 5249 2446 5316 imposuerat;
2472 5245 2816 5314 jusscratque
2856 5243 3029 5314 utqui
3056 5243 3165 5312 jam
3195 5245 3409 5301 uxorati

1829 5348 2034 5406 essent,
2081 5341 2148 5394 ab
2173 5337 2434 5392 uxoribus
2458 5344 2866 5403 separarentur;
2889 5335 3034 5404 quod
3063 5335 3244 5390 durant
3269 5333 3408 5390 Gre-

1832 5431 1982 5500 gorio
2001 5429 2447 5496 incomoetensque
2467 5426 2638 5478 visum
2667 5431 2768 5489 est,
2801 5439 2863 5479 ac
2884 5424 3126 5496 plurimis
3153 5425 3304 5498 p-jus
3324 5441 3390 5482 ca

1906 5593 1927 5620 ο
1961 5581 2122 5634 Moris
2151 5578 2308 5647 hujus
2337 5575 2578 5647 meminit
2621 5574 2677 5628 S.
2709 5574 2817 5629 Leo
2857 5575 3058 5645 φιλ-12,
3099 5592 3150 5632 c.
3191 5575 3261 5630 ὥς
3297 5576 3409 5632 Nee

1831 5651 2156 5706 subdiaconis
2185 5647 2387 5717 quidem
2416 5647 2722 5699 connubium
2751 5647 2960 5717 carnale
2983 5648 3313 5712 conceditur;
3355 5659 3410 5702 ut
3438 5706 3444 5713 ,

1831 5732 1877 5774 et
1905 5721 1991 5789 qui
2021 5715 2236 5782 habent,
2280 5718 2384 5770 sint
2411 5725 2652 5790 tanquam
2683 5732 2786 5769 non
2814 5715 3081 5781 habentes,
3115 5727 3162 5770 et
3190 5721 3272 5790 qui
3305 5735 3408 5773 non

1833 5785 2036 5854 habent,
2067 5796 2399 5854 permaneant
2429 5785 2737 5855 singulares.
