3992 6294
620 238 725 291 307

1096 234 1156 289 S.
1198 229 1522 287 GREGUllll
1568 228 1780 283 MAGNI
1825 225 2000 290 V'l’l'A,
2049 223 2136 277 EX
2182 219 2341 276 EJL'S
2380 217 2685 274 SCRIPTIS
2726 215 3118 271 ADOItNATA.
3166 216 3294 271 LIB.
3339 216 3402 272 ll.

3781 226 3874 284 308

615 345 777 404 dendl
819 343 1073 418 periculis
1114 343 1422 398 obnoxium.
1468 339 1578 394 Iloc
1615 340 1794 406 itaque
1819 336 2097 390 decretum
2125 332 2196 385 ita
2230 337 2269 392 Α
2301 329 2501 392 dierat,
2543 341 2628 418 ex“
2655 340 2759 395 qua
2790 324 2925 379 duas
2968 323 3101 418 tilias
3143 324 3436 386 Barbaram
3462 334 3539 418 et
3572 325 3874 388 Λιιιοηίηιω

617 438 940 509 temperavit
969 435 1396 506 sapientissimus
1420 428 1683 501 pontifex,
1709 435 1766 480 ut
1785 427 1986 480 sineret
2014 422 2202 491 conju-

614 538 772 599 gatos
801 514 1159 582 subdiacdnos
1189 539 1384 578 uxores
1407 520 1661 584 retinere,
1692 533 1753 570 ea
1786 517 1902 584 lege
1930 523 1986 568 ut
2014 513 2080 568 ad
2116 529 2202 567 sa-

615 631 740 672 cros
777 616 992 671 ordines
1022 626 1292 679 nunquam
1316 608 1659 678 pervenirent
1695 623 1708 660 :
1745 603 1880 669 Quia
1910 604 2081 658 nullus
2105 604 2200 656 de-

617 704 699 759 bet
730 705 799 759 ad
819 704 1159 759 ministerium
1190 700 1374 753 altaris
1396 698 1675 753 ascendere
1693 697 1795 750 nisi
1817 696 1963 766 cujus
1987 696 2200 748 castitas

615 807 736 850 ante
767 802 1055 864 susceptum
1098 791 1440 851 ministerium
1479 790 1634 860 fuerit
1677 785 1960 858 approbata
1993 785 2131 857 (Lib.
2160 802 2201 855 ι,

614 901 697 955 ep.
740 883 827 949 44,
859 893 908 936 et
946 880 1036 937 lib.
1070 898 1142 944 ιν,
1184 898 1268 952 ep.
1309 879 1424 952 34).
1481 879 1557 934 De
1594 886 1791 934 caetero
1833 877 2107 948 prohibuit
2133 893 2203 932 ne

616 973 869 1044 deinceps
909 972 1152 1043 episcopi
1196 972 1593 1028 subdiaconum
1646 970 1815 1026 ullum
1867 969 2199 1037 ordinarent,

615 1066 717 1119 nisi
760 1065 853 1133 qui
885 1067 1148 1121 victurum
1179 1081 1239 1121 se
1268 1073 1417 1120 caste
1446 1065 1804 1135 promitteret.
1832 1062 1926 1118 llis
1954 1063 2201 1132 explodi-

613 1165 703 1210 tur
732 1156 925 1211 labella
970 1172 1132 1226 quam
1164 1155 1570 1211 Centuriatores
1611 1155 2095 1224 Magdcburgcnses
2136 1171 2202 1209 ex

616 1245 854 1300 conﬁcta
888 1247 1100 1300 nomim
1129 1245 1186 1299 S.
1222 1243 1455 1300 Udalrici
1487 1243 1783 1314 Augustani
1822 1243 2060 1314 episcopi
2088 1243 2203 1312 epi-

613 1335 754 1389 stola
776 1335 841 1388 ad
866 1335 1141 1390 Nicolaum
1168 1350 1363 1405 papam
1386 1335 1854 1404 deprompserunt,
1877 1335 2082 1390 scilicet
2104 1350 2202 1388 ηο-

615 1434 786 1480 strum
815 1423 1133 1495 Gregorium
1166 1427 1312 1496 prius
1343 1441 1539 1481 uxores
1577 1427 1945 1482 Sacerdotibus
1974 1427 2198 1482 solemni

614 1518 837 1574 decreto
862 1519 1155 1586 ademisse,
1193 1526 1249 1571 at
1290 1533 1412 1572 cum
1443 1533 1511 1572 ex
1548 1518 1754 1588 piscina
1785 1533 1880 1572 sua
1907 1519 2082 1588 capita
2114 1519 2198 1572 in-

615 1608 840 1664 fantium
873 1610 948 1664 ad
966 1625 1062 1664 sex
1090 1609 1256 1662 millia
1287 1617 1530 1663 extracta
1562 1609 1723 1665 fuisse
1762 1624 1792 1663 a
1843 1609 2201 1679 piscatozibus

2305 418 2559 487 suscepit.
2586 415 2736 469 Tunc
2762 414 3020 482 temporis
3035 414 3245 483 aliquos
3268 415 3563 470 monachos
3584 432 3771 475 uxores
3790 438 3875 492 puo

2305 511 2444 565 biicc
2469 509 2686 563 duxisse
2708 507 2854 561 dolet
2883 505 2940 560 S.
2971 504 3045 559 Gr
3080 506 3263 574 gorius
3293 506 3384 560 lib.
3417 523 3453 570 ι,
3486 522 3574 576 cp.
3601 508 3686 577 4‘2,
3712 510 3877 578 jubet.

2307 617 2411 673 quc
2442 610 2499 654 ut
2538 601 2605 654 ab
2635 600 2688 669 ip
2720 601 2765 652 is
2790 597 2996 662 avulsi,
3023 597 3076 650 in
3108 598 3496 652 monasterium
3528 600 3876 672 retrudantur,

2305 693 2379 746 uti
2403 692 2512 761 j.lm
2549 689 2971 745 observavimus.
3003 687 3321 759 Snspicatur
3347 698 3533 744 noster
3555 688 3876 747 Mabillonius

2302 782 2540 837 Italicam
2571 780 2732 834 fuisse
2761 779 3014 834 Venantii
3046 787 3351 847 parentem,
3380 795 3490 834 non
3523 795 3742 834 uxorem
3765 782 3877 852 (Au-

2303 873 2412 926 nal.
2447 871 2710 925 Benedict.
2742 887 2831 929 an.
2859 869 2984 937 601,
3015 887 3136 940 pug.
3163 868 3324 939 266);
3360 880 3434 932 at,
3464 869 3608 939 quod
3637 873 3764 925 tanti
3792 875 3878 929 viri

2302 981 2437 1038 pace
2465 965 2710 1029 dixerim,
2748 962 3057 1032 conjectura
3088 962 3201 1016 h'ec
3230 963 3339 1017 ruit
3380 963 3519 1017 lecta
3550 963 3880 1034 inscriptione

2304 1059 2544 1130 epistola:
2575 1057 2680 1114 125
2709 1056 2829 1110 libri
2860 1072 2936 1110 rx.
2981 1055 3098 1109 Non
3138 1054 3362 1109 lirmiori
3394 1053 3743 1110 fundamento
3769 1057 3878 1111 niti-

2307 1157 2392 1203 tur
2433 1147 2754 1202 Canecllarii
2783 1145 2947 1201 lta'ia:
2976 1144 3162 1203 titulus
3187 1143 3280 1212 qui
3308 1144 3476 1213 gratis
3518 1143 3641 1198 huic
3671 1145 3880 1213 patricio

2304 1239 2436 1295 conf
2464 1249 2600 1303 rtur,
2645 1254 2710 1292 rx
2757 1237 3024 1306 corruptis
3069 1235 3414 1306 epistolarum
3462 1235 3879 1306 inscriptionibus

2303 1349 2438 1402 quas
2475 1332 2677 1386 habent
2717 1330 2933 1386 codices
2973 1327 3124 1392 editi,
3172 1344 3281 1384 non
3309 1343 3441 1383 vero
3469 1344 3632 1383 manu
3662 1332 3876 1401 exarati.

2303 1425 2593 1478 Ba'baram
2634 1431 2690 1478 et
2715 1421 3042 1476 Antoninam
3071 1429 3197 1474 ante
3221 1419 3472 1475 Venantii
3500 1420 3706 1489 lapsum
3735 1429 3874 1478 natas

2302 1514 2432 1568 nihil
2460 1514 2604 1584 cogit
2633 1513 2833 1567 dicere.
2857 1510 3154 1566 Venantius
3206 1509 3410 1578 aliquot
3437 1509 3596 1563 annis
3623 1518 3745 1563 ante
3771 1525 3876 1564 sus-

2303 1613 2518 1674 ceptum
2549 1621 2578 1657 a
2603 1602 2868 1670 Gregorio
2899 1600 3272 1671 pontiﬁcatum
3300 1616 3330 1655 e
3357 1601 3688 1655 monasterio
3709 1616 3874 1656 exces-

617 1697 1006 1764 intellexisset,
1070 1698 1285 1766 hocque
1346 1698 1733 1754 inl'anticidium
1794 1700 1894 1755 sibi
1943 1701 2201 1756 tribueret
2233 1709 2276 1770 Β
2305 1702 2470 1749 serat.
2503 1692 2628 1762 Ejus
2657 1701 2796 1747 nam
2819 1691 3010 1746 lillel‘is
3030 1690 3348 1760 Gregorium
3377 1691 3768 1760 compellarunt
3792 1708 3875 1746 un-

617 1791 748 1856 (non
788 1787 1064 1842 dubitabat
1111 1788 1251 1842 enim
1297 1795 1377 1842 tot
1404 1787 1634 1842 infantes
1665 1805 1732 1846 ex
1763 1786 1972 1846 furtivis
2015 1806 2197 1846 sacer-

612 1877 800 1932 dolum
833 1878 1274 1934 fornicationibus
1310 1887 1404 1934 aut
1452 1879 1730 1935 adulteriis
1758 1882 1936 1951 natos)
1964 1923 1978 1948 ,
2009 1881 2200 1937 decre-

613 1975 727 2023 tum
772 1984 928 2023 suum
959 1968 1226 2038 reﬁxisse,
1270 1976 1324 2025 et
1353 1969 1419 2024 de
1447 1979 1597 2025 tanto
1625 1971 1829 2026 scelere
1859 1972 2196 2042 paenituisse.

686 2059 834 2127 Quot
862 2059 1026 2114 verba
1049 2059 1161 2128 hic,
1194 2067 1273 2114 tot
1301 2058 1489 2129 putida
1519 2068 1575 2114 et
1602 2061 1796 2115 stolida
1821 2061 1953 2129 legis
1974 2061 2197 2117 menda-

613 2150 722 2205 cia.
771 2151 884 2216 Qua
916 2151 1127 2205 ratione
1174 2151 1226 2204 in
1268 2151 1528 2219 piscinam
1573 2153 1752 2221 potius
1799 2150 2198 2222 pontiﬁciarum

612 2241 808 2294 aedium
855 2239 1095 2312 projecta
1145 2241 1328 2295 isthaec
1373 2239 1634 2296 inﬁmtilia
1667 2243 1884 2311 capita,
1937 2258 2094 2312 quam
2145 2244 2199 2296 in

613 2331 872 2393 Tiberim,
905 2333 1070 2385 autin
1097 2331 1310 2386 cloacas
1339 2333 1827 2402 pubiicas‘Hlapita
1857 2334 2199 2388 inueniuntur

614 2429 670 2477 et
700 2432 1083 2489 numerantur,
1113 2421 1238 2493 quid
1268 2421 1336 2476 dc
1366 2423 1584 2494 reliquis
1619 2424 1969 2478 cadaveribus
2000 2426 2196 2479 factum

615 2515 739 2569 est?
776 2511 938 2581 Quasi
988 2513 1500 2569 verisimilitudinem
1543 2514 1628 2568 vel
1682 2516 1954 2569 minimam
2003 2515 2198 2570 habeat

622 2603 906 2660 infantium
958 2605 1172 2660 illorum
1202 2603 1496 2675 parricidas
1523 2619 1750 2674 quorum
1781 2605 1914 2661 adeo
1944 2606 2200 2660 intererat

617 2701 825 2752 tantum
851 2695 1028 2752 scelus
1053 2698 1342 2760 occultare,
1374 2698 1632 2768 projeclis
1659 2714 1727 2753 ex
1753 2700 2002 2754 condicto
2033 2699 2083 2754 in
2115 2700 2195 2768 pi~

613 2785 818 2842 scinam
851 2784 1176 2855 pontiﬁciam
1209 2788 1510 2844 occisorum
1549 2789 1811 2859 capitibus
1835 2831 1850 2857 ,
1892 2790 2022 2846 illud
2056 2793 2196 2848 u’tro

613 2875 767 2945 quasi
797 2890 894 2946 per
915 2876 1096 2931 ludum
1127 2878 1359 2934 voluisse
1388 2881 1695 2950 publicare?
1726 2883 1898 2948 Quam
1929 2883 2197 2953 perii-icta:

613 2982 746 3022 vero
776 2965 968 3024 frontis
994 2975 1141 3035 sunt,
1178 2969 1269 3039 qui
1298 2970 1485 3024 volunt
1513 2969 1829 3039 Gregorium
1861 2974 2193 3042 pmnituisso,

2301 1785 2512 1839 decimo
2541 1786 2657 1853 ejus
2689 1780 3030 1854 pontiﬁcatus
3059 1797 3202 1835 anno
3226 1820 3244 1846 ,
3269 1798 3372 1835 una
3407 1779 3545 1836 forte
3571 1781 3870 1850 duodecim,

2302 1874 2469 1927 altera
2499 1873 2685 1927 decem
2728 1887 2990 1924 annorum
3036 1868 3178 1941 (Lib.
3211 1886 3285 1935 XI,
3323 1887 3406 1941 ep.
3438 1868 3508 1922 '55
3535 1881 3585 1923 et
3615 1870 3723 1942 78).
3752 1871 3874 1938 Quid

2301 1978 2462 2032 supra
2492 1963 2634 2016 illam
2664 1961 2914 2016 relatem?
2963 1959 3078 2013 Non
3124 1961 3292 2027 magis
3323 1959 3649 2014 abhorrebat
3688 1976 3717 2014 a
3761 1977 3871 2016 san-

2301 2054 2525 2109 ctissimi
2574 2051 2844 2123 pontiﬁcis
2877 2052 3098 2122 pietate,
3147 2051 3380 2120 virgines
3429 2051 3640 2106 nobiles
3681 2055 3778 2107 etsi
3814 2069 3870 2108 ex

2303 2144 2706 2213 iniquisnuptiis
2727 2151 2882 2197 natas
2897 2141 3190 2196 honorLﬁce
3207 2141 3441 2196 salutare
3463 2157 3526 2196 ac
3540 2143 3701 2210 tueri,
3719 2158 3862 2212 quam

2301 2237 2368 2289 ad
2404 2251 2586 2290 earum
2628 2242 2881 2304 parentes
2909 2232 3236 2288 Venantium
3278 2241 3331 2286 ιι
3371 2233 3609 2287 Italicam
3641 2250 3873 2290 reveren-

2304 2330 2523 2385 tissimis
2565 2337 2620 2384 et
2649 2327 2833 2382 amicis
2859 2326 3040 2382 verbis
3067 2326 3326 2391 scribere,
3369 2324 3757 2395 Joannemque,
3784 2326 3870 2398 Sy-

2301 2437 2622 2478 racusanum
2651 2422 2986 2490 episcopum,
3018 2420 3087 2474 ob
3109 2419 3352 2491 repulsas
3371 2419 3621 2474 Venantii
3655 2419 3866 2474 oblatio-

2300 2529 2394 2567 nes
2443 2528 2502 2567 re
2523 2512 2766 2580 largucre
2806 2509 2942 2583 (Lib.
2989 2526 3062 2575 vr,
3109 2527 3190 2579 ep.
3241 2506 3355 2575 Li).
3411 2506 3709 2578 Parumper
3736 2518 3870 2564 extra

2298 2611 2470 2657 metas
2511 2601 2881 2666 excurrimus,
2924 2599 3024 2654 viri
3071 2599 3364 2654 doctissimi
3407 2599 3746 2667 conjecturas
3788 2615 3872 2653 ex-

2299 2691 2604 2763 pendendo;
2646 2707 2788 2747 nunc
2825 2690 2893 2744 ad
2922 2688 2972 2744 id
3003 2688 3143 2745 unde
3171 2689 3396 2758 digressi
3423 2703 3628 2755 sumus,
3662 2689 3872 2744 redeun-

2299 2783 2450 2837 dum.

2370 2873 2423 2926 8.
2479 2869 2769 2940 Gregorius
2815 2869 2882 2924 ad
2911 2867 3236 2925 Venantium
3279 2868 3544 2938 propositi
3593 2867 3861 2923 mona=tici

2300 2962 2630 3016 desertorem
2677 2974 2891 3029 gravem
2940 2958 3222 3028 epistolam
3269 2958 3500 3028 scripsit,
3559 2967 3622 3012 ut
3665 2974 3778 3013 cum
3813 2959 3870 3012 ad

612 3059 758 3128 quod
799 3059 1145 3129 presbyteros
1187 3035 1240 3115 et
1270 3061 1546 3117 ministros
1573 3035 1756 3117 sacros
1785 3035 1886 3132 legi
1913 3035 2195 3120 cmlibatug
2223 3078 2267 3139 ρ
2299 3057 2668 3125 paenitentiam
2699 3035 3024 3119 hortaretur,
3059 3070 3180 3124 qum
3209 3053 3364 3108 facile
3393 3053 3494 3122 legi
3534 3062 3734 3122 potest.
3776 3053 3868 3106 No-

617 3151 984 3214 adstrinxerit,
1021 3168 1144 3207 cum
1168 3169 1267 3208 nec
1295 3155 1411 3224 ipse
1434 3155 1553 3208 talis
1583 3155 1714 3223 legis
1745 3172 1978 3224 unquam
2006 3168 2197 3214 auctor

615 3238 777 3293 fuerit
807 3240 1028 3310 (quippe
1053 3258 1173 3311 quac
1201 3259 1414 3313 semper
1442 3246 1631 3300 saltem
1662 3247 1715 3300 in
1747 3247 1985 3304 Ecclesia
2009 3249 2195 3307 Latina

615 3328 775 3384 fuerit
804 3333 1118 3402 observata,
1162 3336 1250 3390 ubi
1291 3337 1539 3405 vigebant
1579 3341 1854 3412 canones),
1905 3359 2006 3398 nec
2033 3345 2195 3399 ullum

614 3419 730 3476 fere
756 3422 837 3476 sui
869 3423 1209 3493 pontiﬁcatus
1249 3443 1449 3483 annum
1478 3430 1614 3484 elabi
1645 3432 1859 3499 siverit,
1910 3435 1963 3490 in
1992 3453 2100 3506 quo
2129 3438 2198 3494 de

618 3510 887 3579 majorum
916 3513 1237 3569 clericorum
1261 3517 1512 3572 caelibatu
1538 3519 1738 3590 aliquid
1763 3537 1871 3577 non
1899 3524 2195 3594 scripserit.

617 3598 759 3669 Lege
787 3605 1084 3671 praesertim
1127 3615 1416 3675 sequentes
1445 3610 1700 3679 epistolas
1752 3611 1842 3668 hb.
1888 3631 1928 3679 ι,
1974 3630 2096 3686 cpp.
2134 3615 2198 3669 14

615 3699 667 3744 ct
695 3690 796 3758 5'2;
828 3693 920 3747 lib.
947 3710 1018 3760 tv,
1049 3709 1171 3765 cpp.
1207 3694 1275 3749 26
1300 3704 1354 3750 cl.
1381 3695 1485 3765 56;
1517 3698 1609 3753 lib.
1658 3716 1730 3765 rx,
1764 3716 1849 3771 ep.
1883 3702 1982 3769 60;
2016 3704 2106 3758 lib.
2139 3722 2192 3768 x,

612 3797 701 3851 σει).
730 3780 831 3850 62;
862 3784 954 3838 lib.
972 3801 1044 3850 xi,
1068 3801 1153 3855 ep.
1182 3785 1268 3850 64,
1290 3786 1356 3840 ad
1388 3787 1712 3856 Secundam,
1742 3790 2056 3860 interrogat,
2085 3811 2198 3850 res-

612 3875 904 3946 pondendo
929 3919 946 3945 ,
993 3878 1081 3932 ubi
1129 3879 1196 3933 de
1239 3879 1448 3938 clericis
1478 3881 1702 3950 loquens
1744 3884 1939 3954 quibus
1967 3885 2194 3941 liberum

612 3975 696 4022 est
724 3983 920 4023 uxores
947 3971 1214 4040 accipere,
1249 3971 1485 4028 excludit
1512 3989 1606 4029 eos
1633 3975 1723 4044 qui
1750 3975 1918 4032 sacris
1959 3979 2014 4032 in
2044 3977 2193 4033 ordi-

613 4059 770 4121 nibus
816 4068 942 4116 sunt
980 4063 1286 4131 constituti;
1334 4063 1565 4135 denique
1619 4066 1713 4121 lib.
1766 4083 1892 4135 xm,
1949 4083 2073 4140 epp.
2126 4070 2195 4124 55

615 4158 669 4209 et
698 4148 791 4213 56,

681 4240 947 4299 Caeterum
976 4259 1154 4314 operae
1191 4251 1424 4317 pretium
1467 4265 1578 4306 non
1622 4260 1724 4315 est,
1767 4252 2009 4322 pluribus
2035 4268 2196 4323 argu-

577 4325 811 4407 _‘mcnt_is
840 4331 1072 4391 tabulam
1102 4336 1241 4392 hanc
1267 4339 1580 4408 explodere,
1603 4356 1724 4410 qua:
1752 4344 1930 4398 statim
1962 4360 2192 4400 evanes-

615 4423 711 4488 cit,
741 4438 864 4481 cum
907 4426 1227 4496 expenditur
1251 4445 1360 4498 quo
1390 4439 1635 4501 tempore
1662 4433 1795 4488 vixit
1823 4434 1882 4489 S.
1915 4434 2194 4494 Udalricus
2224 4451 2269 4509 ι)

614 4514 920 4585 cpiscopus.
947 4517 1132 4588 Neque
1153 4521 1295 4574 enim
1325 4536 1538 4578 comvus
1561 4539 1682 4580 esse
1712 4527 1885 4594 potuit
1914 4535 2008 4580 aut
2033 4529 2194 4584 Nico-

615 4609 726 4664 lail
753 4619 844 4665 aut
863 4611 925 4666 ιι.
962 4611 1078 4681 Qua
1107 4614 1177 4669 de
1203 4631 1263 4671 re
1289 4617 1649 4674 consulendus
1670 4627 1753 4674 est
1773 4634 1882 4674 em.
1913 4620 2060 4676 card.
2093 4621 2194 4676 Baa

614 4701 800 4756 tonius
826 4702 892 4756 ad
921 4719 1008 4757 an.
1039 4704 1165 4772 591,
1197 4723 1348 4766 ntun.
1371 4707 1464 4762 21.

686 4793 738 4848 7.
772 4794 926 4850 llaud
955 4798 1152 4864 minori
1178 4799 1294 4853 zelo
1320 4798 1612 4868 Gregorius
1637 4803 1780 4858 cavit
1806 4804 2192 4860 monachorum

613 4889 848 4942 castitati
879 4898 934 4942 ct
955 4889 1107 4943 famae
1135 4907 1294 4961 quam
1325 4877 1662 4960 clericorum,
1696 4903 1755 4949 ut
1783 4898 2196 4965 prtemonuimus

619 4995 740 5050 cap.
762 4981 1026 5050 superiori
1049 4998 1195 5036 ιιιιιιι.
1218 4981 1270 5037 6.
1297 4981 1360 5036 Et
1386 4985 1603 5053 quidem
1627 4988 1928 5044 arctissime
1947 4991 2197 5059 alligatos

613 5071 742 5127 illos
765 5081 892 5127 voto
921 5089 1023 5128 seu
1059 5077 1338 5146 proposito
1368 5078 1630 5132 castitatis
1660 5090 1932 5148 perpetuze
1961 5083 2195 5151 censuit,

615 5170 670 5215 ut
701 5179 768 5216 ex
797 5165 963 5232 ipsius
990 5163 1055 5217 ad
1088 5164 1406 5221 Venantinm
1437 5169 1662 5236 epistola
1693 5170 1796 5224 hoc
1824 5186 1968 5226 anno
1993 5176 2193 5244 scripta

616 5263 766 5308 extra
794 5254 1013 5309 dubium
1044 5257 1278 5324 ponitur.
1309 5255 1634 5327 Venantins,
1665 5261 1888 5329 patricio
1917 5275 2114 5329 genere
2141 5264 2192 5318 in

617 5343 816 5412 Sicilia,
858 5353 919 5400 ut
948 5345 1175 5412 videtur,
1219 5357 1392 5416 ortus,
1435 5349 1598 5404 vitam
1625 5352 1906 5420 amplexus
1935 5362 2050 5416 erat
2076 5370 2196 5410 mo—

618 5438 908 5505 nasticam;
936 5453 1145 5503 verum,
1171 5440 1356 5494 relicto
1383 5449 1568 5510 postea
1591 5444 1940 5509 monasterio,
1962 5459 2196 5498 uxorem

616 5527 898 5582 disserat!
917 5531 1144 5586 nomine
1172 5531 1428 5600 Italicam,
1459 5542 1549 5588 aut
1577 5533 1643 5587 ad
1672 5535 1817 5603 prius
1860 5533 2074 5590 ductam
2107 5551 2192 5592 re-

692 5671 719 5706 6
749 5661 876 5716 Vile
899 5678 983 5731 ep.
1019 5663 1136 5729 1‘23,
1162 5666 1250 5719 lib.
1287 5682 1338 5718 ιχ
1368 5676 1422 5720 et
1445 5668 1533 5720 lib.
1567 5683 1637 5732 χι,
1671 5683 1792 5736 cpp.
1919 5678 1970 5722 ct
1998 5669 2078 5722 78.

2302 3156 2411 3200 tatu
2442 3149 2738 3216 przesertim
2769 3145 2928 3214 digna
2955 3155 3078 3200 sunt
3102 3145 3261 3199 verba
3294 3145 3405 3199 lucc
3433 3162 3445 3196 :
3476 3144 3715 3198 Ananias
3735 3159 3870 3214 pecu-

2299 3237 2418 3291 nias
2448 3235 2557 3291 Deo
2592 3246 2808 3303 voverat,
2841 3253 2967 3306 quas
2994 3246 3129 3307 post,
3176 3236 3434 3290 diabolica
3463 3237 3629 3288 rictus
3675 3253 3866 3305 persua-

2299 3327 2755 3394 sione,.subtra.rit
2803 3327 2940 3398 (Act.
2975 3326 3048 3392 γ).
3099 3325 3205 3379 Sed
3247 3343 3347 3395 qua
3403 3335 3566 3378 morte
3616 3325 3871 3376 mulctatus

2300 3426 2396 3480 est,
2441 3418 2561 3472 scis.
2598 3416 2658 3471 Si
2698 3433 2818 3487 ergo
2849 3416 2936 3470 ille
2973 3417 3154 3468 mortis
3190 3414 3416 3483 periculo
3456 3414 3646 3484 dignus
3677 3415 3766 3485 fuit
3801 3415 3871 3484 qui

2298 3525 2382 3562 eos
2437 3525 2563 3580 quos
2615 3506 2829 3560 d.derat
2877 3522 3112 3559 nummos
3151 3505 3262 3558 Deo
3307 3505 3558 3569 abstulit,
3621 3504 3870 3558 considera

2299 3609 2491 3670 quanto
2521 3600 2748 3669 periculo
2788 3599 2840 3650 in
2873 3597 3045 3650 divino
3067 3597 3269 3666 judicio
3297 3596 3485 3666 dignus
3519 3597 3650 3661 eris,
3678 3597 3757 3665 qui
3783 3611 3870 3647 non

2299 3709 2557 3756 nuntmos,
2589 3691 2679 3744 sed
2710 3691 3052 3758 temetipsum,
3091 3687 3198 3741 Deo
3228 3688 3592 3755 omnipotenti,
3622 3688 3701 3739 cui
3729 3695 3774 3738 te
3793 3686 3870 3738 sub

2297 3784 2593 3837 monachali
2617 3783 2790 3835 habitu
2815 3782 3111 3848 ἀείδουσι-αδ,
3135 3778 3471 3834 subtraxisti?
3497 3776 3780 3832 Considera
3792 3775 3868 3844 ju-

2303 3879 2494 3932 dicium
2517 3876 2636 3942 Dei,
2665 3874 2800 3945 quod
2828 3882 3104 3938 mereatur,
3136 3874 3221 3943 qui
3247 3871 3577 3940 semetipsum
3606 3868 3711 3921 Deo
3738 3867 3866 3924 tor-it,

2296 3969 2638 4038 continuoque
2676 3964 2853 4018 numdi
2893 3962 3160 4018 desideriis
3211 3962 3465 4027 irretitus,
3523 3958 3765 4012 mentitus
3807 3963 3871 4008 est

2296 4057 2432 4129 quod
2494 4058 2624 4110 cavit
2674 4053 2809 4124 (Lib.
2860 4071 2907 4119 ι,
2955 4069 3035 4121 ep.
3085 4053 3198 4120 54).
3259 4050 3461 4119 Quibus
3526 4050 3712 4104 verbis
3757 4047 3868 4115 quid

2287 4149 2599 4222 expressius
2645 4149 2710 4202 ad
2741 4156 2984 4202 votorum
3032 4147 3448 4202 tuonasticorun
3496 4142 3866 4210 obligationetn

2295 4237 2714 4294 adstruendam?
2749 4235 2954 4291 Incesta
2984 4236 3367 4290 monachorum
3397 4241 3451 4287 et
3483 4227 3866 4285 sanctimonia-

2298 4332 2367 4385 liu
2393 4349 2422 4382 n
2453 4330 2696 4400 conjugia
2735 4329 2825 4383 diu
2860 4335 3019 4387 antea
3048 4326 3269 4382 Siric'm
3308 4340 3445 4394 papa
3495 4332 3748 4392 tanquam
3777 4333 3862 4388 pu.

2297 4424 2447 4478 blicis
2479 4423 2684 4491 legibus
2723 4430 2776 4475 et
2815 4419 3179 4474 ecclesiastico
3221 4417 3327 4486 jnri
3359 4415 3631 4470 comraria
3662 4412 3867 4466 damna-

2299 4522 2401 4577 rat,
2429 4513 2669 4566 scribcns
2707 4511 2775 4564 ad
2807 4509 3122 4573 llinterium,
3173 4507 3635 4562 'l'arracomuscm
3675 4503 3868 4572 episco-

2299 4620 2423 4673 pum
2451 4601 2575 4675 (Ep.
2610 4619 2646 4669 ι,
2678 4619 2724 4655 c.
2756 4601 2808 4667 (ἡ
2833 4610 2957 4655 tom.
2989 4599 3017 4653 Ι
3045 4599 3353 4663 Concilior.,
3384 4617 3436 4667 p.
3468 4597 3651 4667 1019).
3683 4592 3867 4650 Sull'ra-

2298 4703 2494 4762 gantur
2513 4692 2706 4748 concil.
2737 4692 2992 4746 Chalced.
3023 4707 3144 4746 can.
3177 4689 3255 4755 l6,
3289 4699 3340 4744 et
3365 4689 3677 4757 Carthagin.
3703 4702 3772 4750 tv,
3793 4687 3867 4738 cui

2298 4782 2613 4851 subscripsit
2643 4781 2968 4850 Augustinus
2997 4796 3116 4850 cap.
3150 4778 3269 4832 104.
3303 4779 3507 4834 Docere
3539 4785 3719 4832 tzuuen
3740 4772 3872 4830 vide-

2301 4881 2387 4926 tnr
2432 4871 2776 4940 Augustinus,
2828 4871 3077 4940 conjugia
3122 4886 3311 4925 eorum
3358 4869 3450 4938 qui
3499 4866 3868 4923 continentiam

2294 4964 2563 5029 voverint,
2587 4963 2846 5016 adulteria
2874 4979 2980 5017 non
3003 4977 3142 5023 esse,
3167 4961 3412 5031 quamvis
3431 4957 3745 5014 eorumdem
3768 4955 3869 5025 lap-

2294 5070 2411 5110 sum
2442 5056 2633 5124 quovis
2662 5055 2928 5108 adulterio
2959 5053 3196 5122 pthI‘Cill
3228 5059 3444 5108 censeat
3476 5050 3621 5119 (Lib.
3655 5051 3716 5104 de
3743 5048 3869 5104 Bono

2293 5146 2495 5207 riduit.,
2525 5160 2641 5214 cap.
2675 5143 2762 5207 10,
2797 5143 2883 5208 ll,
2921 5143 3030 5210 12).
3064 5143 3171 5198 Sed
3201 5146 3304 5198 hoc
3335 5143 3524 5196 vitium
3567 5141 3866 5197 nubenliutn

2295 5251 2414 5291 esse
2442 5237 2740 5305 contendit,
2769 5253 2874 5291 non
2903 5236 3136 5306 ipsarum
3175 5234 3498 5304 nuptiarum,
3524 5249 3646 5302 qua:
3687 5238 3868 5285 sancta-

2300 5337 2425 5384 sunt
2456 5337 2511 5383 et
2554 5344 2822 5397 nunquam
2853 5327 3182 5382 damnandm.
3217 5327 3293 5382 lta
3314 5341 3446 5382 vero
3489 5326 3729 5395 loquitur
3756 5340 3868 5379 saa-

2300 5430 2419 5474 ctus
2443 5418 2656 5486 doctor,
2687 5434 2754 5473 ne
2782 5417 3085 5472 Maniclneis
3113 5417 3324 5486 nuptias
3349 5415 3730 5469 damnantibus
3756 5427 3869 5465 con-

2299 5512 2497 5568 sentire
2525 5509 2788 5571 videatur.
2845 5508 2992 5566 ηδιιο
3036 5509 3390 5580 qumstioncm
3418 5506 3521 5563 sibi
3554 5503 3869 5577 propositam
