3992 6302
174 210 252 261 50!
258 212 269 256 ι

638 210 691 263 S.
734 207 1056 263 GRL‘GOI‘JI
1097 210 1305 263 MAGNI
1353 209 1530 275 VITA,
1574 212 1665 265 EX
1710 216 1740 266 lt

1848 219 1876 266 5
1916 214 2221 267 δωίιινιιδ
2262 213 2653 269 ΛυυΙιΝΑΤΛ.
2698 218 2827 273 LIB.
2869 221 2932 274 ll.

3320 218 3421 271 3i)

170 324 380 390 attingit
416 322 473 376 S.
511 321 811 376 Bernartius
838 320 927 373 lib.
960 320 1025 373 de
1064 318 1339 388 Praecepto
1366 329 1421 375 et
1451 323 1735 393 Dispensa-
1767 325 1809 380 Λ
1841 323 2125 376 commissae
2162 324 2258 379 sibi
2296 327 2455 396 plebis
2489 330 2842 383 tantummodo
2883 347 3059 383 curam
3089 348 3295 399 gerere,
3328 348 3427 385 non

170 415 311 469 tione
335 429 455 481 cap.
488 412 573 476 i7,
604 419 658 464 at
681 411 807 464 nihil
837 410 1095 463 decernit.

238 503 351 559 Non
380 504 604 571 resipuit
629 502 945 565 Venantius;
980 517 1152 572 neque
1183 510 1360 558 tamen
1385 504 1452 559 ab
1472 504 1585 572 ejus
1613 506 1745 558 am?-

166 596 286 647 citia
307 592 495 645 resiliit
511 590 819 658 Gregorius,
844 605 1066 659 sperans
1087 592 1439 661 opportunius
1458 594 1744 662 aliquando

164 685 265 738 sibi
299 692 508 751 tempus
534 681 858 745 adfuturum,
886 682 1115 736 amicum
1146 683 1214 737 ad
1240 683 1611 753 ptenitentiam
1640 684 1744 739 ite-

163 790 279 828 rum
312 771 646 827 adhortandi.
698 771 842 826 Sane
880 771 1062 826 audita
1101 782 1289 842 postea
1329 775 1476 843 gravi
1504 790 1607 843 qua
1650 774 1744 828 de-

161 866 447 921 Cumbehat
473 865 803 932 atgritndine,
836 864 903 919 de
931 866 1047 933 ejus
1082 865 1257 921 salute
1285 867 1545 923 sollicitus
1574 867 1743 936 scrip-

161 956 231 1007 s’t
273 953 343 1006 ad
370 952 627 1006 Joannem
650 996 665 1021 ,
704 952 1098 1024 Syracusanum
1135 955 1471 1025 episcopum,
1502 958 1656 1027 231
1686 966 1741 1010 ut

158 1043 224 1095 de
252 1044 428 1095 anima
457 1043 568 1113 ejus
614 1044 844 1113 cogitare
886 1042 1084 1112 debeat,
1113 1046 1453 1110 exhortando,
1484 1048 1738 1117 rogando,

156 1134 259 1187 Dei
310 1134 535 1188 terribile
572 1135 831 1205 judicium
880 1137 1249 1205 proponendo,
1279 1136 1590 1205 ine/fabilem
1627 1138 1738 1207 ejus

154 1222 567 1277 misericordiam
586 1223 955 1293 promittenda,
978 1224 1119 1276 utad
1144 1223 1372 1277 habitum
1400 1242 1546 1278 suum
1572 1227 1739 1279 redire

152 1314 231 1367 rel
275 1315 333 1367 in
364 1314 609 1368 extremis
655 1313 853 1381 debeat,
901 1332 966 1369 ne
1008 1317 1054 1369 ei
1084 1324 1244 1371 tantte
1282 1318 1444 1387 culpa:
1472 1327 1643 1371 reatus
1681 1318 1735 1371 in

149 1416 353 1461 wterno
373 1408 577 1479 judicio
605 1400 822 1463 obsistat
855 1406 992 1476 (Lib.
1021 1425 1092 1474 XI,
1126 1424 1211 1477 ep.
1238 1406 1350 1477 56).
1386 1408 1581 1463 Verum
1611 1408 1736 1477 quid

150 1498 273 1552 inde
299 1509 549 1554 secutum
580 1501 667 1565 sit,
696 1501 1018 1569 ignoramus.
1054 1500 1128 1553 De
1154 1499 1417 1553 Venantio
1441 1499 1613 1553 adhuc
1639 1514 1735 1569 po-

146 1598 259 1642 stea
307 1591 418 1644 erit
446 1591 730 1659 agendum.
770 1590 919 1645 Nunc
946 1606 976 1644 e
1004 1589 1182 1644 Sicilia
1213 1590 1264 1643 in
1295 1587 1528 1643 Africam
1562 1600 1735 1644 trans-

1847 420 2015 463 autem
2043 414 2198 465 etiam
2226 416 2343 469 illos
2372 418 2622 470 antistites
2652 436 2774 489 quos
2800 418 3053 473 catholica
3076 420 3203 489 fides
3234 421 3287 474 in
3320 420 3426 473 lic-

1847 500 2017 556 clesia:
2056 503 2170 557 sinu
2213 513 2262 557 ct
2307 506 2508 559 edocuit
2534 517 2583 560 et
2613 509 2803 578 genuit,
2834 508 2903 562 ad
2932 509 3196 563 obtinendi
3227 512 3433 565 cuimen

1846 594 2096 661 primatus
2142 597 2339 650 anteire
2382 596 2569 666 (Ibid.,
2612 616 2692 668 ep.
2722 598 2833 666 77).
2883 599 3007 654 [late
3034 599 3322 668 Gregorius
3353 603 3421 654 ad

1846 684 2129 756 episcopos
2154 685 2415 741 Numidia:
2443 689 2703 751 scribens,
2735 687 2762 726 δ
2794 698 2848 742 ct
2884 698 3027 744 ratas
3066 691 3266 746 habens
3294 692 3428 747 reli-

1844 789 1978 843 quas
2008 792 2192 831 eorum
2222 780 2659 845 consuetudines,
2694 795 2827 848 quas
2859 781 2957 835 sibi
2986 782 3185 835 servari
3214 781 3420 852 suppli~

1844 878 1935 919 ces
1960 879 1991 917 a
2021 863 2233 933 Pelagio
2260 866 2303 920 Il
2332 868 2618 936 petierant.

1911 953 1963 1006 2.
1995 956 2095 1019 Qui
2123 956 2443 1012 Columbum
2471 961 2781 1029 episcopum
2810 969 2939 1017 tunc
2960 962 3241 1032 primatem
3274 972 3294 1000 ε
3323 961 3425 1016 Nu.

1840 1042 2014 1097 midia:
2042 1043 2203 1099 fuisse
2232 1062 2355 1100 cum
2406 1048 2637 1103 Baronio
2673 1050 2773 1121 (dd
2800 1070 2890 1105 an.
2923 1050 3043 1115 592,
3093 1071 3147 1106 η.
3188 1052 3241 1121 ὦ)
3274 1068 3421 1107 asse-

1838 1142 1978 1198 runt,
2005 1148 2034 1186 a
2057 1149 2185 1188 vero
2208 1151 2425 1203 prorsus
2447 1137 2716 1201 aberrant,
2745 1141 3166 1210 retellunturque
3188 1142 3253 1195 ab
3276 1141 3422 1210 ipso-

1838 1232 1947 1277 met
1980 1222 2239 1291 Gregorio
2269 1225 2334 1277 ad
2378 1224 2696 1280 Columbum
2740 1229 3007 1282 scribente
3040 1248 3053 1282 :
3088 1228 3273 1300 Itaque
3298 1247 3423 1296 erga

1836 1314 2105 1384 primatem
2132 1315 2321 1385 synodi
2360 1329 2458 1370 tua:
2486 1325 2593 1371 esto
2636 1318 2908 1373 sollicitus.
2940 1320 3020 1373 Ad
3062 1336 3187 1375 eum
3212 1322 3418 1391 scripta

1837 1416 1918 1461 est
1945 1408 2170 1478 epistola
2200 1408 2268 1461 i9
2293 1410 2383 1464 lib.
2418 1427 2492 1477 ιιι,
2525 1412 2577 1465 in
2605 1412 2758 1481 cujus
2786 1413 2943 1467 titulo
2973 1413 3167 1481 legitur
3196 1432 3209 1467 :
3242 1415 3413 1469 Adco-

1836 1499 1956 1554 dato
2004 1501 2258 1570 episcopo,
2302 1503 2509 1572 primati
2556 1504 2829 1571 prorincia:
2858 1500 3155 1570 Numidiae;
3185 1519 3422 1571 eumque

1838 1588 2084 1642 hortatur
2112 1589 2167 1643 S.
2198 1588 2488 1659 Gregorius
2510 1599 2565 1643 ut
2585 1592 2815 1662 ofﬁcium
2844 1594 3117 1667 primatus,
3148 1592 3284 1663 quod
3314 1592 3421 1647 Deo

146 1680 454 1745 mittamus,
504 1682 593 1734 ubi
628 1676 899 1748 pontificia
944 1679 1001 1734 S.
1043 1677 1289 1748 Gregorii
1319 1681 1629 1748 auctoritas,
1681 1692 1733 1737 et
1770 1681 1812 1739 Β
1840 1689 2046 1733 auctore
2077 1679 2258 1747 habet,
2304 1682 2508 1735 studeat
2549 1694 2653 1736 tota
2683 1685 2966 1737 intentione
2994 1686 3249 1754 sagaciter
3277 1684 3423 1739 exhi-

144 1768 458 1823 sollicitudo
485 1769 786 1838 pastoralis,
819 1768 993 1837 primo
1017 1784 1158 1824 anno
1186 1784 1294 1839 quo
1323 1768 1621 1825 Romanam
1649 1786 1739 1827 as-

143 1857 335 1912 cendit
358 1857 566 1925 sedem,
595 1857 961 1915 innotuerunt.

761 1987 995 2047 CAPUT
1031 1990 1121 2048 VI.

145 2100 575 2169 Amr-nanctus:-
599 2102 641 2150 i.
665 2100 789 2169 Quid
815 2102 875 2169 de
900 2104 1184 2169 primatibus
1207 2106 1337 2169 inter
1350 2106 1609 2169 (Africanos
1633 2110 1741 2169 epl-

205 2174 392 2222 scopos
427 2164 477 2212 S.
526 2162 795 2221 Gregorius
827 2164 1125 2214 decretorit.
1151 2170 1277 2217 —2.
1324 2168 1446 2216 Num
1480 2162 1740 2218 Columbus

208 2232 337 2290 tunc
361 2222 596 2290 Nurnidiaa
617 2224 793 2283 primas
818 2234 969 2273 esset.
995 2251 1054 2261 -
1071 2231 1117 2290 3.
1145 2228 1197 2275 8.
1225 2229 1450 2290 Gregorii
1479 2230 1671 2279 labores
1693 2232 1738 2279 in

206 2284 512 2352 qutatislas.
541 2291 646 2352 Quo
662 2298 984 2352 successu.7
1001 2290 1047 2337 t.
1075 2289 1302 2352 Quaedam
1327 2284 1492 2340 iiotatu
1511 2291 1657 2352 digna
1674 2293 1739 2341 de

205 2347 321 2393 reis
343 2349 585 2407 episcopis
604 2346 890 2406 iudicandis.
931 2348 1002 2396 De
1043 2346 1385 2400 ecclesiasticis
1421 2346 1739 2401 immunitati-

205 2360 372 2393 retse
409 2360 890 2407 iscoptspzatcautns.
931 2360 1002 2396 ue
1043 2360 1385 2400 cci-testasttcis
1421 2360 1739 2401 immunitati-

203 2408 326 2455 bus.
356 2360 426 2455 [ξο
446 2408 626 2457 litibus.
650 2407 690 2456 Α
717 2410 892 2469 quibus
917 2412 1175 2459 monachos
1194 2414 1459 2462 eximit.—
1483 2415 1529 2463 5.
1559 2414 1740 2462 Pravas

200 2474 600 2518 consuetudines
624 2472 761 2519 toLit.
787 2496 851 2506 -—
871 2471 916 2518 6.
946 2470 1020 2520 De
1045 2485 1194 2519 mona.
1212 2474 1381 2521 horum
1410 2477 1738 2526 testamentis.

207 2556 268 2565 -
298 2531 347 2577 7.
390 2531 465 2579 De
485 2532 623 2579 bonis
658 2532 899 2591 lapsorum
927 2539 977 2581 et
1006 2533 1307 2592 deiectorum
1328 2536 1652 2584 sacerdotum.
1679 2564 1741 2574 —

203 2596 249 2639 8.
283 2592 627 2659 Qratoriorum
646 2593 981 2642 dedicatiOnes
1004 2602 1118 2643 tunc
1152 2599 1489 2657 perceiebres.
1513 2598 1624 2659 (Au.
1647 2599 1739 2649 διο

203 2661 257 2702 et
286 2655 428 2715 59L)

214 2764 269 2819 1.
304 2763 423 2818 Mos
452 2772 569 2819 erat
593 2765 733 2834 apud
756 2772 779 2801 ³
801 2763 1081 2821 Africanus
1107 2767 1412 2837 episcopos,
1442 2777 1500 2823 ut
1519 2770 1741 2839 singulis

148 2858 194 2909 i-t
220 2856 521 2925 provinciis
544 2856 682 2910 inter
702 2871 796 2911 eos
818 2856 940 2911 loco
958 2858 1199 2926 primatis
1224 2867 1318 2913 aut
1342 2862 1741 2924 metropolitani

146 2948 466 3010 haberetur,
500 2946 587 3014 qui
618 2946 954 3001 ordi.=atione
976 2947 1114 3002 foret
1137 2950 1437 3017 antiquior;
1471 2968 1541 3006 un
1563 2951 1611 3006 le
1631 2969 1737 3007 non

1841 1768 1977 1822 bere.
2029 1769 2192 1824 Paulo
2235 1770 2371 1825 infra
2410 1769 2599 1826 suadet
2629 1780 2685 1825 ιιι
2713 1770 3031 1827 Columbum
3076 1788 3185 1843 pra:
3214 1772 3425 1830 caeteris

1842 1861 2139 1930 adjutorcm
2184 1863 2440 1919 adhibeat
2470 1865 2522 1918 in
2552 1864 2819 1919 omnibus.
2853 1865 3130 1921 Adeodato
3165 1864 3426 1921 successit

1842 1952 1893 2008 in
1923 1956 2149 2025 primatu
2180 1955 2382 2024 Victor,
2417 1957 2483 2011 de
2511 1973 2619 2025 quo
2646 1958 2697 2010 in
2746 1957 2971 2027 epistola
2998 1955 3072 2011 εδ,
3096 1956 3168 2011 lib
3215 1972 3308 2020 xu,
3356 1953 3425 2009 ad

1843 2043 2159 2099 Columbam
2200 2047 2400 2117 scripta
2433 2064 2446 2099 :
2490 2045 2684 2101 Victori
2726 2049 2878 2119 fratri
2912 2056 2961 2102 et
2990 2049 3289 2118 coepiscopo
3326 2062 3423 2099 no-

1840 2144 1968 2199 stro,
1999 2136 2086 2207 qui
2114 2137 2364 2206 primatus
2411 2137 2546 2191 inter
2597 2155 2686 2192 ros
2715 2142 2881 2192 locum
2912 2147 3046 2193 tenet
3072 2179 3087 2206 ,
3134 2139 3424 2192 curavimus

1837 2224 2183 2281 scribendum.
2217 2227 2294 2281 Ad
2324 2225 2644 2283 Columbum
2676 2237 2854 2287 tamen
2886 2228 2937 2283 in
2966 2228 3254 2299 prmcipuis
3298 2243 3425 2297 pro-

1838 2316 2025 2369 vincia:
2049 2315 2305 2371 Numidia:
2334 2318 2563 2386 negotiis
2608 2318 2844 2374 scribere
2873 2318 3013 2373 solet
3034 2326 3253 2386 sanctus
3283 2332 3420 2387 papa

1842 2408 1995 2477 quasi
2036 2409 2290 2464 vicarium
2322 2419 2517 2466 sancta:
2546 2412 2686 2467 sedis
2714 2427 2833 2465 eum
2858 2411 3245 2476 constituisset,
3275 2408 3423 2479 quod

1842 2499 2186 2555 nihilominus
2208 2501 2392 2556 nullibi
2416 2502 2611 2557 factum
2636 2503 2847 2571 legitur.

1910 2591 1961 2646 5.
1992 2591 2255 2660 Singulari
2282 2593 2526 2662 Gregorii
2553 2609 2678 2663 erga
2705 2594 2972 2651 Ecclesias
2994 2594 3271 2651 Africanas
3296 2584 3419 2648 dili-

1840 2682 2018 2751 gentia
2044 2685 2333 2751 prrestitum
2356 2694 2441 2739 est
2471 2693 2527 2738 ut
2553 2686 2701 2754 prius
2723 2686 3108 2740 tumultuantes
3131 2686 3423 2739 Donatista:

1842 2772 2059 2828 tandem
2088 2774 2444 2840 quiescerent.
2477 2774 2735 2837 Nimirum
2771 2777 2901 2831 satis
2932 2794 3036 2831 non
3078 2777 3174 2830 fuit
3202 2776 3438 2844 vigilan-.

1844 2861 2050 2915 tissimo
2074 2862 2271 2930 pastori
2299 2862 2552 2917 adversus
2579 2864 2697 2918 illos
2719 2864 2872 2933 lupos
2902 2865 2953 2918 in
2984 2879 3199 2933 gregem
3225 2862 3425 2917 Christi

1842 2954 2141 3019 s:cvientes,
2177 2954 2309 3008 alios
2332 2954 2432 3009 sibi
2461 2955 2701 3010 subditos
2731 2964 2971 3025 pastores
3001 2955 3065 3010 ad
3095 2956 3421 3025 vigilantiam

148 3038 367 3105 primas,
401 3035 493 3090 sed
518 3053 693 3105 senex,
718 3044 809 3091 aut
836 3038 1019 3107 prima:
1042 3039 1183 3095 sedis
1205 3040 1487 3111 cpiscopus
1508 3043 1736 3096 vocaba-
1766 3045 1811 3106 C
1843 3052 1898 3096 et
1927 3045 2279 3098 constantiam
2310 3045 2565 3111 excitare,
2596 3046 2806 3115 scriptis
2835 3046 2900 3101 ad
2928 3062 3020 3101 eos
3050 3046 3291 3116 plurimis
3313 3046 3425 3113 cpi-

148 3138 251 3180 tur.
311 3126 439 3180 Sola
470 3127 908 3195 Cartliaginensis
936 3128 1183 3193 ecclesia,
1236 3129 1375 3184 inter
1403 3138 1625 3185 cmteras
1654 3132 1734 3185 di-

150 3236 433 3273 versarum
460 3221 854 3290 provinciarum
878 3220 1089 3287 Africa},
1116 3238 1253 3292 pene
1277 3223 1601 3289 innumeras,
1632 3226 1737 3295 pri-

149 3318 291 3362 matu
330 3318 593 3379 perpetuo
634 3311 917 3379 gaudebat.
959 3312 1092 3366 Cum
1124 3314 1303 3383 itaque
1344 3313 1503 3369 sedes
1531 3316 1742 3384 episco-

150 3403 297 3471 pales
325 3405 487 3456 etiam
521 3404 573 3457 in
604 3404 808 3472 exiguis
838 3406 1137 3477 ignotisque
1164 3408 1292 3461 vicis
1317 3418 1498 3463 essent
1527 3409 1738 3464 institu-

150 3501 212 3546 ιω
244 3494 404 3560 (hinc
443 3493 623 3562 ignota
663 3494 774 3549 fere
816 3497 1152 3565 obscuraque
1196 3497 1455 3552 Africana:
1485 3498 1739 3553 Ecclesia:

157 3584 399 3654 notitia),
451 3600 594 3654 saepe
642 3584 803 3640 liebat
853 3594 911 3640 ut
950 3586 1196 3654 ignobilis
1226 3589 1405 3657 oppidi
1456 3590 1740 3659 episcopus

153 3675 375 3744 reliquis
425 3677 713 3745 provincia:
753 3693 861 3731 suat
910 3678 1175 3747 episcopis
1215 3688 1487 3749 tamquam
1518 3683 1741 3750 'primas

154 3753 441 3832 przeesset.
475 3766 628 3831 Quod
657 3780 777 3821 cum
805 3766 1155 3836 incongruum
1186 3768 1243 3823 S.
1273 3768 1538 3838 Gregorio
1571 3773 1739 3827 vi-‘um

153 3853 335 3908 fuisset
362 3859 379 3921 (
387 3863 448 3909 ut
468 3868 659 3926 reapse
680 3856 840 3927 erat),
871 3858 1131 3927 optimum
1155 3873 1273 3912 esse
1288 3858 1546 3926 judicavit
1572 3861 1741 3927 primo

154 3947 265 4015 eligi
298 3948 587 4017 primatem
619 3966 721 4003 non
744 3965 809 4003 ea:
828 3950 1010 4003 Ordine
1036 3949 1137 4003 loci
1166 3947 1305 4017 (Lib.
1340 3965 1375 4014 ι,
1404 3967 1486 4020 ep.
1517 3950 1628 4020 74),
1658 3952 1740 4005 vi-

155 4038 343 4094 delicet
391 4047 485 4092 aut
524 4049 744 4110 propter
792 4040 1167 4109 antiquitatem
1212 4041 1599 4108 ordinationis,
1651 4050 1743 4097 aut

155 4139 374 4199 propter
414 4130 557 4185 sedis
585 4130 895 4198 dignitatem
925 4131 1187 4197 concessi,
1221 4130 1314 4186 sed
1357 4132 1536 4187 habita
1567 4134 1743 4203 potius

155 4236 361 4274 morum
420 4237 483 4276 ac
530 4223 841 4275 meritorum
880 4221 1112 4277 ratione.
1164 4221 1411 4277 Secundo
1457 4224 1739 4293 primatem

155 4324 256 4363 non
294 4310 519 4380 passim,
564 4310 707 4365 sicut
735 4310 900 4364 moris
926 4319 1062 4376 erat,
1093 4326 1191 4380 per
1213 4312 1384 4376 villas,
1416 4312 1510 4367 sed
1554 4313 1608 4367 in
1638 4330 1741 4368 una

1839 3135 2025 3197 stolis,
2057 3134 2361 3203 inﬂictaque
2389 3136 2779 3203 negligentibus
2806 3146 2861 3191 ct
2892 3152 3037 3191 mere
3075 3135 3236 3189 uariis
3267 3151 3423 3202 gmna

1842 3218 1980 3293 (Lib.
2013 3239 2049 3287 ι,
2080 3240 2160 3293 ep.
2196 3222 2293 3289 77;
2323 3222 2410 3276 lib.
2438 3239 2497 3291 ιι,
2526 3240 2607 3291 ep.
2640 3222 2737 3290 48;
2770 3224 2857 3279 lib.
2893 3241 2963 3290 IV,
3006 3242 3087 3294 ep.
3118 3222 3217 3288 55;
3246 3222 3335 3277 lib.
3366 3239 3423 3290 ν,

1841 3329 1919 3381 ep.
1956 3311 2043 3383 5);
2068 3311 2161 3366 sed
2190 3313 2350 3366 etiam
2380 3312 2709 3367 Gennadium
2739 3313 3016 3382 patricium
3047 3320 3103 3366 et
3130 3312 3421 3367 exarcbum

1841 3404 2050 3469 Africm,
2082 3405 2173 3473 qui
2200 3405 2378 3459 multis
2404 3405 2544 3460 bello
2571 3406 2825 3475 praeclare
2854 3406 3015 3473 gestis
3039 3405 3257 3459 illustris
3282 3412 3419 3469 erat,

1841 3495 2051 3561 rogavit
2080 3503 2137 3548 ut
2158 3494 2527 3549 hatreticorum
2558 3505 2744 3551 contra
2774 3495 3069 3550 Ecclesium
3101 3496 3420 3549 catholicam

1840 3589 1976 3643 eolla
1999 3589 2382 3657 subrigentium
2406 3599 2630 3644 conatus
2648 3591 3047 3659 comprimeret,
3077 3605 3139 3643 ac
3166 3589 3425 3658 superbas

1845 3697 2035 3735 eorum
2065 3681 2301 3735 cervices
2334 3680 2650 3745 inllccterel‘,
2694 3696 3017 3749 omnemque
3046 3680 3304 3733 adimeret
3330 3694 3427 3739 uo-

1843 3770 2000 3824 cendi
2030 3769 2297 3823 licentiam
2327 3767 2466 3832 (Lib.
2495 3786 2530 3831 ι,
2562 3786 2643 3837 ep.
2672 3767 2779 3839 74).
2807 3766 2996 3821 Postea
3028 3783 3150 3822 cum
3181 3765 3429 3820 rescivi-:-

1842 3866 1925 3914 set
1966 3858 2327 3923 Panta'eonis,
2363 3856 2553 3911 Africa:
2583 3856 2839 3926 przcl'et-ti,
2874 3857 3033 3909 nimia
3062 3856 3111 3908 in
3144 3855 3425 3909 hatreticos

1842 3949 2165 4018 indulgentia
2184 3949 2380 4003 factum
2398 3963 2534 4012 esse,
2553 3956 2611 4001 ut
2626 3963 2814 4001 eorum
2829 3948 3051 4001 audacia
3067 3947 3119 4000 in
3137 3947 3250 4000 dies
3278 3959 3426 4000 cres-

1842 4048 2010 4107 ceret,
2054 4039 2547 4107 insolescerentque
2576 4039 2627 4092 in
2660 4036 2912 4092 Ecclesiae
2942 4037 3221 4091 catholica:
3247 4053 3429 4093 sacer-

1841 4128 2016 4191 dotes,
2047 4128 2115 4181 ab
2146 4128 2222 4182 eis
2256 4127 2553 4196 baptizatos
2602 4127 2795 4181 iterum
2840 4126 3192 4195 baptizando;
3239 4125 3304 4180 de
3332 4143 3423 4181 so-

1842 4219 2022 4274 cordia
2047 4218 2356 4287 prtcfectum
2388 4217 2705 4286 increpavit,
2728 4232 2993 4286 quamque
3022 4218 3167 4284 gravi
3200 4226 3423 4287 peccato

1843 4308 2165 4378 subiaceret,
2195 4308 2507 4377 reserpcndi
2529 4308 2868 4363 occasionem
2899 4308 3087 4362 hatresi
3120 4308 3427 4374 tribuendo,

158 4402 431 4455 cititatum
484 4402 721 4457 residere
744 4445 760 4469 ,
812 4418 920 4470 quo
981 4402 1187 4458 facilius
1238 4403 1637 4460 Donatistarum
1688 4406 1739 4460 in
1772 4404 1818 4463 D
1847 4400 2117 4454 liberrime
2144 4398 2421 4453 admonuit
2444 4396 2581 4465 (Lib.
2613 4414 2684 4461 tv,
2712 4415 2792 4468 ep.
2820 4396 2935 4467 54).

162 4491 329 4545 Africa
360 4494 717 4556 grassantium
750 4493 952 4547 insidiis
979 4502 1034 4547 et
1060 4494 1340 4549 conatibus
1370 4496 1619 4551 resistere
1649 4512 1740 4551 va-

161 4580 308 4635 leret.
336 4581 525 4637 Tertio
553 4584 828 4652 prohibuit
850 4599 917 4638 ne
943 4583 996 4636 hi
1018 4586 1107 4652 qui
1133 4599 1197 4637 ex
1225 4584 1513 4640 Donatistis
1534 4586 1599 4640 ad
1623 4587 1739 4657 epi-

160 4682 437 4741 scopatum
470 4681 843 4743 pervenerant,
886 4674 1128 4744 primatis
1169 4674 1480 4741 dignitatem
1522 4686 1743 4745 possent

161 4764 402 4833 adipisci.
456 4766 715 4835 Loquitur
752 4774 931 4819 autem
972 4764 1037 4819 de
1066 4764 1357 4819 Donatistis
1394 4766 1459 4819 ad
1504 4766 1656 4822 fidem
1690 4778 1743 4822 ct

162 4860 419 4913 unitatem
464 4856 719 4912 Ecclesia:
767 4857 993 4910 reversis
1027 4874 1039 4908 :
1073 4856 1337 4927 Sufﬁciat,
1389 4858 1585 4928 inquit,
1636 4861 1741 4915 illis

228 5021 254 5047 ι
288 5010 586 5077 Loquimur
632 5009 699 5063 de
726 5010 913 5078 politia
960 5010 1317 5063 ecclesiastica
1369 5009 1505 5072 apud
1554 5011 1741 5065 ortho-

160 5082 328 5135 doxos
353 5081 659 5133 observata.
688 5079 839 5145 Quod
866 5088 1065 5147 spectat
1093 5079 1159 5131 ad
1182 5078 1469 5133 Wandalos
1493 5079 1737 5143 Arianos,

160 5166 310 5205 suum
344 5150 395 5203 in
433 5149 608 5203 Africa
646 5149 1002 5216 patriarcham
1045 5149 1330 5201 habebant.
1374 5147 1515 5202 Duos
1554 5164 1739 5203 eorum

162 5220 493 5277 patriarchas
538 5219 782 5271 nominat
822 5218 1007 5273 Victor
1030 5219 1293 5279 Vitcnsis,
1341 5216 1639 5273 Jocundum
1688 5226 1745 5273 et.

162 5288 428 5360 Gyrylant,
454 5289 631 5360 quiut
655 5297 790 5360 puto_
801 5289 1102 5360 successive
1122 5288 1395 5360 sederunt.
1419 5286 1744 5360 Consulatur

164 5356 345 5430 Victor
373 5356 488 5412 Vit:
513 5357 738 5430 (Ilistor.
772 5356 1020 5430 Wandai.
1052 5366 1300 5430 persecat.
1334 5356 1421 5409 lib.
1456 5373 1519 5415 ιι,
1540 5375 1600 5430 Ac.
1628 5358 1741 5427 18.)

231 5428 256 5466 δ
286 5427 529 5482 Observa
571 5437 772 5481 sancta:
810 5428 952 5482 Sedis
993 5428 1299 5495 apoatolicte
1344 5428 1741 5490 auctoritatem,

166 5497 225 5549 ad
253 5514 418 5568 quam
439 5497 693 5568 videlicet
722 5499 956 5567 pertinet
984 5498 1457 5568 remotissimarum
1483 5496 1743 5551 Ecclesia-

166 5565 287 5620 runi
324 5565 646 5621 conﬁrmare
690 5565 1121 5622 consuetudines.
1174 5566 1247 5619 Ea
1294 5568 1463 5633 magis
1500 5568 1744 5621 eluserat

170 5634 319 5706 longe
337 5647 492 5693 antea
516 5638 569 5692 in
593 5637 649 5690 S.
678 5636 874 5703 Leone,
897 5638 988 5707 qui
1012 5646 1228 5706 rogatus
1246 5637 1494 5693 Ecclcs‘m
1515 5638 1574 5690 Al
1615 5654 1743 5690 xi'lt—

1918 4490 2156 4545 Tandem
2196 4489 2560 4559 frequentibus
2588 4491 2645 4544 S.
2678 4489 2922 4558 Gregorii
2954 4493 3171 4548 monitis
3204 4500 3317 4545 tum
3359 4493 3427 4546 ad

1849 4582 2153 4652 episcopos,
2186 4589 2297 4635 tum
2336 4581 2399 4635 ad
2431 4581 2711 4650 prtel'ectos
2741 4589 2795 4634 et
2822 4582 3188 4649 magistratus,
3221 4590 3331 4634 tum
3361 4581 3427 4634 ad

1850 4676 2136 4743 ipsummet
2164 4672 2456 4741 Angustum
2482 4714 2495 4736 ,
2530 4673 2767 4725 habitum
2794 4680 2877 4725 est
2902 4672 3184 4725 concilium
3218 4673 3269 4724 in
3299 4688 3427 4739 quo,

1851 4767 2123 4820 annitcnte
2172 4765 2465 4834 prmsertim
2514 4763 2813 4828 Dominico,
2862 4762 3268 4829 Carth'ginensi
3310 4763 3428 4828 epi-

1850 4872 2015 4927 scopo
2041 4856 2311 4925 totiusque
2339 4852 2529 4908 Africa:
2556 4854 2804 4924 primate,
2836 4854 3184 4909 constitutum
3215 4860 3299 4905 est
3343 4854 3425 4904 in-

1847 5008 2012 5063 drina:
2051 5018 2171 5077 post
2219 5008 2514 5063 Romanam
2555 5008 2807 5063 secundm
2836 5009 3106 5075 privilegia
3138 5007 3424 5061 confirma-

1849 5080 1925 5131 vit
1957 5097 1969 5130 :
2005 5078 2281 5149 Improba'.
2315 5079 2512 5142 inquit.
2542 5079 2879 5149 quorumdam
2900 5077 3199 5149 ambitioni,
3228 5090 3427 5131 servato

1850 5165 2077 5200 verorum
2101 5148 2632 5218 privilegiorumjure,
2658 5148 2903 5218 sollicitus
2924 5148 3231 5218 obiim‘i...”
3260 5156 3429 5209 teneat

1851 5219 2150 5286 fraternitas
2179 5227 2263 5269 tua
2296 5216 2503 5270 suorum
2531 5217 2806 5270 consuetud
2830 5233 2940 5268 nent
2981 5216 3299 5269 decessurum
3324 5259 3337 5277 ,
3380 5228 3429 5270 et

1849 5287 2301 5355 comprovinciales
2321 5303 2440 5341 suos
2461 5288 2813 5355 episcopos....
2827 5325 2839 5337 .
2869 5302 3094 5355 congrua
3115 5287 3211 5339 sibi
3242 5296 3422 5341 aucto-

1848 5358 2000 5407 ritate
2026 5357 2284 5422 dis/enat.
2318 5355 2377 5408 S.
2412 5357 2520 5409 Leo
2548 5373 2630 5424 ep.
2666 5355 2786 5408 105.

1926 5438 1945 5459 ’τ
1978 5424 2221 5479 Numidia
2267 5441 2331 5477 ex
2378 5432 2585 5493 septem
2634 5424 2823 5477 Afriiat
2868 5425 3152 5491 provinciis
3190 5426 3427 5480 set-unda

1848 5503 1963 5565 erat
1982 5538 1996 5561 ,
2028 5505 2081 5548 et
2110 5501 2229 5565 post
2258 5494 2588 5565 provinciam
2616 5497 3052 5564 proconsularem
3083 5496 3236 5561 cujus
3263 5505 3427 5565 eaput

1847 5564 2135 5631 Carthago,
2162 5572 2470 5617 reccnsetur
2492 5564 2543 5618 in
2568 5565 2752 5620 notitia
2788 5564 2995 5627 Afr-ictu,
3024 5582 3183 5632 quam
3206 5564 3425 5623 consulo

1850 5637 1899 5688 in
1933 5650 2069 5689 nova
2099 5633 2225 5690 edit.
2261 5634 2447 5690 histor.
2481 5633 2807 5691 Wandal.c;e
2838 5645 3103 5706 persccut.
