3992 6292
579 219 680 273 3H

1059 217 1115 273 s.
1161 213 1490 272 cueoonn
1531 213 1744 271 MAGNI
1791 210 1972 273 Vf'f‘A.
2016 208 2104 265 ex
2151 206 2316 264 stes
2356 205 2664 263 Stltttl'TlS
2707 171 3104 261 sponsam.
3151 204 3276 258 Lm.
3317 202 3383 259 ιι.

3740 205 3841 263 in!

578 331 910 405 magna”
942 317 1065 385 esse
1098 329 1166 385 ab
1195 327 1461 400 episcopis
1489 326 1794 390 hzereticos,
1825 330 1880 378 et
1921 336 2170 392 compes-
2198 322 2248 381 Α
2277 331 2522 383 noverat,
2567 327 2620 373 et
2669 333 3006 388 quaecunque
3037 326 3291 388 percepta
3324 318 3501 375 forent
3548 317 3733 388 injuste
3751 338 3840 378 ru-

581 425 784 481 ccndo~
814 421 956 490 (Lib.
1003 439 1058 490 v,
1088 439 1172 492 ep.
1212 421 1300 492 5);
1331 421 1472 489 quol
1502 418 1776 472 decretum
1819 415 1910 484 qui
1950 413 2169 485 exsequi

583 515 940 584 negligercnt,
973 513 1238 568 bonorum
1268 525 1332 565 ac
1358 509 1679 578 dignitatum
1723 505 2024 576 privatione
2053 518 2172 559 esse

581 605 917 660 olmteadoa
973 601 1230 656 Laudavit
1277 614 1414 670 papa
1456 598 1714 652 Dominici
1761 597 1967 659 zelum;
1995 608 2172 663 neque

585 707 767 751 tamen
800 693 944 749 omni
981 708 1046 747 ex
1077 701 1228 760 parte
1255 689 1501 759 probavit
1531 688 1674 742 deer.
1695 698 1806 742 tum
1834 687 1901 743 de
1930 686 2170 756 spolian-

581 789 664 842 dis
691 787 779 856 qui
812 782 1166 852 negligentius
1191 781 1293 836 hac
1319 780 1370 834 in
1396 795 1455 834 re
1481 780 1857 834 incumberent
1877 778 2167 851 episcopis.

583 877 894 950 Resipuisse
925 873 1144 929 tandem
1186 873 1494 928 Donatistas
1535 880 1630 926 aut
1659 884 1681 907 α
1714 872 1982 942 quievisse
2011 871 2171 942 232

581 968 704 1026 inde
732 975 1096 1030 autumamus,
1128 963 1270 1034 quod
1295 970 1516 1017 sanctus
1545 961 1786 1032 pontifex
1816 961 1884 1015 ad
1929 961 2171 1015 Domini-

579 1066 778 1115 cernet
804 1058 872 1113 ad
898 1057 1035 1112 alios
1062 1056 1254 1110 Africae
1280 1062 1392 1109 tum
1416 1054 1703 1123 episcopos
1736 1063 1846 1107 tum
1878 1054 2172 1122 imperato-

579 1153 652 1206 ris
699 1150 974 1206 ministros
1021 1150 1280 1218 deinceps
1334 1147 1668 1217 frequentius
1714 1147 1983 1206 scribens,
2045 1161 2174 1199 nus-

577 1257 742 1308 quam
770 1241 838 1296 de
881 1240 986 1296 illis
1009 1237 1324 1295 coercendis
1350 1237 1578 1308 amplius
1607 1245 1751 1305 agat,
1777 1245 1898 1306 post
1920 1235 2169 1290 indictio-

581 1349 708 1389 rem
739 1350 848 1388 XIV.

648 1425 703 1479 4.
745 1425 879 1480 Cum
907 1432 1098 1480 etctera
1147 1437 1266 1492 qua:
1288 1421 1518 1491 primum
1548 1418 1867 1490 Gregoriani
1891 1417 2172 1489 pontifica-

580 1526 668 1571 tus
691 1532 890 1571 annum
919 1514 1317 1577 commendant,
1364 1512 1546 1568 fusiori
1595 1511 1736 1581 style
1781 1511 2034 1581 prosequi
2062 1523 2170 1565 non

584 1610 764 1677 liceat,
795 1607 1040 1678 qutedam
1066 1614 1270 1660 tantum
1292 1621 1360 1660 ex
1388 1605 1505 1674 ejus
1534 1603 1776 1674 epistolis
1805 1603 2044 1659 nondunt
2073 1619 2167 1659 su-

2275 413 2425 467 sticis
2445 411 2658 466 abunde
2688 412 2917 466 restitui.
2951 411 3090 479 Quin
3136 413 3300 467 etiam
3342 414 3548 468 veritus
3579 431 3643 469 ne
3673 415 3841 476 Petrus

2274 500 2375 555 sibi
2407 502 2654 554 mant'ata
2691 501 2868 556 minus
2901 509 3124 556 strenue
3154 503 3423 572 impleret,
3447 505 3700 574 judicium
3726 511 3841 563 uiti-

2273 605 2419 644 nium
2447 592 2494 645 ei
2526 593 2905 658 comm'natur,
2926 602 2979 647 ct
3005 594 3086 647 his
3109 593 3289 649 verbis
3317 594 3600 665 epistolam
3621 597 3839 654 claudit:

2284 681 2413 737 Vide
2441 693 2496 736 ut
2525 684 2697 738 omnia
2723 685 2915 756 absque
2947 686 3306 741 inminutione
3327 688 3610 752 custodias,
3653 693 3759 762 quia
3788 695 3845 747 de

2274 776 2354 830 Itis
2393 793 2506 847 qute
2535 775 2624 830 tibi
2651 795 2744 848 pro
2770 778 3023 832 servanda
3047 780 3257 850 justitia
3288 781 3458 836 scribo
3485 798 3576 852 ego
3606 781 3843 849 absoluor,

2274 878 2324 922 et
2350 879 2400 921 tu
2430 870 2472 922 si
2496 869 2714 940 negligis
2728 868 2994 941 obligaris.
3017 864 3318 925 Terribilem
3337 871 3574 925 Iudicem
3594 875 3847 928 considera

2272 962 2575 1024 uenientem,
2621 971 2668 1013 et
2696 959 2760 1014 de
2806 961 3031 1014 adventu
3077 962 3217 1015 illius
3267 977 3401 1016 nunc
3427 972 3518 1016 tua
3547 967 3848 1021 conscientia

2273 1052 2656 1117 contremiscat,
2685 1067 2749 1104 ne
2774 1061 2892 1104 tunc
2921 1051 3032 1104 sine
3075 1069 3232 1105 causa
3270 1052 3385 1124 jam
3418 1055 3612 1118 timeat,
3643 1073 3746 1110 cum
3769 1075 3852 1113 ro-

2272 1159 2387 1194 ram
2417 1142 2504 1195 illo
2535 1143 2715 1195 curtum
2743 1152 2792 1196 et
2822 1151 2957 1197 terra
2991 1143 3270 1196 tremuerit.
3316 1143 3524 1198 Audisti
3550 1147 3682 1217 quod
3705 1149 3848 1202 rolo:

2272 1235 2385 1289 vide
2411 1235 2533 1306 quid
2555 1251 2704 1305 agas.

2348 1327 2398 1380 ti.
2444 1325 2499 1380 fn
2544 1327 2733 1381 eadem
2763 1327 2993 1398 epistola
3026 1328 3222 1398 legitur
3245 1325 3509 1382 Joannem
3539 1331 3852 1386 monachum

2273 1417 2435 1471 morti
2483 1417 2806 1487 proximum,
2866 1416 3154 1472 Fantinum
3205 1419 3548 1475 defensorem
3593 1419 3852 1475 [Heredem

2273 1507 2323 1560 in
2347 1522 2440 1561 sex
2465 1507 2675 1574 uncias,
2725 1508 2828 1563 hoc
2852 1515 2938 1562 est
2971 1509 3022 1562 in
3050 1508 3329 1564 dimidiam
3360 1509 3627 1565 bonorum
3657 1520 3851 1581 partem

2273 1599 2584 1654 instituisSe.
2620 1599 2774 1664 Quod
2804 1615 2910 1654 non
2942 1599 3212 1671 improbat
3238 1600 3298 1656 S.
3334 1599 3649 1670 Gregorius.
3677 1602 3748 1656 Ne.
3778 1611 3852 1657 ta-

587 1717 684 1770 pra
713 1699 962 1755 delibatis
987 1699 1338 1769 decerpemus
1360 1704 1546 1750 notatu
1575 1694 1839 1764 digniora.
1874 1693 2170 1765 Episcopos
2201 1689 2246 1751 Β
2275 1707 2398 1746 men
2444 1691 2569 1746 inde
2597 1691 2796 1747 inferas
2823 1691 3038 1749 licuisse
3083 1702 3210 1749 tunc
3257 1693 3541 1750 monachis
3569 1701 3848 1749 testamen-

583 1791 794 1852 uonnisi
820 1805 850 1845 a
872 1789 1078 1862 synodo
1104 1788 1332 1859 iudicari
1382 1788 1587 1854 voluit,
1619 1787 1831 1842 etiamsi
1856 1786 2162 1855 graviorum

581 1898 844 1941 noxarum
871 1881 950 1939 rei
992 1879 1188 1947 forent,
1236 1889 1296 1936 ut
1325 1880 1376 1935 in
1423 1896 1586 1937 causa
1623 1880 1831 1946 Blandi,
1883 1879 2166 1934 Hortensis

577 1993 626 2041 υ,
651 1973 838 2044 isc0pi,
865 1989 972 2034 non
994 1972 1221 2030 obscure
1249 1971 1572 2042 significavit
1598 1971 1740 2043 (Lib.
1771 1989 1806 2036 ι,
1833 1989 1915 2041 ep.
1941 1970 2056 2041 55).

646 2063 812 2132 Septa
856 2062 1222 2118 ecclesiastica
1257 2070 1383 2117 tunc
1412 2061 1596 2117 habita
1645 2077 1744 2132 pro
1773 2061 1933 2132 asylis
1970 2061 2165 2132 probat

572 2154 800 2227 epistola
832 2153 921 2207 57.
945 2153 1078 2219 Quae
1105 2167 1234 2208 vero
1259 2152 1378 2207 loca
1409 2168 1504 2224 per
1521 2161 1666 2222 septa
1694 2151 2042 2206 ecclesiastica
2072 2150 2165 2205 de-

577 2247 742 2308 beant
764 2244 1010 2313 intelligi,
1054 2242 1255 2299 docent
1282 2251 1421 2300 uota:
1454 2243 1521 2298 ad
1544 2242 1684 2298 hanc
1708 2242 2014 2311 epistolam.

646 2334 780 2388 Cum
831 2350 863 2388 a
916 2334 1146 2404 strepitu
1197 2333 1394 2390 forensi
1445 2333 1669 2387 mulum
1717 2333 2036 2388 abhorreret
2084 2333 2163 2388 vir

575 2425 968 2491 sanctissimus,
999 2424 1045 2479 si
1071 2439 1176 2494 qua
1207 2424 1451 2495 litigandi
1495 2432 1806 2480 occurreret
1840 2422 2054 2493 occasio
2077 2423 2162 2478 itt-

576 2529 662 2579 ter
680 2519 986 2592 episcopos,
1036 2518 1283 2582 clericos,
1316 2518 1634 2583 monachos,
1680 2518 1844 2572 etiam
1874 2518 2040 2573 laieos
2064 2533 2162 2572 no-

576 2609 733 2674 biles,
763 2607 1024 2663 suadebat
1053 2614 1111 2662 ut
1137 2623 1235 2677 pro
1260 2609 1634 2677 componenda
1659 2609 2030 2663 controversia
2059 2607 2160 2663 eli-

573 2707 829 2763 gerentur
857 2698 1047 2752 arbitri
1069 2698 1162 2767 qui
1187 2697 1333 2752 nullo
1354 2697 1440 2752 vel
1471 2698 1690 2751 minimo
1711 2705 1948 2767 sumptu,
1973 2698 2163 2767 prteci-

572 2790 646 2842 sis
666 2789 1013 2844 dilationibus
1042 2787 1414 2854 frustratoriis,
1462 2788 1551 2857 jus
1596 2789 1791 2858 cuique
1836 2789 2160 2858 litigantium

573 2881 890 2936 tribuerent.
911 2879 1050 2952 lpse,
1082 2880 1128 2936 si
1148 2895 1254 2950 qua
1279 2881 1513 2935 oriretur
1535 2881 1761 2950 quaestio
1790 2880 1859 2935 de
1889 2880 2083 2936 finibus
2105 2887 2160 2936 et

571 2972 764 3038 fundis,
792 2974 934 3028 inter
961 2982 1173 3028 actores
1199 2971 1452 3028 Ecclesia:
1487 2973 1743 3028 Romana:
1765 2973 1855 3044 qui
1878 2973 1996 3042 ejus
2024 2989 2161 3041 pne-

2271 1792 2384 1838 tum
2406 1782 2661 1847 condere,
2693 1783 2813 1852 lege
2851 1792 3035 1837 notam
3079 1800 3184 1854 qua
3233 1783 3410 1838 locum
3451 1784 3596 1839 hunc
3626 1784 3851 1840 illustra-

2271 1877 2466 1930 vimtts.
2533 1872 2769 1930 Consule
2799 1889 3033 1944 equoque
3083 1885 3326 1930 nostrum
3379 1874 3742 1930 Mabilloulum
3801 1877 3849 1930 in

2269 1967 2462 2022 Annal.
2495 1965 2694 2024 Bened.
2746 1968 2812 2023 ad
2843 1984 2933 2023 an.
2968 1966 3092 2036 599,
3143 1984 3291 2024 num.
3320 1967 3406 2035 51,
3444 1976 3500 2024 et
3520 1969 3589 2024 ad
3612 1984 3700 2024 an.
3730 1949 3849 2037 (illi,

2268 2075 2416 2114 num.
2441 2058 2498 2112 ί).

2338 2151 2392 2205 7.
2435 2150 2515 2205 Ex
2546 2149 2760 2206 laudata
2789 2151 3017 2222 epistola
3049 2159 3386 2222 compertum
3408 2152 3668 2207 habemus
3692 2166 3847 2222 quam

2265 2242 2494 2298 solicite
2539 2241 2597 2297 S.
2649 2241 2940 2311 Gregorius
2991 2251 3225 2310 caveret,
3287 2259 3355 2299 ne
3394 2244 3428 2298 ii
3474 2257 3704 2312 quorum
3757 2249 3848 2298 nn-

2266 2332 2490 2388 nistcrio
2537 2331 2590 2386 in
2619 2330 2872 2387 Ecclesia
2901 2333 3131 2403 negotiis
3179 2333 3449 2399 utebatur,
3507 2333 3563 2387 in
3609 2335 3851 2388 sacerdo-

2267 2434 2376 2480 tum
2430 2433 2484 2479 et
2513 2425 2743 2479 aliorum
2799 2425 3120 2482 clericorum
3174 2426 3445 2496 lapsorum
3473 2441 3506 2482 e
3551 2442 3650 2482 suo
3687 2427 3848 2497 gradu

2263 2514 2596 2582 dejectorum
2623 2513 2765 2569 bona
2797 2515 3133 2582 invaderent,
3179 2517 3320 2572 unde
3351 2531 3481 2572 sane
3508 2532 3672 2586 grave
3699 2534 3848 2572 scan-

2265 2604 2442 2660 dalum
2465 2605 2591 2660 oriri
2612 2606 3168 2675 potuisset;nimirum
3201 2609 3274 2662 ita
3305 2607 3498 2677 dejecti
3523 2608 3666 2663 haud
3695 2609 3848 2664 dubie

2263 2698 2546 2764 conquesti
2584 2695 2810 2753 fuissent
2837 2712 2895 2752 se
2926 2697 3046 2753 ideo
3076 2698 3196 2753 loco
3227 2706 3424 2765 motos,
3476 2706 3533 2755 et
3582 2695 3844 2770 adposui-

2264 2787 2487 2841 tentiam
2529 2787 2581 2841 in
2633 2789 2960 2843 monasteria
3000 2790 3268 2860 detrusos,
3323 2799 3382 2846 ut
3409 2807 3504 2847 sua
3537 2792 3702 2860 bona,
3744 2809 3846 2848 sua:

2264 2876 2497 2932 facultati
2518 2893 2544 2933 s
2567 2876 2961 2948 poutifieiorum
2985 2881 3351 2937 ministrorum
3375 2883 3566 2954 przeda:
3583 2895 3845 2955 paterent.

2265 2969 2518 3024 Decernit
2543 2984 2673 3038 ergo
2700 2969 2760 3025 S.
2788 2969 3082 3041 Gregorius
3113 2981 3169 3027 ut
3197 2988 3385 3028 eorum
3415 2976 3558 3030 bona
3578 3015 3596 3043 ,
3627 2977 3717 3032 vel
3743 2994 3851 3030 nm—

573 3067 660 3118 dia
693 3066 973 3128 curabant,
1027 3077 1082 3120 et
1126 3066 1426 3120 vicinorum
1491 3080 1740 3135 agrorum
1796 3081 2156 3135 possessores,
2187 3071 2232 3133 (ζ
2265 3062 2573 3116 nastcriisiu
2596 3063 2787 3132 quibus
2811 3064 3178 3134 pmnitentiam
3209 3077 3392 3137 agunt,
3416 3067 3629 3135 cedant,
3654 3071 3743 3124 vel
3763 3087 3851 3126 eo-

578 3155 883 3222 lmjttsmodi
924 3156 1129 3224 judices
1169 3157 1290 3224 eligi
1332 3155 1568 3210 volebat.
1616 3155 1735 3220 Quo
1783 3156 1963 3209 animo
2021 3162 2164 3210 esset

578 3247 870 3313 erg-alites,
903 3261 1008 3302 non
1031 3247 1205 3315 potuit
1247 3246 1440 3300 melius
1470 3245 1698 3316 prodere
1742 3261 1903 3314 quam
1932 3246 2016 3301 his
2041 3261 2162 3301 ver-

572 3337 700 3398 bis:
750 3333 876 3390 Non
926 3337 1092 3395 solum
1133 3353 1394 3417 nunquam
1441 3346 1580 3391 ntota
1627 3339 1868 3392 suscitari
1898 3340 2164 3404 volumus;

571 3441 744 3488 uerunt
772 3425 928 3484 etiam
955 3442 1068 3501 qua:
1091 3443 1252 3498 pratia
1273 3428 1403 3498 [oris
1425 3428 1780 3494 admoventur,
1805 3431 1976 3498 sopire
1996 3429 2163 3483 modis

571 3515 807 3578 omnibus
831 3518 1137 3588 festinamus
1169 3517 1307 3588 (Lib.
1340 3535 1376 3585 ι,
1408 3537 1488 3592 ep.
1510 3518 1588 3592 9).

645 3606 860 3674 Quanto
889 3606 1068 3662 studio
1115 3610 1411 3665 monachos
1439 3626 1470 3665 a
1514 3611 1818 3673 forensibus
1874 3613 2056 3684 litigiis
2107 3623 2159 3669 et

573 3698 890 3769 strepitibus
916 3709 1132 3756 curaret
1175 3702 1498 3758 submovere
1533 3711 1760 3759 testatur
1785 3705 1902 3774 ejus
1930 3706 2158 3776 epistola

571 3787 641 3843 69
671 3808 684 3844 :
717 3805 836 3845 cum
863 3791 1004 3846 enim
1032 3789 1270 3848 Joannes
1299 3792 1465 3850 abbas
1495 3794 1595 3864 ipsi
1615 3798 1966 3866 suggessisset
1991 3797 2158 3867 pluri-

573 3897 658 3934 u;a
679 3897 738 3936 se
759 3881 962 3937 habere
985 3897 1083 3952 pro
1111 3884 1441 3941 monasterio
1462 3900 1561 3941 suo
1591 3888 1825 3956 negotia,
1855 3888 2050 3958 quibus
2073 3887 2158 3941 in-

569 3969 790 4025 tendere
818 3973 906 4026 vix
952 3981 1134 4042 posset
1179 3973 1314 4031 citra
1361 3976 1622 4046 regularis
1673 3977 2028 4033 observantia:
2077 3977 2158 4032 di-

567 4062 869 4137 spendium,
901 4064 1165 4134 optimum
1190 4065 1374 4120 visunt
1390 4073 1472 4121 est
1500 4067 1726 4136 provido
1750 4069 1885 4136 patri
1921 4079 1979 4122 ut
1999 4068 2158 4138 hujus

566 4154 879 4211 nimiasterii
913 4155 1092 4210 tuendi
1126 4165 1315 4211 contra
1348 4156 1622 4226 litigantes
1649 4173 1778 4214 cura
1807 4160 2158 4215 commenda-

566 4254 717 4300 retur
741 4245 767 4284 ιι
798 4247 1012 4302 cuidam
1041 4247 1262 4315 Fausto,
1309 4251 1538 4305 Romani
1581 4254 1900 4323 exprmtoris
1930 4255 2158 4310 Cancel-

566 4338 723 4402 lario,
754 4338 912 4407 eique
939 4339 1187 4394 salu-ium
1213 4357 1312 4411 pro
1337 4341 1575 4411 impensa
1607 4357 1769 4412 opera
1797 4344 2156 4400 constituere-

2266 3167 2382 3205 rum
2401 3153 2712 3222 parentibus
2725 3153 2947 3209 dentur:
2974 3157 3048 3210 ita
3069 3165 3240 3210 tamen
3270 3167 3325 3211 ut
3344 3176 3517 3213 eorum
3539 3161 3848 3230 stipendium

2263 3244 2348 3315 qui
2396 3244 2449 3296 in
2479 3245 2832 3313 paenitentiam
2885 3246 2992 3300 dati
3043 3249 3256 3318 fuerint,
3304 3249 3633 3320 sufﬁcienter
3673 3250 3849 3305 debeat

2263 3336 2566 3405 procurari;
2599 3335 2703 3402 vel,
2753 3336 2797 3390 ti
2829 3352 2896 3391 ex
2925 3339 3291 3395 ecclesi.=stica
3321 3340 3519 3395 fuerint
3547 3340 3751 3395 familia
3780 3341 3850 3396 iTli

2261 3423 2423 3494 lapsi,
2454 3441 2544 3481 res
2565 3441 2753 3480 eorum
2774 3428 3138 3484 eetlesiastico
3170 3429 3276 3498 juii
3307 3446 3413 3485 non
3441 3432 3844 3497 subtrahantur,

2261 3524 2474 3572 servata
2519 3517 2906 3586 poemtentihus
2935 3521 3270 3576 alimentaria
3302 3524 3582 3595 pensione.
3618 3523 3848 3583 Consule

2261 3615 2418 3664 notas
2447 3606 2513 3661 ad
2534 3607 2677 3662 hunc
2708 3608 2936 3664 laudata:
2959 3611 3199 3681 epistola:
3222 3611 3421 3670 locum.

2334 3698 2388 3754 8.
2431 3699 2642 3766 Quanta
2673 3701 2988 3757 celebritate
3037 3711 3162 3760 tunc
3200 3705 3285 3760 vel
3307 3707 3674 3765 oratoriornm
3702 3711 3849 3768 dedi-

2261 3791 2528 3847 eatiouem
2559 3789 2766 3858 fierent,
2799 3801 2854 3847 et
2881 3808 3001 3863 qua:
3030 3793 3112 3848 his
3137 3795 3188 3848 in
3220 3795 3369 3852 festis
3396 3808 3541 3855 esset
3566 3801 3620 3855 in
3651 3817 3854 3873 paupe-

2259 3898 2348 3938 res
2375 3881 2741 3942 munificentia
2767 3883 2928 3939 docet
2954 3901 3042 3956 ep.
3067 3885 3156 3942 56.
3191 3887 3568 3947 Dedicationes
3593 3895 3849 3950 ecclesia-

2259 3989 2378 4027 rum
2411 3981 2465 4026 ct
2502 3973 2865 4028 oratoriorum
2909 3976 3027 4032 sine
3059 3979 3228 4034 sacris
3255 3981 3497 4051 reliqttiis
3541 3999 3663 4053 qua:
3689 3986 3742 4041 in
3777 3987 3850 4043 eis

2259 4065 2626 4120 conderentur
2654 4065 2742 4120 vix
2769 4066 2987 4122 fiebant.
3018 4067 3229 4125 Nullum
3261 4081 3460 4140 autem,
3491 4075 3582 4130 ubi
3614 4079 3849 4134 colloca-

2259 4152 2498 4222 bantur,
2553 4166 2573 4191 ε
2622 4170 2821 4226 corpus
2866 4157 3016 4226 prius
3062 4159 3336 4216 humatum
3389 4164 3555 4220 fuisse
3601 4177 3851 4225 constare

2260 4244 2576 4312 Oportebat;
2617 4260 2761 4314 sane
2789 4247 3004 4317 optimis
3035 4249 3103 4305 de
3131 4251 3328 4318 causis,
3381 4261 3438 4308 ut
3466 4255 3775 4325 explicatur
3801 4259 3849 4312 in

2259 4343 2374 4388 not.
2426 4333 2492 4388 ad
2535 4349 2620 4404 ep.
2671 4333 2742 4388 5-5
2783 4335 2876 4391 lib.
2901 4353 2940 4392 ι.
2993 4337 3049 4392 ln
3082 4339 3248 4400 Italia:
3277 4343 3568 4411 provinciis
3598 4345 3849 4402 Romamn

568 4439 676 4483 tur.
709 4428 932 4499 Expedit
953 4431 1109 4496 enim,
1135 4431 1326 4502 inquit,
1352 4449 1509 4502 parvo
1539 4434 1860 4489 incommodo
1886 4452 1916 4488 a
1939 4437 2152 4506 strepitu
2184 4444 2237 4503 D
2259 4425 2372 4480 sedi
2421 4433 2672 4495 tanquam
2700 4429 3131 4499 metropolitante
3159 4433 3360 4490 arctius
3380 4435 3654 4492 adstrictis
3682 4438 3847 4493 nullas

566 4537 840 4578 causarum
869 4537 1040 4575 sertos
1089 4520 1186 4576 Dei
1237 4524 1432 4594 quietos
1472 4525 1709 4590 existere,
1744 4535 1799 4579 ut
1828 4534 1876 4580 et
1906 4527 2154 4582 utilitates

564 4613 714 4668 cella:
738 4630 829 4684 per
857 4613 1223 4685 negligentiam
1252 4632 1356 4671 non
1398 4625 1632 4687 pereant,
1677 4628 1725 4671 et
1754 4635 2015 4673 servorum
2057 4619 2156 4674 Dei

567 4714 758 4774 mentes
799 4706 870 4765 ad
898 4693 1026 4781 opus
1055 4705 1384 4769 Dominicum
1436 4709 1698 4766 liberiores
1727 4712 1975 4767 existant.
2030 4711 2156 4769 litec

567 4796 782 4860 videtur
830 4797 1001 4869 prima
1031 4800 1612 4863 eommendatariorum
1666 4802 1920 4860 abbatum
1959 4805 2151 4874 origo;

563 4887 652 4957 t|ui
678 4889 879 4943 utinam
909 4889 1043 4944 tales
1073 4889 1247 4945 forent
1275 4901 1333 4946 ut
1357 4907 1543 4947 servos
1573 4892 1666 4948 Dei
1697 4893 1765 4948 ab
1786 4893 2034 4951 omnibus
2058 4911 2154 4950 ne-

561 4978 723 5046 gotiis
747 4979 1068 5046 eximerent,
1094 4997 1202 5037 non
1232 4983 1282 5037 in
1313 4982 1435 5038 lites
1459 4983 1866 5054 itnmergerent.

636 5066 688 5121 5.
729 5066 786 5122 ln
817 5086 902 5140 ep.
936 5069 1025 5125 44.
1059 5071 1219 5127 Petro
1248 5072 1600 5145 subdiacono,
1626 5075 1882 5146 pleraque
1900 5075 2152 5133 Ecclesiae

565 5159 885 5226 patrimonia
907 5161 957 5215 in
988 5161 1174 5219 Sicilia
1202 5165 1433 5232 curanti,
1450 5166 1691 5236 praecipit
1716 5167 2008 5224 emendare
2029 5170 2148 5240 plu-

563 5250 727 5304 rimas
755 5252 1175 5309 consuetudines
1199 5254 1396 5324 quibus
1419 5254 1675 5312 Ecclesia:
1704 5257 1930 5315 colonos
1962 5261 2151 5316 vexari

635 5390 658 5429 τι
689 5380 829 5452 Lege
866 5381 1268 5462 Penatistarum
1306 5385 1583 5462 historiam
1627 5387 1932 5462 novissima:
1969 5388 2152 5462 Optati

564 5453 1034 5527 ﬁ|ttt"ll_lll_etl_illt)lll
1062 5455 1294 5527 additam
1323 5464 1375 5511 et
1401 5457 1692 5527 pnefixam,
1729 5459 1778 5512 in
1810 5459 1934 5514 fine.

640 5521 664 5558 δ
707 5521 780 5598 De
802 5523 1102 5598 hujustnodi
1131 5521 1483 5598 procuratore
1516 5527 1664 5598 loqui
1691 5528 1902 5584 videtur
1928 5529 1986 5584 S.
2016 5529 2151 5585 Gre-

566 5600 681 5654 (ξοντ’.
704 5591 782 5670 ad
807 5589 1067 5670 Joannem
1094 5589 1352 5670 abbatem
1369 5589 1609 5670 scribens
1635 5597 1727 5653 lib.
1753 5614 1829 5662 ιιι,
1863 5613 1949 5666 ep.
1976 5601 2042 5653 5:
2083 5599 2150 5655 In

569 5661 738 5720 genus
767 5661 877 5715 isti;
906 5675 1288 5731 procuratorem
1336 5667 1570 5730 institue,
1614 5678 1661 5721 et
1701 5678 1750 5720 tu
1783 5661 1850 5721 ad
1878 5661 2151 5728 lectionem

2264 4523 2392 4570 tunc
2425 4511 2595 4570 iactas
2641 4516 2802 4572 luisse
2853 4519 3179 4590 templorum
3235 4527 3683 4583 consecrationes
3745 4545 3846 4584 nou

2261 4601 2424 4660 audet
2447 4619 2688 4661 asst-rere
2703 4604 3062 4664 Mabillonius.
3079 4608 3137 4663 In
3160 4610 3297 4665 hanc
3322 4620 3501 4668 tamen
3524 4618 3845 4676 sententiam

2261 4696 2419 4750 va'de
2447 4698 2765 4767 propendet,
2795 4714 2896 4754 nec
2923 4700 3213 4757 immerito.
3237 4703 3305 4756 At
3325 4704 3393 4759 de
3413 4706 3516 4761 hoc
3531 4718 3848 4777 argumento

2263 4789 2390 4844 alibi
2421 4790 2650 4845 fortasse
2677 4794 3034 4862 opportunior
3060 4794 3165 4850 erit
3186 4795 3399 4853 dicendi
3429 4799 3602 4856 locus.
3629 4801 3847 4860 Interim

2262 4877 2380 4948 lege
2407 4894 2494 4949 ep.
2525 4879 2596 4932 57
2623 4881 2710 4935 tib.
2747 4898 2797 4935 v.

2732 4994 2890 5064 233
2941 4993 3170 5052 CAPUT
3223 4997 3329 5052 vn.

2255 5081 2609 5153 Augusti-atrati.
2635 5111 2692 5119 -—-
2719 5085 2761 5135 Ι.
2786 5086 2857 5153 De
2880 5088 3222 5153 causaﬁalaliS
3245 5093 3460 5153 epiSCOpi
3484 5094 3834 5150 Salonium.-

2318 5151 2363 5193 ‘2.
2387 5147 2771 5223 :{lrcltidiacot‘ms
2793 5149 2854 5196 ab
2878 5161 2940 5223 eo
2961 5147 3720 5223 dejectus_§lpos_tt'.lic5tm_sedem
3763 5147 3847 5223 ap-

2320 5207 2486 5278 ε⁵⁶ἷ¹¹³¹η
2508 5233 2570 5278 θ’
2592 5211 2786 5278 δ’μίέξθ
2831 5207 3384 5278 ι’θδΡοικῗνΓῑὲ-Νάιειιὶς.
3419 5207 3846 5278 Ιζεείιιὶςὸῖις-Ϊᾌ,

2324 5267 2408 5316 Ι.Ιυ
2430 5277 2622 5318 ιιιυιοιυυ
2645 5270 2698 5319 S.
2728 5267 2998 5331 Gregorius
3014 5274 3079 5321 de
3099 5274 3333 5338 eligetido
3369 5267 3667 5332 successore
3688 5267 3844 5333 curat:

2258 5399 2308 5452 et
2335 5389 2403 5442 ad
2429 5391 2716 5446 orationem
2737 5409 2882 5447 vaca.

2335 5471 2357 5497 ε
2399 5459 2680 5543 ιόῄοςιιιίξθς
2707 5473 2902 5543 repetzt
3023 5466 3330 5543 Gregorius,
3365 5473 3572 5529 scilicet
3600 5479 3845 5535 omnibus

2259 5529 2598 5608 inepistolis,
2625 5531 2676 5586 in
2700 5529 2892 5608 quibus
2914 5536 2982 5591 de
3015 5529 3334 5607 templorum
3358 5529 3775 5605 consecratione
3794 5556 3846 5608 et

2261 5601 2606 5671 reliquiarum
2633 5603 2991 5664 collocatione
3015 5601 3142 5678 agit.
