3992 6310
191 250 291 305 5ιῦ

676 243 743 305 5.
779 246 1107 305 GREGORII
1150 248 1361 305 MAGNI
1408 249 1583 314 VITA,
1629 248 1716 303 l‘lX
1761 244 1922 302 EJUS
1962 242 2269 303 SCRIPTIS
2307 248 2705 309 ADOllNATA.
2746 251 2870 308 LIB.
2910 253 2974 309 ll.

3358 257 3455 314 3M

248 365 447 435 Electus
484 368 1305 435 estlimior-atus_arcltidiaconus.
1335 396 1397 435 -ί
1417 371 1472 435 5.-
1512 370 1769 435 Mauricius
1798 370 1845 429 Α
1873 378 1971 417 nos
1997 363 2371 418 commendata
2403 366 2652 435 leguntur
2681 378 2734 423 et
2757 368 2997 435 lattdata;
3029 370 3129 425 sibi
3173 370 3463 428 tribulatio—

248 432 513 483 lumera'or
530 432 692 479 mitius
713 442 826 490 cum
841 429 1159 477 schisrnatiris
1181 434 1297 490 agit.
1316 434 1429 479 --6.
1459 432 1765 487 Laltgﬁiml’lli

246 490 444 553 llornam
474 498 712 553 premunt.
737 516 796 553 —_-
820 489 867 536 7.
892 490 946 539 S.
994 489 1266 553 Gregorius
1309 494 1386 542 Εκ·
1404 494 1617 541 chielem
1656 505 1768 553 pro-

244 550 716 673 pittgqgt)'expottit.
770 550 1042 602 Luctuosns
1086 552 1254 601 Romae
1302 563 1470 604 status.
1514 555 1628 615 (An.
1658 550 1764 603 ιιυι

253 712 302 767 1.
345 709 495 769 Nune
521 713 652 768 ordo
666 729 846 768 rerum
877 723 1289 786 temporumque
1314 716 1451 769 ratio
1470 717 1763 784 postulant,

183 812 239 860 ut
261 804 325 859 de
351 804 544 871 Natali,
600 804 919 861 Salonitano
949 807 1225 876 episcopo,
1261 807 1537 860 Dalmatia:
1565 816 1765 860 metro-

180 894 437 963 politano,
496 897 797 966 loquamur.
874 895 975 963 Qui
1034 914 1154 951 cum
1209 898 1459 953 adversus
1497 913 1761 951 summum

179 986 483 1053 pontiﬁcem
523 984 613 1041 diu
670 986 1027 1052 rtbellassct,
1079 989 1181 1043 hoc
1229 987 1462 1042 secundo
1516 985 1762 1056 Gregorii

175 1090 335 1137 anno,
363 1077 429 1129 ad
460 1077 730 1131 saniorem
756 1087 1014 1144 mentem,
1044 1077 1158 1147 ejus
1180 1078 1375 1133 invicta
1410 1077 1761 1145 magnanimi-

177 1173 282 1219 tate
303 1182 368 1221 ac
389 1167 646 1236 patientia
672 1169 1002 1235 debellatus,
1051 1170 1277 1225 liliciter
1318 1168 1532 1223 tandem
1578 1169 1754 1224 rediit.

174 1256 269 1312 ilic
310 1260 597 1330 episcopus
641 1261 935 1327 ferebatur,
998 1262 1257 1330 pastorali
1309 1276 1439 1316 cura
1480 1260 1757 1328 derelicta,

169 1349 299 1404 solis
348 1366 543 1406 vacare
572 1352 851 1415 conviviis,
912 1360 985 1414 et,
1038 1351 1181 1419 quod
1211 1351 1424 1419 gravius
1472 1364 1583 1414 est.
1633 1368 1756 1406 vasa

166 1456 319 1495 sacra
370 1443 776 1513 pretiosamque
822 1443 1076 1498 Ecclesia:
1105 1444 1508 1513 supellcctilem,
1542 1460 1667 1499 suos
1701 1454 1758 1499 ut

164 1532 405 1603 (litaret,
460 1535 792 1590 distraxisse.
856 1536 951 1589 Cui
1006 1536 1289 1603 sacrilegio
1341 1551 1461 1591 cum
1516 1536 1757 1592 obstaret

166 1622 480 1680 Honoratus
520 1624 945 1697 archidiaconus,
979 1627 1119 1695 quod
1148 1628 1261 1696 ejus
1290 1636 1434 1681 esset
1463 1642 1548 1681 res
1574 1643 1755 1684 sacras

1871 451 2018 507 nibus
2046 470 2222 525 presso
2254 455 2480 510 liberum
2511 475 2618 513 non
2649 475 2768 515 esse
2798 461 3013 516 lectioni
3039 479 3204 517 saera:
3234 482 3455 534 operam

1868 543 2015 610 dare,
2064 553 2117 598 at
2150 561 2258 600 non
2304 546 2426 602 ideo
2456 548 2819 605 interruissurn
2869 554 3265 622 pr-tetlieationis
3302 572 3452 626 Opus.

1867 633 2005 701 Quid
2035 636 2101 692 de
2149 638 2292 691 vasis
2322 639 2489 694 sacris
2514 639 2813 706 distinctis,
2845 642 2968 709 quid
3000 644 3065 697 de
3087 643 3365 699 llonorato
3394 647 3460 700 ab

1866 729 2303 786 archidiaconatu
2351 733 2538 787 avulso
2591 736 2979 804 responderit,
3020 739 3337 802 subticetur
3394 743 3445 795 in

1865 820 2095 889 epistola
2123 837 2283 890 quam
2312 823 2381 877 ad
2409 823 2655 878 eumdem
2684 823 2976 894 Gregorius
2998 829 3331 884 scribendam
3368 832 3458 900 ju-

1863 912 2084 978 dicavit,
2117 922 2175 967 ut
2196 916 2469 970 hominem
2499 927 2905 987 exasperatum,
2941 918 3007 974 de
3037 921 3247 977 sincera
3276 933 3454 981 tamen

1861 1001 2169 1057 obedientia
2195 1006 2575 1074 spondentem,
2620 1009 2705 1077 pia
2736 1010 3037 1064 humilitate
3067 1013 3356 1082 mitigaret,
3389 1032 3456 1071 ac

1860 1092 1913 1146 in
1940 1094 2131 1162 spiritu
2163 1094 2417 1161 lenitatis,
2468 1097 2546 1150 uti
2576 1097 2735 1153 docet
2760 1100 3080 1168 Apostolus,
3139 1105 3453 1161 instrueret.

1860 1182 2200 1237 Admiremur
2216 1199 2339 1238 eum
2366 1185 2437 1239 ita
2460 1185 2689 1251 blandis,
2723 1188 3032 1244 ellicacibus
3059 1201 3237 1248 tamen
3256 1197 3454 1264 verbis,

1865 1272 2042 1326 oleum
2072 1272 2227 1327 simul
2259 1284 2313 1328 et
2344 1273 2524 1328 vinum
2573 1274 2777 1330 Natalis
2829 1277 3138 1334 vulneribus
3169 1283 3459 1340 infunden-

1860 1373 2007 1418 tcm:
2056 1364 2210 1431 Ecce,
2242 1366 2435 1435 inquit,
2485 1368 2786 1438 fraternitas
2833 1377 2922 1421 tua
2961 1386 3098 1441 wgre
3150 1375 3267 1427 tulit
3309 1393 3364 1429 se
3390 1379 3455 1431 de

1859 1455 2103 1508 conviviis
2129 1472 2241 1508 esse
2268 1457 2648 1525 reprehensam,
2674 1474 2787 1510 cum
2808 1475 2922 1526 ego,
2950 1460 3037 1528 qui
3059 1461 3158 1513 etsi
3187 1460 3321 1515 lianc
3350 1482 3454 1519 non

1859 1544 1986 1611 rita,
2014 1552 2181 1597 tamen
2208 1544 2317 1598 loco
2344 1544 2719 1616 transgredior,
2772 1546 2833 1598 ab
2857 1546 3093 1601 omnibus
3123 1552 3334 1621 corripi,
3386 1555 3451 1606 ab

1857 1635 2093 1690 omnibus
2124 1636 2387 1689 emendari
2410 1646 2625 1704 paratus
2655 1638 2754 1689 sim
2784 1636 2921 1705 (Lib.
2954 1655 3011 1702 ιι,
3043 1656 3124 1710 ep.
3152 1640 3261 1711 5:2).
3296 1642 3456 1698 Addit

164 1731 473 1782 asservare,
505 1717 711 1770 Natalis
739 1734 887 1782 eum,
923 1726 978 1770 ttt
1001 1717 1066 1771 ab
1098 1718 1199 1772 hoc
1227 1716 1406 1772 ofﬁcio
1426 1729 1753 1789 removeret,
1788 1740 1834 1799 Β
1860 1733 1986 1795 post
2016 1727 2185 1780 multa
2219 1744 2232 1780 :
2284 1725 2433 1789 Quod
2458 1726 2503 1779 si
2550 1726 2758 1797 quilibet
2788 1744 2852 1781 ex
2894 1737 3113 1800 quatuor
3138 1732 3453 1799 patriarchis

164 1808 388 1862 honoris
401 1808 599 1877 specie,
621 1808 744 1863 lir’et
762 1808 1099 1875 renitentem,
1118 1811 1486 1880 presbyterum
1504 1812 1755 1870 ordinare

162 1900 371 1965 \oluit;
406 1915 580 1971 neque
611 1901 750 1953 enim
777 1901 1064 1972 presbyter
1105 1910 1231 1958 tunc
1251 1902 1617 1959 archidiaconi
1639 1921 1756 1959 ntu-

165 2006 299 2045 nere
323 1990 466 2058 fungi
505 1998 748 2059 poterat,
805 1999 861 2045 ut
886 1991 1287 2046 observavimus
1326 1994 1559 2048 maxime
1588 2010 1652 2048 ex
1693 1995 1750 2050 S.

165 2082 350 2138 Leone
380 2094 430 2138 et
455 2083 632 2154 Apoll.
679 2082 901 2139 SPdonio
927 2084 978 2138 in
1002 2084 1143 2139 notis
1172 2085 1238 2139 ad
1268 2086 1525 2155 epistolas
1549 2086 1755 2143 indica-

167 2184 271 2229 ιι.
320 2176 655 2231 Sententiam
700 2192 850 2230 suam
904 2176 971 2231 de
1020 2175 1284 2231 Honorati
1331 2176 1634 2246 dejectione
1686 2179 1753 2234 ab

165 2268 603 2323 at't'llidiaCOHalu
622 2267 672 2321 in
698 2266 983 2336 provincia:
1003 2283 1111 2321 sua:
1135 2268 1364 2323 concilio
1381 2277 1545 2322 ratam
1567 2269 1753 2325 haberi

164 2369 220 2412 «ι
268 2358 431 2426 gestis
460 2356 733 2429 synodicis
764 2356 1068 2412 conﬁrmari
1092 2358 1318 2413 curavit.
1374 2358 1576 2425 Quibus
1623 2373 1753 2414 sane

162 2452 295 2504 nihil
320 2450 574 2518 iniquius,
609 2449 735 2502 nihil
771 2448 1020 2502 insulsius
1056 2465 1069 2502 :
1129 2448 1319 2503 colem
1361 2450 1502 2504 enim
1527 2449 1749 2516 judicio,

162 2540 620 2595 abarchidiaconi
669 2538 970 2594 ministerio
1012 2547 1262 2607 tanquam
1304 2539 1552 2610 indignus
1578 2541 1754 2609 repel-

160 2631 373 2684 l’ehatur
406 2629 742 2693 Honoratus,
784 2636 837 2683 ct
880 2637 939 2682 ut
984 2628 1176 2697 dignus
1220 2627 1288 2682 ad
1327 2629 1750 2700 presbyteratum

147 2720 559 2774 insumi-batur.
591 2719 751 2788 (Vide
780 2719 869 2773 lib.
895 2736 931 2785 ι,
963 2737 1079 2790 epp.
1116 2718 1182 2773 19
1210 2728 1259 2773 et
1288 2718 1391 2786 20;
1421 2719 1512 2776 lib.
1544 2737 1601 2788 rt,
1633 2739 1749 2793 epp.

162 2810 348 2877 18,19
379 2822 428 2865 et
455 2810 555 2879 20;
590 2810 678 2865 lib.
709 2827 784 2877 tr,
814 2828 895 2879 ep.
922 2809 1034 2881 52.)

228 2900 285 2956 2.
326 2901 403 2957 De
433 2902 483 2957 vi
529 2901 629 2957 sibi
678 2902 822 2956 illata
847 2901 959 2971 jam
1008 2901 1499 2972 cxpotulationem
1551 2902 1755 2958 fecerat

157 2990 489 3058 Honoratus,
538 2999 592 3048 et
617 2991 683 3046 ad
732 2992 1007 3061 Pe'agiutn
1056 3008 1249 3061 papam
1294 2993 1751 3061 Confugerat;qui

159 3093 470 3152 utrumque,
507 3083 970 3154 archiepiscopum
1004 3083 1177 3137 videli;
1198 3091 1252 3139 et
1278 3083 1753 3140 arehidiaconum-
1782 3116 1826 3178 C

158 3191 265 3245 que
292 3176 478 3229 ad~::se
502 3175 693 3230 saltem
721 3189 819 3245 per
841 3183 1224 3244 procuratores
1240 3176 1494 3245 jusserat,
1517 3188 1573 3231 ut
1601 3178 1666 3231 tle
1686 3191 1751 3233 ea

159 3267 534 3323 controversia
571 3266 831 3333 judicium
874 3267 1057 3321 ferret.
1115 3265 1357 3321 Nata’em
1408 3276 1748 3323 cunctantem

158 3369 215 3414 et
238 3374 418 3413 moras
441 3365 748 3412 nectentem
791 3357 985 3411 iterum
1015 3355 1079 3409 ad
1104 3370 1318 3410 causam
1344 3355 1625 3411 dicendam
1657 3374 1751 3411 vt;-

158 3451 303 3506 cavit
343 3450 403 3506 S.
433 3450 725 3519 Gregorius
754 3450 926 3520 primo
956 3450 1036 3505 sui
1060 3449 1402 3520 poutilieatus
1426 3465 1588 3516 anno,
1615 3468 1748 3521 pne-

158 3544 414 3614 cepitque
434 3551 492 3598 ut
520 3553 644 3598 ante
671 3544 854 3598 omnia
881 3541 1211 3597 llonoratum
1246 3543 1296 3596 in
1329 3543 1608 3613 pristinum
1630 3558 1750 3613 gra-

158 3636 285 3688 dum
317 3633 651 3689 restitueret.
675 3633 831 3689 Anno
849 3649 977 3689 vero
1002 3634 1251 3703 sequenti
1281 3635 1639 3689 comminatus
1667 3645 1751 3691 est

161 3726 211 3779 ti
241 3725 388 3793 pallii
414 3724 794 3794 privationem,
823 3724 868 3778 si
890 3726 1262 3794 obternporare
1283 3725 1751 3793 abnueret,acd-:-

158 3833 302 3870 munt
332 3815 968 3884 excommunicationern,
1000 3826 1056 3869 ut
1082 3832 1112 3869 a
1150 3831 1379 3885 corpore
1410 3827 1463 3869 ct
1492 3816 1749 3885 sanguine

165 3908 372 3962 Domini
404 3916 551 3963 esset
598 3908 899 3973 abstentus,
956 3907 1057 3961 ιιἰεί
1104 3908 1247 3961 male
1276 3923 1338 3961 ac
1364 3923 1392 3961 a
1417 3907 1746 3962 emendaret.

162 4002 237 4055 De
265 4000 602 4071 episcopatu,
651 4014 719 4053 an
778 4000 827 4053 in
857 3999 972 4068 ipso
1015 3998 1333 4070 permanere
1360 3999 1600 4064 deberet,
1644 3998 1749 4053 alio

158 4093 522 4147 deﬁniendum
550 4090 756 4160 ju.licio
797 4089 1111 4144 reservavit.
1183 4087 1449 4142 Praeterea
1490 4088 1540 4142 itt
1572 4088 1749 4143 locum

160 4184 422 4239 llunorati
451 4184 758 4239 ordinatum
798 4180 947 4236 archi
968 4181 1235 4236 liaconum
1264 4179 1602 4250 depositione
1631 4181 1747 4249 p'e—

162 4276 411 4330 eternium
448 4275 681 4337 censuit,
717 4282 771 4328 et
793 4275 838 4329 si
863 4275 998 4329 ultra
1027 4275 1203 4330 hocin
1234 4274 1412 4329 ofﬁcio
1444 4275 1749 4331 ministrare

160 4375 531 4436 ptazsumeret,
559 4381 654 4422 sac
681 4382 727 4420 ae
753 4366 1145 4421 communionis
1175 4379 1448 4422 exsortem
1474 4381 1592 4422 esse
1618 4382 1748 4436 pro-

163 4457 447 4510 nuntiavit.

231 4546 305 4599 l)e
325 4546 411 4600 bis
435 4543 729 4613 Gregorius
771 4544 1033 4600 certiores
1063 4544 1184 4600 fecit
1227 4547 1504 4601 universos
1533 4547 1748 4601 Dalma-

164 4638 247 4691 ti;e
271 4638 563 4707 episcopos
611 4645 663 4690 et
697 4636 989 4690 Antoniuru
1039 4637 1443 4704 subdiaconum,
1498 4638 1750 4692 ecclesia-

161 4730 277 4785 stici
309 4730 620 4800 patrimonii
653 4738 920 4784 rectorem
947 4729 998 4783 in
1018 4729 1119 4783 hac
1151 4730 1445 4799 provincia,
1492 4733 1577 4785 cui
1597 4729 1752 4801 jubet

163 4820 320 4874 latam
352 4822 407 4876 in
428 4821 670 4875 Natalem
694 4820 821 4874 etin
846 4820 1106 4874 intrusum
1131 4820 1197 4872 ab
1227 4836 1291 4875 eo
1314 4822 1747 4875 arclridiaconunt

163 4922 508 4979 sententiam,
542 4913 754 4982 utrique
780 4911 1067 4981 ptmnris~is
1108 4928 1134 4963 a
1161 4911 1595 4977 lhortationibus,
1656 4915 1749 4966 de-

163 5003 431 5057 nuntiare.
456 5002 535 5057 Ne
560 5017 691 5057 vero
716 4999 963 5067 Jobinus,
989 4999 1183 5071 Illyrici
1215 5000 1516 5071 prmfcctus,
1573 5002 1748 5057 Natali

161 5095 600 5161 patrocinaretur
654 5092 883 5165 (sciebat
912 5091 1053 5147 enim
1080 5107 1203 5147 eum
1234 5092 1584 5161 Optimatibus
1610 5107 1747 5162 quos

158 5185 419 5238 conviviis
471 5183 775 5255 excipiebat
814 5198 933 5239 esse
974 5184 1306 5255 pergratum)
1362 5184 1507 5238 illum
1538 5186 1749 5255 seriptis

161 5275 347 5329 literis
369 5276 583 5343 rogavit
617 5291 685 5330 ne
714 5292 873 5346 opem
904 5291 997 5331 reo
1027 5284 1212 5331 contra
1254 5275 1514 5345 ju:titiam
1560 5275 1742 5331 ferret.

160 5364 319 5434 (Vide
342 5366 434 5420 tib.
461 5383 501 5433 l,
532 5385 649 5437 φρ.
687 5366 751 5419 t9
778 5375 826 5419 et
846 5365 963 5437 eo.)

226 5457 277 5509 5.
321 5455 528 5511 Natalis
578 5471 721 5526 aegre
748 5456 868 5511 tulit
896 5472 1090 5527 papam
1137 5456 1236 5511 sibi
1268 5470 1480 5525 pinnam
1526 5468 1749 5510 excom-

161 5549 545 5605 rnunicationis
572 5563 691 5603 esse
719 5549 1125 5614 comminutum,
1180 5556 1235 5603 et
1282 5548 1335 5602 in
1364 5547 1445 5602 sui
1474 5545 1747 5601 defensio-

162 5655 206 5692 ιιι
230 5656 278 5693 ιιι
307 5640 373 5693 ad
402 5654 529 5694 eum
549 5638 763 5707 scripsit
789 5656 800 5691 :
832 5639 1077 5693 convivia
1102 5656 1206 5695 non
1238 5638 1506 5694 dedecere
1532 5637 1745 5705 episco-

161 5746 302 5799 pum,
329 5747 451 5802 qutc
474 5732 694 5787 ittsacra
718 5730 998 5801 Scriptura
1022 5740 1071 5788 et
1094 5732 1232 5804 apud
1254 5740 1461 5789 veteres
1482 5728 1743 5787 Christia-

1786 4507 1832 4563 Ι)

1858 1817 2062 1888 fecisset
2088 1817 2360 1889 (nimirum
2378 1818 2517 1872 sedis
2539 1820 2847 1888 apostolicm
2863 1820 3189 1890 despexisset
3203 1823 3450 1893 judicia),

1858 1910 1970 1964 sine
2017 1912 2323 1980 gravissimo
2365 1912 2616 1967 seandalo
2668 1922 2810 1967 tanta
2851 1918 3174 1970 contumacia
3225 1922 3451 1973 transire

1858 2003 2000 2056 nullo
2029 2004 2180 2057 modo
2201 2005 2469 2074 potuisset.
2517 2004 2709 2059 Tamen
2745 2017 3018 2077 postquam
3040 2010 3341 2079 fraternitas
3372 2028 3455 2065 ue-

1857 2102 1967 2149 stra
1988 2096 2058 2148 ad
2087 2112 2235 2149 suum
2266 2096 2499 2150 ordinem
2528 2097 2700 2162 rediit,
2730 2114 2822 2150 nec
2842 2115 2935 2169 ego
2958 2116 3083 2153 mea:
3110 2117 3201 2154 nec
3221 2102 3456 2158 decesso-

1856 2188 1931 2241 ris
1952 2189 2052 2241 mci
2076 2189 2288 2258 injuria:
2318 2205 2509 2242 memor
2531 2206 2643 2243 sum
2668 2188 2879 2260 (Ibid.).

1927 2278 2174 2350 Magnam
2224 2278 2753 2348 Grcgoriolzetitiam
2783 2282 2963 2337 attulit
3013 2284 3216 2339 Natalis
3277 2288 3451 2355 Γαδιιί-

1858 2369 2048 2433 tentia,
2106 2372 2171 2424 de
2224 2385 2327 2438 qua
2382 2371 2463 2425 his
2495 2371 2671 2426 verbis
2726 2373 3011 2427 certiorem
3045 2374 3168 2430 fecit
3200 2377 3301 2431 huc
3334 2379 3450 2446 ipso

1856 2476 1999 2515 anno
2023 2460 2286 2514 Joannem
2319 2461 2687 2517 Ravennatem
2724 2482 2736 2516 :
2796 2464 2872 2518 De
2897 2468 3064 2537 fratre
3090 2477 3260 2522 autem
3289 2481 3336 2523 et
3365 2488 3455 2525 co-

1855 2551 2094 2619 episcopo
2136 2560 2314 2604 nostro
2357 2550 2541 2606 Natali
2586 2554 2734 2607 t-alde
2788 2557 3156 2623 contristubar,
3211 2562 3347 2630 quod
3391 2563 3455 2615 de

1854 2638 1946 2694 illo
1979 2641 2215 2710 quwdum
2272 2641 2491 2711 superba
2533 2659 2909 2713 cognoveram;
2967 2648 3057 2700 sed
3109 2651 3228 2718 quia
3284 2668 3452 2704 mores

1858 2743 1977 2781 suos
2027 2729 2137 2796 ipse
2185 2731 2430 2797 correxit,
2472 2748 2637 2784 meam
2690 2734 2953 2787 tristitiam
3002 2737 3156 2789 simul
3201 2740 3453 2807 meipsum

1856 2819 2101 2872 vincendo
2131 2820 2427 2873 consolatus
2459 2831 2536 2874 est
2567 2820 2709 2892 (Lib.
2744 2840 2801 2889 rt,
2829 2841 2911 2891 ep.
2944 2823 3059 2892 52).

1929 2906 1982 2963 4.
2022 2908 2199 2963 Natali
2228 2910 2388 2979 paulo
2418 2919 2539 2980 post
2568 2926 2599 2966 e
2626 2912 2759 2966 vivis
2788 2914 3025 2979 sublato,
3057 2913 3351 2983 Gregorius
3385 2916 3453 2970 ad

1858 2998 2186 3053 Antoninum
2218 3001 2607 3056 subdiaconum
2635 3003 2851 3072 scrip-it
2874 3044 2889 3068 ,
2938 3012 2995 3058 ut
3024 3004 3092 3058 de
3121 3009 3455 3064 successoris

1858 3089 2123 3145 electione
2173 3091 2440 3147 sollicitus
2489 3101 2652 3148 esset.
2714 3093 2776 3145 Et
2829 3095 2953 3163 quia
2995 3111 3057 3149 ex
3088 3097 3202 3165 ejus
3228 3099 3455 3169 epistola

1856 3195 2103 3249 quaenam
2146 3181 2473 3236 electionum
2510 3190 2637 3238 tu..c
2690 3192 2833 3239 esset
2865 3185 3036 3240 lortna
3088 3187 3217 3241 licet
3259 3190 3455 3245 intelli-

1852 3286 1997 3339 gere,
2024 3286 2141 3339 qtae
2163 3272 2267 3325 lant
2294 3288 2362 3327 ex
2405 3288 2467 3327 ea
2501 3273 2754 3341 decerpta
2793 3277 2895 3331 hoc
2924 3276 3043 3332 loco
3072 3280 3448 3346 subjiciemus.

1854 3361 2197 3433 Experientia
2230 3374 2335 3430 ttta,
2370 3364 2562 3435 inquit,
2587 3367 2728 3419 omni
2757 3368 3011 3420 instantia
3042 3370 3284 3439 onmique
3308 3372 3453 3424 solli-

1852 3452 2078 3505 citudine
2107 3453 2300 3506 clerum
2323 3462 2372 3506 et
2393 3454 2636 3524 populant
2664 3456 2894 3526 ejusdem
2923 3457 3144 3511 civitatis
3172 3459 3452 3514 admonere

1853 3543 2079 3613 festinet,
2130 3554 2381 3615 quatenus
2411 3561 2514 3599 uno
2545 3563 2801 3600 consensu
2844 3548 3195 3602 ordinandum
3226 3550 3325 3604 sibi
3355 3551 3451 3604 de-

1854 3631 2002 3686 beant
2051 3634 2242 3705 eligere
2288 3635 2607 3690 sacerdotem
2629 3680 2643 3704 ,
2690 3640 2927 3708 factoque
2954 3641 3006 3691 in
3032 3657 3303 3703 personant
3333 3659 3449 3711 qua:

1854 3723 2007 3793 fuerit
2036 3724 2197 3777 electu
2228 3724 2455 3793 decreto,
2485 3727 2553 3779 ad
2580 3744 2675 3781 nos
2703 3730 3053 3782 transmittere
3096 3731 3342 3796 studebis,
3392 3744 3450 3786 ut

1854 3827 1969 3864 cum
1997 3824 2173 3866 nostro
2197 3831 2467 3881 consensu,
2496 3817 2628 3869 sicut
2650 3819 2834 3886 priscis
2866 3819 2964 3887 fuit
2993 3821 3325 3889 temporibus,
3358 3839 3448 3877 or-

1855 3903 2059 3955 dinetur
2109 3903 2251 3957 Illud
2276 3906 2479 3975 quidem
2501 3923 2610 3975 pra:
2642 3906 2875 3959 omnibus
2908 3906 2997 3960 tibi
3026 3925 3165 3963 cura:
3191 3912 3278 3973 sit,
3310 3921 3364 3963 ut
3392 3913 3447 3966 in

1856 3994 1952 4046 Imc
1977 3994 2222 4048 electione
2242 4011 2333 4048 nec
2363 3995 2505 4050 datio
2541 3994 2918 4066 quibuscunqae
2936 3997 3100 4051 modis
3131 3999 3441 4054 interreniat

1853 4084 2203 4153 prwmiorum,
2248 4100 2342 4138 nec
2383 4085 2725 4157 quarumlibet
2769 4104 3107 4155 personarum
3154 4092 3448 4159 patrocinia

1856 4176 2209 4230 convalescant
2237 4175 2376 4247 (Lib.
2412 4193 2487 4239 Ill,
2514 4194 2594 4247 ep.
2629 4176 2742 4247 2:2).

1922 4266 2060 4332 Quid
2097 4282 2221 4320 vero
2251 4283 2394 4322 cura:
2423 4268 2796 4337 impenderent
2818 4282 3017 4327 sancta:
3046 4273 3187 4330 sedis
3215 4273 3446 4330 minisni

1854 4368 1948 4413 aut
1974 4359 2157 4427 legati,
2181 4360 2354 4428 qualis
2380 4369 2498 4415 erat
2527 4360 2829 4418 Antoninus
2859 4365 3240 4427 subdiaconus.
3274 4354 3331 4419 nt
3360 4367 3444 4420 irt-

1859 4459 1997 4506 tacta
2029 4460 2477 4506 conservarentur
2493 4452 2747 4509 Ecclesia:
2770 4455 2909 4509 bona
2935 4466 3148 4511 mortuo
3165 4459 3443 4526 episeopo,

1855 4540 2108 4595 discimus
2131 4556 2195 4595 ex
2227 4541 2310 4596 his
2341 4542 2514 4596 verbis
2544 4559 2557 4594 :
2591 4541 2669 4596 De
2700 4543 2845 4597 rebus
2871 4545 2945 4597 rel
2968 4557 3271 4600 ornamento
3301 4546 3444 4615 ejus-

1856 4633 1972 4687 dem
2016 4633 2265 4699 ecclesiw,
2312 4634 2537 4704 ﬁdeliter
2587 4652 2758 4689 rentm
2793 4637 3138 4689 inventarinm
3182 4638 3340 4707 facito
3398 4647 3446 4689 te

1854 4734 2111 4796 pra'sente
2164 4724 2437 4778 conscribi.
2492 4724 2561 4778 Et
2590 4742 2654 4779 ne
2696 4726 2842 4779 rebus
2880 4727 3006 4796 ipsis
3047 4728 3207 4797 possit
3249 4728 3446 4797 aliquid

1854 4815 2105 4881 deperire,
2155 4814 2459 4884 Respce-tum
2506 4817 2783 4870 diaconum
2814 4826 2963 4888 atque
2992 4816 3311 4885 Stephanum
3334 4819 3443 4886 pri-

1855 4906 2115 4959 micerium
2140 4908 2457 4960 notariorum
2478 4915 2533 4958 ut
2554 4907 2786 4976 ipsarum
2812 4925 2979 4960 rerum
3003 4911 3211 4961 omnino
3233 4917 3440 4977 gerant,

1856 4997 2141 5051 custodiam
2170 4997 2462 5060 admonete,
2507 4998 2849 5050 interminans
2887 4998 2961 5050 eis
3005 4998 3067 5050 de
3095 4999 3305 5067 propria
3355 5013 3444 5053 eos

1854 5090 2215 5159 satisfacturos
2237 5105 2348 5142 esse
2367 5089 2678 5152 substantia,
2705 5088 2756 5141 si
2768 5088 3043 5158 quidquam
3060 5089 3248 5141 exinde
3266 5104 3443 5142 eorum

1856 5180 2167 5251 negligentia
2198 5180 2351 5251 fuerit
2368 5180 2710 5231 imminutum.
2740 5178 2976 5245 Denique
3005 5177 3070 5232 de
3097 5178 3443 5246 suppeditan-

1856 5271 1937 5327 dis
1963 5272 2211 5326 omnibus
2241 5271 2304 5322 ad
2328 5270 2647 5324 electionem
2679 5269 2995 5322 necessariis
3026 5268 3098 5322 ita
3129 5269 3291 5338 233
3320 5284 3442 5321 mo-

1857 5371 1985 5418 net:
2015 5360 2257 5431 (impensa
2287 5376 2403 5413 rero
2443 5376 2559 5430 quia
2586 5360 2876 5412 necessaria
2908 5360 3082 5429 fuerit,
3125 5376 3217 5428 per
3239 5374 3444 5413 treceno-

1858 5472 1995 5508 mum
2035 5454 2119 5523 qui
2168 5462 2392 5521 tempore
2438 5452 2616 5504 mortis
2658 5451 2893 5520 ιιι-(δαίσιὶ
2940 5452 3166 5523 episcopi
3208 5454 3442 5507 iuventus

1855 5557 1930 5601 est
1960 5554 2217 5614 erogatur,
2260 5551 2510 5612 quatenus
2540 5542 2766 5597 rationes
2805 5559 2927 5597 suas
2982 5546 3157 5616 futuro
3203 5547 3442 5615 epistbpo

1855 5640 1981 5708 ipse,
2000 5646 2053 5689 ut
2077 5635 2229 5695 norit,
2255 5643 2499 5699 exponat.

1925 5726 2043 5784 Non
2089 5726 2168 5782 ιω·
2198 5723 2670 5795 terprtctcreunda
2720 5726 2931 5784 fuerunt
2968 5728 3110 5800 luce,
3164 5731 3216 5787 iu
3240 5729 3436 5803 quibus
