3992 6302
508 206 616 258 515

1001 196 1058 253 s.
1099 194 1428 251 cnecunn
1472 189 1686 247 MAch
1726 188 1912 252 vrra,
1959 185 2047 240 t-zx
2096 184 2254 240 ειυς
2293 183 2595 240 scmrrrs
2638 183 3032 239 annuum.
3077 184 3204 241 ue.
3248 185 3313 241 lt.

3678 183 3791 242 :l-‘i

507 325 656 374 tanta
683 315 862 370 elucet
882 313 1139 368 Romana:
1166 312 1309 367 sedis
1336 309 1661 374 auctoritas,
1704 305 1866 361 etiam
1897 304 1948 358 in
1972 318 2082 356 me-
2117 301 2164 358 A
2191 299 2364 358 olﬁcia
2395 309 2646 372 poterant
2670 301 2811 369 cogi.
2843 299 3098 369 Reliquas
3121 301 3305 370 copias
3327 299 3593 356 eduxerat
3617 317 3790 357 exar-

507 405 861 476 tropolitanas
884 411 1035 458 extra
1057 401 1263 456 Italiam
1307 394 1580 454 ecclesias.
1624 394 1924 464 Aliquando
1953 391 2089 447 Gre-

509 498 691 567 gorius
711 496 854 550 hanc
874 495 1198 550 electionum
1217 507 1396 547 curam
1419 489 1579 543 dabat
1600 487 1863 557 episcopis
1886 484 2026 556 (Lib.
2050 503 2089 553 ι,

506 603 589 655 ep.
625 582 721 649 5'1;
750 583 838 637 lib.
870 599 927 647 tt,
959 600 1044 651 ep.
1072 580 1164 651 58)
1184 621 1198 644 ,
1227 578 1511 647 a‘iquando
1538 578 1700 631 etiam
1723 575 1994 644 jud'clbus
2037 583 2092 630 et

510 675 924 744 magistratibus,
951 680 1009 724 ut
1027 679 1340 738 argumento
1362 675 1444 722 est
1463 667 1690 736 epistola
1716 663 1784 718 15
1804 666 1896 720 lib.
1921 682 1996 731 ιιι,
2024 665 2094 720 ad

507 763 747 818 Judicem
775 761 1078 829 Campania:
1106 774 1170 813 ea
1198 759 1265 812 de
1310 773 1367 812 re
1392 758 1616 826 scripta.
1643 755 1753 811 Sed
1797 756 1945 810 laicis
1974 754 2094 809 nul-

510 850 616 904 lam
639 851 690 904 in
721 851 860 904 bona
890 847 1141 903 Ecclesia:
1181 856 1506 918 potestatem
1539 848 1777 914 tradidit,
1812 847 1950 902 facta
1980 847 2089 902 sci-

509 938 635 993 licet
655 938 783 1008 ipsis
808 945 1012 992 tantum
1039 938 1194 1008 copia
1242 938 1412 1008 plebis
1440 936 1759 991 Christiance
1799 935 1866 991 ad
1895 936 2095 1006 eligen-

507 1027 635 1082 dum
664 1027 977 1098 episcopum
1000 1027 1388 1082 eonvocandac.

580 1119 796 1176 Electus
813 1119 911 1175 fuit
930 1136 959 1174 a
982 1121 1126 1176 clero
1148 1120 1202 1174 in
1225 1119 1600 1175 Salonitanum
1626 1118 2093 1189 archiepiscopum

515 1211 826 1267 Honoratus
853 1211 1284 1275 archidiaconus,
1329 1210 1394 1265 de
1425 1225 1532 1279 quo
1553 1209 1662 1279 jam
1685 1225 1827 1279 sarpe
1859 1209 2093 1275 dictum;

517 1304 664 1373 quod
695 1313 1004 1373 pergratum
1035 1303 1295 1372 Gregorio
1321 1303 1414 1357 fuit
1439 1321 1452 1356 :
1479 1311 1814 1374 perspectam
1833 1303 1974 1357 enim
2002 1302 2097 1356 ha-

513 1397 675 1451 bebat
697 1395 855 1465 hujus
875 1396 974 1450 viri
1005 1395 1345 1464 probitatem,
1371 1393 1754 1460 constantiam,
1777 1401 1831 1448 et
1860 1392 1911 1447 in
1935 1393 2096 1447 rebus

513 1485 763 1556 gerendis
810 1486 1166 1556 prudentiam.
1197 1485 1301 1538 Sed
1341 1483 1458 1553 ejus
1486 1481 1671 1538 sedem
1702 1483 1894 1538 invasit
1918 1482 2094 1537 Maxi-

516 1593 657 1644 mus,
691 1576 1010 1631 auctoritate
1036 1575 1356 1645 optimatum
1384 1572 1570 1639 t‘retus,
1602 1580 1659 1627 ut
1687 1572 1824 1627 inira
1846 1589 1944 1628 suo
1973 1572 2094 1628 loco

2193 395 2345 459 chus,
2369 395 2561 462 quibus
2589 401 2748 447 aucto
2777 393 3054 462 exercitu,
3099 402 3381 460 receperat
3416 393 3598 449 subito
3640 395 3795 449 velut

2196 484 2394 553 impetu
2424 482 2662 538 Sutrium
2685 525 2700 550 ,
2733 482 3109 538 Polimartium
3127 527 3142 551 ,
3169 484 3391 540 llortatn
3408 523 3425 548 ,
3451 483 3756 540 Tudertum
3776 527 3793 548 ,

2195 572 2496 637 Ameriam,
2548 570 2849 627 Perusiam.
2899 571 3034 628 lline
3081 575 3326 643 queritur
3373 572 3672 642 Gregorius
3723 575 3797 629 ad

2196 665 2508 720 Mauriciqu
2534 666 2775 720 scribens
2805 664 2954 738 (Lib.
2973 681 3025 730 v,
3053 666 3267 738 (p.40),
3311 667 3563 735 Romam,
3597 675 3657 722 ut
3688 665 3797 721 Pe-

2196 755 2396 811 rusium
2421 763 2715 821 teneretur,
2749 755 2912 810 fni-se
2938 757 3180 811 relictam
3207 775 3219 810 :
3245 758 3483 812 maxime
3527 774 3662 813 vero
3690 774 3793 827 pa-

2196 861 2313 902 cem
2335 860 2495 914 quam
2517 845 2631 917 ipse
2647 847 3024 915 impetraverat
3044 863 3076 901 a
3098 846 3487 917 Langobardis,
3513 847 3792 904 Etruriam

2197 935 2579 1004 obtinentibus,
2614 945 2814 992 temere
2839 937 3092 992 violatam
3115 936 3276 1006 deﬁet
3303 955 3486 996 amare
3534 941 3658 1011 pius
3689 941 3787 1003 ille

2197 1025 2344 1094 pacis
2367 1026 2608 1093 angelus.
2633 1025 2708 1081 ita
2741 1041 2865 1082 cum
2890 1037 3038 1082 tanta
3071 1044 3194 1098 spes
3215 1029 3504 1086 affulsisset
3525 1031 3794 1102 pacanda:

2199 1115 2362 1170 totius
2388 1105 2576 1180 italia),
2605 1132 2729 1171 cum
2761 1116 2998 1172 Ariull‘us
3027 1119 3143 1188 ipse
3165 1118 3276 1187 jam
3300 1119 3350 1172 in
3375 1132 3555 1190 partes
3588 1121 3799 1176 Roma-

2198 1223 2390 1263 norum
2423 1209 2728 1268 inclinaret.
2756 1225 2929 1280 neque
2958 1225 2989 1263 a
3020 1225 3152 1274 pace
3176 1211 3495 1267 abhorreret
3524 1214 3798 1282 Agilultns

2197 1314 2313 1362 rex,
2342 1313 2374 1353 a
2421 1293 2806 1366 Theodelinda,
2848 1315 2966 1368 quae
3001 1300 3251 1369 Gregorii
3299 1303 3792 1358 observantissima

2197 1400 2334 1455 erat,
2362 1391 2636 1460 mitigatus
2657 1435 2671 1457 ,
2703 1393 2943 1446 atrocius
2966 1393 3181 1460 bellum,
3208 1395 3277 1449 ob
3304 1395 3531 1450 Romani
3561 1396 3796 1450 exarclti

2199 1481 2496 1552 perliliam,
2526 1483 2816 1539 recruduit.
2851 1483 2963 1538 Rex
3004 1486 3200 1539 etenim
3233 1485 3438 1540 illatam
3481 1503 3594 1541 sua:
3640 1487 3799 1556 genti

2200 1573 2338 1626 mala
2371 1574 2472 1627 lide
2501 1573 2747 1642 inju:iam
2781 1575 3018 1640 ulturtts,
3071 1574 3350 1631 Perusiam
3380 1579 3595 1633 obsedit
3615 1594 3798 1648 expu-

514 1669 915 1736 dicetur:qu:n
943 1667 1088 1722 enim
1136 1667 1225 1721 hic
1270 1665 1338 1721 de
1384 1675 1562 1720 morte
1616 1665 1820 1721 Natalis
1875 1664 2100 1734 ejusque
2131 1660 2512 1731 Bgnavitqne,
2557 1672 2716 1733 capto
2767 1663 3091 1720 Maurisione
3132 1665 3604 1735 Langobardorum
3650 1669 3799 1724 duce

512 1759 838 1814 successoris
867 1758 1134 1814 electione
1155 1757 1450 1826 attigimus,
1473 1772 1572 1828 per
1588 1767 1926 1813 antecessum
1950 1757 2097 1812 dicta

511 1862 656 1918 sunt,
680 1860 740 1906 ut
768 1867 871 1906 una
899 1849 1199 1921 eademque
1219 1851 1377 1916 serie,
1401 1849 1660 1920 quidquid
1685 1849 1752 1904 ad
1775 1857 2092 1904 controver-

513 1947 647 2000 siam
695 1945 842 1998 illum
890 1943 1029 1997 inter
1076 1950 1131 1997 et
1179 1941 1512 1998 Honoratum
1551 1952 1752 1996 motam
1805 1941 2100 2012 pertineret

512 2043 848 2091 contractum
879 2034 947 2089 ob
978 2033 1165 2088 oculos
1194 2041 1506 2102 poneretur.
1549 2032 1699 2088 Nune
1742 2046 1850 2102 quo
1878 2047 1978 2086 nos
2006 2046 2098 2086 re-

514 2133 674 2181 vocat
702 2124 836 2180 ordo
862 2133 1164 2194 temporum
1196 2123 1496 2178 redeamus.
1840 2195 1842 2198 _

589 2215 640 2268 5.
683 2215 814 2271 Cum
847 2215 899 2269 in
932 2214 1079 2268 Italia
1109 2229 1195 2268 res
1225 2213 1434 2283 imperii
1454 2222 1727 2280 mutarent,
1756 2229 1823 2269 ne
1843 2214 2102 2269 schisma-

517 2304 606 2359 tici
635 2304 878 2359 Venetiae
905 2312 960 2357 et
988 2303 1153 2356 [striae
1181 2301 1559 2372 desperatione
1588 2303 1694 2357 acti
1731 2301 2102 2372 Langobardis

513 2395 846 2450 deditionem
895 2393 1151 2460 facerent,
1183 2393 1229 2448 si
1259 2393 1326 2448 ad
1353 2393 1671 2463 ejurandum
1697 2394 1928 2448 schisma
1956 2410 2102 2448 com-

513 2484 870 2554 pellerentur,
915 2480 1200 2537 Mauricius
1230 2483 1505 2551 Angustus
1549 2481 1870 2550 Gregorium
1919 2483 2104 2538 admo-

519 2574 636 2628 nuit
663 2580 722 2627 ut
751 2589 781 2627 a
810 2573 862 2627 vi
888 2580 944 2627 et
971 2573 1254 2628 coactione
1302 2573 1515 2628 interim
1561 2573 1876 2629 abstineret.
1922 2573 2105 2644 Nuper

515 2662 749 2732 Gradus,
775 2662 960 2719 Severi
982 2665 1451 2720 scltismaticnrum
1473 2665 1789 2734 patriarcha:
1808 2665 1983 2729 sedes,
2017 2666 2104 2720 in-

514 2755 708 2808 cemlio
737 2761 945 2809 vastata
976 2754 1178 2819 fuerat;
1210 2754 1353 2824 quod
1385 2755 1554 2809 movit
1592 2752 1856 2810 Joannem
1885 2755 2097 2812 Raven-

517 2856 698 2902 natem
725 2863 754 2902 a
784 2857 973 2904 saneto
1003 2848 1258 2918 pontilice
1289 2847 1588 2918 postulare,
1617 2858 1676 2903 ut
1702 2848 1831 2903 illuc
1859 2847 2097 2903 eleemo-

514 2955 674 3008 synas
703 2940 917 2994 mittere
945 2949 1159 2995 curaret
1187 2937 1326 3010 (Lib.
1359 2956 1415 3000 ιι,
1447 2957 1529 3011 ep.
1562 2938 1684 3009 46);
1707 2940 1793 2994 cui
1823 2939 2101 3010 respondit

2203 1752 2294 1821 qni
2325 1751 2391 1806 ad
2423 1753 2696 1809 Romanos
2726 1753 3016 1810 defecerat.
3052 1754 3168 1828 (Cf.
3206 1755 3360 1813 Paul.
3393 1757 3546 1813 Diae.
3578 1759 3670 1813 lib.
3707 1776 3793 1826 tv,

2199 1857 2245 1894 ο.
2279 1840 2358 1911 8.)

2273 1931 2517 2000 Legenda
2551 1942 2632 1989 est
2660 1950 2724 1989 ex
2755 1936 2965 2006 integro
2990 1937 3100 2006 jam
3131 1937 3346 1994 laudata
3374 1941 3601 2010 epistola
3633 1940 3793 2013 (Lib.

2201 2037 2258 2088 ιι,
2306 2039 2388 2090 ep.
2439 2022 2551 2091 46),
2603 2037 2661 2078 ιιι
2708 2027 3023 2096 ertploretur
3070 2040 3268 2098 quanta
3317 2030 3641 2086 calamitosis
3688 2033 3799 2108 illis

2203 2115 2534 2183 temporibus
2556 2124 2702 2170 esset
2723 2133 2874 2188 papa:
2896 2134 3045 2185 cura,
3071 2128 3131 2174 ut
3153 2121 3577 2190 periclitantibus
3597 2124 3798 2178 civita-

2206 2202 2344 2257 tibus
2371 2202 2764 2272 subveniretur,
2811 2217 2868 2260 ut
2917 2207 3060 2262 bello
3089 2209 3230 2280 capti
3260 2208 3384 2264 data
3415 2226 3481 2265 ex
3529 2210 3795 2267 Ecclesia:

2204 2295 2395 2350 aerario
2428 2297 2656 2366 pecunia
2698 2297 3113 2366 redimerentur,
3149 2301 3382 2356 maxime
3422 2318 3552 2358 vero
3588 2313 3644 2358 ut
3685 2321 3797 2374 pax

2208 2384 2260 2438 in
2308 2391 2416 2438 tam
2464 2385 2758 2455 deploratis
2797 2388 2958 2442 rebus
3006 2390 3227 2445 omnino
3276 2393 3579 2448 necessaria
3622 2395 3804 2462 :eqnis

2206 2475 2602 2532 conditionibus
2645 2487 3077 2549 compararetur.
3127 2475 3208 2536 Ex
3254 2483 3373 2538 a'iis
3419 2485 3659 2553 epistolis
3687 2486 3804 2541 hoc

2208 2582 2350 2622 anno
2379 2568 2592 2638 scriptis
2611 2570 2777 2641 liquet
2805 2570 2856 2624 in
2885 2572 3048 2627 rebus
3083 2573 3293 2629 bellicis
3312 2591 3474 2646 quam
3505 2577 3799 2644 sollicitus,

2206 2674 2365 2728 quam
2390 2660 2594 2730 peritus
2623 2660 2761 2716 foret
2787 2661 2972 2734 (Ibid,
2994 2681 3112 2736 epp.
3141 2665 3195 2732 3,
3223 2663 3311 2732 9.9,
3342 2666 3433 2734 30,
3461 2666 3575 2735 Si.)

2278 2750 2330 2804 7.
2370 2749 2428 2805 In
2459 2766 2522 2806 ea
2552 2751 2619 2807 de
2647 2769 2754 2823 qua
2784 2753 2951 2810 locuti
2981 2772 3166 2813 sumus
3187 2758 3400 2827 Agilulti
3423 2761 3801 2830 expeditione,

2208 2838 2542 2910 Langobardi
2573 2859 2679 2898 non
2707 2844 2878 2900 solum
2908 2861 3095 2916 agrum
3129 2848 3430 2904 Romanum
3461 2851 3682 2908 Perusio
3715 2855 3804 2908 vi-

2207 2935 2386 2990 cinum
2409 2935 2918 3009 deprmdationibus,
2941 2941 3226 3009 incendiis,
3249 2944 3482 3000 caedibus
3505 2945 3799 3013 foedarunt,

513 3028 771 3082 Severum
797 3029 1007 3084 abunde
1028 3029 1248 3094 habere,
1272 3029 1414 3084 unde
1434 3045 1658 3083 munera
1681 3029 1733 3083 in
1758 3029 1965 3084 aulicos
1981 3044 2101 3099 pro-
2130 3044 2178 3108 α
2210 3027 2302 3082 sed
2333 3026 2399 3081 ad
2447 3028 2615 3097 ipsius
2647 3027 2804 3085 Urbis
2843 3046 3026 3087 muros
3053 3037 3418 3090 cast-rametati
3462 3045 3606 3091 sunt.
3637 3034 3800 3094 Tunc

514 3119 783 3185 funderet,
816 3128 872 3174 et
897 3119 947 3174 in
971 3136 1096 3176 ειυς
1122 3135 1217 3175 eos
1244 3127 1423 3190 partes
1446 3129 1635 3174 contra
1665 3120 1846 3175 sedem
1874 3128 2096 3190 aposto-

517 3196 673 3265 licam
718 3212 1072 3276 pertraheret.
1129 3211 1550 3268 Misericordiam
1587 3213 1800 3282 quidem
1847 3212 2100 3270 Ecclesiae

518 3300 765 3356 hostibus
811 3302 1178 3371 denegandam
1223 3319 1330 3359 non
1360 3318 1479 3359 esse
1499 3345 1514 3367 ,
1542 3305 1636 3361 sed
1664 3305 1812 3376 prius
1855 3306 2100 3362 ﬁdelibus

517 3389 896 3445 exhibendam.
949 3390 1004 3445 In
1035 3392 1281 3461 proximo
1309 3409 1438 3448 vero
1467 3409 1589 3448 esse
1615 3395 1919 3465 civitatem,
1949 3396 2104 3467 cujus

523 3479 674 3534 multi
697 3481 845 3536 cites
875 3480 926 3535 in
942 3481 1306 3551 captivitatem
1329 3482 1565 3548 abducti,
1590 3484 1658 3539 ad
1678 3499 1814 3554 quos
1834 3485 2106 3542 redimen-

519 3570 619 3625 dos
651 3571 964 3627 mittendum
987 3588 1105 3628 esse
1125 3590 1245 3629 cum
1276 3575 1498 3644 pecunia
1520 3572 1802 3643 Claudium
1829 3577 2101 3634 abbatem.

597 3661 746 3716 llmc
789 3661 950 3718 Gradi
999 3663 1478 3734 conﬁagrationom
1517 3669 1807 3740 contigisse
1835 3671 2104 3728 credimus

521 3751 738 3821 quando
768 3753 1029 3822 Agilult‘us
1057 3763 1248 3811 contra
1280 3765 1390 3813 tres
1407 3758 1570 3815 duces
1592 3762 1683 3831 qui
1708 3761 2107 3818 rebellaverant

521 3841 793 3908 profectus
821 3853 922 3899 est.
956 3844 1032 3899 Ex
1062 3846 1144 3901 his
1174 3846 1441 3917 Minnll‘ns,
1473 3849 1578 3906 dux
1601 3851 1794 3909 Insula:
1817 3853 1875 3910 S.
1901 3852 2105 3914 Iuliani

521 3933 646 4004 {sive
671 3933 726 3988 S.
755 3933 945 4006 Julii],
991 3937 1085 4007 qui
1111 3937 1178 3992 ad
1206 3937 1444 3996 Francos
1471 3941 1774 4008 defecerat,
1807 3959 2106 4017 eorumque

522 4033 702 4092 partes
747 4037 933 4095 aperte
980 4027 1208 4097 foverat,
1264 4030 1438 4086 vietus
1487 4040 1542 4087 et
1592 4033 1947 4105 interemptus
1997 4046 2104 4093 est.

519 4113 796 4168 Gaidttlfus
825 4115 932 4188 [ΑΙ.
979 4117 1294 4189 Gandullus]
1338 4119 1712 4190 Pergamensis
1757 4139 1855 4180 seu
1902 4125 2104 4196 Bergo—

523 4204 744 4271 mensis,
777 4205 1049 4262 deditione
1079 4207 1238 4275 facta,
1273 4210 1324 4263 in
1347 4213 1574 4280 gratiam
1599 4221 1679 4268 est
1704 4223 1979 4284 receptus;
2016 4216 2106 4272 Ul-

522 4293 619 4346 l'ari
647 4305 846 4358 autem,
878 4295 1104 4350 Tarvisii
1130 4296 1257 4366 dux,
1289 4301 1421 4356 urbe
1451 4311 1630 4371 capta,
1656 4304 1708 4358 in
1731 4305 1944 4362 vincula
1966 4322 2102 4363 con-

515 4383 718 4451 jicitur.
752 4384 856 4456 (Cf.
885 4385 1038 4441 Paul.
1072 4387 1218 4442 Diue.
1256 4389 1344 4444 lib.
1377 4408 1450 4460 tv,
1479 4409 1525 4448 c.
1557 4395 1636 4465 '5.)

595 4478 648 4530 ﬁ.
697 4478 809 4533 line
840 4495 983 4535 anno
1026 4482 1278 4551 Arinilus,
1311 4487 1578 4542 secundus
1622 4499 1744 4558 post
1776 4490 2102 4550 Faroaldum

517 4569 626 4624 dux
656 4571 1087 4643 Beneventanus,
1141 4591 1328 4645 agrum
1373 4579 1674 4636 Romanum
1724 4583 1936 4650 invasit,
1979 4594 2036 4641 et
2073 4601 2105 4642 e

519 4658 760 4714 Romana
793 4662 947 4730 plebe
971 4663 1250 4733 plurimos,
1289 4676 1377 4722 aut
1411 4670 1600 4724 occidit
1628 4680 1718 4726 aut
1746 4673 2101 4741 detruncavit,

520 4752 998 4824 inquitGregorius
1025 4754 1164 4824 (Lib.
1188 4775 1245 4824 l',
1271 4759 1481 4831 ep.46),
1513 4763 1604 4832 qui
1629 4779 1739 4834 pne
1768 4767 2025 4822 maestitia
2049 4768 2105 4826 in

519 4842 772 4898 cltolicant
789 4845 1079 4901 molestiam
1095 4847 1315 4916 incidit;
1348 4851 1623 4906 choleram
1645 4854 1870 4910 lorsitan
1898 4872 1996 4912 seu
2010 4857 2095 4912 bi-

515 4932 624 4986 lem
655 4934 1022 5002 quaintestina
1054 4937 1430 4995 laborarentet
1456 4944 1769 5001 stomachus
1797 4945 1882 5001 hic
1904 4947 2100 5018 signiﬁ-

515 5024 924 5081 cat.’l‘ristitiam
938 5031 1166 5098 augebat
1182 5029 1754 5102 Romanusexareltus,
1768 5038 1860 5107 qui
1873 5040 1974 5094 etsi
1992 5040 2099 5096 bel-

512 5117 565 5172 lo
585 5118 825 5188 impares
855 5128 938 5182 et,
966 5121 1444 5189 pacinihilominus
1458 5127 1702 5182 totonisu
1718 5131 2052 5199 repugnabat
2071 5174 2088 5198 ,

512 5205 718 5261 lucrum
741 5223 806 5261 ex
831 5209 1059 5278 publicis
1079 5211 1474 5270 calamitatibus
1494 5230 1786 5287 aucupans.
1812 5218 1969 5274 Omni
1987 5219 2101 5277 fere

512 5298 762 5366 pnesidio
800 5315 964 5354 \‘thU't
1004 5310 1122 5356 erat
1181 5301 1437 5368 Roma,et
1461 5308 1551 5376 qui
1580 5308 1647 5362 ad
1694 5325 1972 5366 murorum
1998 5329 2097 5368 ett-

511 5389 740 5444 stodiam
769 5391 942 5446 relicti
975 5392 1185 5448 fuerant
1210 5405 1236 5434 ι
1265 5394 1646 5467 Theodosiani,
1680 5418 1800 5457 cum
1824 5405 2095 5475 stipendia

514 5494 623 5534 non
669 5483 997 5552 acciperent,
1048 5485 1132 5541 vix
1179 5487 1246 5543 ad
1287 5493 1543 5550 excubias
1588 5495 1798 5567 aliaque
1844 5501 2096 5560 militaria

2211 3118 2268 3174 S.
2317 3118 2514 3175 Doctor
2553 3119 2883 3178 Ezechielem
2916 3125 3232 3195 prepltetam
3284 3126 3602 3184 Christiana:
3649 3130 3803 3200 plebi

2210 3210 2519 3279 exponebat
2547 3211 2734 3266 eadem
2760 3213 2922 3267 animi
2951 3217 3358 3284 tranquillitate,
3404 3234 3469 3274 ac
3494 3219 3540 3273 si
3565 3219 3694 3274 nihil
3728 3221 3802 3275 ab

2209 3300 2363 3357 hoste
2384 3301 2410 3354 Γ
2408 3303 2568 3358 uisset
2585 3306 2947 3361 metuendum.
2973 3306 3160 3378 Neque
3177 3317 3463 3379 postquam
3475 3312 3686 3382 accepit
3708 3328 3802 3367 re-

2209 3406 2326 3462 gem
2343 3394 2656 3465 Padumjatn
2671 3398 2945 3454 transiisse
2966 3408 3019 3454 et
3035 3401 3098 3455 ad
3125 3399 3282 3458 Urbis
3297 3403 3630 3459 obsidionem
3647 3404 3800 3460 festi-

2212 3500 2361 3551 nare,
2374 3496 2608 3556 ereptura
2621 3503 2755 3557 Opus
2772 3490 3078 3560 intermisit,
3092 3494 3236 3564 quod
3251 3496 3446 3550 merito
3481 3496 3724 3552 Bernard
3735 3515 3802 3554 us

2210 3574 2522 3631 admiratur.
2564 3577 2670 3634 Sed
2710 3583 2778 3634 ab
2820 3581 2934 3651 ejus
2955 3583 3133 3638 verbis
3179 3583 3474 3641 referendis
3504 3587 3752 3643 abst'neo
3778 3631 3796 3657 ,

2211 3679 2332 3737 qua:
2357 3666 2409 3720 in
2439 3668 2750 3737 prmlatione
2773 3672 2839 3726 ad
2869 3672 3116 3730 homiiias
3139 3675 3191 3729 in
3234 3675 3578 3732 Ezechielem
3610 3678 3800 3749 legere

2210 3755 2358 3824 licet,
2388 3757 2464 3812 uti
2493 3768 2686 3815 caetera
2711 3777 2830 3832 quae
2858 3763 2924 3818 ad
2948 3764 3065 3818 illas
3093 3766 3344 3823 homilias
3359 3770 3652 3839 pertinent.
3680 3769 3801 3826 Ho-

2210 3856 2293 3903 ste
2330 3857 2506 3904 tamen
2550 3849 2678 3908 Urbi
2721 3853 2938 3922 jamjam
2979 3855 3318 3925 imminente,
3365 3857 3529 3914 ﬁnem
3568 3861 3801 3916 concio-

2209 3941 2376 3996 nandi
2422 3942 2599 3998 lacere
2649 3953 2870 4000 coactus
2897 3954 2980 4001 est
3009 3955 3066 4001 ut
3095 3949 3210 4020 ipse
3253 3949 3347 4004 ait.
3394 3949 3609 4006 Partem
3655 3952 3802 4008 hanc

2208 4032 2442 4088 bomilia:
2468 4034 2664 4090 ultima:
2689 4044 2893 4102 attexo,
2913 4038 3057 4107 quod
3082 4039 3132 4094 in
3160 4055 3226 4094 ea
3265 4041 3586 4099 miserabilis
3606 4042 3801 4098 Roma:

2209 4133 2382 4180 status
2395 4127 2549 4192 quasi
2565 4127 2635 4182 ob
2657 4128 2844 4184 oculos
2865 4130 3070 4198 positus
3089 4133 3475 4202 conspiciatur.
3500 4133 3637 4188 Ecce
3660 4135 3801 4203 lucc,

2207 4225 2264 4270 ut
2293 4216 2404 4274 Deo
2425 4221 2680 4279 largiente
2707 4223 2965 4289 potuimus
2984 4265 3000 4292 ,
3031 4241 3209 4279 coram
3239 4227 3410 4296 vobis,
3443 4230 3641 4299 fratres
3671 4231 3800 4283 cha-

2212 4311 2434 4375 rissimi,
2467 4315 2641 4366 rimati
2670 4331 2867 4369 sumus.
2901 4314 3070 4372 Nemo
3101 4329 3272 4373 autent
3302 4337 3384 4374 me
3411 4323 3796 4391 reprehendat,

2133 4419 2187 4480 Ι)
2211 4404 2257 4456 si
2283 4405 2552 4473 post/iane
2591 4407 2901 4462 (cautionem
2942 4426 3206 4466 cessavero
3243 4413 3406 4483 :quia
3435 4416 3567 4468 sicut
3615 4433 3800 4470 omnes

2208 4495 2449 4561 cernitis,
2499 4506 2690 4552 nostra:
2750 4499 3106 4555 tribulationes
3170 4513 3504 4558 excreuerant
3527 4521 3546 4558 :
3569 4505 3800 4578 undique

2207 4584 2396 4655 gladiis
2433 4587 2734 4659 circumfusi
2773 4607 2986 4658 sumus,
3017 4593 3244 4664 undique
3291 4595 3566 4649 imminens
3614 4598 3802 4652 mortis

2208 4679 2493 4746 periculum
2525 4681 2780 4735 timemus.
2829 4682 2936 4736 Alii
2964 4683 3287 4740 detruncati:
3332 4689 3401 4739 ad
3425 4703 3518 4741 nos
3551 4687 3798 4744 manibus

2210 4769 2443 4834 redeunt,
2469 4772 2561 4825 alii
2590 4773 2750 4841 capti,
2777 4773 2868 4827 alii
2891 4775 3186 4845 interempti
3207 4778 3533 4833 nuntiantur.
3565 4778 3689 4833 lam
3711 4797 3804 4832 co-

2209 4876 2304 4929 gor
2333 4859 2565 4929 linguam
2596 4861 2659 4914 ab
2693 4864 3012 4933 expositione
3052 4866 3270 4921 retinere
3289 4909 3304 4935 ,
3343 4870 3461 4940 quia
3493 4870 3646 4923 (cedet
3677 4871 3803 4924 aui-

2207 4969 2345 5006 mam
2366 4969 2533 5006 meam
2561 4958 2678 5009 vita:
2712 4971 2856 5010 meae.
2916 4957 3060 5011 Alibi
3091 4965 3319 5014 testatur
3362 4961 3506 5016 visos
3534 4977 3566 5015 a
3606 4977 3666 5016 se
3693 4962 3804 5016 lio-

2208 5061 2392 5098 manos
2431 5061 2571 5099 more
2617 5062 2804 5100 canum
2849 5049 2901 5102 in
2945 5049 3092 5104 collis
3133 5051 3342 5121 funibus
3369 5054 3580 5124 ligatos,
3611 5055 3699 5125 qui
3727 5054 3805 5108 ad

2207 5131 2493 5188 Franciam
2521 5136 2838 5191 ducebantur
2866 5141 3069 5196 venales
3101 5138 3242 5214 (Lib.
3272 5158 3304 5196 ν
3326 5184 3340 5207 ,
3367 5161 3451 5214 ep.
3482 5144 3596 5214 40).
3625 5142 3669 5198 Ο
3698 5144 3793 5198 du-

2208 5239 2322 5277 rant
2368 5224 2582 5278 illorum
2632 5226 2907 5294 quondam
2958 5225 3114 5284 Orbis
3162 5231 3506 5287 dominorum
3555 5237 3798 5289 sortem!

2278 5313 2404 5371 ilice
2429 5315 2642 5385 Agiluiti
2667 5319 2968 5387 expeditio,
3017 5321 3158 5375 inter
3181 5337 3265 5376 res
3294 5339 3438 5377 anno
3463 5321 3570 5377 593
3612 5336 3806 5392 gestas

2205 5411 2394 5468 referri
2437 5413 2608 5478 solet,
2638 5414 2734 5468 sed
2761 5414 2828 5468 ad
2871 5431 3069 5471 annum
3122 5415 3226 5470 592
3257 5420 3436 5486 potius
3479 5421 3788 5492 pertinere,

2207 5506 2323 5562 [nec
2359 5505 2489 5560 mihi
2537 5507 2882 5576 persuadent.
2934 5509 3198 5579 Agilult‘us
3250 5510 3475 5568 nontam
3533 5512 3806 5581 tentavit.

589 5651 612 5680 ⁸
640 5639 726 5697 Sic
753 5643 876 5701 dicti
919 5647 1110 5706 milites
1138 5651 1360 5719 legionis
1385 5669 1501 5722 qua:
1541 5657 1755 5714 nomine
1786 5659 2074 5720 Theodosii
2105 5665 2258 5721 unius
2289 5681 2355 5720 cx
2385 5664 2724 5736 imperatoris
2751 5665 2874 5722 ﬁliis
2898 5666 3305 5738 insignicbatur.
