3992 6300
191 237 288 292 517

681 237 737 290 S.
782 233 1108 288 CilECOItll
1146 232 1361 290 ΜᾹΩΝΙ
1407 233 1589 293 γιτΑ,
1635 232 1721 286 EX
1771 231 1934 286 EJUS
1971 232 2275 288 SCilll‘TlS
2316 233 2706 290 ADOllN.\'f.\.
2751 235 2874 290 Llil.
2921 238 2981 292 ll.

3344 251 3448 304 5I3

187 349 401 422 quando
430 347 499 402 ad
534 348 735 402 Pl'rUSii
761 346 1212 416 expugnationem
1244 355 1327 401 est
1356 345 1628 416 profectus
1646 385 1662 407 ,
1704 352 1760 398 nt
1793 350 1834 402 Δ
1866 345 2012 414 cujus
2034 345 2227 399 doloris
2256 347 2342 409 sit,
2364 357 2528 401 rastra
2557 350 2861 419 fraternitas
2888 359 3032 406 tanto
3064 358 3232 410 verius
3249 367 3448 427 ρεηερι,

175 440 444 509 colligitur
465 455 528 494 ex
571 438 737 493 Paulo
765 437 997 490 Diacono
1026 455 1038 488 :
1073 435 1266 490 Statim
1309 436 1488 490 Ticino
1519 451 1755 505 egressus

176 549 303 596 rex,
355 529 624 584 Perusiam
663 528 875 598 petiit...
909 527 1063 596 hujus
1108 527 1242 596 regis
1285 526 1506 579 adventu
1549 525 1600 577 in
1644 532 1759 576 tan-

173 636 278 677 tum
305 623 482 676 beatus
506 617 782 690 Gregorius
811 635 948 688 papa
972 617 1247 670 exterritus
1269 625 1364 680 est,
1387 625 1442 668 ut
1471 613 1534 668 ab
1558 615 1765 680 τίη)οεὶ-

173 715 310 766 tione
358 711 558 780 templi,
606 709 670 762 de
713 725 812 780 quo
855 705 1098 760 Ezechiel
1145 705 1452 775 scripserat,
1498 704 1762 768 desisteret

175 802 316 870 (Lib.
351 817 423 864 iv,
456 818 503 854 ε.
549 799 633 870 8).
687 797 744 851 Id
783 797 1076 864 contigisse
1104 795 1285 850 statim
1313 810 1378 848 ac
1408 810 1502 848 rex
1554 793 1764 862 accepit

177 891 482 954 Perusiam,
505 904 628 944 cum
657 887 778 942 aliis
801 886 1021 941 urbibus
1044 883 1157 954 jam
1189 883 1534 945 enumeratis,
1568 882 1634 936 ab
1665 898 1760 936 ex—

173 982 343 1035 archo
369 981 531 1034 fuisse
560 986 905 1047 occupatum,
961 975 1101 1030 idem
1149 975 1384 1044 scriptor
1410 972 1554 1028 clare
1581 970 1758 1025 docet.

175 1072 246 1125 At
271 1071 576 1126 Romanum
601 1070 892 1126 esarchum
916 1066 1139 1123 Perusio
1160 1066 1403 1136 potitum
1431 1078 1548 1118 esse
1571 1062 1762 1116 saltem

172 1175 324 1214 anno
345 1159 582 1216 secundo
605 1157 950 1229 pontificatus
974 1154 1033 1210 S.
1058 1154 1326 1222 Gregorii,
1357 1151 1542 1208 scribit
1565 1149 1678 1219 ipse
1709 1149 1759 1222 in

169 1249 410 1318 cpistola
436 1251 540 1306 hoc
563 1264 704 1304 anno
725 1248 848 1303 data
866 1289 882 1315 ,
912 1261 1031 1316 qua:
1060 1261 1180 1301 cum
1217 1244 1321 1298 alia
1343 1242 1452 1310 jam
1477 1255 1619 1310 saepe
1645 1239 1761 1292 lau-

166 1340 300 1394 data
347 1342 580 1397 conferri
614 1340 775 1395 debet
806 1337 946 1410 (Lib.
979 1353 1034 1402 n,
1063 1354 1145 1408 ep.
1179 1334 1282 1400 46;
1327 1332 1418 1387 lib.
1451 1347 1504 1400 v,
1529 1348 1610 1402 ep.
1650 1329 1760 1401 40).

651 1452 814 1524 235
849 1447 1075 1503 curer
1115 1445 1245 1502 vni.

164 1545 373 1596 Ancon.
397 1575 457 1585 —
481 1550 523 1596 t.
548 1545 696 1594 Roma
739 1545 862 1590 fame
912 1539 1112 1589 laborat.
1137 1562 1199 1572 —
1244 1536 1289 1586 '2.
1318 1534 1458 1596 Quid
1486 1545 1656 1596 passus
1697 1535 1765 1596 sit

225 1594 520 1669 Gregorius
549 1609 613 1669 ab,
649 1605 957 1669 adversariis.
982 1624 1041 1636 —
1068 1603 1096 1648 5
1143 1599 1318 1669 Pacem
1355 1597 1415 1643 ab
1437 1594 1766 1669 Lningobardis

225 1656 488 1732 impetrat.
511 1695 573 1705 -—
596 1668 641 1715 i.
678 1667 713 1732 it
742 1665 867 1732 turpi
909 1663 1044 1711 lucro
1069 1672 1207 1732 qua'u
1236 1659 1428 1732 alincups
1461 1656 1609 1732 foret.
1635 1681 1696 1692 —
1716 1657 1746 1705 5

1863 441 2055 502 quanto
2072 450 2152 486 me
2166 436 2249 505 qui
2272 436 2382 489 Itwc
2395 439 2585 506 patior,
2610 440 2786 506 purius
2807 451 2950 494 amat
2979 441 3119 514 (Lib.
3143 462 3195 513 ν,
3223 463 3304 518 cp.
3331 449 3439 517 4‘2).

1935 519 1988 573 5.
2032 519 2200 577 Paulo
2230 532 2354 593 post
2382 526 2597 579 admota
2626 530 2836 583 mmniis
2861 529 3020 585 Urbis
3053 542 3230 588 castra
3262 551 3444 590 reces-

1863 610 1933 665 sit
1958 610 2238 679 Agilulfus.
2269 611 2466 676 Pacem
2509 622 2634 670 tunc
2663 617 2879 685 factam,
2906 621 3163 676 suadente
3194 623 3442 681 Theode-

1865 699 2028 762 linda,
2056 711 2235 756 narrat
2265 702 2463 759 Paulus
2495 703 2774 761 Diaconus.
2801 707 2882 762 Ad
2919 711 3034 780 ejus
3062 715 3283 768 coasilia
3310 715 3446 773 Grc-

1864 791 1997 858 gorii
2028 807 2218 860 preces
2259 804 2603 850 accesserunt
2631 805 2684 851 et
2731 814 2986 868 munera,
3028 803 3218 871 quibus
3265 807 3444 875 populi

1866 879 2097 933 Romani
2129 881 2436 936 libertatem
2468 883 2743 954 vitamque
2787 887 3055 957 redimere
3103 891 3340 959 solebat,
3393 901 3449 945 ut

1863 968 1977 1038 ipse
2022 970 2295 1034 describit,
2330 987 2510 1025 rerum
2557 981 2756 1028 statum
2803 975 3168 1033 Constantina:
3198 980 3448 1049 Augusta:

1865 1073 2142 1129 exponens
2169 1078 2182 1113 :
2227 1060 2421 1131 Viginti
2466 1073 2636 1116 autem
2649 1065 2762 1134 jam
2794 1077 2844 1119 et
2885 1078 3080 1137 septem
3113 1088 3279 1125 annos
3309 1073 3451 1127 duci-

1865 1169 1996 1215 mus,
2018 1153 2154 1222 quod
2177 1153 2229 1206 in
2252 1154 2350 1206 hac
2376 1155 2502 1208 urbe
2522 1158 2653 1208 inter
2669 1156 3134 1228 Langobardorum
3153 1167 3356 1234 gladigs
3373 1169 3442 1220 vi-

1863 1244 2043 1296 vimus.
2078 1241 2271 1304 Quibus
2291 1260 2444 1314 quam
2485 1245 2647 1297 multa
2671 1246 2768 1299 hac
2789 1227 2854 1299 ab
2879 1249 3112 1303 Ecclesia
3134 1227 3449 1322 quotidianus

1866 1331 2040 1386 diebus
2062 1341 2361 1402 erogantur,
2394 1343 2450 1386 ut
2472 1335 2609 1388 inter
2647 1352 2734 1389 eos
2763 1337 2928 1391 virere
2956 1343 3234 1408 possimus,
3273 1361 3452 1414 sugge-

1868 1424 2030 1479 rrntla
2058 1440 2160 1477 non
2190 1433 2328 1477 sunt.
2355 1423 2461 1479 Sed
2483 1426 2702 1480 breviter
2732 1427 2921 1491 indico,
2951 1430 3070 1494 quia
3102 1433 3232 1484 sicut
3260 1436 3313 1486 in
3342 1432 3451 1487 Ra-

1868 1529 2046 1567 uenna!
2065 1514 2294 1581 partibus
2321 1513 2644 1568 dominorum
2683 1518 2848 1586 pietas
2871 1518 3009 1588 apud
3049 1520 3272 1587 primum
3301 1537 3453 1574 exer-

1869 1603 2024 1656 citum
2085 1601 2258 1656 Italia:
2307 1604 2638 1658 sacellariunt
2687 1604 2872 1670 habet,
2917 1609 3001 1678 qui
3051 1611 3222 1662 causis
3268 1627 3450 1680 super-

223 1693 567 1790 ἰςὲᾜζξιῖεζηπ,
596 1693 1764 1790 ’.ζ”ξέἀξοῖῇξιῖέίὶρηυῇς
1799 1699 1846 1758 Β
1874 1694 2190 1790 venientibus
2236 1695 2565 1765 quotidianus
2593 1711 2847 1766 expensas
2878 1699 3068 1768 faciat,
3101 1699 3170 1751 ita
3201 1710 3248 1752 et
3276 1704 3328 1753 in
3354 1701 3450 1753 hac

227 1778 302 1840 ἱ)ιὶ
341 1778 616 1848 superbiam
641 1778 856 1848 deponit.
881 1778 1013 1848 e—"i.
1038 1783 1230 1830 Sancta:
1265 1779 1405 1848 _sedis
1450 1778 1766 1848 vices_blaxi-

226 1839 604 1902 miaao'tiibuit.
628 1861 690 1884 -ι
710 1839 756 1894 ἶ·¹.
786 1847 927 1894 Varia
953 1844 1014 1891 ab
1039 1857 1100 1891 eo
1121 1843 1402 1891 constituta.
1421 1865 1484 1876 ——
1505 1843 1554 1888 9.
1582 1839 1767 1902 Legum

224 1900 464 1963 audentiae
487 1912 575 1959 fuit
614 1908 1082 1956 observantissimus.
1110 1932 1171 1941 —
1202 1905 1274 1954 ιο.
1303 1904 1479 1952 Pacem
1517 1903 1644 1950 inter
1663 1900 1766 1963 lia-

229 1962 500 2024 aimianum
544 1973 822 2032 episcopum
867 1976 920 2016 et
961 1966 1225 2032 Eusebium
1269 1965 1497 2032 abbatem
1523 1962 1760 2032 conciliat.

231 2022 623 2084 Prudentissinia
675 2022 871 2091 uirique
915 2033 996 2077 dat
1036 2029 1320 2091 ntOttit:i_._—
1345 2022 1766 2091 1__l‘.APrtv_il‘egjum

227 2083 533 2147 Ariminensi
561 2083 857 2142 tuonasteiio
879 2103 1183 2140 concessum.
1213 2085 1328 2149 (An.
1353 2087 1442 2138 591
1473 2092 1525 2135 et
1547 2083 1682 2145 592.)

244 2199 302 2252 1.
349 2198 555 2254 Eodem
580 2212 721 2250 anno
763 2195 831 2249 ad
853 2195 981 2249 belli
1013 2191 1316 2248 incendium
1344 2207 1452 2262 quo
1481 2189 1765 2245 Romanus

170 2309 311 2363 ager
337 2290 707 2360 conﬂagravit,
739 2287 894 2341 [ίιιιιὶς
923 2285 1190 2354 ﬂagellum
1220 2284 1472 2348 accessit,
1502 2284 1572 2338 ob
1599 2297 1761 2351 quam

170 2383 503 2452 Gregorium
533 2380 846 2452 prmfectmn
888 2376 1064 2439 Urbis.
1096 2375 1404 2431 Castorium
1445 2373 1763 2442 magistrum

167 2475 431 2538 militum,
463 2481 520 2527 et
545 2487 810 2526 summum
851 2466 1181 2540 pontificem,
1208 2465 1544 2534 negligentia:
1572 2461 1760 2517 crimi-

167 2585 252 2622 na:
270 2567 287 2619 i
303 2564 420 2620 ausi
438 2571 561 2619 sunt
585 2560 726 2631 apud
749 2560 1046 2627 Augustum
1073 2570 1260 2610 eorum
1285 2553 1487 2609 inimici
1509 2560 1561 2607 et
1584 2551 1762 2606 rentiuli

168 2669 487 2726 quanquam
499 2665 713 2706 ()lllllcm
731 2664 914 2704 curam
929 2645 1263 2701 adhibuisset
1276 2642 1764 2709 uosterGrcgorius

171 2759 196 2784 ι
225 2755 286 2799 ut
311 2745 455 2798 banc
474 2740 751 2812 penuriam
781 2737 1078 2806 depelleret
1104 2735 1269 2789 :‘cum
1300 2733 1446 2787 enim
1499 2730 1763 2800 superiori

171 2841 328 2890 anno
351 2847 538 2904 paucze
559 2832 628 2886 ob
651 2830 990 2884 sterilitatem
1019 2826 1262 2882 collecta:
1285 2829 1463 2878 essent
1481 2828 1690 2890 segetes
1713 2822 1767 2874 in

169 2925 329 2981 Italia
350 2965 366 2988 ,
393 2930 700 2993 opportuno
734 2929 976 2988 tempore
1008 2931 1230 2986 operam
1259 2914 1410 2970 dedit
1439 2921 1497 2969 ut
1533 2929 1564 2967 a
1604 2912 1766 2968 Petro

169 3016 522 3072 Subdiacono
556 3012 695 3082 (Lib.
729 3029 768 3077 ι,
801 3029 881 3082 ep.
921 3010 1016 3080 72)
1069 3023 1261 3078 magna
1305 3007 1560 3061 frumenti
1606 3005 1763 3075 capia

171 3113 588 3176 eoinpararetur
608 3105 662 3158 in
684 3103 885 3165 Sicilia,
911 3109 1003 3155 aut
1024 3100 1092 3156 ab
1114 3097 1601 3155 eccl'esiast-icorum
1626 3111 1763 3165 pra:-

171 3202 392 3255 diorum
415 3198 648 3262 colonis,
679 3197 882 3266 absque
916 3202 1094 3247 tamen
1125 3191 1412 3246 vexatione
1456 3187 1766 3258 suppedita-

171 3301 342 3346 retur.
372 3289 684 3358 Deindeque
710 3295 770 3340 ut
791 3284 971 3341 multa:
998 3271 1188 3353 quibus
1209 3281 1584 3352 deportaretur
1599 3291 1764 3332 naves

170 3383 438 3438 oneraria:
468 3389 666 3452 praesto
691 3387 891 3440 essent,
925 3383 1238 3440 curaverat;
1271 3374 1365 3428 se]
1393 3374 1531 3428 hanc
1555 3379 1766 3440 egesta«

173 3475 234 3528 tis
262 3489 436 3542 quam
462 3487 616 3542 passa
648 3479 728 3524 est
755 3467 889 3524 Urbs
919 3484 980 3523 as
1010 3467 1155 3536 ignat
1177 3481 1428 3530 causam,
1449 3463 1594 3533 quod
1617 3462 1768 3517 vide-

173 3565 298 3620 licet
339 3563 607 3619 f'rumenta
635 3561 726 3616 diu
754 3559 937 3614 Romae
956 3556 1160 3613 servari
1183 3571 1290 3610 non
1330 3561 1557 3624 possunt
1584 3553 1764 3607 incor-

178 3664 358 3725 rupta.
400 3652 569 3708 Hoste
597 3661 778 3706 autem
801 3649 1135 3714 imminente,
1161 3646 1502 3714 obsessisque
1533 3644 1648 3706 riis,
1680 3643 1764 3698 in-

177 3757 394 3816 tegrum
449 3759 557 3800 non
605 3752 733 3800 erat.
749 3743 901 3798 novis
941 3739 1167 3798 subinde
1197 3737 1590 3794 commeatibus
1634 3734 1765 3790 Urbi

179 3839 682 3962 sugt'el‘iigedibilis
732 3911 856 3957 tunc
897 3901 1091 3956 enituit
1135 3898 1378 3969 Gregorii
1427 3895 1763 3960 constantia,

186 4011 291 4052 tum
348 3999 404 4052 in
455 3994 788 4066 perferendis
826 4008 982 4062 inquo
1013 3991 1194 4046 animo
1235 3987 1536 4047 calumniis,
1571 3994 1683 4039 tum
1713 3985 1765 4038 in

181 4089 470 4145 asserenda
501 4087 787 4142 illustrium
814 4086 1050 4140 virorum
1080 4080 1431 4138 sibiamicitia
1452 4077 1769 4146 conjuncto-

182 4199 294 4238 rum
338 4183 608 4236 adversus
642 4181 1037 4234 obtrectatores
1083 4173 1414 4230 innocentia.
1468 4169 1767 4225 Obscurum

183 4288 284 4326 non
328 4279 452 4327 erat
481 4269 781 4324 Romanum
819 4267 1112 4323 exarclmm
1145 4279 1322 4319 rerum
1362 4260 1650 4316 infeliciter
1673 4273 1768 4327 ge-

179 4375 385 4420 starum
420 4361 673 4417 invidiam
703 4368 761 4416 ut
791 4375 820 4414 a
845 4374 905 4415 se
931 4359 1340 4428 deprecaretur,
1374 4355 1426 4408 in
1454 4352 1762 4422 praefectum

1872 1781 1997 1835 urbe
2029 1783 2080 1835 in
2111 1785 2280 1836 causis
2309 1783 2496 1838 talibus
2526 1803 2702 1840 eorum
2733 1787 3034 1842 sacellarius
3079 1806 3172 1858 ego
3218 1807 3350 1844 sum.
3382 1789 3451 1844 Et

1873 1881 2043 1926 tamen
2074 1874 2182 1927 lucc
2210 1872 2473 1939 Ecclesia,
2505 1893 2619 1947 qua:
2661 1894 2762 1932 uno
2791 1879 3065 1951 eodemque
3095 1890 3318 1950 tempore
3344 1881 3451 1934 cle-

1869 1966 2011 2031 ricis,
2045 1967 2394 2031 monasteriis,
2419 1967 2750 2036 pauperibus,
2795 1969 3003 2039 populo,
3048 1980 3199 2041 atque
3239 1972 3452 2040 insuper

1868 2051 2230 2122 Langobardis
2279 2063 2385 2107 tam
2426 2055 2588 2108 amita
2629 2055 2983 2111 indesinenter
3029 2057 3302 2127 expendit,
3336 2074 3451 2111 ecce

1869 2142 2034 2194 adhuc
2081 2158 2145 2196 ea;
2189 2145 2418 2197 omnium
2463 2143 2813 2199 Ecclesiarum
2875 2149 3126 2217 premitur
3166 2149 3452 2220 afflictione

1869 2233 2007 2300 (Lib.
2032 2251 2083 2297 v,
2116 2252 2195 2301 cp.
2228 2234 2343 2306 2|).

1936 2323 1990 2379 4.
2031 2323 2280 2379 Ecclesize
2302 2325 2561 2382 Romanae
2582 2325 2866 2384 facultates
2885 2329 3030 2401 (dum
3053 2331 3168 2400 ejus
3191 2334 3450 2404 patrimo-

1865 2415 1953 2468 nia
1983 2423 2036 2468 et
2065 2415 2263 2484 praedia
2288 2416 2486 2484 ubique
2508 2418 2699 2488 przedae
2729 2426 3008 2492 paterent)
3043 2431 3122 2477 tot
3149 2425 3447 2479 necessita-

1869 2507 2032 2571 tubus,
2061 2506 2321 2576 Gregorio
2352 2523 2442 2566 eas
2473 2507 2843 2580 dispensante,
2865 2509 3158 2578 suffecisse,
3187 2514 3451 2569 miraculo

1863 2595 2076 2649 videtur
2113 2598 2452 2666 proxinmm,
2505 2601 2802 2667 prmsettim
2849 2617 2972 2655 cum
3011 2602 3144 2656 nihil
3181 2603 3452 2673 antiquius

1866 2687 2110 2753 haberet,
2159 2704 2320 2756 quam
2352 2690 2498 2743 illata
2539 2691 2746 2746 colonis
2773 2699 2830 2746 et
2855 2693 3070 2748 rusticis
3119 2709 3150 2746 a
3191 2694 3450 2763 patrimo-
3528 2703 3535 2712 ’

1869 2782 2078 2836 niorum
2117 2781 2373 2837 Ecclesiae
2401 2783 2699 2839 tectoribus
2722 2793 2779 2839 et
2817 2785 3114 2840 meonomis
3141 2787 3333 2839 damna
3364 2800 3453 2839 re-

1869 2874 2087 2942 sarcire,
2117 2885 2175 2929 ut
2221 2891 2382 2944 supra
2432 2875 2838 2930 observavimus
2859 2917 2876 2943 ,
2906 2883 3068 2945 atque
3094 2875 3146 2930 in
3178 2885 3451 2946 posterum

1870 2984 2083 3025 cavere.
2117 2966 2385 3034 Quantum
2425 2965 2494 3020 ab
2524 2965 2734 3034 injustis
2772 2967 3148 3022 exactionibus
3189 2968 3451 3022 abhorre-

1796 3065 1842 3126 C
1875 3069 1985 3128 ret,
2029 3059 2264 3113 indicant
2291 3059 2452 3112 verba
2481 3059 2595 3112 inec
2623 3073 2710 3129 ep.
2744 3057 2813 3110 44
2842 3058 2934 3113 lib.
2959 3076 3012 3115 ιε
3040 3058 3153 3115 Nos
3193 3061 3453 3114 sacculum

1868 3151 2118 3205 Ecclesia:
2148 3166 2213 3204 ea:
2246 3151 2403 3204 lucris
2431 3150 2664 3220 turpibus
2693 3151 2928 3205 nolumus
2975 3152 3258 3224 inquinari.
3311 3151 3449 3217 Quin

1868 3243 2030 3297 etiam
2062 3242 2115 3296 in
2143 3241 2374 3296 concilio
2404 3243 2648 3296 llomano
2675 3240 2837 3310 (0.'im
2864 3258 2945 3311 ep.
2971 3240 3062 3309 44,
3091 3241 3180 3296 lib.
3215 3258 3287 3307 Iv,
3317 3257 3455 3295 nunc

1867 3332 1936 3384 ad
1965 3333 2156 3400 calcem
2183 3332 2342 3401 Epp.)
2375 3347 2482 3385 non
2513 3331 2685 3386 solum
2737 3340 2977 3386 rectores
3005 3332 3451 3401 patrimoniorum

1868 3419 2123 3476 Ecclesia:
2150 3421 2290 3475 ultra
2319 3436 2479 3489 quam
2504 3436 2603 3490 par
2620 3428 2764 3475 esset
2792 3420 2898 3475 illis
2923 3421 3315 3490 aniplilicandis
3342 3429 3460 3475 stu-

1868 3515 2083 3581 dentes,
2128 3523 2182 3570 et
2213 3515 2418 3570 alienos
2444 3515 2576 3570 fines
2622 3515 2883 3585 appositis
2915 3515 3080 3569 titulis
3112 3514 3454 3579 invadentes,

1867 3611 2223 3666 anathematis
2242 3626 2400 3680 pinna
2418 3609 2723 3664 multandos
2744 3610 2982 3674 censuit;
3007 3608 3100 3663 sed
3125 3609 3268 3678 ipsos
3290 3609 3454 3662 etiam

1869 3703 2170 3774 pontifices,
2201 3702 2247 3757 si
2274 3702 2326 3757 id
2352 3701 2488 3767 fieri,
2520 3708 2613 3754 aut
2654 3700 3027 3771 praeciperent,
3058 3708 3152 3752 aut
3181 3715 3286 3752 non
3327 3714 3455 3768 pro-

1869 3795 2137 3848 hberent.

1942 3880 1993 3936 5.
2032 3881 2230 3937 Verum
2274 3879 2391 3950 ejus
2417 3877 2668 3948 :equitas,
2701 3878 3010 3946 integ'ita’s,
3056 3884 3112 3930 et
3140 3875 3301 3929 animi
3330 3891 3449 3928 Ina-

1871 3972 2093 4041 gnitudo
2123 3970 2311 4024 nullibi
2340 3971 2437 4024 cla.
2457 3969 2538 4022 ius
2567 3969 2810 4032 elucent,
2855 3982 3016 4035 quam
3049 3966 3100 4019 in
3131 3965 3358 4035 epistola
3390 3964 3461 4020 ad

1871 4061 2285 4118 Constantinam
2307 4059 2622 4129 Augustam,
2641 4072 2705 4112 ea
2723 4058 3007 4112 occasione
3025 4055 3222 4125 scripta
3246 4053 3383 4125 (Lib.
3402 4070 3458 4120 ι’,

1871 4173 1954 4226 ep.
1985 4152 2100 4224 41).
2132 4151 2266 4207 Cum
2290 4151 2568 4220 gentilium
2601 4166 2706 4204 non
2736 4165 2939 4220 paucos
2967 4149 3140 4203 adhuc
3180 4149 3234 4202 in
3284 4147 3461 4202 Sardi-

1872 4247 1960 4302 nia
1989 4245 2304 4316 su,erstites
2332 4259 2450 4299 esse
2478 4243 2849 4312 cognovisset,
2882 4257 2944 4296 ac
2984 4241 3170 4294 insula:
3200 4240 3462 4294 sacerdo-

1873 4346 1955 4392 tes
1976 4352 2084 4406 piae
2112 4344 2332 4406 torpore
2379 4333 2446 4388 de
2487 4349 2672 4387 eorum
2704 4333 3060 4388 conversione
3102 4347 3291 4402 parum
3338 4346 3459 4385 esse

185 4453 339 4511 Urbis
361 4456 642 4525 ipsumque
664 4466 930 4505 summum
961 4447 1268 4519 pontificem
1296 4444 1569 4511 rejeeism,
1601 4441 1674 4494 De
1697 4455 1762 4495 eo
1797 4435 1844 4494 Ι)
1869 4429 2167 4492 sollicitos;
2195 4426 2321 4481 illuc
2343 4424 2628 4494 quemdam
2652 4424 2961 4493 episcopum
2980 4438 3044 4476 ex
3070 4421 3220 4475 italia
3245 4421 3463 4475 mittere

184 4546 259 4601 sic
287 4545 528 4614 loquitur
546 4545 604 4598 S.
633 4541 923 4610 Gregorius
946 4541 996 4599 in
1023 4537 1250 4608 epistola
1276 4535 1341 4588 ad
1371 4531 1766 4594 Sebastianum,

187 4637 534 4691 Sirmieusent
561 4634 869 4701 episcopum
905 4649 917 4684 :
954 4628 1102 4694 Qiue,
1134 4629 1300 4698 frater
1327 4625 1674 4686 sanctissime,
1705 4619 1768 4673 de

187 4728 336 4780 amici
367 4726 522 4781 vestri
545 4724 720 4777 dutnui
763 4721 981 4776 Romani
1013 4735 1234 4790 persona
1264 4718 1318 4770 in
1343 4715 1438 4768 hac
1463 4725 1599 4767 terra
1627 4712 1768 4782 pati-

190 4834 332 4881 mur,
388 4817 527 4888 loqui
577 4815 787 4868 minime
827 4812 1072 4866 ralemus.
1122 4808 1347 4862 Breviter
1395 4815 1564 4858 tamen
1622 4804 1767 4867 dico,

190 4905 301 4975 quia
354 4904 468 4974 ejus
515 4904 570 4957 in
611 4918 704 4955 nos
771 4899 972 4953 malitia
1036 4896 1239 4968 gladios
1303 4892 1768 4978 Langobardorum

190 4997 331 5058 ricit;
355 4996 430 5047 ita
456 4993 852 5062 utbenigniores
875 4987 1344 5051 videantur/tostas,
1376 4985 1460 5056 qui
1501 5000 1593 5036 nos
1618 4983 1774 5035 inter-

191 5087 380 5151 imunt,
410 5102 566 5157 quam
608 5082 904 5152 reipublica.’
918 5079 1146 5151 judiccs.
1180 5079 1264 5150 qui
1296 5093 1391 5130 nos
1411 5075 1612 5129 ntalitia
1641 5090 1766 5135 sua,

191 5178 385 5243 rapinis
435 5185 590 5246 atque
633 5172 856 5244 fallaciis
886 5173 937 5224 in
968 5170 1280 5240 cogitatione
1329 5174 1654 5220 consumunt.
1703 5162 1768 5215 Et

195 5283 290 5320 uno
310 5276 536 5336 tempore
559 5280 738 5318 curam
753 5265 1129 5333 episcoporum,
1151 5267 1302 5330 atque
1322 5257 1643 5311 clericorum.
1661 5254 1716 5308 Μ
1721 5271 1773 5306 ο-

197 5357 536 5411 aasteriorum
555 5371 781 5425 quoque,
804 5361 852 5406 et
880 5352 1055 5423 populi
1086 5367 1261 5422 gerere
1280 5390 1293 5413 ,
1327 5356 1507 5401 contra
1547 5346 1768 5398 hostium

201 5449 409 5502 .usiilias
422 5448 706 5503 sollicitum
721 5445 955 5516 vigilare,
971 5453 1151 5498 contra
1167 5442 1352 5495 ducum
1368 5439 1608 5509 fallacias
1622 5445 1771 5506 atque

200 5542 421 5594 malitias
469 5548 762 5609 suspectum
815 5554 1013 5606 semper
1053 5537 1305 5598 e.ristere,
1353 5530 1499 5600 cujus
1552 5528 1768 5588 laboris,

1874 4526 2176 4584 curaverat,
2206 4517 2357 4586 cujus
2387 4516 2764 4586 prmdicatiune
2807 4514 3020 4584 plurimi
3063 4512 3129 4565 ad
3171 4512 3328 4565 fidem
3371 4529 3462 4567 ac—

1874 4619 2171 4676 cesserant,
2203 4619 2426 4680 accepto
2454 4609 2795 4678 baptismate,
2849 4605 3110 4672 idolisque
3155 4603 3462 4658 sacrificare

1874 4705 2165 4760 desierant.
2210 4701 2279 4755 At
2326 4700 2450 4771 quia
2481 4698 2697 4768 praetori
2737 4713 2833 4751 seu
2860 4695 3026 4764 judiei
3074 4695 3224 4762 prius
3275 4693 3460 4747 nescio

1874 4798 2001 4869 quid
2032 4797 2188 4868 pretii
2220 4795 2529 4866 persolvere
2559 4793 2705 4847 soliti
2736 4798 2912 4856 erant,
2945 4797 3001 4842 ut
3027 4787 3336 4842 immolandi
3367 4802 3462 4841 co-

1877 4893 2019 4964 piam
2051 4894 2536 4958 consequerentur,
2568 4883 2733 4954 jndex
2781 4883 2884 4936 hoc
2912 4880 3054 4949 turpi
3085 4879 3235 4933 lucro
3275 4891 3461 4931 carere

1877 4984 2084 5046 nolens,
2117 4982 2279 5036 etiam
2306 4995 2336 5034 a
2372 4976 2678 5048 baptizatis,
2728 4990 2828 5028 nec
2883 4973 3110 5042 amplius
3156 4971 3246 5025 alii
3299 4985 3462 5040 quam

1873 5089 2005 5128 vero
2036 5073 2145 5126 Deo
2173 5068 2550 5129 servientibus,
2584 5065 2724 5120 idem
2758 5064 3016 5117 tributmn
3048 5061 3316 5128 exigebat.
3341 5060 3458 5125 Qua

1875 5164 1943 5217 de
1970 5177 2030 5216 re
2057 5167 2338 5228 correptus
2387 5157 2453 5212 ab
2482 5158 2759 5225 episcipo,
2809 5153 3164 5221 responderat
3210 5151 3311 5206 sibi
3361 5150 3463 5218 ipsi

1878 5261 2081 5306 tantum
2123 5250 2363 5320 pecunia:
2392 5247 2676 5316 imperari,
2715 5254 2773 5299 ut
2804 5245 2902 5299 nisi
2947 5243 3146 5312 iniusta
3193 5244 3307 5298 haec
3347 5243 3462 5296 exi-

1876 5342 2082 5410 gendo,
2134 5341 2183 5396 id
2228 5339 2538 5410 persolvere
2587 5352 2692 5389 non
2746 5342 2946 5403 posset.
2997 5333 3129 5387 Tam
3178 5332 3463 5387 immensis

1877 5434 2037 5488 etiam
2069 5433 2120 5486 in
2153 5431 2372 5486 Corsica
2406 5427 2575 5480 insula
2607 5426 2978 5480 exactionibus
3018 5426 3464 5494 oppritnebantur

1878 5523 2087 5588 incola),
2122 5531 2180 5577 ut
2208 5521 2286 5576 eis
2308 5518 2485 5574 facere
2513 5517 2663 5583 satis,
2697 5517 2857 5571 etiam
2889 5516 3119 5571 venditis
3139 5516 3340 5579 liberis,
3372 5517 3462 5570 vix

266 5686 283 5706 η
315 5671 388 5724 lia
417 5671 483 5726 de
530 5684 586 5724 re
615 5670 793 5724 statim
824 5678 940 5737 post
972 5684 1119 5721 suam
1159 5662 1547 5718 ordinationem
1575 5656 1840 5712 Justinum
1869 5655 2063 5712 Sicilia:
2104 5660 2386 5725 pi-ietorcm
2417 5651 2926 5707 commonefecerat.
2963 5649 3092 5706 Vide
3121 5650 3211 5706 lib.
3246 5666 3281 5718 ι,
3309 5647 3456 5718 ep.‘.’..
