3992 6300
527 235 634 290 519

1015 235 1072 292 S.
1115 233 1442 291 GREGORII
1483 236 1696 291 MACNI
1740 237 1919 300 V'ITA,
1963 238 2053 292 EX
2096 240 2255 296 EJL'S
2297 244 2599 302 SCItiPTtS
2635 247 3030 304 ADUllN.\1'.-\.
3076 236 3201 306 Llll.
3243 253 3305 309 ΙΙ.

3693 264 3806 320 520

529 356 779 416 possent;
820 363 920 404 nec
949 349 1249 406 minoribus
1277 349 1781 420 depopulationibus
1813 352 2109 405 vexabatur
2139 358 2185 412 A
2213 359 2376 412 etiam
2409 360 2460 412 in
2489 359 2743 429 subjectis
2769 363 3056 433 episcopis.
3088 365 3232 420 idem
3267 377 3494 423 testatur
3523 372 3589 425 ad
3614 373 3802 430 Domi-

522 442 725 498 Sicilia.
753 442 990 510 Quorum
1020 442 1282 497 scelerum
1306 451 1361 496 et
1384 441 1787 496 latrociniorum
1815 440 2108 511 Gregorius

521 536 809 590 certiorem
835 536 958 589 fecit
986 533 1393 603 Augustam,ut
1420 532 1486 586 de
1511 533 1613 598 his,
1646 533 1926 602 esplorato
1953 550 2072 588 com
2093 565 2106 577 -

523 627 685 681 modo
709 635 970 696 tempore,
1003 624 1319 678 Mauricium
1351 639 1696 677 comtnoncre
1722 635 1956 678 curaret.
1996 621 2104 677 Oc-

523 725 874 786 cupatautcm
899 714 1069 768 hacin
1093 713 1346 782 epistola,
1378 711 1521 781 quod
1545 712 1872 782 reSpondece
1896 722 2107 782 poterat

521 808 848 877 imperator:
876 804 1133 858 Nimirum
1162 805 1282 874 quia
1312 805 1364 857 in
1390 799 1562 857 Italica
1586 804 1825 875 expensis
1848 806 2110 858 transmit-

522 898 721 952 tebatur
757 897 1005 968 quidquid
1052 897 1113 949 de
1165 897 1428 967 prwdictis
1472 897 1656 951 insulis
1703 896 2102 969 aggregabatur.

520 989 562 1039 Α
585 988 597 1039 l
619 985 761 1054 quoi
787 986 1158 1040 sanctissimus
1180 1003 1317 1057 papa
1345 1005 1356 1039 :
1387 987 1494 1042 Sed
1518 1005 1634 1057 ego,
1664 988 1856 1058 inquit,
1883 1005 2103 1059 suggero

517 1079 586 1130 ad
613 1079 727 1144 hoc,
753 1087 806 1131 ut
828 1080 922 1132 etsi
955 1080 1124 1132 minus
1161 1096 1401 1150 expensa'
1428 1081 1483 1134 in
1530 1079 1690 1134 Italia
1733 1080 2041 1144 tribuantur,
2073 1099 2105 1135 a

514 1185 608 1222 suo
637 1179 807 1223 tamen.
836 1171 1050 1238 imperio
1081 1187 1443 1239 oppressorum
1487 1174 1748 1242 lacrymas
1792 1182 2101 1242 compescat.

518 1258 572 1313 Ν
578 1278 663 1314 ant
708 1272 759 1315 et
791 1262 982 1315 idcirco
1025 1263 1246 1332 fortasse
1278 1272 1438 1316 tanta!
1464 1264 1625 1333 236
1653 1279 1894 1334 expensa:
1923 1263 1975 1316 in
2006 1263 2105 1315 hac

517 1364 656 1408 terra
684 1357 854 1408 minus
879 1355 947 1407 ad
975 1355 1249 1409 utilitatem
1269 1356 1569 1424 proficiunt,
1613 1356 1735 1427 quia
1755 1371 1871 1407 cum
1900 1355 2103 1424 peccati

516 1447 692 1517 aliqua
728 1445 1052 1500 admixtione
1092 1447 1424 1517 colliguntur.
1461 1445 1780 1514 thcipiaut
1807 1463 1928 1516 ergo
1965 1463 2104 1499 sere-

516 1535 716 1588 uissimi
760 1535 954 1588 dontini
985 1536 1059 1587 nil
1088 1551 1202 1587 cum
1228 1545 1435 1604 peccato
1475 1535 1671 1605 colligi.
1707 1533 1775 1587 Et
1809 1537 1914 1589 scio
1943 1536 2065 1607 quia
2084 1577 2099 1603 ,

514 1629 611 1679 etsi
647 1645 829 1695 parum
878 1627 1172 1696 reipubliere
1219 1626 1518 1687 attribuitur
1556 1627 1885 1695 utilitatibus,
1932 1645 1997 1682 ea:
2040 1646 2100 1683 eo

2213 449 2387 505 nicum
2418 453 2729 523 episcopum
2761 458 3067 512 rescribens
3098 478 3111 513 :
3157 459 3232 512 De
3255 464 3615 520 ecclesiasticis
3636 471 3804 538 priri-

2211 537 2360 607 legiis
2379 539 2512 610 quod
2535 551 2701 596 vestra
2726 546 3028 614 fraternitas
3055 549 3252 614 scribit,
3278 551 3373 606 ItOC
3396 537 3676 622 pastposita
3700 557 3804 609 du~

2211 629 2456 684 bitatione
2477 641 2648 686 teneat
2674 652 2685 686 :
2712 637 2833 706 quia
2855 638 2984 690 sicut
3013 648 3191 693 nostra
3221 642 3568 712 defendimus,
3598 647 3669 700 ita
3697 649 3808 701 sino

2211 723 2344 792 gulis
2376 722 2652 796 quibusque
2683 724 2930 782 Eeclesiis
2960 747 3054 782 sua
3091 731 3216 801 jura
3247 750 3528 788 serramus.
3556 734 3664 790 Nec
3683 741 3805 791 cui-

2211 813 2348 874 libet,
2374 816 2520 884 fat-en
2531 825 2574 868 te
2595 817 2784 887 gratia,
2815 818 2951 872 ultra
2974 837 3129 889 quam
3152 831 3376 876 meretur
3394 825 3674 895 impertiar,
3709 845 3802 881 nec

2209 905 2302 958 ulli
2343 906 2436 958 hoc
2481 907 2617 978 quod
2643 909 2724 961 sui
2750 909 2880 979 furis
2909 920 3004 977 est,
3037 911 3229 966 ambitu
3259 915 3560 970 stimulante
3587 918 3801 988 derogo,

2209 995 2299 1047 sed
2359 999 2549 1066 fratres
2596 1016 2735 1053 meos
2781 1019 2875 1072 prr
2911 1004 3088 1057 omnia
3136 1005 3394 1060 honorare
3427 1009 3576 1078 cupio
3611 1009 3805 1080 (Ibid.,

2209 1104 2290 1158 ep.
2323 1086 2435 1156 47).

2281 1177 2333 1231 9.
2365 1177 2655 1249 Epistulam
2674 1181 2935 1239 Dontinici
2958 1185 3024 1240 de
3047 1197 3298 1258 suscepto
3322 1191 3640 1261 pontiﬁcatu
3664 1210 3808 1249 con-

2208 1269 2615 1334 gratulatoriam
2638 1271 2941 1329 detulerant
2958 1276 3023 1331 ad
3045 1278 3362 1346 Gregorium
3385 1281 3606 1338 honoris
3633 1299 3801 1340 causa

2209 1359 2315 1412 duo
2339 1361 2596 1432 episcopi,
2627 1365 2820 1434 quibus
2848 1365 2954 1422 duo
2976 1370 3202 1425 comites
3223 1371 3356 1437 dati,
3379 1372 3639 1430 diaconus
3661 1394 3805 1434 unus

2207 1459 2264 1504 et
2283 1451 2420 1505 alter
2443 1455 2703 1510 notarius.
2727 1456 2860 1512 Cum
2883 1459 3102 1516 honoris
3121 1463 3267 1518 vices
3293 1465 3519 1521 reddere
3539 1483 3647 1522 non
3670 1485 3803 1538 pos-

2206 1551 2290 1598 set
2316 1544 2442 1613 (hoc
2471 1546 2614 1600 enim
2648 1563 2679 1602 a
2719 1564 2972 1619 suprema
3010 1553 3129 1622 ejus
3171 1555 3428 1624 dignitate
3457 1557 3647 1615 fuisset
3671 1562 3806 1617 alic-

2209 1635 2357 1705 nuut)
2387 1651 2626 1691 amorem
2653 1649 2803 1695 certe
2843 1644 3012 1698 amori
3050 1645 3318 1714 rependit,
3351 1649 3512 1703 etiam
3551 1665 3675 1706 cum
3701 1653 3803 1708 Γω-

514 1719 727 1770 multum
750 1716 1038 1786 respublica
1068 1717 1364 1787 adjut-atur.
1403 1714 1571 1780 Quam
1596 1719 1690 1771 etsi
1731 1721 1953 1790 fortasse
1972 1737 2068 1773 con
2136 1739 2176 1798 Β
2209 1739 2361 1792 nore,
2393 1741 2499 1780 non
2526 1728 2702 1787 minus
2731 1731 2983 1788 videlicet
3018 1735 3280 1792 sollicitus
3327 1740 3582 1796 amicitia:
3639 1758 3802 1812 quam

513 1811 677 1878 tingat
722 1808 961 1874 expensis
1003 1806 1289 1862 minoribus
1313 1808 1481 1862 minus
1506 1809 1766 1878 adjuvari,
1809 1811 1991 1865 melius
2016 1821 2098 1865 est

511 1911 683 1954 tamen
713 1901 1063 1969 temporaliter
1091 1917 1185 1956 nos
1214 1918 1316 1954 non
1345 1903 1525 1967 virere,
1551 1922 1705 1976 quant
1734 1922 1817 1959 vos
1845 1905 1913 1958 ad
1944 1914 2098 1960 (eter-

510 2009 630 2046 nam
662 1992 819 2045 vitant
862 1989 1182 2046 obstaculum
1235 1993 1445 2066 aliquod
1487 1997 1736 2050 invenire.
1793 1995 1922 2060 ρυω
1964 1998 2100 2052 enint

510 2094 721 2149 mentes,
744 2083 920 2154 qualia
949 2085 1144 2137 viscera
1170 2095 1439 2153 parentum
1477 2102 1586 2139 esse
1608 2095 1845 2155 possunt,
1892 2104 2104 2156 perpeno

508 2175 633 2244 dita,
674 2175 881 2246 quando
931 2176 1066 2245 ﬁlios
1113 2193 1232 2230 suos
1287 2177 1583 2231 distrahunt
1621 2195 1683 2230 ne
1745 2187 2098 2250 torqueantur.

509 2267 659 2322 Nunc
683 2267 748 2321 ad
773 2284 858 2323 res
887 2270 1287 2325 ecclesiasticas
1313 2280 1715 2327 convertamur.

580 2359 631 2411 6.
676 2359 895 2416 Ineunte
921 2360 1024 2415 hoc
1046 2376 1189 2415 anno
1217 2361 1454 2417 secundo
1483 2361 1796 2432 Gregoriaui
1823 2362 2102 2432 pontitica-

511 2459 614 2513 tus,
641 2449 960 2506 Laurentius
993 2451 1250 2505 Romana:
1284 2451 1535 2507 Ecclesia:
1577 2452 1988 2506 archidiaconus
2015 2453 2094 2521 (is

511 2541 649 2596 forte
670 2543 760 2611 qui
780 2544 830 2597 in
861 2543 1035 2598 locum
1059 2543 1226 2612 ipsius
1253 2543 1476 2598 Romam
1498 2545 1819 2599 revertentis
1843 2544 2103 2598 Constan-

509 2633 735 2702 tiuopoli
757 2633 1014 2688 sullectus
1035 2633 1207 2687 fuerat
1231 2649 1260 2686 a
1284 2632 1500 2701 Pelagio
1517 2633 1678 2704 papa)
1703 2634 1772 2688 ob
1793 2633 2099 2704 superbiam

507 2733 562 2776 ct
591 2724 693 2776 alia
723 2723 1000 2793 depositus
1031 2733 1132 2778 cst.
1165 2723 1295 2792 Ejus
1339 2723 1515 2778 locum
1545 2723 1755 2793 accepit
1795 2722 2099 2777 Honoratus

507 2816 559 2869 iu
589 2813 797 2885 synodo
820 2815 1262 2886 presbyterorum
1293 2814 1756 2882 diaconorumque
1784 2814 2022 2890 omnium
2044 2822 2100 2868 et

508 2904 739 2959 universi
766 2895 898 2960 cleri
925 2905 1028 2970 (Ad
1048 2905 1238 2959 calcent
1272 2905 1396 2975 Ep.,
1423 2905 1547 2960 olim
1573 2904 1642 2959 ad
1670 2907 1785 2959 iuit.
1810 2903 1898 2961 lib.
1924 2903 2012 2976 tl);
2040 2914 2100 2958 ut

508 3001 684 3069 palam
715 2998 918 3055 laceret
947 3015 1189 3055 summus
1223 3000 1466 3072 pontifex
1507 3011 1767 3070 quantum
1808 3001 1907 3054 sibi
1939 2998 2092 3054 cordi

2202 1815 2544 1886 episcopatus
2559 1818 2681 1887 jura
2699 1835 2935 1878 servare.
2959 1823 3012 1878 ld
3032 1841 3130 1895 pro
3151 1837 3300 1882 certo
3316 1828 3639 1902 habebitqui
3662 1834 3804 1890 hanc

2201 1906 2269 1958 ad
2303 1905 2636 1964 Dominicum
2667 1911 2948 1982 epistolam
2979 1915 3189 1982 legerit.
3213 1917 3421 1983 Quanta
3447 1921 3590 1974 enim
3618 1923 3803 1977 chari-

2202 1994 2329 2049 tatis
2377 1994 2664 2064 fragrantia
2695 1999 2777 2054 his
2806 1999 2859 2054 in
2898 2004 3075 2059 verbis
3108 2023 3120 2057 :
3158 2004 3312 2059 Ilanc
3353 2019 3570 2063 matrem
3625 2021 3802 2066 custo-

2201 2085 2416 2159 demque
2471 2090 2715 2144 uirtutum
2767 2093 3177 2165 (dilectionem),
3219 2100 3546 2153 sanctissime
3600 2104 3797 2171 frater,

2201 2177 2507 2233 inconcussa
2554 2183 2838 2237 stabilitate
2885 2194 3166 2241 teneamus.
3201 2187 3381 2243 Nulla:
3408 2192 3460 2243 in
3504 2191 3655 2245 nobis
3684 2211 3802 2246 eam

2201 2266 2533 2324 subdolorum
2578 2271 2768 2344 lingua:
2807 2275 3143 2340 imminuant,
3192 2280 3348 2333 nulla:
3391 2282 3592 2352 antiqti
3625 2285 3796 2338 hostis

2199 2359 2405 2413 insidia'
2428 2372 2780 2431 corrumpant.
2808 2364 2938 2418 Ila’c
2959 2383 3179 2438 namque
3205 2369 3371 2423 dicisa
3384 2371 3582 2441 jungit,
3606 2383 3656 2426 et
3683 2390 3808 2428 con-

2192 2449 2379 2518 juncta
2401 2451 2640 2505 custodit.
2657 2452 2711 2505 11
2715 2470 2789 2507 ωε
2811 2455 3029 2510 Itntni’ia
3055 2459 3165 2512 sine
3189 2468 3384 2513 tumore
3403 2461 3651 2532 subrigit,
3672 2464 3719 2515 Il
3729 2483 3810 2519 ατ

2200 2550 2370 2593 erecta
2409 2543 2520 2596 sine
2549 2543 2834 2615 dejectione
2868 2547 3141 2605 submittit.
3175 2550 3276 2605 Per
3311 2554 3444 2606 hanc
3486 2557 3804 2612 uniuersalis

2199 2632 2450 2688 Ecclesia:
2477 2637 2668 2699 unitas,
2719 2654 2832 2708 qua:
2884 2649 2959 2694 est
3012 2659 3261 2712 conn-ago
3304 2645 3536 2714 corporis
3583 2645 3800 2711 Christi,

2200 2725 2558 2792 exa‘quatione
2583 2729 2767 2780 mentis
2798 2730 2988 2800 gaudet
3026 2733 3080 2784 in
3109 2735 3345 2802 singulis,
3378 2750 3492 2788 cum
3522 2739 3594 2790 sit
3614 2740 3662 2789 e'
3690 2739 3806 2791 dis-

2199 2814 2445 2881 parilitas.
2471 2817 2528 2867 itt
2560 2816 2856 2871 diversitate
2894 2819 3254 2876 membrorum.
3291 2822 3393 2877 I’er
3433 2825 3568 2878 hanc
3610 2829 3801 2880 eadem

2201 2903 2428 2957 membra
2440 2915 2488 2957 et
2505 2907 2674 2960 alieno
2695 2909 2885 2978 gaudio
2903 2910 2954 2963 in
2973 2913 3080 2964 suis
3100 2912 3290 2982 afﬂicta
3311 2917 3582 2984 exsiliunt,
3600 2929 3650 2971 et
3669 2920 3801 2973 alie-

2201 2993 2281 3045 nis
2312 2991 2614 3050 mazroribus
2643 2998 2801 3051 etiam
2829 3001 2884 3052 itt
2931 3001 3040 3054 suis
3068 3001 3188 3055 lecta
3218 3005 3608 3059 contabescunt.
3647 3006 3801 3062 Teste

505 3098 648 3144 esse;
677 3090 926 3157 indignos
968 3106 998 3144 τι
1028 3106 1185 3144 sacro
1214 3090 1513 3145 ministerio
1545 3107 1854 3156 removere;
1884 3092 2099 3161 sapic“-
2123 3112 2169 3172 ο
2201 3086 2334 3137 enim
2357 3088 2602 3146 ma.,islro
2622 3091 2871 3158 gentium,
2896 3091 3017 3146 dum
3037 3095 3082 3146 si
3103 3095 3226 3166 quid
3243 3098 3436 3165 patitur
3457 3115 3619 3152 unum
3649 3117 3804 3154 mem-

507 3181 709 3234 tissitne
736 3181 943 3235 scilicet
967 3179 1275 3248 intelligens
1305 3181 1673 3250 rempublicam
1713 3182 1876 3235 etiam
1922 3182 2098 3236 eccle-

506 3271 797 3340 siasticam,
817 3273 890 3325 uti
911 3272 1144 3341 prwmio,
1169 3273 1242 3324 ita
1259 3289 1409 3343 poma
1431 3275 1681 3328 contineri
1714 3274 1844 3346 (.Cic.
1870 3273 1938 3327 ad
1961 3271 2098 3328 Bru-

508 3363 657 3430 tant).

578 3455 632 3507 7.
674 3453 878 3509 Eodem
921 3469 1064 3508 anno
1093 3453 1239 3508 sedis
1279 3455 1593 3524 apostolica:
1627 3455 1765 3510 vices
1794 3457 1844 3511 in
1875 3467 2099 3513 cunctas

507 3543 705 3599 Siciliae
739 3543 1006 3598 Ecclesias
1054 3545 1324 3599 Commisit
1351 3553 1542 3599 sancto
1565 3544 1906 3609 Maximiano,
1935 3547 2100 3617 Syra-

507 3648 708 3686 cusano
737 3632 1020 3703 episcopo,
1053 3632 1118 3688 de
1149 3649 1256 3703 quo
1291 3633 1402 3703 jam
1437 3634 1645 3702 egimus
1679 3653 1691 3687 :
1720 3652 1880 3706 quam
1927 3637 2100 3706 digni-

509 3730 673 3775 tatem
723 3740 830 3778 nott
874 3724 994 3778 loco
1031 3724 1243 3787 tribuit,
1277 3724 1370 3779 sed
1412 3742 1688 3796 personat;
1720 3743 1784 3781 ex
1825 3735 2097 3784 transacta

508 3813 613 3864 vita
640 3814 805 3882 probe
831 3814 1153 3883 intelligens,
1179 3815 1303 3887 quid
1317 3815 1380 3870 de
1401 3816 1726 3888 subsequenti
1747 3817 1858 3888 ejus
1885 3835 2098 3873 conver-

507 3903 707 3956 satione
732 3920 1042 3973 prwsuutere
1062 3905 1237 3986 liceret
1260 3904 1400 3976 (Lib.
1431 3923 1484 3970 ιι,
1518 3924 1599 3978 ep.
1636 3909 1713 3977 7).
1748 3907 1974 3976 Majores
2013 3916 2097 3962 ta-

509 4013 631 4050 men
663 4013 856 4052 causas
883 3997 1325 4066 difﬁcilioresque
1362 3998 1693 4055 dirimendas
1719 3999 1782 4053 ad
1815 4016 1873 4055 se
1897 3999 2093 4055 deferri

506 4086 692 4139 voluit.
727 4084 802 4139 Ex
825 4085 1051 4156 epistola
1098 4086 1166 4139 ad
1197 4088 1446 4142 eumdem
1501 4090 1663 4158 paulo
1720 4099 1844 4158 post
1897 4091 2098 4160 scripta

505 4179 707 4244 (Ibid.,
744 4177 844 4249 Ep.
895 4179 987 4251 24)
1033 4181 1200 4248 liptct
1254 4198 1416 4251 quam
1464 4185 1675 4239 curiose
1723 4184 2094 4255 investigaret,

505 4268 726 4336 quinam
757 4269 1070 4338 cpisc0patu
1115 4269 1256 4338 lungi
1289 4273 1618 4341 (ubicunque
1660 4274 1912 4340 late:ent)
1941 4277 2091 4342 digni

508 4360 842 4427 tidercntur,
870 4367 925 4413 ut
952 4375 1046 4416 eos
1074 4361 1139 4416 ad
1170 4362 1495 4430 pastoralem
1547 4380 1732 4418 curam
1762 4367 1983 4435 provehi
2009 4383 2096 4424 sa-

510 4457 735 4515 tagcrct.

576 4539 627 4592 8.
661 4534 809 4594 Inter
837 4549 1031 4595 cmtera
1061 4541 1440 4596 observatione
1469 4544 1624 4613 digna
1661 4560 1779 4612 qtne
1810 4545 1913 4601 hoc
1950 4563 2091 4603 anno

503 4630 806 4697 constituit,
848 4646 954 4684 non
1001 4630 1176 4686 obiter
1224 4635 1650 4703 prietereuutiutn
1685 4635 1785 4690 ltoc
1840 4636 2095 4693 adversus

503 4722 724 4776 iteratus
751 4721 1122 4776 ordinationes
1159 4723 1435 4780 decretum
1465 4743 1478 4778 :
1514 4726 1660 4780 Sicut
1692 4725 1981 4796 baptizatus
2008 4745 2092 4782 se-

501 4815 604 4868 mel
634 4816 817 4869 iterum
845 4813 1101 4884 baptizari
1122 4833 1225 4870 non
1254 4817 1419 4884 debet,
1456 4819 1526 4871 ita
1548 4819 1631 4889 qui
1662 4829 1988 4873 consecratas
2016 4830 2098 4875 est

499 4905 674 4970 semel,
707 4906 757 4958 in
790 4906 968 4960 eodem
1011 4909 1195 4960 itermn
1237 4909 1417 4962 ordine
1462 4927 1564 4962 non
1609 4910 1740 4962 valet
1768 4913 2081 4964 consecrari.

499 4994 607 5048 Sed
626 4995 671 5048 si
689 4994 800 5065 quis
824 4993 1042 5064 forsitan
1060 5011 1173 5046 cum
1195 4996 1289 5064 lett}
1312 4997 1459 5065 culpa
1478 4998 1547 5048 ad
1561 4997 1902 5051 sacerdotium
1930 5001 2084 5065 venit,

497 5103 590 5146 pro
639 5084 791 5153 culpa
821 5087 1113 5155 poenitentia
1145 5086 1305 5139 iudici
1336 5085 1498 5150 debet,
1531 5094 1579 5138 et
1609 5095 1778 5140 tamen
1823 5088 1950 5141 ordo
1979 5106 2088 5143 ser-

498 5179 607 5230 vari
640 5175 781 5249 (Lib.
828 5193 885 5243 ll,
917 5195 999 5247 ep.
1031 5176 1146 5242 46).

571 5268 792 5322 Attente
813 5284 1029 5338 quoque
1059 5269 1283 5337 legenda
1307 5279 1427 5324 sunt
1451 5271 1611 5324 verba
1631 5271 1746 5326 lucc
1766 5271 1936 5327 sancti
1958 5287 2095 5344 pon-

501 5355 657 5410 tilicis
683 5375 696 5409 :
727 5358 875 5412 Absit
913 5359 1009 5411 hoc
1037 5375 1069 5411 a
1099 5376 1197 5422 me,
1246 5369 1299 5412 ut
1344 5369 1540 5413 statuta
1590 5363 1851 5432 majorum
1899 5380 2090 5417 consa-

499 5446 792 5501 cerdotibus
823 5449 947 5502 meis
984 5449 1036 5503 in
1078 5450 1302 5519 qualibet
1335 5449 1569 5503 Ecclesia
1612 5453 1896 5522 iufringant
1926 5470 1943 5506 :
1971 5455 2091 5525 quia

502 5537 624 5588 mitti
655 5537 902 5609 injuriant
931 5541 1087 5608 facio,
1121 5542 1166 5593 si
1198 5545 1417 5610 fratrum
1448 5560 1672 5596 meomm
1702 5545 1820 5609 jura
1851 5545 2090 5614 perturba

503 5624 643 5694 (Lib.
704 5645 758 5687 ιι.
806 5647 889 5695 ep.
940 5627 1050 5695 5'2).
1089 5630 1292 5695 Quibus
1321 5633 1555 5686 ostendit
1595 5649 1753 5701 quant
1810 5636 2092 5704 religiosus

502 5718 680 5773 cultor
703 5719 847 5775 .l'orct
867 5721 1120 5776 institutae
1146 5739 1174 5777 a
1198 5723 1407 5779 Christo
1437 5725 1754 5796 episcopalis
1785 5729 2087 5799 potestatis,

2202 3176 2349 3230 brum
2395 3182 2781 3249 compatiuntur
2825 3195 3012 3238 ca'tera
3060 3187 3314 3254 membra,
3363 3201 3411 3243 et
3451 3193 3496 3244 si
3533 3195 3804 3262 gloriatur

2201 3285 2357 3321 unum
2388 3270 2664 3325 membrum
2705 3276 3030 3345 congaudent
3071 3280 3245 3331 omnia
3285 3280 3530 3345 membra,
3566 3300 3658 3337 vos
3696 3302 3802 3340 non

2202 3359 2406 3431 ambigo
2437 3361 2499 3414 de
2524 3373 2704 3417 nostra
2745 3368 3126 3434 perturbatione
3169 3370 3518 3441 ingemiscere,
3551 3389 3676 3426 cum
3705 3392 3803 3429 nos

2201 3454 2411 3508 omnino
2441 3464 2633 3508 certum
2662 3457 2730 3509 sit
2780 3457 2842 3510 de
2893 3469 3058 3513 vestra
3103 3478 3231 3531 pace
3270 3464 3514 3533 gaudere.
3561 3464 3631 3518 Et
3677 3477 3804 3535 post

2200 3546 2366 3600 multa
2394 3565 2406 3600 :
2440 3547 2544 3602 Per
2571 3549 2838 3605 clmritatis
2867 3569 3166 3625 compagem
3205 3565 3253 3609 et
3293 3567 3380 3610 tua
3419 3570 3537 3611 sunt
3572 3577 3696 3631 qua:
3737 3563 3802 3616 de

2200 3656 2281 3693 me
2301 3640 2500 3710 loquor,
2524 3651 2574 3695 et
2589 3659 2701 3696 utea
2720 3660 2834 3715 qua:
2855 3653 2905 3698 te
2925 3660 3078 3717 agere
3101 3651 3429 3719 concupisco.

2274 3732 2358 3785 10.
2395 3731 2462 3788 Ut
2482 3733 2550 3788 de
2571 3734 2730 3789 rebus
2759 3739 3068 3793 monasticis
3092 3739 3158 3793 ad
3187 3743 3479 3797 secundum
3507 3745 3803 3811 pontiﬁca-

2201 3830 2289 3878 tus
2307 3822 2620 3892 Gregoriaui
2641 3843 2837 3882 annum
2864 3832 3252 3899 pertinentibus
3276 3849 3440 3903 pauca
3465 3835 3796 3904 delibentus,

2202 3913 2334 3968 nilnl
2363 3925 2548 3970 notatu
2573 3919 2738 3986 magis
2760 3919 2977 3989 dignum
3003 3924 3158 3978 nobis
3186 3928 3420 3980 occurrit
3443 3942 3607 3995 quam
3637 3945 3799 4000 papa:

2201 4002 2508 4059 sollicitudo
2557 4007 2621 4060 ad
2668 4012 3099 4080 componenlum
3138 4013 3414 4069 dissidium
3447 4017 3589 4071 inter
3619 4017 3798 4072 Maxi-

2202 4093 2440 4148 ntiattum
2472 4096 2782 4167 episcopum
2813 4100 3237 4172 Syracusanum,
3275 4114 3331 4160 et
3372 4106 3665 4162 Eusebium
3699 4110 3799 4164 ab-

2203 4183 2400 4238 batem.
2427 4184 2649 4250 Quanta:
2678 4191 2974 4248 sanctitatis
3003 4195 3142 4248 foret
3162 4194 3518 4252 Maximianus
3542 4195 3656 4265 jam
3683 4215 3797 4254 non

2201 4275 2369 4328 semel
2398 4291 2426 4328 a
2461 4276 2614 4332 nobis
2640 4279 2858 4334 dictum.
2892 4281 3105 4338 Saoetm
3133 4285 3280 4340 sedis
3307 4288 3451 4342 vices
3501 4289 3601 4359 ipsi
3632 4306 3796 4346 eom-

2202 4365 2389 4420 tttissas
2411 4382 2440 4421 a
2470 4365 2728 4435 Gregorio
2748 4409 2764 4432 ,
2815 4371 3032 4429 ineunte
3060 4377 3161 4432 hoc
3190 4394 3333 4433 anno
3361 4396 3521 4450 supra
3551 4397 3797 4436 comme-

2130 4490 2176 4548 υ
2203 4459 2546 4512 moravintus.
2574 4457 2756 4513 Virum
2789 4469 2965 4517 tamen
2988 4478 3252 4533 sanctum,
3282 4479 3337 4524 et
3367 4472 3416 4524 in
3440 4472 3642 4526 intimis
3675 4472 3794 4528 fere

2202 4547 2449 4613 primunt,
2484 4548 2910 4616 redarguendum
2943 4557 3148 4608 censuit
3183 4568 3401 4611 sanctus
3441 4562 3688 4628 pontifex
3723 4564 3794 4617 ob

2198 4635 2472 4702 inllictaut,
2501 4638 2683 4694 leviori
2711 4657 2776 4696 ex
2807 4658 2966 4697 causa
2997 4653 3050 4698 ct
3094 4662 3158 4699 ex
3201 4648 3362 4701 animi
3395 4653 3789 4719 commotione,

2198 4725 2428 4781 Eusebio
2473 4728 2654 4785 abbati
2681 4735 3316 4792 exeontmuuirationem.
3353 4739 3426 4793 Ea
3466 4741 3533 4795 de
3563 4757 3622 4797 re
3663 4760 3794 4798 Ino-

2197 4819 2426 4870 ncndutn
2468 4835 2590 4874 eum
2619 4822 2823 4890 putavit
2851 4839 2882 4877 a
2922 4823 3104 4880 PetrO'
3131 4827 3463 4884 suhdiacono
3506 4833 3556 4885 itt
3599 4833 3793 4888 Sicilia

2195 4921 2291 4975 pro
2306 4910 2801 4976 negotiisﬂomanrc
2812 4914 2954 4970 sedis
2969 4927 3182 4986 agente,
3206 4919 3269 4972 ad
3293 4936 3451 4988 quem
3471 4923 3541 4976 ita
3560 4925 3755 4979 scribit
3776 4941 3793 4980 :

2191 4996 2364 5067 A'Jgre
2393 5001 2484 5053 tuli
2512 5003 2647 5072 quod
2677 5003 3074 5077 (Maximianus)
3103 5011 3349 5064 damnant
3381 5010 3661 5068 Eusebium
3694 5034 3794 5071 ea:-

2193 5091 2601 5158 commuuicarit,
2633 5095 2793 5147 virum
2821 5104 2982 5149 tanta:
3021 5101 3191 5152 anatis
3227 5112 3276 5153 et
3308 5113 3467 5157 taan
3510 5108 3792 5176 (egritudi-

2196 5181 2297 5233 nis.
2334 5179 2484 5234 Unde
2504 5199 2708 5236 necesse
2727 5195 2881 5239 estut
2909 5187 3076 5240 eidem
3105 5190 3294 5246 domno
3324 5195 3562 5265 episcopo
3592 5209 3792 5252 secrete

2197 5273 2363 5335 dicas,
2392 5282 2642 5344 quatenus
2672 5278 2725 5330 in
2761 5281 3085 5350 proferendis
3123 5285 3390 5338 sententiis
3419 5304 3650 5358 princeps
3679 5307 3790 5346 non

2196 5365 2281 5428 sit,
2315 5367 2436 5436 quia
2458 5383 2632 5422 causa?
2655 5386 2766 5441 qua:
2810 5390 2902 5440 per
2937 5377 3247 5428 sentcntiant
3294 5377 3595 5434 decidenda:
3638 5391 3788 5456 sunt,

2198 5473 2402 5510 necesse
2428 5468 2504 5511 est
2531 5469 2586 5512 ut
2607 5463 2751 5530 prius
2775 5464 3006 5518 studiosa
3027 5475 3075 5518 et
3099 5468 3516 5538 frequentissima
3541 5475 3790 5532 conside-

2198 5551 2399 5604 ratione
2427 5563 2784 5606 ntensurcntur
2811 5553 2948 5617 (Lib.
2975 5572 3028 5620 ll,
3055 5575 3135 5628 ep.
3166 5557 3279 5628 '52).
3307 5561 3442 5616 Nota
3464 5562 3642 5619 domui
3664 5569 3790 5623 titu-

2200 5638 2306 5695 lum
2339 5639 2406 5695 ab
2436 5641 2553 5709 ipso
2585 5657 2718 5711 papa
2745 5644 2963 5700 honoris
2999 5663 3156 5704 causa
3207 5652 3321 5705 seni
3347 5669 3667 5708 conce=sutu
3695 5678 3702 5701 :
3729 5659 3792 5710 lt-

2199 5725 2327 5782 bati.
2352 5726 2462 5791 Nec
2490 5730 2619 5787 Satis
2649 5731 2748 5786 luit
2768 5733 3027 5807 Gregorio
3050 5737 3430 5798 Maximianatu
3457 5746 3658 5816 a'loqui
3687 5763 3724 5818 ν
3762 5766 3789 5806 r
