3992 6324
192 368 279 421 521

687 365 927 420 s.cnu
979 364 1115 418 oan
1159 324 1587 430 nitatvrcn
1634 365 1722 419 ex

1860 364 1927 417 JS
1969 363 2271 419 SClilP'I‘lS
2312 364 2702 421 ΛιιῦιὶλᾹΤᾹ.
2752 370 2872 425 LIB.
2920 370 2957 424 ll

3342 371 3444 425 ΞΜ

192 482 236 536 P.
258 490 396 534 trum
428 482 519 534 sed
552 482 742 534 litteris
762 497 882 533 cum
912 479 1189 533 admonuit
1215 490 1271 533 ιιι
1298 481 1467 537 lenire
1497 490 1552 535 et
1573 496 1757 536 conso-
1786 481 1835 540 Α
1861 478 2075 546 dignum
2117 480 2343 533 moribus
2393 491 2543 551 atque
2585 494 2759 551 aptum
2808 486 3106 539 mouas‘ictc
3154 485 3446 553 disciplina

190 572 273 624 lari
324 569 611 624 Eusebium
665 579 809 623 tanto
853 572 1028 641 furore
1068 581 1446 640 exasperatum
1498 572 1757 626 studeret.

188 662 289 714 llae
318 660 369 713 in
392 660 615 729 epistola
646 660 713 713 ad
736 659 1042 713 Maximiani
1071 670 1306 715 mentem
1348 669 1589 728 revocat,
1619 676 1759 729 quo-

186 756 275 806 ties
295 766 416 805 eum
448 750 804 815 admonuerit,
833 759 890 802 ut
912 749 961 802 iu
992 748 1308 817 proferenda
1337 750 1600 804 sententia
1628 765 1759 819 pne-

164 858 300 911 -ceps
330 857 435 895 non
466 849 609 896 esset
632 839 771 909 (Lib.
792 856 847 900 ιι,
867 858 950 911 ep.
969 839 1082 909 54).
1111 840 1331 894 Miratur
1359 856 1481 895 eum
1512 841 1583 894 ita
1611 838 1758 893 furo-

180 947 233 985 re
255 932 522 986 exarsisse
551 931 603 984 in
634 931 909 996 abbatem,
934 931 1087 998 cujus
1128 932 1346 999 antiqua
1392 931 1751 995 conversatio,

177 1032 299 1077 retas
324 1023 481 1091 longa
509 1032 564 1078 et
591 1021 851 1090 azgrituclo
880 1022 1130 1075 diuturna
1160 1022 1396 1091 episcopi
1426 1022 1660 1075 animum
1685 1022 1753 1075 ab

180 1116 248 1167 ira
304 1112 590 1168 delicctere
636 1112 966 1167 debuissent.
1000 1110 1223 1175 Quilibet
1251 1113 1385 1165 enim
1427 1113 1478 1164 in
1512 1128 1570 1164 eo
1600 1114 1754 1182 fuerit

174 1222 424 1271 excessus,
450 1206 642 1274 inquit,
662 1206 778 1276 ipsa
808 1203 1129 1275 argritudiuis
1152 1203 1357 1273 aﬂlictio
1385 1203 1432 1256 ei
1461 1203 1630 1257 debuit
1657 1220 1750 1273 pro

172 1299 375 1370 ﬂ..-gel.’o
408 1300 755 1369 suﬁicere..."
786 1299 876 1351 sed
906 1299 1127 1369 fortasse
1155 1297 1269 1349 ideo
1304 1296 1547 1349 excedere
1574 1296 1625 1348 in
1660 1295 1751 1347 tuli

171 1406 387 1460 persona
414 1390 694 1459 permissus
713 1405 789 1455 es,
820 1395 873 1439 ut
893 1386 1095 1440 cautior
1120 1387 1174 1440 itt
1204 1382 1464 1438 vilioribus
1486 1385 1604 1454 ﬁas.
1633 1382 1747 1437 liti-

168 1496 285 1534 nam
324 1480 441 1533 tunc
469 1462 791 1533 sanctissimi
822 1476 1058 1533 doctoris
1102 1476 1304 1530 monita
1336 1476 1404 1529 ob
1429 1476 1616 1529 oculos
1646 1476 1744 1528 ha-

166 1571 356 1625 berent
384 1587 599 1640 Semper
626 1570 676 1623 in
708 1569 818 1623 suis
838 1582 962 1635 erga
983 1567 1220 1620 subditos
1238 1564 1453 1633 jutiiciis
1482 1564 1748 1618 antistites

164 1670 213 1715 ct
254 1671 528 1715 rectores.
576 1656 972 1726 Obtemperavit
1022 1655 1396 1721 Maximianus,
1430 1663 1484 1709 et
1515 1655 1746 1710 Eusebio

163 1752 598 1805 communionem
629 1765 692 1803 ac
733 1748 958 1816 gratiam
988 1747 1211 1801 reddere
1241 1747 1436 1811 voluit;
1468 1747 1561 1800 sel
1601 1746 1743 1801 acci-

1863 570 2120 637 coumtuni
2148 586 2395 622 consensu
2419 575 2743 640 congregatio
2771 584 2874 627 tota
2901 576 3210 643 poposcerit,
3237 584 3285 627 te
3305 578 3447 628 t'olu~

1861 674 1974 711 mus
1995 660 2389 731 ordinare(Lib.
2417 664 2694 733 tt,ep./ti).
2714 667 2783 717 De
2801 666 2915 717 aliis
2938 665 3223 733 privilegiis
3250 666 3299 717 in
3323 678 3449 732 gra-

1861 748 1989 801 tiam
2015 751 2399 805 monachorum
2424 753 2561 807 datis
2583 752 2720 807 infra
2741 753 3022 822 loquemur
3045 754 3181 825 (Lib.
3212 771 3288 821 ιιι,
3315 772 3361 809 c.
3386 755 3443 823 2,

1879 836 2040 905 "'m'
2481 910 2838 968 CAPUTIX.

1856 1018 2047 1070 Ai‘GU“.
2071 1025 2353 1090 ~:_1.Al)uus
2393 1026 2803 1090 nteit-molitauos
2824 1032 3030 1090 cast'gat
3072 1029 3124 1077 S.
3154 1028 3443 1088 Gregorius,

1917 1096 2059 1129 (ansa
2094 1084 2313 1151 'l'hohani
2354 1084 2587 1151 episcopi.
2615 1114 2674 1151 ‘—_‘
2701 1092 2730 1136 E2
2772 1084 3060 1149 Episcoium
3105 1084 3442 1151 percuSsoreni

1919 1148 2319 1194 CKtomllllltlit'tli.
2351 1173 2411 1180 —
2450 1150 2494 1194 3.
2524 1148 2597 1194 De.
2646 1147 2841 1196 Isauria
2888 1147 3133 1198 moechis
3179 1164 3203 1197 a
3252 1151 3439 1197 Joanne

1915 1206 2009 1268 (ἒν.
2036 1206 2162 1254 male
2200 1209 2295 1253 hab
2315 1206 2389 1256 tis.
2434 1207 2660 1267 Epistolas
2698 1212 2751 1256 S.
2778 1209 3000 1268 Gregorii
3025 1212 3084 1259 ad
3108 1210 3346 1258 Joannem
3384 1223 3444 1259 ea

1913 1267 1976 1313 de
2001 1281 2037 1314 e.
2059 1281 2140 1314 ttsa
2164 1268 2370 1324 εειίιιιιιξ.
2387 1297 2447 1304 -
2473 1272 2515 1315 lt.
2547 1270 2804 1317 illonachos
2829 1267 2934 1328 poSt
2959 1270 3165 1318 oblatam
3191 1271 3300 1318 lidei
3324 1286 3445 1318 rou-

1916 1330 2177 1377 fessionem
2218 1329 2441 1377 absolvit.
2490 1330 2561 1377 De
2596 1329 2785 1378 Joanne
2827 1332 3114 1391 txrishytero
3158 1332 3219 1378 ab
3258 1333 3435 1378 hmresi

1913 1402 2108 1451 quoque
2134 1391 2442 1439 abs:.|uto.—
2469 1394 2512 1441 ὕ.
2543 1391 2756 1440 Joannes
2793 1391 2884 1440 Cl’.
2913 1392 3134 1439 Ineresim
3180 1392 3435 1453 objiciens,

1916 1453 1961 1498 in
1992 1465 2210 1499 errorem
2256 1455 2448 1500 iurante
2492 1453 2769 1501 labitur.—
2808 1455 2858 1503 ὃ.
2900 1453 3103 1501 Joannis
3140 1453 3439 1500 ltaiennatis

1914 1513 2084 1574 fastum
2109 1514 2376 1571 comprimit
2400 1514 2452 1561 S.
2479 1514 2767 1574 Gregorius.
2787 1542 2844 1551 —-
2863 1517 2908 1563 7.
2936 1515 3007 1562 De.
3033 1514 3304 1563 Domitiano
3330 1513 3438 1560 Μει-

1913 1573 2063 1621 luina-
2089 1576 2167 1634 epi
2193 1587 2330 1633 col-0.
2359 1576 2449 1632 Qui
2478 1573 2701 1635 prandeat
2729 1577 2890 1623 l’ersis
2923 1577 3060 1625 irrito
3083 1582 3285 1627 conatu.
3313 1575 3435 1623 lium

1912 1635 2187 1684 consolatur
2210 1651 2234 1683 s
2268 1646 2405 1685 nctus
2430 1636 2667 1698 pontifex.
2694 1638 2809 1698 (Au.
2830 1638 2921 1686 592
2947 1647 2997 1686 et
3020 1637 3154 1697 595.)

1921 1760 1973 1813 1.
2014 1760 2225 1827 Quanta
2289 1759 2579 1828 Gregorius
2650 1760 2914 1815 charitate
2973 1758 3435 1827 complectebatur

162 1858 280 1915 pere
316 1842 654 1896 detrectabat
681 1840 865 1893 abbas.
901 1837 1051 1893 Unde
1094 1839 1240 1892 illum
1289 1838 1354 1891 ad
1384 1838 1615 1893 ofﬁcium
1656 1854 1740 1893 re-

1860 1852 2083 1921 optiutos
2124 1852 2427 1921 episcopos,
2483 1859 2630 1905 tanta
2677 1851 2967 1905 severitate
3010 1849 3299 1904 coercebat
3340 1864 3436 1903 eos

162 1949 353 1987 vocare
404 1932 608 1987 studuit
654 1931 712 1985 S.
763 1929 1053 1997 Gregorius
1095 1930 1196 1984 hac
1246 1928 1330 1998 epi
1365 1930 1471 1983 tola
1508 1946 1521 1981 :
1555 1927 1743 1982 Credat

162 2026 277 2078 mihi
333 2024 567 2077 charitvts
612 2032 729 2086 tua,
787 2021 905 2092 quia
935 2021 1085 2075 valde
1136 2023 1469 2075 contristatus
1524 2039 1637 2075 sunt
1680 2022 1744 2075 de

162 2116 368 2168 tristitia
419 2123 525 2178 tua,
578 2130 638 2165 ac
673 2113 718 2166 si
768 2113 820 2165 in
880 2122 925 2164 te
972 2112 1221 2181 injuriam
1250 2113 1360 2182 ipse
1396 2112 1738 2182 pertulissent.

163 2204 261 2259 Sed
288 2220 408 2256 cum
430 2201 751 2270 postmodum
790 2202 975 2270 agnovi
998 2202 1118 2269 quia
1147 2201 1303 2254 etiam
1333 2202 1580 2255 reddeme
1608 2218 1743 2255 reue-

159 2293 464 2348 rendissimo
490 2295 597 2347 v'ro
626 2295 787 2363 fratre
814 2301 860 2345 et
882 2294 1181 2363 coepiscopo
1212 2302 1388 2347 nostro
1409 2291 1740 2347 Maximiano

160 2388 378 2457 gratiam
402 2396 551 2459 atque
573 2389 1003 2451 communionem,
1037 2396 1125 2441 tua
1173 2389 1380 2442 dilectio
1420 2389 1481 2440 ab
1513 2405 1574 2443 eo
1594 2406 1737 2442 com-

158 2477 414 2530 numicari
438 2476 662 2541 ttolebat,
689 2478 900 2548 cognovi
929 2487 977 2531 et
1017 2477 1145 2530 illud
1183 2480 1325 2548 prius
1348 2479 1544 2548 juslum
1582 2481 1741 2549 fuisse

156 2567 283 2635 quod
309 2568 511 2637 factum
538 2577 635 2621 est.
667 2566 941 2622 Serrorum
970 2567 1062 2621 Dei
1082 2568 1345 2622 humilitas
1366 2571 1417 2622 itt
1448 2570 1739 2639 aﬂlicliouis

160 2670 381 2726 tctttpore
412 2657 553 2711 debet
581 2676 851 2729 apparere.
883 2657 982 2723 Qui
1008 2678 1123 2714 vero
1152 2678 1207 2714 se
1230 2670 1410 2715 co:.tra
1437 2664 1738 2732 prazposilos

156 2768 266 2804 suos
286 2753 517 2821 erigunt,
544 2753 772 2822 profecto
793 2754 1102 2820 ostenditur,
1150 2756 1269 2824 quia
1314 2756 1444 2807 scrci
1488 2754 1582 2807 Dei
1631 2772 1740 2809 esse

156 2852 508 2897 contemnunt.
538 2843 608 2897 Et
636 2844 837 2915 quidem
868 2847 1023 2915 237
1056 2848 1119 2899 ab
1144 2847 1235 2901 illo
1271 2848 1365 2900 hoc
1391 2848 1527 2920 quod
1547 2850 1739 2918 factum

155 2943 242 2996 est,
272 2934 488 2987 minime
513 2935 627 3003 [ἱετὶ
657 2933 853 3000 debuit,
898 2953 929 2987 a
970 2945 1019 2988 te
1049 2946 1214 2989 tamen
1246 2954 1362 2991 cum
1403 2940 1540 2992 omni
1571 2937 1740 2991 debuit

154 3026 441 3079 humilitate
463 3027 680 3096 suscipi;
705 3036 753 3079 et
784 3044 983 3081 rursum
1005 3046 1118 3082 cum
1144 3031 1363 3098 gratiam
1387 3032 1649 3097 reddebat,
1672 3033 1741 3086 atl

155 3127 261 3163 cum
288 3129 408 3166 cum
433 3117 721 3183 gratiarum
755 3118 957 3170 actione
987 3117 1160 3171 debuit
1189 3122 1407 3174 occurri.
1442 3114 1590 3184 Quod
1619 3125 1739 3193 quia

1843 1945 1934 2014 qui
1976 1959 2072 1999 sua
2102 1952 2372 2014 potestate
2423 1959 2530 1997 non
2583 1944 2648 1997 ad
2700 1944 3127 2007 aediﬁcationem,
3160 1942 3274 2008 sed,
3306 1957 3435 1994 cou-

1842 2035 2061 2104 tetnptis
2091 2034 2471 2089 ecclesiasticis
2501 2034 2719 2102 regulis,
2760 2034 2826 2087 ad
2858 2034 3276 2088 destructionem
3309 2040 3427 2083 ute-

1841 2124 2066 2189 bantur;
2099 2124 2243 2193 quod
2274 2125 2326 2177 in
2357 2124 2474 2193 ipso
2506 2124 2647 2177 tertii
2692 2124 2815 2177 anui
2854 2124 2935 2176 sui
2965 2123 3305 2191 pontiﬁcatus
3331 2136 3427 2173 ex-

1841 2214 1996 2268 ordio
2026 2222 2213 2268 contra
2241 2212 2525 2278 Joannem,
2550 2213 2734 2282 prinne
2753 2214 3084 2277 Justiniantc,
3116 2220 3171 2266 et
3199 2212 3427 2264 alterum

1840 2305 2127 2374 Joannem,
2157 2306 2385 2360 Larissa:
2413 2306 2898 2375 archiepiscopum,
2939 2304 3344 2359 demonstravit.

1913 2396 2240 2461 Hadrianus,
2266 2394 2570 2450 Thebarum
2593 2396 2795 2465 episco;
2818 2410 2901 2461 us,
2938 2408 3058 2448 cum
3086 2392 3222 2446 duos
3249 2391 3432 2445 diaco-

1847 2503 1947 2542 nos
1967 2482 2337 2540 exauctdrassc
2354 2492 2393 2549 t,
2413 2500 2577 2538 unum
2600 2484 2743 2554 quod
2772 2483 2981 2537 violata:
3009 2481 3266 2537 castitatis
3289 2488 3431 2534 esset

1844 2591 1985 2638 rens,
2019 2575 2247 2628 alterum
2278 2582 2499 2643 propter
2525 2572 2764 2628 fraudem
2807 2574 2859 2627 in
2889 2588 3068 2626 rerum
3098 2570 3427 2625 ecclesiasti-

1842 2682 2025 2721 carum
2049 2666 2510 2720 adrninistratio:.e
2532 2664 2744 2732 factam,
2765 2664 2831 2719 ab
2855 2671 3078 2732 utroque
3098 2662 3271 2716 fuerat
3289 2660 3429 2729 a;.utl

1844 2759 2156 2813 Mauriciunt
2184 2760 2480 2826 Augustum
2503 2768 2849 2828 provocatus,
2884 2769 2991 2812 tam
3018 2759 3085 2811 de
3108 2756 3298 2827 pecuni
3318 2756 3430 2810 .riis

1843 2864 2003 2917 quam
2032 2848 2101 2901 de
2126 2847 2489 2903 criminalibus
2510 2848 2705 2902 causis.
2739 2846 3054 2918 imperator,
3088 2853 3301 2901 servato
3326 2854 3424 2900 ca-

1846 2954 2048 2993 nonum
2088 2939 2296 3002 ordine,
2349 2938 2629 2993 constituit
2668 2946 2726 2993 ut
2754 2954 2784 2991 a
2812 2937 3040 3005 .L-anne,
3085 2936 3307 2991 Larissa:
3337 2952 3425 2989 ar-

1844 3030 2226 3098 chicpiscopo,
2284 3028 2588 3083 Thebarum
2620 3030 3068 3099 metropolitano,
3118 3030 3424 3099 pecuniaria

1845 3122 2210 3177 controversia
2238 3121 2605 3185 dirimeretur;
2628 3120 2694 3174 de
2724 3120 3034 3175 criminibus
3063 3129 3241 3173 autent
3270 3119 3423 3185 obje-

154 3200 221 3253 ita
247 3218 278 3253 a
307 3211 356 3255 te
401 3205 599 3271 factum
638 3221 739 3258 ttatt
773 3216 869 3274 est,
915 3208 984 3260 ad
1028 3209 1122 3261 hoc
1167 3227 1415 3280 cognosco
1445 3213 1562 3282 quia
1592 3213 1737 3267 nobis
1769 3241 1814 3301 ε
1846 3213 1971 3277 ctis,
2023 3212 2090 3265 ad
2139 3226 2197 3265 se
2246 3211 2536 3264 referretur
2562 3208 2819 3278 quidquid
2864 3210 3041 3263 habita
3075 3208 3424 3278 inquisitione

152 3293 353 3346 omnino
384 3293 737 3363 lacrymarum
766 3313 890 3367 Opus
919 3308 1013 3351 est.
1054 3298 1170 3354 Non
1202 3303 1336 3353 cuitu
1352 3303 1547 3371 grande
1572 3314 1649 3356 est
1670 3305 1732 3357 iis

153 3399 239 3435 ros
256 3400 373 3437 esse
405 3385 643 3451 humiles,
668 3404 700 3440 a
726 3388 908 3452 intibus
945 3390 1273 3457 honorantur,
1303 3395 1421 3463 quia
1444 3404 1493 3447 et
1521 3400 1616 3448 hoc
1637 3412 1734 3450 ste-

152 3473 342 3527 culares
372 3476 593 3544 quilibet
614 3478 845 3546 faciunt;
885 3479 975 3532 sed
1003 3481 1106 3533 illis
1134 3483 1357 3535 maxime
1385 3484 1601 3537 humiles
1626 3500 1737 3538 esse

154 3564 420 3628 debemus,
469 3583 502 3619 a
556 3567 735 3637 quibus
785 3568 959 3640 aliqua
1000 3573 1244 3639 patimur.
1282 3571 1424 3627 Nunt
1452 3574 1735 3630 Psaltuista

153 3657 268 3708 dicit
298 3674 315 3709 :
354 3657 493 3711 Vile
522 3659 859 3714 humilitatem
890 3679 1055 3715 nteant
1086 3662 1148 3716 de
1186 3665 1408 3719 inimicis
1436 3668 1579 3719 meis.
1620 3665 1735 3721 Nos

154 3748 290 3817 cujus
335 3752 459 3803 rita:
484 3767 681 3816 smnus,
712 3754 797 3823 qui
826 3753 1042 3838 humiles
1071 3772 1181 3809 esse
1208 3758 1363 3809 etiam
1392 3758 1622 3825 patribus
1645 3776 1709 3812 no

153 3839 346 3892 lautus?
371 3840 630 3907 Proinde,
653 3843 983 3898 dilectissime
1000 3846 1098 3915 fili,
1124 3864 1249 3916 rego
1278 3858 1333 3900 ut
1363 3850 1528 3901 omnis
1558 3851 1739 3903 antari-

155 3929 265 3982 tudo
307 3931 372 3984 de
423 3933 582 3985 corde
627 3943 714 3988 tuo
762 3944 1007 3999 transeat,
1060 3953 1124 3988 tte
1148 3938 1367 4007 fortasse
1396 3938 1516 4006 ﬁnis
1547 3939 1736 3992 vicinus

149 4021 230 4083 tit,
258 4031 303 4073 et
337 4024 585 4095 antiquus
617 4023 778 4077 hostis
802 4042 897 4094 per
919 4027 1240 4096 iuiquitatent
1274 4027 1566 4093 discordiae,
1605 4028 1650 4081 ri
1674 4046 1735 4082 im

153 4113 289 4180 regni
312 4114 536 4167 cazlestis
563 4113 891 4167 intercludat.
925 4114 1190 4184 lntegram
1218 4115 1327 4169 fere
1370 4116 1508 4171 hanc
1534 4120 1736 4185 episto-

152 4202 248 4255 lam
272 4205 436 4273 plene
462 4220 684 4258 auream
707 4205 794 4259 hic
819 4205 1177 4260 recndeudam
1201 4207 1643 4269 existimavimus,
1670 4224 1738 4263 ex

151 4310 248 4361 qua
269 4294 486 4350 discant
508 4310 697 4349 omnes
725 4296 1080 4350 humilitatem
1102 4305 1155 4349 et
1180 4312 1307 4365 erga
1331 4297 1559 4364 majores
1574 4299 1735 4352 etiam

151 4383 381 4455 iniquius
430 4395 655 4455 agentes
703 4388 1079 4443 reverentiam.
1125 4390 1195 4443 At
1229 4406 1356 4445 vero
1386 4406 1453 4444 ne
1482 4389 1740 4446 Eusebius

148 4474 311 4531 libera
361 4480 470 4533 hac
526 4480 893 4549 increpatione
932 4480 1152 4535 forsitan
1202 4485 1635 4551 exacerbaretnr,
1666 4480 1736 4537 ad

1844 3305 2115 3374 cognitum
2144 3312 2197 3357 et
2227 3301 2568 3371 exploratum
2619 3301 2825 3355 fuisset.
2870 3300 2995 3355 "(BC
3026 3300 3294 3354 lladriano
3326 3302 3426 3354 iui—

1838 3402 1993 3462 pacta
2041 3393 2299 3459 legimus,
2347 3391 2494 3461 quod
2548 3391 2899 3461 Stephanum,
2957 3391 3275 3460 turpissima:
3307 3392 3427 3445 vita)

1835 3486 2143 3549 diaconum,
2168 3486 2287 3540 loco
2325 3500 2432 3538 non
2465 3483 2751 3548 movissd,
2797 3491 2851 3537 ct
2888 3482 3029 3551 quod
3078 3482 3306 3536 infantes
3332 3483 3426 3536 ba-

1838 3579 2024 3647 ptizari
2055 3577 2419 3647 prohibuiset
2448 3588 2633 3645 postea
2664 3576 2780 3630 sine
2811 3575 3129 3644 baptismate
3158 3585 3423 3629 mortuos.

1839 3668 1998 3740 (Vide
2024 3669 2110 3721 lib.
2147 3684 2223 3735 ιιι,
2250 3685 2376 3738 epp.
2396 3668 2428 3720 6
2456 3676 2502 3720 et
2532 3667 2610 3737 7.)

1911 3759 2029 3813 Lari
2060 3775 2196 3813 smus
2220 3758 2677 3827 archiepiscopus,
2711 3757 2927 3825 insuper
2948 3756 3126 3809 habita
3158 3755 3419 3824 imperia'i

1835 3849 2092 3919 iussione,
2136 3849 2201 3902 d:
2243 3858 2473 3915 utroque
2515 3847 2894 3902 controversiae
2943 3847 3116 3916 capite
3159 3846 3420 3915 judicium

1842 3938 1990 4000 tulit,
2042 3946 2097 3991 et
2140 3936 2467 3990 Hadrianum
2498 3934 2897 4000 condemnavit,
2930 3945 3423 4006 provocantemque

1836 4029 1904 4081 ad
1935 4027 2232 4096 Augustqu
2265 4026 2609 4080 nihilominus
2641 4027 2692 4080 in
2721 4026 3073 4080 arctissimatn
3120 4028 3419 4081 custodiant

1836 4118 2081 4172 detrusit.
2122 4118 2223 4172 Sus
2259 4125 2381 4187 cpta
2422 4116 2538 4184 ejus
2566 4116 2948 4187 appellatione,
2982 4116 3265 4171 Mauricius
3293 4132 3413 4185 quin

1838 4221 1983 4279 gesta
2006 4218 2159 4265 erant
2189 4210 2418 4278 expendi
2444 4209 2607 4261 Voluit
2632 4209 2699 4261 ah
2722 4208 2999 4261 "onerata
3020 4208 3269 4274 diacono,
3296 4226 3426 4263 san-

1800 4316 1934 4372 “cui:
1952 4302 2092 4356 sedis
2118 4300 2490 4369 apocrisiario,
2519 4301 2660 4352 etab
2682 4298 2999 4353 Sebastiano
3024 4308 3046 4334 "
3074 4301 3419 4369 antigrapho,

1837 4393 2028 4463 quibus
2057 4393 2251 4447 auditis
2278 4408 2399 4446 eum
2430 4392 2680 4446 absolvit.
2706 4390 2775 4444 At
2804 4392 2985 4446 nescio
3004 4392 3194 4459 quibus
3222 4394 3427 4446 machi-

1838 4484 2143 4538 nationibus
2174 4484 2514 4552 impetratum
2556 4491 2637 4536 est
2682 4490 2868 4552 postea
2902 4498 2955 4535 Ut
2980 4484 3045 4536 tie
3075 4482 3177 4536 hoc
3208 4484 3425 4549 negotio

150 4580 264 4619 eum
290 4568 733 4635 demuleeudum,
761 4579 976 4624 centum
993 4571 1041 4625 ei
1063 4570 1264 4627 solidos
1284 4588 1312 4626 a
1339 4573 1499 4627 Petro
1519 4575 1735 4628 subdia-
1771 4604 1813 4661 ι)
1837 4573 2070 4629 Joannes
2087 4614 2103 4639 ,
2148 4574 2330 4643 prima:
2381 4572 2694 4628 Justiniana:
2750 4573 3031 4641 episcopus
3050 4612 3063 4635 ,
3117 4574 3427 4640 apostolicae

148 4670 281 4711 cono
300 4658 373 4712 ad
399 4659 520 4729 ejus
548 4662 858 4715 monasterii
885 4664 1191 4717 necessaria
1233 4667 1531 4733 erogandos
1575 4683 1733 4721 cura-

148 4749 245 4814 vit;
276 4750 432 4820 quod
465 4768 726 4807 summam
752 4753 848 4808 viri
878 4755 1067 4824 prol-at
1094 4755 1247 4809 simul
1276 4763 1331 4810 et
1360 4757 1731 4813 liberalitatem

147 4845 195 4891 et
224 4841 597 4919 prudentiam.

214 4930 297 4984 11.
336 4933 469 4987 Alio
516 4934 678 4989 modo
714 4935 1018 5005 composuit
1049 4935 1191 4989 rixas
1239 4935 1379 4989 inter
1422 4935 1733 5006 episcOpum

146 5018 541 5076 Ariminensem
573 5030 629 5076 et
659 5026 950 5078 monachos
977 5025 1285 5079 monasterii
1309 5025 1403 5079 SS.
1429 5025 1507 5079 Au
1533 5030 1655 5080 irem
1682 5037 1737 5080 et

146 5108 367 5167 Thotnm
419 5116 563 5182 apud
614 5115 930 5177 Arimimun,
981 5118 1173 5184 quibus
1207 5115 1441 5185 atuplum
1473 5117 1737 5172 conccs~it

142 5203 509 5270 privilegium,
543 5214 599 5257 ut
628 5205 708 5258 his
730 5205 908 5260 verbis
946 5206 1211 5270 Castorio,
1254 5206 1575 5259 Ariminensi
1618 5206 1735 5275 epi-

141 5310 324 5364 scopo,
354 5295 724 5363 signiticadt:
758 5295 1167 5350 Fraternitatem
1197 5306 1335 5350 tuam
1363 5297 1653 5362 hortamur,
1682 5305 1737 5349 ut

139 5384 353 5438 abeunte
379 5383 574 5464 abbate
610 5388 910 5439 monasterii
952 5387 1132 5455 ipsius,
1167 5384 1400 5439 Ecclesia
1427 5395 1534 5447 tua,
1568 5386 1619 5438 in
1642 5386 1735 5438 de-

139 5474 426 5527 scribendis
449 5476 877 5545 pt‘ocidcndisque
904 5478 1165 5546 acquisitis
1192 5476 1576 5545 acquirendist'e
1595 5476 1733 5544 ejus-

140 5564 244 5616 dem
278 5564 596 5617 monasterii
637 5566 816 5632 rebus,
851 5565 992 5618 nulla
1030 5582 1085 5618 se
1117 5567 1387 5618 occasione
1414 5565 1731 5633 permisceat.

137 5653 382 5707 Abbatem
438 5672 564 5710 vero
607 5657 769 5709 eidem
800 5658 1108 5710 monasterio
1129 5673 1230 5709 non
1262 5658 1440 5721 alium,
1470 5656 1561 5708 sed
1588 5672 1735 5726 quem

208 5803 230 5829 '
258 5793 334 5848 De
369 5793 485 5846 hac.
521 5809 648 5848 vsee
678 5793 897 5848 ec-usulc
928 5804 1077 5847 “0le
1103 5793 1168 5848 ad
1198 5794 1356 5863 epist.
1383 5791 1452 5844 9.8
1482 5792 1572 5848 lib.
1600 5808 1635 5846 t.

1839 4666 1981 4720 sedis
2007 4666 2254 4730 vicarius,
2285 4673 2639 4733 cognosceret
2666 4680 2728 4718 ac
2753 4662 3020 4731 judicaret
3050 4681 3061 4713 :
3100 4661 3220 4727 Qui,
3255 4665 3425 4715 divino

1841 4756 2163 4826 humanoque
2192 4756 2314 4825 jure
2358 4763 2667 4822 contempto,
2718 4752 2989 4820 abruptam
3029 4753 3082 4805 in
3113 4754 3427 4805 condemna-

1844 4846 1980 4898 tione
2012 4843 2274 4897 Hadriani
2293 4844 2599 4897 sententiam
2624 4842 2856 4912 protulit.

1914 4934 2204 5003 Gregorius
2232 4933 2312 4986 his
2342 4934 2408 4986 ad
2437 4948 2495 4986 se
2525 4933 2709 4986 relatis
2740 4930 2783 4983 11
2805 4931 3067 4984 udriauum
3101 4930 3293 4998 injuste
3318 4931 3423 4984 de-

1845 5026 2077 5095 positum
2105 5025 2156 5078 iu
2188 5025 2464 5093 pristinam
2486 5022 2798 5091 dignitati-tu
2829 5023 3078 5086 lcalilllil,
3104 5037 3331 5088 eumque
3358 5038 3425 5077 ac

1838 5116 1953 5183 (jus
1988 5114 2281 5169 Ecclesium
2310 5131 2340 5168 a
2365 5114 2486 5182 jure
2517 5113 2757 5167 Larissmi
2787 5113 3025 5182 episcopi
3059 5110 3223 5179 (quod
3250 5113 3360 5179 jam
3388 5128 3422 5168 a

1840 5204 2057 5271 Pelagio
2097 5203 2140 5257 ll
2188 5204 2537 5257 constitutum
2586 5201 2779 5270 fuerat)
2819 5200 2979 5253 eximi
3010 5200 3198 5253 voluit.
3231 5198 3423 5254 Juauni

1841 5306 2038 5359 tamen,
2071 5294 2308 5363 ejusdem
2336 5295 2481 5348 urbis
2508 5294 2793 5362 episeopo,
2825 5308 3036 5362 ptenam
3066 5295 3431 5346 excommuni-

1838 5388 2065 5442 cationis
2110 5388 2227 5454 ejus
2274 5384 2696 5455 prmaricationi
2742 5392 2798 5438 et
2836 5384 3234 5454 pricsumptioni
3271 5382 3423 5436 dehi-

1845 5489 1950 5530 tam
1979 5476 2211 5540 remisit;
2243 5491 2304 5529 ea
2334 5475 2451 5542 lege
2484 5482 2541 5527 ut
2582 5473 2683 5526 nisi
2715 5473 3009 5528 abstineret
3055 5475 3109 5528 in
3150 5482 3287 5545 posti
3307 5488 3427 5527 rum

1843 5570 1911 5622 ab
1941 5567 2084 5621 omni
2109 5565 2477 5634 jurisdiclioue
2506 5564 2558 5617 in
2588 5561 2884 5620 Ecclesium
2924 5564 3233 5621 Thebanam
3263 5580 3424 5619 exere

1845 5658 2032 5722 ecula,
2064 5655 2178 5726 ipso
2231 5654 2371 5711 facto
2413 5653 2795 5710 communione
2843 5670 2994 5710 sacra
3044 5666 3275 5723 careret,
3326 5669 3427 5709 nec
