  <div class='ocr_page' id='page_1' title='image "/cluster/home/n/w/nwhite01/storage/ocr_20150623/75/uva.x000827087/169.png"; bbox 0 0 3992 6304; ppageno 0'>
   <div class='ocr_carea' id='block_1_1' title="bbox 559 361 667 416">
    <p class='ocr_par' dir='ltr' id='par_1_1' title="bbox 559 361 667 416">
     <span class='ocr_line' id='line_1_1' title="bbox 559 361 667 416; baseline -0.019 -1"><span class='ocrx_word' id='word_1_1' title='bbox 559 361 667 416; x_wconf 69' lang='lat'><strong>3&#39;33</strong></span> 
     </span>
    </p>
   </div>
   <div class='ocr_carea' id='block_1_2' title="bbox 1048 315 2160 405">
    <p class='ocr_par' dir='ltr' id='par_1_2' title="bbox 1048 332 2160 405">
     <span class='ocr_line' id='line_1_2' title="bbox 1048 332 2160 405; baseline -0.023 1"><span class='ocrx_word' id='word_1_2' title='bbox 1048 350 1106 405; x_wconf 84' lang='lat' dir='ltr'><strong>S.</strong></span> <span class='ocrx_word' id='word_1_3' title='bbox 1147 339 1473 404; x_wconf 72' lang='lat' dir='ltr'><strong>CREGORH</strong></span> <span class='ocrx_word' id='word_1_4' title='bbox 1516 335 1724 394; x_wconf 60' lang='lat' dir='ltr'><strong>MACXI</strong></span> <span class='ocrx_word' id='word_1_5' title='bbox 1770 333 1954 397; x_wconf 69' lang='lat' dir='ltr'><strong>VITA.</strong></span> <span class='ocrx_word' id='word_1_6' title='bbox 2004 332 2089 386; x_wconf 69' lang='grc' dir='ltr'><strong>Εξ(</strong></span> <span class='ocrx_word' id='word_1_7' title='bbox 2138 332 2160 380; x_wconf 65' lang='grc' dir='ltr'><strong>Ι</strong></span> 
     </span>
    </p>
   </div>
   <div class='ocr_carea' id='block_1_3' title="bbox 2264 315 3365 405">
    <p class='ocr_par' dir='ltr' id='par_1_3' title="bbox 2265 315 3365 387">
     <span class='ocr_line' id='line_1_3' title="bbox 2265 315 3365 387; baseline -0.009 -4"><span class='ocrx_word' id='word_1_8' title='bbox 2265 332 2301 383; x_wconf 77' lang='lat' dir='ltr'>S</span> <span class='ocrx_word' id='word_1_9' title='bbox 2338 323 2651 387; x_wconf 72' lang='lat' dir='ltr'><strong>SCRIPTIS</strong></span> <span class='ocrx_word' id='word_1_10' title='bbox 2685 318 3079 377; x_wconf 55' lang='lat' dir='ltr'><strong>ADURNATA.</strong></span> <span class='ocrx_word' id='word_1_11' title='bbox 3127 315 3256 374; x_wconf 71' lang='lat' dir='ltr'><strong>LIB.</strong></span> <span class='ocrx_word' id='word_1_12' title='bbox 3300 317 3365 373; x_wconf 83' lang='lat' dir='ltr'><strong>il.</strong></span> 
     </span>
    </p>
   </div>
   <div class='ocr_carea' id='block_1_4' title="bbox 3723 316 3817 374">
    <p class='ocr_par' dir='ltr' id='par_1_4' title="bbox 3723 316 3817 374">
     <span class='ocr_line' id='line_1_4' title="bbox 3723 316 3817 374; baseline 0.053 -4"><span class='ocrx_word' id='word_1_13' title='bbox 3723 316 3817 374; x_wconf 61' lang='grc' dir='ltr'><strong>πει</strong></span> 
     </span>
    </p>
   </div>
   <div class='ocr_carea' id='block_1_5' title="bbox 550 432 3815 542">
    <p class='ocr_par' dir='ltr' id='par_1_5' title="bbox 550 432 3815 542">
     <span class='ocr_line' id='line_1_5' title="bbox 550 432 3815 542; baseline -0.013 -12"><span class='ocrx_word' id='word_1_14' title='bbox 550 474 696 529; x_wconf 90' lang='lat' dir='ltr'><strong>illam</strong></span> <span class='ocrx_word' id='word_1_15' title='bbox 720 486 973 542; x_wconf 85' lang='lat' dir='ltr'><strong>unquam,</strong></span> <span class='ocrx_word' id='word_1_16' title='bbox 1000 472 1224 535; x_wconf 75' lang='lat' dir='ltr'><strong>excepto</strong></span> <span class='ocrx_word' id='word_1_17' title='bbox 1267 460 1454 515; x_wconf 88' lang='lat' dir='ltr'><strong>mortis</strong></span> <span class='ocrx_word' id='word_1_18' title='bbox 1479 453 1727 516; x_wconf 90' lang='lat' dir='ltr'><strong>articulo,</strong></span> <span class='ocrx_word' id='word_1_19' title='bbox 1759 450 1859 505; x_wconf 85' lang='lat' dir='ltr'><strong>nisi</strong></span> <span class='ocrx_word' id='word_1_20' title='bbox 1884 448 2130 519; x_wconf 87' lang='lat' dir='ltr'><strong>priusju-</strong></span> <span class='ocrx_word' id='word_1_21' title='bbox 2164 447 2207 506; x_wconf 82' lang='grc' dir='ltr'><strong>Α</strong></span> <span class='ocrx_word' id='word_1_22' title='bbox 2240 446 2399 499; x_wconf 79' lang='lat' dir='ltr'><strong>fuisse</strong></span> <span class='ocrx_word' id='word_1_23' title='bbox 2431 456 2625 496; x_wconf 87' lang='lat' dir='ltr'><strong>nomen</strong></span> <span class='ocrx_word' id='word_1_24' title='bbox 2656 440 2893 495; x_wconf 83' lang='lat' dir='ltr'><strong>creditur</strong></span> <span class='ocrx_word' id='word_1_25' title='bbox 2931 435 3237 542; x_wconf 50' lang='lat' dir='ltr'><strong>presbiteri‘</strong></span> <span class='ocrx_word' id='word_1_26' title='bbox 3260 432 3419 535; x_wconf 69' lang='lat' dir='ltr'><strong>hujus</strong></span> <span class='ocrx_word' id='word_1_27' title='bbox 3460 442 3516 487; x_wconf 86' lang='lat' dir='ltr'><strong>et</strong></span> <span class='ocrx_word' id='word_1_28' title='bbox 3558 438 3815 542; x_wconf 57' lang='lat' dir='ltr'><strong>mqulachi)</strong></span> 
     </span>
    </p>
   </div>
   <div class='ocr_carea' id='block_1_6' title="bbox 551 540 2139 627">
    <p class='ocr_par' dir='ltr' id='par_1_6' title="bbox 551 540 2139 627">
     <span class='ocr_line' id='line_1_6' title="bbox 551 540 2139 627; baseline -0.018 -10"><span class='ocrx_word' id='word_1_29' title='bbox 551 563 692 619; x_wconf 86' lang='lat' dir='ltr'><strong>dicio</strong></span> <span class='ocrx_word' id='word_1_30' title='bbox 748 540 979 615; x_wconf 78' lang='lat' dir='ltr'><strong>Rotnani</strong></span> <span class='ocrx_word' id='word_1_31' title='bbox 1034 552 1304 627; x_wconf 78' lang='lat' dir='ltr'><strong>pontificis</strong></span> <span class='ocrx_word' id='word_1_32' title='bbox 1358 545 1758 606; x_wconf 87' lang='lat' dir='ltr'><strong>absolveretur,</strong></span> <span class='ocrx_word' id='word_1_33' title='bbox 1812 540 2139 609; x_wconf 77' lang='lat' dir='ltr'><strong>perciperet.</strong></span> 
     </span>
    </p>
   </div>
   <div class='ocr_carea' id='block_1_7' title="bbox 553 632 2143 717">
    <p class='ocr_par' dir='ltr' id='par_1_7' title="bbox 553 632 2143 717">
     <span class='ocr_line' id='line_1_7' title="bbox 553 632 2143 717; baseline -0.021 -5"><span class='ocrx_word' id='word_1_34' title='bbox 553 658 687 712; x_wconf 88' lang='lat' dir='ltr'><strong>Cum</strong></span> <span class='ocrx_word' id='word_1_35' title='bbox 716 653 954 715; x_wconf 81' lang='lat' dir='ltr'><strong>Joanne,</strong></span> <span class='ocrx_word' id='word_1_36' title='bbox 1003 648 1189 717; x_wconf 75' lang='lat' dir='ltr'><strong>prima:</strong></span> <span class='ocrx_word' id='word_1_37' title='bbox 1228 639 1574 701; x_wconf 80' lang='lat' dir='ltr'><strong>Justiniame,</strong></span> <span class='ocrx_word' id='word_1_38' title='bbox 1634 632 1876 689; x_wconf 88' lang='lat' dir='ltr'><strong>severius</strong></span> <span class='ocrx_word' id='word_1_39' title='bbox 1928 638 2143 689; x_wconf 85' lang='lat' dir='ltr'><strong>actmn;</strong></span> 
     </span>
    </p>
   </div>
   <div class='ocr_carea' id='block_1_8' title="bbox 552 720 2145 804">
    <p class='ocr_par' dir='ltr' id='par_1_8' title="bbox 552 720 2145 804">
     <span class='ocr_line' id='line_1_8' title="bbox 552 720 2145 804; baseline -0.018 -5"><span class='ocrx_word' id='word_1_40' title='bbox 552 744 794 801; x_wconf 75' lang='lat' dir='ltr'><strong>rescissis</strong></span> <span class='ocrx_word' id='word_1_41' title='bbox 819 741 962 794; x_wconf 90' lang='lat' dir='ltr'><strong>enim</strong></span> <span class='ocrx_word' id='word_1_42' title='bbox 989 736 1105 804; x_wconf 90' lang='lat' dir='ltr'><strong>ejus</strong></span> <span class='ocrx_word' id='word_1_43' title='bbox 1149 729 1430 785; x_wconf 73' lang='lat' dir='ltr'><strong>sententia:</strong></span> <span class='ocrx_word' id='word_1_44' title='bbox 1471 725 1728 790; x_wconf 79' lang='lat' dir='ltr'><strong>decretis,</strong></span> <span class='ocrx_word' id='word_1_45' title='bbox 1761 724 1875 793; x_wconf 88' lang='lat' dir='ltr'><strong>ipse</strong></span> <span class='ocrx_word' id='word_1_46' title='bbox 1929 720 2145 788; x_wconf 89' lang='lat' dir='ltr'><strong>triginta</strong></span> 
     </span>
    </p>
   </div>
   <div class='ocr_carea' id='block_1_9' title="bbox 554 814 2148 901">
    <p class='ocr_par' dir='ltr' id='par_1_9' title="bbox 554 814 2148 901">
     <span class='ocr_line' id='line_1_9' title="bbox 554 814 2148 901; baseline -0.018 -10"><span class='ocrx_word' id='word_1_47' title='bbox 554 836 763 890; x_wconf 88' lang='lat' dir='ltr'><strong>dierum</strong></span> <span class='ocrx_word' id='word_1_48' title='bbox 793 831 971 901; x_wconf 88' lang='lat' dir='ltr'><strong>spatio</strong></span> <span class='ocrx_word' id='word_1_49' title='bbox 999 839 1164 882; x_wconf 72' lang='lat' dir='ltr'><strong>saera:</strong></span> <span class='ocrx_word' id='word_1_50' title='bbox 1193 818 1589 878; x_wconf 89' lang='lat' dir='ltr'><strong>conununionis</strong></span> <span class='ocrx_word' id='word_1_51' title='bbox 1618 831 1831 887; x_wconf 83' lang='lat' dir='ltr'><strong>expers,</strong></span> <span class='ocrx_word' id='word_1_52' title='bbox 1861 814 2038 884; x_wconf 90' lang='lat' dir='ltr'><strong>jussus</strong></span> <span class='ocrx_word' id='word_1_53' title='bbox 2066 818 2148 865; x_wconf 90' lang='lat' dir='ltr'><strong>est</strong></span> 
     </span>
    </p>
   </div>
   <div class='ocr_carea' id='block_1_10' title="bbox 555 922 1134 994">
    <p class='ocr_par' dir='ltr' id='par_1_10' title="bbox 555 922 1134 994">
     <span class='ocr_line' id='line_1_10' title="bbox 555 922 1134 994; baseline -0.019 -15"><span class='ocrx_word' id='word_1_54' title='bbox 555 922 924 994; x_wconf 74' lang='lat' dir='ltr'><strong>pmnitentiam</strong></span> <span class='ocrx_word' id='word_1_55' title='bbox 954 930 1134 985; x_wconf 88' lang='lat' dir='ltr'><strong>agere.</strong></span> 
     </span>
    </p>
   </div>
   <div class='ocr_carea' id='block_1_11' title="bbox 626 996 2147 1069">
    <p class='ocr_par' dir='ltr' id='par_1_11' title="bbox 626 996 2147 1069">
     <span class='ocr_line' id='line_1_11' title="bbox 626 996 2147 1069; baseline -0.012 -2"><span class='ocrx_word' id='word_1_56' title='bbox 626 1011 881 1067; x_wconf 85' lang='lat' dir='ltr'><strong>Hadriani</strong></span> <span class='ocrx_word' id='word_1_57' title='bbox 914 1016 1257 1064; x_wconf 87' lang='lat' dir='ltr'><strong>accusatores</strong></span> <span class='ocrx_word' id='word_1_58' title='bbox 1306 1019 1426 1059; x_wconf 90' lang='lat' dir='ltr'><strong>cum</strong></span> <span class='ocrx_word' id='word_1_59' title='bbox 1458 1018 1525 1057; x_wconf 90' lang='lat' dir='ltr'><strong>eo</strong></span> <span class='ocrx_word' id='word_1_60' title='bbox 1570 1002 1622 1054; x_wconf 92' lang='lat' dir='ltr'><strong>in</strong></span> <span class='ocrx_word' id='word_1_61' title='bbox 1648 998 1875 1069; x_wconf 87' lang='lat' dir='ltr'><strong>gratiam</strong></span> <span class='ocrx_word' id='word_1_62' title='bbox 1922 996 2147 1051; x_wconf 85' lang='lat' dir='ltr'><strong>rediisse</strong></span> 
     </span>
    </p>
   </div>
   <div class='ocr_carea' id='block_1_12' title="bbox 554 1089 2142 1171">
    <p class='ocr_par' dir='ltr' id='par_1_12' title="bbox 554 1089 2142 1171">
     <span class='ocr_line' id='line_1_12' title="bbox 554 1089 2142 1171; baseline -0.009 -15"><span class='ocrx_word' id='word_1_63' title='bbox 554 1103 714 1157; x_wconf 74' lang='lat' dir='ltr'><strong>docet</strong></span> <span class='ocrx_word' id='word_1_64' title='bbox 743 1101 972 1171; x_wconf 88' lang='lat' dir='ltr'><strong>epistola</strong></span> <span class='ocrx_word' id='word_1_65' title='bbox 1004 1099 1073 1152; x_wconf 82' lang='lat'><strong>&#39;59</strong></span> <span class='ocrx_word' id='word_1_66' title='bbox 1106 1099 1197 1152; x_wconf 89' lang='lat' dir='ltr'><strong>lih.</strong></span> <span class='ocrx_word' id='word_1_67' title='bbox 1239 1113 1315 1160; x_wconf 91' lang='grc' dir='ltr'>ιιι,</span> <span class='ocrx_word' id='word_1_68' title='bbox 1370 1096 1437 1148; x_wconf 86' lang='lat' dir='ltr'><strong>ad</strong></span> <span class='ocrx_word' id='word_1_69' title='bbox 1467 1094 1751 1162; x_wconf 73' lang='lat' dir='ltr'><strong>episcopos</strong></span> <span class='ocrx_word' id='word_1_70' title='bbox 1791 1089 2098 1145; x_wconf 84' lang='lat' dir='ltr'><strong>Corinthios</strong></span> <span class='ocrx_word' id='word_1_71' title='bbox 2129 1106 2142 1141; x_wconf 90' lang='lat'><strong>:</strong></span> 
     </span>
    </p>
   </div>
   <div class='ocr_carea' id='block_1_13' title="bbox 556 1179 2148 1250">
    <p class='ocr_par' dir='ltr' id='par_1_13' title="bbox 556 1179 2148 1250">
     <span class='ocr_line' id='line_1_13' title="bbox 556 1179 2148 1250; baseline -0.009 -3"><span class='ocrx_word' id='word_1_72' title='bbox 556 1197 649 1249; x_wconf 81' lang='lat' dir='ltr'><strong>vix</strong></span> <span class='ocrx_word' id='word_1_73' title='bbox 673 1195 815 1250; x_wconf 91' lang='lat' dir='ltr'><strong>enim</strong></span> <span class='ocrx_word' id='word_1_74' title='bbox 840 1192 1087 1246; x_wconf 81' lang='lat' dir='ltr'><strong>dubitare</strong></span> <span class='ocrx_word' id='word_1_75' title='bbox 1116 1190 1242 1243; x_wconf 90' lang='lat' dir='ltr'><strong>licet</strong></span> <span class='ocrx_word' id='word_1_76' title='bbox 1266 1197 1443 1240; x_wconf 89' lang='lat' dir='ltr'><strong>utrum</strong></span> <span class='ocrx_word' id='word_1_77' title='bbox 1468 1184 1607 1239; x_wconf 88' lang='lat' dir='ltr'><strong>idem</strong></span> <span class='ocrx_word' id='word_1_78' title='bbox 1632 1184 1699 1238; x_wconf 88' lang='lat' dir='ltr'><strong>sit</strong></span> <span class='ocrx_word' id='word_1_79' title='bbox 1721 1181 2018 1235; x_wconf 89' lang='lat' dir='ltr'><strong>lladrianus</strong></span> <span class='ocrx_word' id='word_1_80' title='bbox 2040 1179 2148 1248; x_wconf 90' lang='lat' dir='ltr'><strong>epi-</strong></span> 
     </span>
    </p>
   </div>
   <div class='ocr_carea' id='block_1_14' title="bbox 556 1272 2148 1355">
    <p class='ocr_par' dir='ltr' id='par_1_14' title="bbox 556 1272 2148 1355">
     <span class='ocr_line' id='line_1_14' title="bbox 556 1272 2148 1355; baseline -0.01 -15"><span class='ocrx_word' id='word_1_81' title='bbox 556 1300 754 1355; x_wconf 79' lang='lat' dir='ltr'><strong>scOpus</strong></span> <span class='ocrx_word' id='word_1_82' title='bbox 782 1284 848 1338; x_wconf 91' lang='lat' dir='ltr'><strong>de</strong></span> <span class='ocrx_word' id='word_1_83' title='bbox 875 1298 983 1352; x_wconf 90' lang='lat' dir='ltr'><strong>quo</strong></span> <span class='ocrx_word' id='word_1_84' title='bbox 1012 1280 1126 1334; x_wconf 65' lang='lat' dir='ltr'><strong>hazc</strong></span> <span class='ocrx_word' id='word_1_85' title='bbox 1155 1278 1265 1346; x_wconf 82' lang='lat' dir='ltr'><strong>agit</strong></span> <span class='ocrx_word' id='word_1_86' title='bbox 1292 1276 1540 1347; x_wconf 88' lang='lat' dir='ltr'><strong>epistola.</strong></span> <span class='ocrx_word' id='word_1_87' title='bbox 1572 1275 1661 1328; x_wconf 89' lang='lat' dir='ltr'><strong>Sic</strong></span> <span class='ocrx_word' id='word_1_88' title='bbox 1709 1272 1910 1327; x_wconf 68' lang='lat' dir='ltr'><strong>illatam</strong></span> <span class='ocrx_word' id='word_1_89' title='bbox 1938 1272 2148 1341; x_wconf 88' lang='lat' dir='ltr'><strong>episeo-</strong></span> 
     </span>
    </p>
   </div>
   <div class='ocr_carea' id='block_1_15' title="bbox 557 1362 2145 1447">
    <p class='ocr_par' dir='ltr' id='par_1_15' title="bbox 557 1362 2145 1447">
     <span class='ocr_line' id='line_1_15' title="bbox 557 1362 2145 1447; baseline -0.009 -18"><span class='ocrx_word' id='word_1_90' title='bbox 557 1393 648 1447; x_wconf 90' lang='lat' dir='ltr'><strong>po,</strong></span> <span class='ocrx_word' id='word_1_91' title='bbox 682 1376 890 1443; x_wconf 68' lang='lat' dir='ltr'><strong>totique</strong></span> <span class='ocrx_word' id='word_1_92' title='bbox 917 1372 1073 1429; x_wconf 88' lang='lat' dir='ltr'><strong>simul</strong></span> <span class='ocrx_word' id='word_1_93' title='bbox 1101 1370 1273 1426; x_wconf 89' lang='lat' dir='ltr'><strong>ordini</strong></span> <span class='ocrx_word' id='word_1_94' title='bbox 1297 1366 1590 1438; x_wconf 84' lang='lat' dir='ltr'><strong>episcopali</strong></span> <span class='ocrx_word' id='word_1_95' title='bbox 1621 1365 1763 1418; x_wconf 80' lang='lat' dir='ltr'><strong>ultus</strong></span> <span class='ocrx_word' id='word_1_96' title='bbox 1790 1372 1871 1418; x_wconf 82' lang='lat' dir='ltr'><strong>est</strong></span> <span class='ocrx_word' id='word_1_97' title='bbox 1896 1362 2145 1430; x_wconf 91' lang='lat' dir='ltr'><strong>injnriam</strong></span> 
     </span>
    </p>
   </div>
   <div class='ocr_carea' id='block_1_16' title="bbox 558 1452 2144 1537">
    <p class='ocr_par' dir='ltr' id='par_1_16' title="bbox 558 1452 2144 1537">
     <span class='ocr_line' id='line_1_16' title="bbox 558 1452 2144 1537; baseline -0.013 -13"><span class='ocrx_word' id='word_1_98' title='bbox 558 1471 617 1525; x_wconf 90' lang='lat' dir='ltr'><strong>S.</strong></span> <span class='ocrx_word' id='word_1_99' title='bbox 645 1468 968 1537; x_wconf 69' lang='lat' dir='ltr'><strong>Gregorius;</strong></span> <span class='ocrx_word' id='word_1_100' title='bbox 1000 1472 1054 1519; x_wconf 89' lang='lat' dir='ltr'><strong>et</strong></span> <span class='ocrx_word' id='word_1_101' title='bbox 1084 1463 1175 1532; x_wconf 89' lang='lat' dir='ltr'><strong>qui</strong></span> <span class='ocrx_word' id='word_1_102' title='bbox 1213 1461 1497 1531; x_wconf 75' lang='lat' dir='ltr'><strong>episcopos</strong></span> <span class='ocrx_word' id='word_1_103' title='bbox 1526 1471 1713 1509; x_wconf 87' lang='lat' dir='ltr'><strong>omnes</strong></span> <span class='ocrx_word' id='word_1_104' title='bbox 1745 1454 1892 1523; x_wconf 92' lang='lat' dir='ltr'><strong>(ipso</strong></span> <span class='ocrx_word' id='word_1_105' title='bbox 1930 1452 2144 1522; x_wconf 80' lang='lat' dir='ltr'><strong>quidem</strong></span> 
     </span>
    </p>
   </div>
   <div class='ocr_carea' id='block_1_17' title="bbox 562 1543 2145 1625">
    <p class='ocr_par' dir='ltr' id='par_1_17' title="bbox 562 1543 2145 1625">
     <span class='ocr_line' id='line_1_17' title="bbox 562 1543 2145 1625; baseline -0.012 -11"><span class='ocrx_word' id='word_1_106' title='bbox 562 1562 807 1614; x_wconf 80' lang='lat' dir='ltr'><strong>llomano</strong></span> <span class='ocrx_word' id='word_1_107' title='bbox 839 1554 1095 1625; x_wconf 88' lang='lat' dir='ltr'><strong>pontilice</strong></span> <span class='ocrx_word' id='word_1_108' title='bbox 1153 1567 1259 1604; x_wconf 92' lang='lat' dir='ltr'><strong>non</strong></span> <span class='ocrx_word' id='word_1_109' title='bbox 1288 1548 1540 1617; x_wconf 75' lang='lat' dir='ltr'><strong>excepto)</strong></span> <span class='ocrx_word' id='word_1_110' title='bbox 1572 1545 1853 1600; x_wconf 84' lang='lat' dir='ltr'><strong>secundant</strong></span> <span class='ocrx_word' id='word_1_111' title='bbox 1892 1543 2145 1596; x_wconf 72' lang='lat' dir='ltr'><strong>rationrm</strong></span> 
     </span>
    </p>
   </div>
   <div class='ocr_carea' id='block_1_18' title="bbox 559 1630 2143 1717">
    <p class='ocr_par' dir='ltr' id='par_1_18' title="bbox 559 1630 2143 1717">
     <span class='ocr_line' id='line_1_18' title="bbox 559 1630 2143 1717; baseline -0.014 -13"><span class='ocrx_word' id='word_1_112' title='bbox 559 1651 863 1704; x_wconf 88' lang='lat' dir='ltr'><strong>humilitatis</strong></span> <span class='ocrx_word' id='word_1_113' title='bbox 906 1644 1127 1717; x_wconf 81' lang='lat' dir='ltr'><strong>trqualcs</strong></span> <span class='ocrx_word' id='word_1_114' title='bbox 1180 1657 1290 1695; x_wconf 87' lang='lat' dir='ltr'><strong>esse</strong></span> <span class='ocrx_word' id='word_1_115' title='bbox 1352 1639 1559 1709; x_wconf 88' lang='lat' dir='ltr'><strong>putavit</strong></span> <span class='ocrx_word' id='word_1_116' title='bbox 1609 1635 1746 1705; x_wconf 86' lang='lat' dir='ltr'><strong>(Lib.</strong></span> <span class='ocrx_word' id='word_1_117' title='bbox 1787 1650 1873 1699; x_wconf 69' lang='grc' dir='ltr'>ις,</span> <span class='ocrx_word' id='word_1_118' title='bbox 1918 1650 1996 1703; x_wconf 83' lang='lat' dir='ltr'><strong>cp.</strong></span> <span class='ocrx_word' id='word_1_119' title='bbox 2030 1630 2143 1700; x_wconf 68' lang='lat'><strong>59),</strong></span> 
     </span>
    </p>
   </div>
   <div class='ocr_carea' id='block_1_19' title="bbox 556 1727 2141 1807">
    <p class='ocr_par' dir='ltr' id='par_1_19' title="bbox 556 1727 2141 1807">
     <span class='ocr_line' id='line_1_19' title="bbox 556 1727 2141 1807; baseline -0.015 -10"><span class='ocrx_word' id='word_1_120' title='bbox 556 1756 680 1797; x_wconf 87' lang='lat' dir='ltr'><strong>cum</strong></span> <span class='ocrx_word' id='word_1_121' title='bbox 708 1739 865 1807; x_wconf 75' lang='lat' dir='ltr'><strong>culpa</strong></span> <span class='ocrx_word' id='word_1_122' title='bbox 911 1736 1055 1789; x_wconf 89' lang='lat' dir='ltr'><strong>nulla</strong></span> <span class='ocrx_word' id='word_1_123' title='bbox 1098 1734 1150 1787; x_wconf 91' lang='lat' dir='ltr'><strong>in</strong></span> <span class='ocrx_word' id='word_1_124' title='bbox 1180 1748 1274 1785; x_wconf 85' lang='lat' dir='ltr'><strong>eos</strong></span> <span class='ocrx_word' id='word_1_125' title='bbox 1300 1727 1730 1783; x_wconf 78' lang='lat' dir='ltr'><strong>animadvertere</strong></span> <span class='ocrx_word' id='word_1_126' title='bbox 1776 1730 2017 1791; x_wconf 82' lang='lat' dir='ltr'><strong>cogeret,</strong></span> <span class='ocrx_word' id='word_1_127' title='bbox 2048 1738 2141 1776; x_wconf 82' lang='lat' dir='ltr'><strong>su—</strong></span> 
     </span>
    </p>
   </div>
   <div class='ocr_carea' id='block_1_20' title="bbox 2251 518 3819 602">
    <p class='ocr_par' dir='ltr' id='par_1_20' title="bbox 2251 518 3819 602">
     <span class='ocr_line' id='line_1_20' title="bbox 2251 518 3819 602; baseline -0.01 -11"><span class='ocrx_word' id='word_1_128' title='bbox 2251 552 2372 592; x_wconf 91' lang='lat' dir='ltr'><strong>cum</strong></span> <span class='ocrx_word' id='word_1_129' title='bbox 2399 535 2691 602; x_wconf 81' lang='lat' dir='ltr'><strong>Gregorius</strong></span> <span class='ocrx_word' id='word_1_130' title='bbox 2720 531 3042 600; x_wconf 67' lang='lat' dir='ltr'><strong>accepisset,</strong></span> <span class='ocrx_word' id='word_1_131' title='bbox 3072 518 3240 582; x_wconf 80' lang='lat' dir='ltr'><strong>semel</strong></span> <span class='ocrx_word' id='word_1_132' title='bbox 3271 535 3325 579; x_wconf 87' lang='lat' dir='ltr'><strong>et</strong></span> <span class='ocrx_word' id='word_1_133' title='bbox 3354 526 3549 579; x_wconf 90' lang='lat' dir='ltr'><strong>iterum</strong></span> <span class='ocrx_word' id='word_1_134' title='bbox 3578 521 3644 577; x_wconf 88' lang='lat' dir='ltr'><strong>ad</strong></span> <span class='ocrx_word' id='word_1_135' title='bbox 3668 521 3819 576; x_wconf 81' lang='lat' dir='ltr'><strong>Joan-</strong></span> 
     </span>
    </p>
   </div>
   <div class='ocr_carea' id='block_1_21' title="bbox 2249 615 3821 695">
    <p class='ocr_par' dir='ltr' id='par_1_21' title="bbox 2249 615 3821 695">
     <span class='ocr_line' id='line_1_21' title="bbox 2249 615 3821 695; baseline -0.01 -12"><span class='ocrx_word' id='word_1_136' title='bbox 2249 644 2371 683; x_wconf 91' lang='lat' dir='ltr'><strong>nem</strong></span> <span class='ocrx_word' id='word_1_137' title='bbox 2394 626 2629 695; x_wconf 82' lang='lat' dir='ltr'><strong>scripsit,</strong></span> <span class='ocrx_word' id='word_1_138' title='bbox 2664 634 2721 678; x_wconf 90' lang='lat' dir='ltr'><strong>ut</strong></span> <span class='ocrx_word' id='word_1_139' title='bbox 2748 622 2987 678; x_wconf 87' lang='lat' dir='ltr'><strong>criminis</strong></span> <span class='ocrx_word' id='word_1_140' title='bbox 3016 619 3311 689; x_wconf 76' lang='lat' dir='ltr'><strong>perpetrati</strong></span> <span class='ocrx_word' id='word_1_141' title='bbox 3338 617 3623 671; x_wconf 87' lang='lat' dir='ltr'><strong>veritatem</strong></span> <span class='ocrx_word' id='word_1_142' title='bbox 3653 615 3821 683; x_wconf 80' lang='lat' dir='ltr'><strong>explo-</strong></span> 
     </span>
    </p>
   </div>
   <div class='ocr_carea' id='block_1_22' title="bbox 2249 705 3820 778">
    <p class='ocr_par' dir='ltr' id='par_1_22' title="bbox 2249 705 3820 778">
     <span class='ocr_line' id='line_1_22' title="bbox 2249 705 3820 778; baseline -0.008 -6"><span class='ocrx_word' id='word_1_143' title='bbox 2249 728 2414 773; x_wconf 82' lang='lat' dir='ltr'><strong>raret.</strong></span> <span class='ocrx_word' id='word_1_144' title='bbox 2458 718 2526 770; x_wconf 86' lang='lat' dir='ltr'><strong>At</strong></span> <span class='ocrx_word' id='word_1_145' title='bbox 2555 716 2644 770; x_wconf 90' lang='lat' dir='ltr'><strong>ille</strong></span> <span class='ocrx_word' id='word_1_146' title='bbox 2672 712 3014 769; x_wconf 81' lang='lat' dir='ltr'><strong>dissimulans</strong></span> <span class='ocrx_word' id='word_1_147' title='bbox 3060 709 3363 778; x_wconf 58' lang='lat' dir='ltr'><strong>respondit,</strong></span> <span class='ocrx_word' id='word_1_148' title='bbox 3413 721 3474 759; x_wconf 88' lang='lat' dir='ltr'><strong>se</strong></span> <span class='ocrx_word' id='word_1_149' title='bbox 3520 721 3626 774; x_wconf 88' lang='lat' dir='ltr'><strong>qua</strong></span> <span class='ocrx_word' id='word_1_150' title='bbox 3664 705 3727 759; x_wconf 89' lang='lat' dir='ltr'><strong>de</strong></span> <span class='ocrx_word' id='word_1_151' title='bbox 3768 720 3820 759; x_wconf 85' lang='lat' dir='ltr'><strong>re</strong></span> 
     </span>
    </p>
   </div>
   <div class='ocr_carea' id='block_1_23' title="bbox 2251 798 3819 877">
    <p class='ocr_par' dir='ltr' id='par_1_23' title="bbox 2251 798 3819 877">
     <span class='ocr_line' id='line_1_23' title="bbox 2251 798 3819 877; baseline -0.008 -12"><span class='ocrx_word' id='word_1_152' title='bbox 2251 813 2681 877; x_wconf 83' lang='lat' dir='ltr'><strong>interrogaretur</strong></span> <span class='ocrx_word' id='word_1_153' title='bbox 2726 806 2941 876; x_wconf 90' lang='lat' dir='ltr'><strong>penitus</strong></span> <span class='ocrx_word' id='word_1_154' title='bbox 2978 804 3262 867; x_wconf 60' lang='lat' dir='ltr'><strong>ignorare;</strong></span> <span class='ocrx_word' id='word_1_155' title='bbox 3310 800 3497 869; x_wconf 81' lang='lat' dir='ltr'><strong>sicque</strong></span> <span class='ocrx_word' id='word_1_156' title='bbox 3537 798 3740 853; x_wconf 71' lang='lat' dir='ltr'><strong>violata:</strong></span> <span class='ocrx_word' id='word_1_157' title='bbox 3774 800 3819 854; x_wconf 81' lang='lat' dir='ltr'><strong>in</strong></span> 
     </span>
    </p>
   </div>
   <div class='ocr_carea' id='block_1_24' title="bbox 2251 882 3822 963">
    <p class='ocr_par' dir='ltr' id='par_1_24' title="bbox 2251 882 3822 963">
     <span class='ocr_line' id='line_1_24' title="bbox 2251 882 3822 963; baseline -0.006 -6"><span class='ocrx_word' id='word_1_158' title='bbox 2251 903 2516 957; x_wconf 81' lang='lat' dir='ltr'><strong>monacho</strong></span> <span class='ocrx_word' id='word_1_159' title='bbox 2543 908 2598 954; x_wconf 91' lang='lat' dir='ltr'><strong>ct</strong></span> <span class='ocrx_word' id='word_1_160' title='bbox 2626 898 2912 954; x_wconf 89' lang='lat' dir='ltr'><strong>sacerdote</strong></span> <span class='ocrx_word' id='word_1_161' title='bbox 2949 894 3224 963; x_wconf 80' lang='lat' dir='ltr'><strong>religionis</strong></span> <span class='ocrx_word' id='word_1_162' title='bbox 3267 893 3373 947; x_wconf 85' lang='lat' dir='ltr'><strong>invi</strong></span> <span class='ocrx_word' id='word_1_163' title='bbox 3396 892 3522 945; x_wconf 72' lang='lat' dir='ltr'><strong>fiam</strong></span> <span class='ocrx_word' id='word_1_164' title='bbox 3562 882 3822 960; x_wconf 76' lang='lat' dir='ltr'><strong>deprecari</strong></span> 
     </span>
    </p>
   </div>
   <div class='ocr_carea' id='block_1_25' title="bbox 2248 983 3822 1061">
    <p class='ocr_par' dir='ltr' id='par_1_25' title="bbox 2248 983 3822 1061">
     <span class='ocr_line' id='line_1_25' title="bbox 2248 983 3822 1061; baseline -0.009 -12"><span class='ocrx_word' id='word_1_165' title='bbox 2248 994 2336 1049; x_wconf 89' lang='lat' dir='ltr'><strong>vol</strong></span> <span class='ocrx_word' id='word_1_166' title='bbox 2356 1009 2454 1058; x_wconf 66' lang='lat' dir='ltr'><strong>‘ns,</strong></span> <span class='ocrx_word' id='word_1_167' title='bbox 2486 992 2697 1061; x_wconf 65' lang='lat' dir='ltr'><strong>cu‘pa&#39;u</strong></span> <span class='ocrx_word' id='word_1_168' title='bbox 2722 989 2948 1057; x_wconf 75' lang='lat' dir='ltr'><strong>augebat</strong></span> <span class='ocrx_word' id='word_1_169' title='bbox 2973 1005 2986 1039; x_wconf 89' lang='lat'><strong>:</strong></span> <span class='ocrx_word' id='word_1_170' title='bbox 3015 987 3211 1040; x_wconf 87' lang='lat' dir='ltr'><strong>etenim</strong></span> <span class='ocrx_word' id='word_1_171' title='bbox 3235 984 3319 1037; x_wconf 87' lang='lat' dir='ltr'><strong>vel</strong></span> <span class='ocrx_word' id='word_1_172' title='bbox 3342 983 3509 1051; x_wconf 84' lang='lat' dir='ltr'><strong>ipsam</strong></span> <span class='ocrx_word' id='word_1_173' title='bbox 3534 983 3822 1037; x_wconf 89' lang='lat' dir='ltr'><strong>cumulabat</strong></span> 
     </span>
    </p>
   </div>
   <div class='ocr_carea' id='block_1_26' title="bbox 2249 1072 3825 1148">
    <p class='ocr_par' dir='ltr' id='par_1_26' title="bbox 2249 1072 3825 1148">
     <span class='ocr_line' id='line_1_26' title="bbox 2249 1072 3825 1148; baseline -0.008 -10"><span class='ocrx_word' id='word_1_174' title='bbox 2249 1083 2556 1148; x_wconf 87' lang='lat' dir='ltr'><strong>mendacio,</strong></span> <span class='ocrx_word' id='word_1_175' title='bbox 2581 1081 2665 1134; x_wconf 83' lang='lat' dir='ltr'><strong>vel</strong></span> <span class='ocrx_word' id='word_1_176' title='bbox 2687 1095 2744 1134; x_wconf 89' lang='lat' dir='ltr'><strong>se</strong></span> <span class='ocrx_word' id='word_1_177' title='bbox 2767 1078 2973 1132; x_wconf 85' lang='lat' dir='ltr'><strong>veterni</strong></span> <span class='ocrx_word' id='word_1_178' title='bbox 2997 1084 3051 1130; x_wconf 89' lang='lat' dir='ltr'><strong>et</strong></span> <span class='ocrx_word' id='word_1_179' title='bbox 3080 1091 3175 1130; x_wconf 91' lang='lat' dir='ltr'><strong>soc</strong></span> <span class='ocrx_word' id='word_1_180' title='bbox 3202 1075 3344 1128; x_wconf 46' lang='lat' dir='ltr'><strong>&#39;rditc</strong></span> <span class='ocrx_word' id='word_1_181' title='bbox 3365 1072 3641 1140; x_wconf 78' lang='lat' dir='ltr'><strong>arguebat.</strong></span> <span class='ocrx_word' id='word_1_182' title='bbox 3673 1072 3825 1126; x_wconf 77' lang='lat' dir='ltr'><strong>Nimi-</strong></span> 
     </span>
    </p>
   </div>
   <div class='ocr_carea' id='block_1_27' title="bbox 2250 1164 3820 1239">
    <p class='ocr_par' dir='ltr' id='par_1_27' title="bbox 2250 1164 3820 1239">
     <span class='ocr_line' id='line_1_27' title="bbox 2250 1164 3820 1239; baseline -0.006 -12"><span class='ocrx_word' id='word_1_183' title='bbox 2250 1189 2397 1237; x_wconf 90' lang='lat' dir='ltr'><strong>rum,</strong></span> <span class='ocrx_word' id='word_1_184' title='bbox 2432 1181 2490 1225; x_wconf 93' lang='lat' dir='ltr'><strong>ut</strong></span> <span class='ocrx_word' id='word_1_185' title='bbox 2520 1171 2706 1239; x_wconf 84' lang='lat' dir='ltr'><strong>objicit</strong></span> <span class='ocrx_word' id='word_1_186' title='bbox 2734 1167 3057 1236; x_wconf 84' lang='lat' dir='ltr'><strong>Gregorius,</strong></span> <span class='ocrx_word' id='word_1_187' title='bbox 3104 1164 3228 1237; x_wconf 85' lang='lat' dir='ltr'><strong>quid</strong></span> <span class='ocrx_word' id='word_1_188' title='bbox 3256 1164 3479 1217; x_wconf 86' lang='lat' dir='ltr'><strong>deterius</strong></span> <span class='ocrx_word' id='word_1_189' title='bbox 3509 1180 3618 1217; x_wconf 83' lang='lat' dir='ltr'><strong>esse</strong></span> <span class='ocrx_word' id='word_1_190' title='bbox 3650 1176 3820 1231; x_wconf 71' lang='lat' dir='ltr'><strong>potest,</strong></span> 
     </span>
    </p>
   </div>
   <div class='ocr_carea' id='block_1_28' title="bbox 2250 1255 3824 1334">
    <p class='ocr_par' dir='ltr' id='par_1_28' title="bbox 2250 1255 3824 1334">
     <span class='ocr_line' id='line_1_28' title="bbox 2250 1255 3824 1334; baseline -0.004 -20"><span class='ocrx_word' id='word_1_191' title='bbox 2250 1281 2403 1334; x_wconf 88' lang='lat' dir='ltr'><strong>quam</strong></span> <span class='ocrx_word' id='word_1_192' title='bbox 2425 1273 2479 1316; x_wconf 87' lang='lat' dir='ltr'><strong>ut</strong></span> <span class='ocrx_word' id='word_1_193' title='bbox 2503 1272 2729 1333; x_wconf 82' lang='lat' dir='ltr'><strong>agantur</strong></span> <span class='ocrx_word' id='word_1_194' title='bbox 2751 1259 2879 1312; x_wconf 82' lang='lat' dir='ltr'><strong>talia</strong></span> <span class='ocrx_word' id='word_1_195' title='bbox 2899 1267 3080 1311; x_wconf 86' lang='lat' dir='ltr'><strong>contra</strong></span> <span class='ocrx_word' id='word_1_196' title='bbox 3100 1273 3273 1311; x_wconf 82' lang='lat' dir='ltr'><strong>serros</strong></span> <span class='ocrx_word' id='word_1_197' title='bbox 3297 1255 3411 1318; x_wconf 86' lang='lat' dir='ltr'><strong>Dei,</strong></span> <span class='ocrx_word' id='word_1_198' title='bbox 3444 1263 3491 1308; x_wconf 87' lang='lat' dir='ltr'><strong>et</strong></span> <span class='ocrx_word' id='word_1_199' title='bbox 3514 1256 3623 1323; x_wconf 82' lang='lat' dir='ltr'><strong>ipse</strong></span> <span class='ocrx_word' id='word_1_200' title='bbox 3644 1256 3824 1308; x_wconf 71' lang='lat' dir='ltr'><strong>nesciat</strong></span> 
     </span>
    </p>
   </div>
   <div class='ocr_carea' id='block_1_29' title="bbox 2249 1344 3827 1425">
    <p class='ocr_par' dir='ltr' id='par_1_29' title="bbox 2249 1344 3827 1425">
     <span class='ocr_line' id='line_1_29' title="bbox 2249 1344 3827 1425; baseline -0.003 -21"><span class='ocrx_word' id='word_1_201' title='bbox 2249 1355 2335 1425; x_wconf 89' lang='lat' dir='ltr'><strong>qui</strong></span> <span class='ocrx_word' id='word_1_202' title='bbox 2364 1362 2537 1423; x_wconf 84' lang='lat' dir='ltr'><strong>prcsto</strong></span> <span class='ocrx_word' id='word_1_203' title='bbox 2562 1352 2673 1405; x_wconf 81' lang='lat' dir='ltr'><strong>cst?</strong></span> <span class='ocrx_word' id='word_1_204' title='bbox 2699 1348 2826 1414; x_wconf 67' lang='lat' dir='ltr'><strong>Quin</strong></span> <span class='ocrx_word' id='word_1_205' title='bbox 2847 1366 2962 1404; x_wconf 76' lang='lat' dir='ltr'><strong>vero</strong></span> <span class='ocrx_word' id='word_1_206' title='bbox 2984 1344 3148 1417; x_wconf 73' lang='lat' dir='ltr'><strong>potest</strong></span> <span class='ocrx_word' id='word_1_207' title='bbox 3173 1363 3285 1401; x_wconf 85' lang='lat' dir='ltr'><strong>esse</strong></span> <span class='ocrx_word' id='word_1_208' title='bbox 3305 1346 3529 1413; x_wconf 83' lang='lat' dir='ltr'><strong>pastoris</strong></span> <span class='ocrx_word' id='word_1_209' title='bbox 3556 1347 3827 1411; x_wconf 72' lang='lat' dir='ltr'><strong>excusatio,</strong></span> 
     </span>
    </p>
   </div>
   <div class='ocr_carea' id='block_1_30' title="bbox 2248 1436 3830 1514">
    <p class='ocr_par' dir='ltr' id='par_1_30' title="bbox 2248 1436 3830 1514">
     <span class='ocr_line' id='line_1_30' title="bbox 2248 1436 3830 1514; baseline -0.005 -16"><span class='ocrx_word' id='word_1_210' title='bbox 2248 1447 2293 1498; x_wconf 97' lang='lat' dir='ltr'><strong>si</strong></span> <span class='ocrx_word' id='word_1_211' title='bbox 2324 1445 2475 1514; x_wconf 85' lang='lat' dir='ltr'><strong>lupus</strong></span> <span class='ocrx_word' id='word_1_212' title='bbox 2505 1459 2621 1497; x_wconf 81' lang='lat' dir='ltr'><strong>ores</strong></span> <span class='ocrx_word' id='word_1_213' title='bbox 2649 1440 2899 1507; x_wconf 81' lang='lat' dir='ltr'><strong>comedit,</strong></span> <span class='ocrx_word' id='word_1_214' title='bbox 2929 1449 2976 1492; x_wconf 87' lang='lat' dir='ltr'><strong>et</strong></span> <span class='ocrx_word' id='word_1_215' title='bbox 3004 1449 3187 1509; x_wconf 85' lang='lat' dir='ltr'><strong>pastor</strong></span> <span class='ocrx_word' id='word_1_216' title='bbox 3214 1437 3411 1491; x_wconf 78' lang='lat' dir='ltr'><strong>nescit?</strong></span> <span class='ocrx_word' id='word_1_217' title='bbox 3440 1436 3567 1491; x_wconf 64' lang='lat' dir='ltr'><strong>Haec</strong></span> <span class='ocrx_word' id='word_1_218' title='bbox 3595 1436 3830 1505; x_wconf 57' lang='lat' dir='ltr'><strong>(nudatus</strong></span> 
     </span>
    </p>
   </div>
   <div class='ocr_carea' id='block_1_31' title="bbox 2249 1530 3833 1607">
    <p class='ocr_par' dir='ltr' id='par_1_31' title="bbox 2249 1530 3833 1607">
     <span class='ocr_line' id='line_1_31' title="bbox 2249 1530 3833 1607; baseline -0.005 -17"><span class='ocrx_word' id='word_1_219' title='bbox 2249 1552 2409 1607; x_wconf 89' lang='lat' dir='ltr'><strong>papa,</strong></span> <span class='ocrx_word' id='word_1_220' title='bbox 2434 1535 2697 1590; x_wconf 83' lang='lat' dir='ltr'><strong>Joannem</strong></span> <span class='ocrx_word' id='word_1_221' title='bbox 2722 1533 2792 1587; x_wconf 86' lang='lat' dir='ltr'><strong>ad</strong></span> <span class='ocrx_word' id='word_1_222' title='bbox 2820 1532 3036 1587; x_wconf 80' lang='lat' dir='ltr'><strong>sanio:a</strong></span> <span class='ocrx_word' id='word_1_223' title='bbox 3065 1530 3290 1586; x_wconf 90' lang='lat' dir='ltr'><strong>consi&#39;ia</strong></span> <span class='ocrx_word' id='word_1_224' title='bbox 3322 1539 3560 1593; x_wconf 80' lang='lat' dir='ltr'><strong>revocat,</strong></span> <span class='ocrx_word' id='word_1_225' title='bbox 3589 1531 3729 1582; x_wconf 67' lang='lat' dir='ltr'><strong>itad</strong></span> <span class='ocrx_word' id='word_1_226' title='bbox 3750 1542 3833 1583; x_wconf 84' lang='lat' dir='ltr'><strong>ca-</strong></span> 
     </span>
    </p>
   </div>
   <div class='ocr_carea' id='block_1_32' title="bbox 2249 1622 3831 1692">
    <p class='ocr_par' dir='ltr' id='par_1_32' title="bbox 2249 1622 3831 1692">
     <span class='ocr_line' id='line_1_32' title="bbox 2249 1622 3831 1692; baseline -0.004 -11"><span class='ocrx_word' id='word_1_227' title='bbox 2249 1642 2419 1681; x_wconf 90' lang='lat' dir='ltr'><strong>nones</strong></span> <span class='ocrx_word' id='word_1_228' title='bbox 2448 1624 2817 1680; x_wconf 88' lang='lat' dir='ltr'><strong>ohscrvandos</strong></span> <span class='ocrx_word' id='word_1_229' title='bbox 2842 1624 3123 1686; x_wconf 76' lang='lat' dir='ltr'><strong>hortatur,</strong></span> <span class='ocrx_word' id='word_1_230' title='bbox 3154 1622 3243 1692; x_wconf 90' lang='lat' dir='ltr'><strong>qui</strong></span> <span class='ocrx_word' id='word_1_231' title='bbox 3274 1622 3562 1691; x_wconf 72' lang='lat' dir='ltr'><strong>t-piscOpOS</strong></span> <span class='ocrx_word' id='word_1_232' title='bbox 3596 1636 3665 1690; x_wconf 89' lang='lat' dir='ltr'><strong>pa</strong></span> <span class='ocrx_word' id='word_1_233' title='bbox 3698 1628 3765 1673; x_wconf 67' lang='lat' dir='ltr'><strong>to:</strong></span> <span class='ocrx_word' id='word_1_234' title='bbox 3780 1637 3831 1675; x_wconf 87' lang='lat' dir='ltr'><strong>es</strong></span> 
     </span>
    </p>
   </div>
   <div class='ocr_carea' id='block_1_33' title="bbox 2251 1711 3835 1784">
    <p class='ocr_par' dir='ltr' id='par_1_33' title="bbox 2251 1711 3835 1784">
     <span class='ocr_line' id='line_1_33' title="bbox 2251 1711 3835 1784; baseline -0.006 -13"><span class='ocrx_word' id='word_1_235' title='bbox 2251 1733 2373 1773; x_wconf 83' lang='lat' dir='ltr'><strong>esse</strong></span> <span class='ocrx_word' id='word_1_236' title='bbox 2402 1718 2612 1781; x_wconf 87' lang='lat' dir='ltr'><strong>volunt,</strong></span> <span class='ocrx_word' id='word_1_237' title='bbox 2641 1732 2748 1769; x_wconf 91' lang='lat' dir='ltr'><strong>non</strong></span> <span class='ocrx_word' id='word_1_238' title='bbox 2776 1729 3142 1784; x_wconf 50' lang='lat' dir='ltr'><strong>percussores.</strong></span> <span class='ocrx_word' id='word_1_239' title='bbox 3176 1711 3329 1767; x_wconf 84' lang='lat' dir='ltr'><strong>Nora</strong></span> <span class='ocrx_word' id='word_1_240' title='bbox 3360 1713 3503 1766; x_wconf 72' lang='lat' dir='ltr'><strong>cnim</strong></span> <span class='ocrx_word' id='word_1_241' title='bbox 3531 1720 3581 1765; x_wconf 81' lang='lat' dir='ltr'><strong>et</strong></span> <span class='ocrx_word' id='word_1_242' title='bbox 3608 1711 3835 1764; x_wconf 80' lang='lat' dir='ltr'><strong>inaudita</strong></span> 
     </span>
    </p>
   </div>
   <div class='ocr_carea' id='block_1_34' title="bbox 559 1801 3833 1901">
    <p class='ocr_par' dir='ltr' id='par_1_34' title="bbox 559 1801 3833 1901">
     <span class='ocr_line' id='line_1_34' title="bbox 559 1801 3833 1901; baseline -0.01 -15"><span class='ocrx_word' id='word_1_243' title='bbox 559 1801 990 1901; x_wconf 48' lang='lat' dir='ltr'><strong>premam-quam</strong></span> <span class='ocrx_word' id='word_1_244' title='bbox 1016 1823 1296 1879; x_wconf 87' lang='lat' dir='ltr'><strong>obtinebat</strong></span> <span class='ocrx_word' id='word_1_245' title='bbox 1336 1826 1657 1890; x_wconf 73' lang='lat' dir='ltr'><strong>pete-tatem</strong></span> <span class='ocrx_word' id='word_1_246' title='bbox 1687 1815 1741 1869; x_wconf 90' lang='lat' dir='ltr'><strong>in</strong></span> <span class='ocrx_word' id='word_1_247' title='bbox 1771 1814 2146 1898; x_wconf 78' lang='lat' dir='ltr'><strong>delinquentes</strong></span> <span class='ocrx_word' id='word_1_248' title='bbox 2182 1821 2218 1876; x_wconf 72' lang='grc' dir='ltr'><strong>η</strong></span> <span class='ocrx_word' id='word_1_249' title='bbox 2248 1815 2324 1860; x_wconf 83' lang='lat' dir='ltr'><strong>est</strong></span> <span class='ocrx_word' id='word_1_250' title='bbox 2346 1806 2446 1860; x_wconf 69' lang='lat' dir='ltr'><strong>ista</strong></span> <span class='ocrx_word' id='word_1_251' title='bbox 2472 1804 2775 1877; x_wconf 79' lang='lat' dir='ltr'><strong>prtedicatio</strong></span> <span class='ocrx_word' id='word_1_252' title='bbox 2794 1819 2909 1877; x_wconf 78' lang='lat' dir='ltr'><strong>qua:</strong></span> <span class='ocrx_word' id='word_1_253' title='bbox 2932 1802 3218 1857; x_wconf 70' lang='lat' dir='ltr'><strong>verberibus</strong></span> <span class='ocrx_word' id='word_1_254' title='bbox 3245 1802 3401 1873; x_wconf 74' lang='lat' dir='ltr'><strong>exigit</strong></span> <span class='ocrx_word' id='word_1_255' title='bbox 3424 1802 3602 1871; x_wconf 78' lang='lat' dir='ltr'><strong>fidem,</strong></span> <span class='ocrx_word' id='word_1_256' title='bbox 3629 1801 3795 1870; x_wconf 82' lang='lat' dir='ltr'><strong>inquit</strong></span> <span class='ocrx_word' id='word_1_257' title='bbox 3821 1817 3833 1852; x_wconf 84' lang='lat'><strong>:</strong></span> 
     </span>
    </p>
   </div>
   <div class='ocr_carea' id='block_1_35' title="bbox 563 1890 2148 1979">
    <p class='ocr_par' dir='ltr' id='par_1_35' title="bbox 563 1890 2148 1979">
     <span class='ocr_line' id='line_1_35' title="bbox 563 1890 2148 1979; baseline -0.015 -1"><span class='ocrx_word' id='word_1_258' title='bbox 563 1890 820 1979; x_wconf 74' lang='lat' dir='ltr'><strong>exercere</strong></span> <span class='ocrx_word' id='word_1_259' title='bbox 846 1890 1137 1972; x_wconf 33' lang='lat' dir='ltr'><strong>sollicitus</strong></span> <span class='ocrx_word' id='word_1_260' title='bbox 1190 1912 1310 1977; x_wconf 84' lang='lat' dir='ltr'><strong>fuit,</strong></span> <span class='ocrx_word' id='word_1_261' title='bbox 1365 1911 1431 1964; x_wconf 87' lang='lat' dir='ltr'><strong>ad</strong></span> <span class='ocrx_word' id='word_1_262' title='bbox 1482 1905 1879 1977; x_wconf 80' lang='lat' dir='ltr'><strong>quantumlibet</strong></span> <span class='ocrx_word' id='word_1_263' title='bbox 1924 1890 2148 1972; x_wconf 85' lang='lat' dir='ltr'><strong>gradum</strong></span> 
     </span>
    </p>
   </div>
   <div class='ocr_carea' id='block_1_36' title="bbox 563 1995 2151 2081">
    <p class='ocr_par' dir='ltr' id='par_1_36' title="bbox 563 1995 2151 2081">
     <span class='ocr_line' id='line_1_36' title="bbox 563 1995 2151 2081; baseline -0.013 -13"><span class='ocrx_word' id='word_1_264' title='bbox 563 2015 615 2068; x_wconf 92' lang='lat' dir='ltr'><strong>in</strong></span> <span class='ocrx_word' id='word_1_265' title='bbox 664 2012 977 2081; x_wconf 84' lang='lat' dir='ltr'><strong>episcopatu</strong></span> <span class='ocrx_word' id='word_1_266' title='bbox 1026 2013 1313 2077; x_wconf 87' lang='lat' dir='ltr'><strong>provectus</strong></span> <span class='ocrx_word' id='word_1_267' title='bbox 1353 2010 1519 2068; x_wconf 60' lang='lat' dir='ltr'><strong>esset,</strong></span> <span class='ocrx_word' id='word_1_268' title='bbox 1564 2008 1618 2055; x_wconf 89' lang='lat' dir='ltr'><strong>ct</strong></span> <span class='ocrx_word' id='word_1_269' title='bbox 1670 2000 1721 2054; x_wconf 93' lang='lat' dir='ltr'><strong>in</strong></span> <span class='ocrx_word' id='word_1_270' title='bbox 1766 1998 1957 2068; x_wconf 69' lang='lat' dir='ltr'><strong>quovis</strong></span> <span class='ocrx_word' id='word_1_271' title='bbox 2006 1995 2151 2050; x_wconf 85' lang='lat' dir='ltr'><strong>orbis</strong></span> 
     </span>
    </p>
   </div>
   <div class='ocr_carea' id='block_1_37' title="bbox 562 2098 1273 2159">
    <p class='ocr_par' dir='ltr' id='par_1_37' title="bbox 562 2098 1273 2159">
     <span class='ocr_line' id='line_1_37' title="bbox 562 2098 1273 2159; baseline -0.014 0"><span class='ocrx_word' id='word_1_272' title='bbox 562 2102 849 2159; x_wconf 78' lang='lat' dir='ltr'><strong>Christiani</strong></span> <span class='ocrx_word' id='word_1_273' title='bbox 892 2101 1011 2155; x_wconf 71' lang='lat' dir='ltr'><strong>loco</strong></span> <span class='ocrx_word' id='word_1_274' title='bbox 1038 2098 1273 2153; x_wconf 75' lang='lat' dir='ltr'><strong>sederet.</strong></span> 
     </span>
    </p>
   </div>
   <div class='ocr_carea' id='block_1_38' title="bbox 634 2196 2153 2282">
    <p class='ocr_par' dir='ltr' id='par_1_38' title="bbox 634 2196 2153 2282">
     <span class='ocr_line' id='line_1_38' title="bbox 634 2196 2153 2282; baseline -0.014 -11"><span class='ocrx_word' id='word_1_275' title='bbox 634 2216 690 2274; x_wconf 71' lang='grc' dir='ltr'><strong>Ε)...</strong></span> <span class='ocrx_word' id='word_1_276' title='bbox 722 2213 852 2282; x_wconf 88' lang='lat' dir='ltr'><strong>Ejus</strong></span> <span class='ocrx_word' id='word_1_277' title='bbox 880 2224 1097 2280; x_wconf 85' lang='lat' dir='ltr'><strong>quoque</strong></span> <span class='ocrx_word' id='word_1_278' title='bbox 1123 2204 1538 2275; x_wconf 77' lang='lat' dir='ltr'><strong>magnanimitas</strong></span> <span class='ocrx_word' id='word_1_279' title='bbox 1568 2201 1675 2255; x_wconf 90' lang='lat' dir='ltr'><strong>hoc</strong></span> <span class='ocrx_word' id='word_1_280' title='bbox 1703 2214 1844 2251; x_wconf 79' lang='lat' dir='ltr'><strong>:lllllO</strong></span> <span class='ocrx_word' id='word_1_281' title='bbox 1875 2196 2075 2251; x_wconf 79' lang='lat' dir='ltr'><strong>exarsit</strong></span> <span class='ocrx_word' id='word_1_282' title='bbox 2102 2196 2153 2250; x_wconf 90' lang='lat' dir='ltr'><strong>in</strong></span> 
     </span>
    </p>
   </div>
   <div class='ocr_carea' id='block_1_39' title="bbox 565 2288 2155 2367">
    <p class='ocr_par' dir='ltr' id='par_1_39' title="bbox 565 2288 2155 2367">
     <span class='ocr_line' id='line_1_39' title="bbox 565 2288 2155 2367; baseline -0.013 -6"><span class='ocrx_word' id='word_1_283' title='bbox 565 2305 859 2367; x_wconf 79' lang='lat' dir='ltr'><strong>Andream,</strong></span> <span class='ocrx_word' id='word_1_284' title='bbox 889 2298 1240 2354; x_wconf 86' lang='lat' dir='ltr'><strong>Tarentinum</strong></span> <span class='ocrx_word' id='word_1_285' title='bbox 1260 2295 1349 2367; x_wconf 90' lang='lat' dir='ltr'><strong>cpi</strong></span> <span class='ocrx_word' id='word_1_286' title='bbox 1380 2308 1594 2363; x_wconf 86' lang='lat' dir='ltr'><strong>copnnt.</strong></span> <span class='ocrx_word' id='word_1_287' title='bbox 1619 2291 1773 2346; x_wconf 90' lang='lat' dir='ltr'><strong>Illum</strong></span> <span class='ocrx_word' id='word_1_288' title='bbox 1801 2288 2155 2345; x_wconf 89' lang='lat' dir='ltr'><strong>concubinam</strong></span> 
     </span>
    </p>
   </div>
   <div class='ocr_carea' id='block_1_40' title="bbox 558 2390 2159 2471">
    <p class='ocr_par' dir='ltr' id='par_1_40' title="bbox 558 2390 2159 2471">
     <span class='ocr_line' id='line_1_40' title="bbox 558 2390 2159 2471; baseline -0.011 -20"><span class='ocrx_word' id='word_1_289' title='bbox 558 2394 994 2471; x_wconf 54' lang='lat' dir='ltr'><strong>‘23Bhabuisse</strong></span> <span class='ocrx_word' id='word_1_290' title='bbox 1014 2396 1348 2459; x_wconf 86' lang='lat' dir='ltr'><strong>compertum</strong></span> <span class='ocrx_word' id='word_1_291' title='bbox 1376 2395 1512 2450; x_wconf 85' lang='lat' dir='ltr'><strong>erat,</strong></span> <span class='ocrx_word' id='word_1_292' title='bbox 1531 2394 1586 2439; x_wconf 89' lang='lat' dir='ltr'><strong>et</strong></span> <span class='ocrx_word' id='word_1_293' title='bbox 1609 2390 2049 2456; x_wconf 64' lang='lat' dir='ltr'><strong>postsuseeptum</strong></span> <span class='ocrx_word' id='word_1_294' title='bbox 2072 2395 2159 2434; x_wconf 88' lang='lat' dir='ltr'><strong>sa-</strong></span> 
     </span>
    </p>
   </div>
   <div class='ocr_carea' id='block_1_41' title="bbox 567 2474 2156 2548">
    <p class='ocr_par' dir='ltr' id='par_1_41' title="bbox 567 2474 2156 2548">
     <span class='ocr_line' id='line_1_41' title="bbox 567 2474 2156 2548; baseline -0.014 0"><span class='ocrx_word' id='word_1_295' title='bbox 567 2506 718 2548; x_wconf 90' lang='lat' dir='ltr'><strong>crum</strong></span> <span class='ocrx_word' id='word_1_296' title='bbox 747 2489 992 2545; x_wconf 81' lang='lat' dir='ltr'><strong>ordinem</strong></span> <span class='ocrx_word' id='word_1_297' title='bbox 1023 2500 1143 2541; x_wconf 91' lang='lat' dir='ltr'><strong>eam</strong></span> <span class='ocrx_word' id='word_1_298' title='bbox 1173 2483 1346 2537; x_wconf 70' lang='lat' dir='ltr'><strong>adhuc</strong></span> <span class='ocrx_word' id='word_1_299' title='bbox 1367 2480 1651 2535; x_wconf 82' lang='lat' dir='ltr'><strong>retinuisse</strong></span> <span class='ocrx_word' id='word_1_300' title='bbox 1672 2474 1990 2547; x_wconf 84' lang='lat' dir='ltr'><strong>quibusdam</strong></span> <span class='ocrx_word' id='word_1_301' title='bbox 2032 2482 2156 2527; x_wconf 89' lang='lat' dir='ltr'><strong>nata</strong></span> 
     </span>
    </p>
   </div>
   <div class='ocr_carea' id='block_1_42' title="bbox 574 2563 2162 2650">
    <p class='ocr_par' dir='ltr' id='par_1_42' title="bbox 574 2563 2162 2650">
     <span class='ocr_line' id='line_1_42' title="bbox 574 2563 2162 2650; baseline -0.015 -12"><span class='ocrx_word' id='word_1_302' title='bbox 574 2585 748 2638; x_wconf 84' lang='lat' dir='ltr'><strong>fuerat</strong></span> <span class='ocrx_word' id='word_1_303' title='bbox 758 2578 1011 2650; x_wconf 88' lang='lat' dir='ltr'><strong>suspicio.</strong></span> <span class='ocrx_word' id='word_1_304' title='bbox 1028 2575 1291 2629; x_wconf 67' lang='lat' dir='ltr'><strong>Prmterea</strong></span> <span class='ocrx_word' id='word_1_305' title='bbox 1310 2569 1595 2642; x_wconf 73' lang='lat' dir='ltr'><strong>pastoralis</strong></span> <span class='ocrx_word' id='word_1_306' title='bbox 1618 2584 1738 2622; x_wconf 90' lang='lat' dir='ltr'><strong>man</strong></span> <span class='ocrx_word' id='word_1_307' title='bbox 1754 2565 2039 2621; x_wconf 76' lang='lat' dir='ltr'><strong>‘uetuiinis</strong></span> <span class='ocrx_word' id='word_1_308' title='bbox 2057 2563 2162 2620; x_wconf 80' lang='lat' dir='ltr'><strong>im-</strong></span> 
     </span>
    </p>
   </div>
   <div class='ocr_carea' id='block_1_43' title="bbox 573 2655 2160 2737">
    <p class='ocr_par' dir='ltr' id='par_1_43' title="bbox 573 2655 2160 2737">
     <span class='ocr_line' id='line_1_43' title="bbox 573 2655 2160 2737; baseline -0.014 -7"><span class='ocrx_word' id='word_1_309' title='bbox 573 2689 800 2737; x_wconf 86' lang='lat' dir='ltr'><strong>memor,</strong></span> <span class='ocrx_word' id='word_1_310' title='bbox 831 2670 1111 2724; x_wconf 85' lang='lat' dir='ltr'><strong>mulierem</strong></span> <span class='ocrx_word' id='word_1_311' title='bbox 1136 2665 1421 2736; x_wconf 88' lang='lat' dir='ltr'><strong>quamdam</strong></span> <span class='ocrx_word' id='word_1_312' title='bbox 1462 2661 1685 2716; x_wconf 60' lang='lat' dir='ltr'><strong>fustibus</strong></span> <span class='ocrx_word' id='word_1_313' title='bbox 1716 2658 2006 2714; x_wconf 81' lang='lat' dir='ltr'><strong>ctu.leliter</strong></span> <span class='ocrx_word' id='word_1_314' title='bbox 2030 2655 2160 2711; x_wconf 60' lang='grc' dir='ltr'>(ιλιιΙί</span> 
     </span>
    </p>
   </div>
   <div class='ocr_carea' id='block_1_44' title="bbox 566 2755 2161 2836">
    <p class='ocr_par' dir='ltr' id='par_1_44' title="bbox 566 2755 2161 2836">
     <span class='ocr_line' id='line_1_44' title="bbox 566 2755 2161 2836; baseline -0.014 -15"><span class='ocrx_word' id='word_1_315' title='bbox 566 2767 820 2836; x_wconf 87' lang='lat' dir='ltr'><strong>jusserat,</strong></span> <span class='ocrx_word' id='word_1_316' title='bbox 853 2778 971 2832; x_wconf 80' lang='lat' dir='ltr'><strong>qua:</strong></span> <span class='ocrx_word' id='word_1_317' title='bbox 1001 2761 1326 2831; x_wconf 79' lang='lat' dir='ltr'><strong>migraverat</strong></span> <span class='ocrx_word' id='word_1_318' title='bbox 1353 2770 1384 2810; x_wconf 88' lang='lat' dir='ltr'><strong>e</strong></span> <span class='ocrx_word' id='word_1_319' title='bbox 1430 2755 1533 2808; x_wconf 83' lang='lat' dir='ltr'><strong>vita</strong></span> <span class='ocrx_word' id='word_1_320' title='bbox 1579 2760 1701 2823; x_wconf 88' lang='lat' dir='ltr'><strong>post</strong></span> <span class='ocrx_word' id='word_1_321' title='bbox 1747 2758 1871 2806; x_wconf 90' lang='lat' dir='ltr'><strong>octo</strong></span> <span class='ocrx_word' id='word_1_322' title='bbox 1918 2762 2161 2813; x_wconf 87' lang='lat' dir='ltr'><strong>menses;</strong></span> 
     </span>
    </p>
   </div>
   <div class='ocr_carea' id='block_1_45' title="bbox 570 2840 2166 2925">
    <p class='ocr_par' dir='ltr' id='par_1_45' title="bbox 570 2840 2166 2925">
     <span class='ocr_line' id='line_1_45' title="bbox 570 2840 2166 2925; baseline -0.011 -15"><span class='ocrx_word' id='word_1_323' title='bbox 570 2871 734 2925; x_wconf 82' lang='lat' dir='ltr'><strong>quain</strong></span> <span class='ocrx_word' id='word_1_324' title='bbox 765 2854 835 2909; x_wconf 93' lang='lat' dir='ltr'><strong>ob</strong></span> <span class='ocrx_word' id='word_1_325' title='bbox 884 2851 1143 2907; x_wconf 70' lang='lat' dir='ltr'><strong>sawitiam</strong></span> <span class='ocrx_word' id='word_1_326' title='bbox 1174 2847 1364 2904; x_wconf 88' lang='lat' dir='ltr'><strong>statuit</strong></span> <span class='ocrx_word' id='word_1_327' title='bbox 1389 2844 1683 2914; x_wconf 79' lang='lat' dir='ltr'><strong>Gregorius</strong></span> <span class='ocrx_word' id='word_1_328' title='bbox 1733 2858 1855 2898; x_wconf 89' lang='lat' dir='ltr'><strong>eum</strong></span> <span class='ocrx_word' id='word_1_329' title='bbox 1908 2857 2006 2911; x_wconf 89' lang='lat' dir='ltr'><strong>per</strong></span> <span class='ocrx_word' id='word_1_330' title='bbox 2034 2840 2166 2894; x_wconf 91' lang='lat' dir='ltr'><strong>duos</strong></span> 
     </span>
    </p>
   </div>
   <div class='ocr_carea' id='block_1_46' title="bbox 568 2932 2164 3014">
    <p class='ocr_par' dir='ltr' id='par_1_46' title="bbox 568 2932 2164 3014">
     <span class='ocr_line' id='line_1_46' title="bbox 568 2932 2164 3014; baseline -0.01 -13"><span class='ocrx_word' id='word_1_331' title='bbox 568 2961 787 3002; x_wconf 87' lang='lat' dir='ltr'><strong>menses</strong></span> <span class='ocrx_word' id='word_1_332' title='bbox 816 2945 869 2999; x_wconf 90' lang='lat' dir='ltr'><strong>in</strong></span> <span class='ocrx_word' id='word_1_333' title='bbox 901 2941 1216 3014; x_wconf 53' lang='lat' dir='ltr'><strong>poenitentia</strong></span> <span class='ocrx_word' id='word_1_334' title='bbox 1247 2938 1620 3007; x_wconf 84' lang='lat' dir='ltr'><strong>transigendos</strong></span> <span class='ocrx_word' id='word_1_335' title='bbox 1649 2953 1679 2991; x_wconf 91' lang='lat' dir='ltr'><strong>a</strong></span> <span class='ocrx_word' id='word_1_336' title='bbox 1710 2936 1996 2989; x_wconf 75' lang='lat' dir='ltr'><strong>missarum</strong></span> <span class='ocrx_word' id='word_1_337' title='bbox 2018 2932 2164 2993; x_wconf 72' lang='lat' dir='ltr'><strong>cele-</strong></span> 
     </span>
    </p>
   </div>
   <div class='ocr_carea' id='block_1_47' title="bbox 570 3023 2164 3105">
    <p class='ocr_par' dir='ltr' id='par_1_47' title="bbox 570 3023 2164 3105">
     <span class='ocr_line' id='line_1_47' title="bbox 570 3023 2164 3105; baseline -0.008 -13"><span class='ocrx_word' id='word_1_338' title='bbox 570 3038 820 3092; x_wconf 86' lang='lat' dir='ltr'><strong>bratione</strong></span> <span class='ocrx_word' id='word_1_339' title='bbox 863 3050 1167 3105; x_wconf 85' lang='lat' dir='ltr'><strong>suspensum</strong></span> <span class='ocrx_word' id='word_1_340' title='bbox 1214 3030 1395 3085; x_wconf 88' lang='lat' dir='ltr'><strong>feriari</strong></span> <span class='ocrx_word' id='word_1_341' title='bbox 1424 3029 1622 3083; x_wconf 86' lang='lat' dir='ltr'><strong>debere</strong></span> <span class='ocrx_word' id='word_1_342' title='bbox 1653 3025 1792 3099; x_wconf 87' lang='lat' dir='ltr'><strong>(Lib.</strong></span> <span class='ocrx_word' id='word_1_343' title='bbox 1825 3042 1902 3089; x_wconf 90' lang='lat' dir='ltr'><strong>Ill,</strong></span> <span class='ocrx_word' id='word_1_344' title='bbox 1934 3042 2013 3095; x_wconf 84' lang='lat' dir='ltr'><strong>ep.</strong></span> <span class='ocrx_word' id='word_1_345' title='bbox 2048 3023 2164 3093; x_wconf 68' lang='lat'><strong>45).</strong></span> 
     </span>
    </p>
   </div>
   <div class='ocr_carea' id='block_1_48' title="bbox 574 3112 2163 3195">
    <p class='ocr_par' dir='ltr' id='par_1_48' title="bbox 574 3112 2163 3195">
     <span class='ocr_line' id='line_1_48' title="bbox 574 3112 2163 3195; baseline -0.011 -13"><span class='ocrx_word' id='word_1_346' title='bbox 574 3126 713 3195; x_wconf 77' lang='lat' dir='ltr'><strong>Quia</strong></span> <span class='ocrx_word' id='word_1_347' title='bbox 754 3143 885 3181; x_wconf 85' lang='lat' dir='ltr'><strong>vero</strong></span> <span class='ocrx_word' id='word_1_348' title='bbox 916 3141 1021 3180; x_wconf 91' lang='lat' dir='ltr'><strong>non</strong></span> <span class='ocrx_word' id='word_1_349' title='bbox 1050 3124 1123 3178; x_wconf 74' lang='lat' dir='ltr'><strong>ila</strong></span> <span class='ocrx_word' id='word_1_350' title='bbox 1155 3131 1363 3178; x_wconf 87' lang='lat' dir='ltr'><strong>eertum</strong></span> <span class='ocrx_word' id='word_1_351' title='bbox 1392 3127 1530 3183; x_wconf 88' lang='lat' dir='ltr'><strong>erat,</strong></span> <span class='ocrx_word' id='word_1_352' title='bbox 1558 3118 1729 3187; x_wconf 85' lang='lat' dir='ltr'><strong>ipsum</strong></span> <span class='ocrx_word' id='word_1_353' title='bbox 1754 3116 1954 3169; x_wconf 81' lang='lat' dir='ltr'><strong>carnali</strong></span> <span class='ocrx_word' id='word_1_354' title='bbox 1982 3132 2040 3168; x_wconf 84' lang='lat' dir='ltr'><strong>se</strong></span> <span class='ocrx_word' id='word_1_355' title='bbox 2072 3112 2163 3165; x_wconf 78' lang='lat' dir='ltr'><strong>lla-</strong></span> 
     </span>
    </p>
   </div>
   <div class='ocr_carea' id='block_1_49' title="bbox 571 3205 2159 3285">
    <p class='ocr_par' dir='ltr' id='par_1_49' title="bbox 571 3205 2159 3285">
     <span class='ocr_line' id='line_1_49' title="bbox 571 3205 2159 3285; baseline -0.007 -16"><span class='ocrx_word' id='word_1_356' title='bbox 571 3220 703 3285; x_wconf 77' lang='lat' dir='ltr'><strong>git&#39;o</strong></span> <span class='ocrx_word' id='word_1_357' title='bbox 730 3216 1047 3279; x_wconf 85' lang='lat' dir='ltr'><strong>maculasse,</strong></span> <span class='ocrx_word' id='word_1_358' title='bbox 1081 3229 1201 3268; x_wconf 87' lang='lat' dir='ltr'><strong>eum</strong></span> <span class='ocrx_word' id='word_1_359' title='bbox 1235 3213 1286 3265; x_wconf 92' lang='lat' dir='ltr'><strong>in</strong></span> <span class='ocrx_word' id='word_1_360' title='bbox 1317 3212 1480 3264; x_wconf 61' lang='lat' dir='ltr'><strong>rebus</strong></span> <span class='ocrx_word' id='word_1_361' title='bbox 1500 3209 1675 3262; x_wconf 88' lang='lat' dir='ltr'><strong>dubiis</strong></span> <span class='ocrx_word' id='word_1_362' title='bbox 1700 3206 1991 3261; x_wconf 86' lang='lat' dir='ltr'><strong>absolutum</strong></span> <span class='ocrx_word' id='word_1_363' title='bbox 2011 3205 2159 3277; x_wconf 71' lang='lat' dir='ltr'><strong>jmli~</strong></span> 
     </span>
    </p>
   </div>
   <div class='ocr_carea' id='block_1_50' title="bbox 574 3295 2164 3367">
    <p class='ocr_par' dir='ltr' id='par_1_50' title="bbox 574 3295 2164 3367">
     <span class='ocr_line' id='line_1_50' title="bbox 574 3295 2164 3367; baseline -0.008 -5"><span class='ocrx_word' id='word_1_364' title='bbox 574 3310 710 3362; x_wconf 89' lang='lat' dir='ltr'><strong>cium</strong></span> <span class='ocrx_word' id='word_1_365' title='bbox 739 3306 878 3361; x_wconf 69' lang='lat' dir='ltr'><strong>ferre</strong></span> <span class='ocrx_word' id='word_1_366' title='bbox 909 3321 1015 3359; x_wconf 91' lang='lat' dir='ltr'><strong>non</strong></span> <span class='ocrx_word' id='word_1_367' title='bbox 1047 3304 1223 3367; x_wconf 86' lang='lat' dir='ltr'><strong>liccat,</strong></span> <span class='ocrx_word' id='word_1_368' title='bbox 1253 3299 1503 3355; x_wconf 88' lang='lat' dir='ltr'><strong>eumdem</strong></span> <span class='ocrx_word' id='word_1_369' title='bbox 1554 3314 1665 3353; x_wconf 77' lang='lat' dir='ltr'><strong>sua:</strong></span> <span class='ocrx_word' id='word_1_370' title='bbox 1702 3297 2047 3352; x_wconf 74' lang='lat' dir='ltr'><strong>conscientia:</strong></span> <span class='ocrx_word' id='word_1_371' title='bbox 2085 3295 2164 3349; x_wconf 72' lang='lat' dir='ltr'><strong>iii-</strong></span> 
     </span>
    </p>
   </div>
   <div class='ocr_carea' id='block_1_51' title="bbox 575 3388 2164 3461">
    <p class='ocr_par' dir='ltr' id='par_1_51' title="bbox 575 3388 2164 3461">
     <span class='ocr_line' id='line_1_51' title="bbox 575 3388 2164 3461; baseline -0.009 -8"><span class='ocrx_word' id='word_1_372' title='bbox 575 3398 894 3454; x_wconf 68' lang='lat' dir='ltr'><strong>mittendum</strong></span> <span class='ocrx_word' id='word_1_373' title='bbox 942 3404 1004 3449; x_wconf 92' lang='lat' dir='ltr'><strong>ut</strong></span> <span class='ocrx_word' id='word_1_374' title='bbox 1043 3393 1110 3447; x_wconf 85' lang='lat' dir='ltr'><strong>ab</strong></span> <span class='ocrx_word' id='word_1_375' title='bbox 1160 3408 1225 3447; x_wconf 90' lang='lat' dir='ltr'><strong>ea</strong></span> <span class='ocrx_word' id='word_1_376' title='bbox 1266 3391 1627 3461; x_wconf 88' lang='lat' dir='ltr'><strong>judicaretur,</strong></span> <span class='ocrx_word' id='word_1_377' title='bbox 1683 3388 1925 3453; x_wconf 86' lang='lat' dir='ltr'><strong>censuit;</strong></span> <span class='ocrx_word' id='word_1_378' title='bbox 1971 3388 2164 3442; x_wconf 87' lang='lat' dir='ltr'><strong>simul-</strong></span> 
     </span>
    </p>
   </div>
   <div class='ocr_carea' id='block_1_52' title="bbox 576 3479 2162 3560">
    <p class='ocr_par' dir='ltr' id='par_1_52' title="bbox 576 3479 2162 3560">
     <span class='ocr_line' id='line_1_52' title="bbox 576 3479 2162 3560; baseline -0.009 -15"><span class='ocrx_word' id='word_1_379' title='bbox 576 3506 682 3560; x_wconf 85' lang='lat' dir='ltr'><strong>que</strong></span> <span class='ocrx_word' id='word_1_380' title='bbox 713 3488 1025 3553; x_wconf 90' lang='lat' dir='ltr'><strong>admonuit,</strong></span> <span class='ocrx_word' id='word_1_381' title='bbox 1058 3494 1118 3540; x_wconf 87' lang='grc' dir='ltr'><strong>ιιι</strong></span> <span class='ocrx_word' id='word_1_382' title='bbox 1149 3485 1195 3540; x_wconf 89' lang='lat' dir='ltr'><strong>si</strong></span> <span class='ocrx_word' id='word_1_383' title='bbox 1226 3484 1358 3538; x_wconf 88' lang='lat' dir='ltr'><strong>tanti</strong></span> <span class='ocrx_word' id='word_1_384' title='bbox 1389 3480 1573 3553; x_wconf 79' lang='lat' dir='ltr'><strong>ﬂagitii</strong></span> <span class='ocrx_word' id='word_1_385' title='bbox 1602 3481 1702 3536; x_wconf 89' lang='lat' dir='ltr'><strong>sibi</strong></span> <span class='ocrx_word' id='word_1_386' title='bbox 1731 3481 1979 3536; x_wconf 90' lang='lat' dir='ltr'><strong>conscius</strong></span> <span class='ocrx_word' id='word_1_387' title='bbox 2006 3479 2162 3544; x_wconf 88' lang='lat' dir='ltr'><strong>foret,</strong></span> 
     </span>
    </p>
   </div>
   <div class='ocr_carea' id='block_1_53' title="bbox 575 3572 2165 3642">
    <p class='ocr_par' dir='ltr' id='par_1_53' title="bbox 575 3572 2165 3642">
     <span class='ocr_line' id='line_1_53' title="bbox 575 3572 2165 3642; baseline -0.008 -6"><span class='ocrx_word' id='word_1_388' title='bbox 575 3581 865 3637; x_wconf 65' lang='lat' dir='ltr'><strong>sacerdotii</strong></span> <span class='ocrx_word' id='word_1_389' title='bbox 914 3580 1122 3634; x_wconf 89' lang='lat' dir='ltr'><strong>honore</strong></span> <span class='ocrx_word' id='word_1_390' title='bbox 1176 3577 1455 3639; x_wconf 89' lang='lat' dir='ltr'><strong>abdicato,</strong></span> <span class='ocrx_word' id='word_1_391' title='bbox 1509 3588 1784 3642; x_wconf 87' lang='lat' dir='ltr'><strong>nunquam</strong></span> <span class='ocrx_word' id='word_1_392' title='bbox 1831 3572 1899 3627; x_wconf 90' lang='lat' dir='ltr'><strong>ad</strong></span> <span class='ocrx_word' id='word_1_393' title='bbox 1953 3588 2165 3626; x_wconf 87' lang='lat' dir='ltr'><strong>sacrum</strong></span> 
     </span>
    </p>
   </div>
   <div class='ocr_carea' id='block_1_54' title="bbox 576 3662 2166 3742">
    <p class='ocr_par' dir='ltr' id='par_1_54' title="bbox 576 3662 2166 3742">
     <span class='ocr_line' id='line_1_54' title="bbox 576 3662 2166 3742; baseline -0.007 -18"><span class='ocrx_word' id='word_1_394' title='bbox 576 3689 711 3742; x_wconf 70' lang='lat' dir='ltr'><strong>opus</strong></span> <span class='ocrx_word' id='word_1_395' title='bbox 749 3669 1006 3724; x_wconf 88' lang='lat' dir='ltr'><strong>accedere</strong></span> <span class='ocrx_word' id='word_1_396' title='bbox 1037 3672 1408 3738; x_wconf 80' lang='lat' dir='ltr'><strong>praesumeret.</strong></span> <span class='ocrx_word' id='word_1_397' title='bbox 1447 3662 1515 3718; x_wconf 89' lang='lat' dir='ltr'><strong>Ut</strong></span> <span class='ocrx_word' id='word_1_398' title='bbox 1544 3662 1850 3732; x_wconf 88' lang='lat' dir='ltr'><strong>hujusmodi</strong></span> <span class='ocrx_word' id='word_1_399' title='bbox 1898 3663 2166 3731; x_wconf 87' lang='lat' dir='ltr'><strong>suspicio-</strong></span> 
     </span>
    </p>
   </div>
   <div class='ocr_carea' id='block_1_55' title="bbox 574 3754 2165 3831">
    <p class='ocr_par' dir='ltr' id='par_1_55' title="bbox 574 3754 2165 3831">
     <span class='ocr_line' id='line_1_55' title="bbox 574 3754 2165 3831; baseline -0.007 -14"><span class='ocrx_word' id='word_1_400' title='bbox 574 3764 751 3825; x_wconf 51' lang='lat' dir='ltr'><strong>nibus,</strong></span> <span class='ocrx_word' id='word_1_401' title='bbox 784 3760 979 3831; x_wconf 86' lang='lat' dir='ltr'><strong>quibus</strong></span> <span class='ocrx_word' id='word_1_402' title='bbox 1008 3759 1170 3813; x_wconf 91' lang='lat' dir='ltr'><strong>etiam</strong></span> <span class='ocrx_word' id='word_1_403' title='bbox 1218 3756 1545 3826; x_wconf 88' lang='lat' dir='ltr'><strong>optimorum</strong></span> <span class='ocrx_word' id='word_1_404' title='bbox 1596 3755 1972 3825; x_wconf 89' lang='lat' dir='ltr'><strong>episcoporum</strong></span> <span class='ocrx_word' id='word_1_405' title='bbox 2025 3754 2165 3807; x_wconf 86' lang='lat' dir='ltr'><strong>fama</strong></span> 
     </span>
    </p>
   </div>
   <div class='ocr_carea' id='block_1_56' title="bbox 578 3846 2168 3925">
    <p class='ocr_par' dir='ltr' id='par_1_56' title="bbox 578 3846 2168 3925">
     <span class='ocr_line' id='line_1_56' title="bbox 578 3846 2168 3925; baseline -0.006 -18"><span class='ocrx_word' id='word_1_406' title='bbox 578 3861 761 3925; x_wconf 87' lang='lat' dir='ltr'><strong>potest</strong></span> <span class='ocrx_word' id='word_1_407' title='bbox 806 3852 1078 3916; x_wconf 86' lang='lat' dir='ltr'><strong>laborare,</strong></span> <span class='ocrx_word' id='word_1_408' title='bbox 1109 3849 1391 3904; x_wconf 92' lang='lat' dir='ltr'><strong>tolleretur</strong></span> <span class='ocrx_word' id='word_1_409' title='bbox 1420 3846 1653 3910; x_wconf 87' lang='lat' dir='ltr'><strong>occasio,</strong></span> <span class='ocrx_word' id='word_1_410' title='bbox 1703 3846 1828 3899; x_wconf 90' lang='lat' dir='ltr'><strong>olim</strong></span> <span class='ocrx_word' id='word_1_411' title='bbox 1857 3854 2168 3917; x_wconf 70' lang='lat' dir='ltr'><strong>pra&#39;ceptum</strong></span> 
     </span>
    </p>
   </div>
   <div class='ocr_carea' id='block_1_57' title="bbox 575 3937 2169 4018">
    <p class='ocr_par' dir='ltr' id='par_1_57' title="bbox 575 3937 2169 4018">
     <span class='ocr_line' id='line_1_57' title="bbox 575 3937 2169 4018; baseline -0.004 -19"><span class='ocrx_word' id='word_1_412' title='bbox 575 3949 702 4018; x_wconf 84' lang='lat' dir='ltr'><strong>fuit,</strong></span> <span class='ocrx_word' id='word_1_413' title='bbox 755 3945 1001 3999; x_wconf 85' lang='lat' dir='ltr'><strong>Etmodio</strong></span> <span class='ocrx_word' id='word_1_414' title='bbox 1054 3950 1191 3997; x_wconf 83' lang='lat' dir='ltr'><strong>teste</strong></span> <span class='ocrx_word' id='word_1_415' title='bbox 1222 3940 1443 4013; x_wconf 86' lang='lat' dir='ltr'><strong>(Opusc.</strong></span> <span class='ocrx_word' id='word_1_416' title='bbox 1474 3939 1562 4009; x_wconf 87' lang='lat'><strong>7),</strong></span> <span class='ocrx_word' id='word_1_417' title='bbox 1595 3946 1655 3992; x_wconf 88' lang='grc' dir='ltr'><strong>ιιι</strong></span> <span class='ocrx_word' id='word_1_418' title='bbox 1684 3953 1873 3993; x_wconf 82' lang='lat' dir='ltr'><strong>omnes</strong></span> <span class='ocrx_word' id='word_1_419' title='bbox 1926 3937 2169 4007; x_wconf 82' lang='lat' dir='ltr'><strong>episcopi</strong></span> 
     </span>
    </p>
   </div>
   <div class='ocr_carea' id='block_1_58' title="bbox 572 4029 2163 4098">
    <p class='ocr_par' dir='ltr' id='par_1_58' title="bbox 572 4029 2163 4098">
     <span class='ocr_line' id='line_1_58' title="bbox 572 4029 2163 4098; baseline -0.006 -8"><span class='ocrx_word' id='word_1_420' title='bbox 572 4036 866 4091; x_wconf 79' lang='lat' dir='ltr'><strong>cellularios</strong></span> <span class='ocrx_word' id='word_1_421' title='bbox 898 4035 1180 4098; x_wconf 88' lang='lat' dir='ltr'><strong>haberent,</strong></span> <span class='ocrx_word' id='word_1_422' title='bbox 1200 4032 1489 4087; x_wconf 89' lang='lat' dir='ltr'><strong>occasione</strong></span> <span class='ocrx_word' id='word_1_423' title='bbox 1511 4030 1741 4085; x_wconf 83' lang='lat' dir='ltr'><strong>fortasse</strong></span> <span class='ocrx_word' id='word_1_424' title='bbox 1770 4029 2163 4084; x_wconf 90' lang='lat' dir='ltr'><strong>calumniarum</strong></span> 
     </span>
    </p>
   </div>
   <div class='ocr_carea' id='block_1_59' title="bbox 581 4118 2172 4195">
    <p class='ocr_par' dir='ltr' id='par_1_59' title="bbox 581 4118 2172 4195">
     <span class='ocr_line' id='line_1_59' title="bbox 581 4118 2172 4195; baseline -0.004 -18"><span class='ocrx_word' id='word_1_425' title='bbox 581 4125 776 4195; x_wconf 88' lang='lat' dir='ltr'><strong>quibus</strong></span> <span class='ocrx_word' id='word_1_426' title='bbox 830 4132 1057 4179; x_wconf 85' lang='lat' dir='ltr'><strong>vexatus</strong></span> <span class='ocrx_word' id='word_1_427' title='bbox 1108 4137 1281 4193; x_wconf 89' lang='lat' dir='ltr'><strong>nuper</strong></span> <span class='ocrx_word' id='word_1_428' title='bbox 1322 4120 1499 4175; x_wconf 79' lang='lat' dir='ltr'><strong>fuerat</strong></span> <span class='ocrx_word' id='word_1_429' title='bbox 1524 4118 1877 4190; x_wconf 78' lang='lat' dir='ltr'><strong>Symmachus</strong></span> <span class='ocrx_word' id='word_1_430' title='bbox 1920 4132 2077 4187; x_wconf 90' lang='lat' dir='ltr'><strong>papa,</strong></span> <span class='ocrx_word' id='word_1_431' title='bbox 2112 4124 2172 4170; x_wconf 91' lang='lat' dir='ltr'><strong>ut</strong></span> 
     </span>
    </p>
   </div>
   <div class='ocr_carea' id='block_1_60' title="bbox 572 4207 2167 4289">
    <p class='ocr_par' dir='ltr' id='par_1_60' title="bbox 572 4207 2167 4289">
     <span class='ocr_line' id='line_1_60' title="bbox 572 4207 2167 4289; baseline -0.008 -15"><span class='ocrx_word' id='word_1_432' title='bbox 572 4221 682 4289; x_wconf 88' lang='lat' dir='ltr'><strong>jam</strong></span> <span class='ocrx_word' id='word_1_433' title='bbox 730 4218 963 4273; x_wconf 75' lang='lat' dir='ltr'><strong>diximus</strong></span> <span class='ocrx_word' id='word_1_434' title='bbox 1018 4217 1072 4270; x_wconf 93' lang='lat' dir='ltr'><strong>in</strong></span> <span class='ocrx_word' id='word_1_435' title='bbox 1129 4215 1272 4268; x_wconf 89' lang='lat' dir='ltr'><strong>notis</strong></span> <span class='ocrx_word' id='word_1_436' title='bbox 1329 4212 1393 4266; x_wconf 88' lang='lat' dir='ltr'><strong>ad</strong></span> <span class='ocrx_word' id='word_1_437' title='bbox 1445 4211 1662 4266; x_wconf 89' lang='lat' dir='ltr'><strong>decreta</strong></span> <span class='ocrx_word' id='word_1_438' title='bbox 1689 4209 1748 4263; x_wconf 89' lang='lat' dir='ltr'><strong>S.</strong></span> <span class='ocrx_word' id='word_1_439' title='bbox 1781 4207 2030 4277; x_wconf 76' lang='lat' dir='ltr'><strong>Gregorii</strong></span> <span class='ocrx_word' id='word_1_440' title='bbox 2062 4207 2167 4263; x_wconf 90' lang='lat' dir='ltr'><strong>col.</strong></span> 
     </span>
    </p>
   </div>
   <div class='ocr_carea' id='block_1_61' title="bbox 582 4310 979 4378">
    <p class='ocr_par' dir='ltr' id='par_1_61' title="bbox 582 4310 979 4378">
     <span class='ocr_line' id='line_1_61' title="bbox 582 4310 979 4378; baseline -0.018 -12"><span class='ocrx_word' id='word_1_441' title='bbox 582 4310 741 4373; x_wconf 51' lang='lat' dir='ltr'><strong>i939,</strong></span> <span class='ocrx_word' id='word_1_442' title='bbox 771 4318 897 4363; x_wconf 83' lang='lat' dir='ltr'><strong>nuta</strong></span> <span class='ocrx_word' id='word_1_443' title='bbox 929 4324 979 4378; x_wconf 87' lang='lat' dir='ltr'><strong>g.</strong></span> 
     </span>
    </p>
   </div>
   <div class='ocr_carea' id='block_1_62' title="bbox 658 4390 2169 4462">
    <p class='ocr_par' dir='ltr' id='par_1_62' title="bbox 658 4390 2169 4462">
     <span class='ocr_line' id='line_1_62' title="bbox 658 4390 2169 4462; baseline -0.005 -9"><span class='ocrx_word' id='word_1_444' title='bbox 658 4401 711 4454; x_wconf 83' lang='lat'><strong>’5.</strong></span> <span class='ocrx_word' id='word_1_445' title='bbox 744 4397 801 4452; x_wconf 85' lang='lat' dir='ltr'><strong>in</strong></span> <span class='ocrx_word' id='word_1_446' title='bbox 832 4395 1131 4451; x_wconf 79' lang='lat' dir='ltr'><strong>coercenda</strong></span> <span class='ocrx_word' id='word_1_447' title='bbox 1170 4395 1330 4450; x_wconf 87' lang='lat' dir='ltr'><strong>etiam</strong></span> <span class='ocrx_word' id='word_1_448' title='bbox 1381 4392 1631 4459; x_wconf 85' lang='lat' dir='ltr'><strong>Joannis,</strong></span> <span class='ocrx_word' id='word_1_449' title='bbox 1675 4393 1991 4462; x_wconf 65' lang='lat' dir='ltr'><strong>patriarcha:</strong></span> <span class='ocrx_word' id='word_1_450' title='bbox 2028 4390 2169 4446; x_wconf 82' lang='lat' dir='ltr'><strong>Con-</strong></span> 
     </span>
    </p>
   </div>
   <div class='ocr_carea' id='block_1_63' title="bbox 580 4480 2172 4559">
    <p class='ocr_par' dir='ltr' id='par_1_63' title="bbox 580 4480 2172 4559">
     <span class='ocr_line' id='line_1_63' title="bbox 580 4480 2172 4559; baseline -0.008 -11"><span class='ocrx_word' id='word_1_451' title='bbox 580 4485 1066 4559; x_wconf 69' lang='lat' dir='ltr'><strong>stintinopolitani,</strong></span> <span class='ocrx_word' id='word_1_452' title='bbox 1098 4486 1299 4541; x_wconf 63' lang='lat' dir='ltr'><strong>sterilia</strong></span> <span class='ocrx_word' id='word_1_453' title='bbox 1324 4494 1375 4539; x_wconf 88' lang='lat' dir='ltr'><strong>et</strong></span> <span class='ocrx_word' id='word_1_454' title='bbox 1405 4485 1756 4549; x_wconf 81' lang='lat' dir='ltr'><strong>immanitate,</strong></span> <span class='ocrx_word' id='word_1_455' title='bbox 1789 4492 2010 4553; x_wconf 87' lang='lat' dir='ltr'><strong>paterna</strong></span> <span class='ocrx_word' id='word_1_456' title='bbox 2036 4480 2172 4536; x_wconf 87' lang='lat' dir='ltr'><strong>Gre-</strong></span> 
     </span>
    </p>
   </div>
   <div class='ocr_carea' id='block_1_64' title="bbox 584 4572 2168 4652">
    <p class='ocr_par' dir='ltr' id='par_1_64' title="bbox 584 4572 2168 4652">
     <span class='ocr_line' id='line_1_64' title="bbox 584 4572 2168 4652; baseline -0.008 -14"><span class='ocrx_word' id='word_1_457' title='bbox 584 4584 719 4651; x_wconf 76' lang='lat' dir='ltr'><strong>gmii</strong></span> <span class='ocrx_word' id='word_1_458' title='bbox 768 4581 939 4652; x_wconf 82' lang='lat' dir='ltr'><strong>pietas</strong></span> <span class='ocrx_word' id='word_1_459' title='bbox 982 4579 1174 4635; x_wconf 90' lang='lat' dir='ltr'><strong>eodem</strong></span> <span class='ocrx_word' id='word_1_460' title='bbox 1224 4576 1335 4632; x_wconf 87' lang='lat' dir='ltr'><strong>fere</strong></span> <span class='ocrx_word' id='word_1_461' title='bbox 1387 4587 1419 4630; x_wconf 84' lang='grc' dir='ltr'><strong>ιι</strong></span> <span class='ocrx_word' id='word_1_462' title='bbox 1441 4589 1631 4646; x_wconf 84' lang='lat' dir='ltr'><strong>mpore</strong></span> <span class='ocrx_word' id='word_1_463' title='bbox 1678 4574 1972 4639; x_wconf 89' lang='lat' dir='ltr'><strong>laboravit;</strong></span> <span class='ocrx_word' id='word_1_464' title='bbox 2024 4572 2168 4643; x_wconf 89' lang='lat' dir='ltr'><strong>quod</strong></span> 
     </span>
    </p>
   </div>
   <div class='ocr_carea' id='block_1_65' title="bbox 581 4664 2168 4743">
    <p class='ocr_par' dir='ltr' id='par_1_65' title="bbox 581 4664 2168 4743">
     <span class='ocr_line' id='line_1_65' title="bbox 581 4664 2168 4743; baseline -0.01 -12"><span class='ocrx_word' id='word_1_465' title='bbox 581 4672 713 4731; x_wconf 84' lang='lat' dir='ltr'><strong>satis</strong></span> <span class='ocrx_word' id='word_1_466' title='bbox 740 4671 928 4743; x_wconf 87' lang='lat' dir='ltr'><strong>probat</strong></span> <span class='ocrx_word' id='word_1_467' title='bbox 960 4669 1162 4724; x_wconf 85' lang='lat' dir='ltr'><strong>nullum</strong></span> <span class='ocrx_word' id='word_1_468' title='bbox 1192 4667 1502 4738; x_wconf 82' lang='lat' dir='ltr'><strong>episcopum</strong></span> <span class='ocrx_word' id='word_1_469' title='bbox 1532 4680 1681 4732; x_wconf 85' lang='lat' dir='ltr'><strong>esse,</strong></span> <span class='ocrx_word' id='word_1_470' title='bbox 1728 4674 1787 4719; x_wconf 93' lang='lat' dir='ltr'><strong>ut</strong></span> <span class='ocrx_word' id='word_1_471' title='bbox 1832 4664 1957 4718; x_wconf 86' lang='lat' dir='ltr'><strong>alibi</strong></span> <span class='ocrx_word' id='word_1_472' title='bbox 1988 4665 2168 4727; x_wconf 74' lang='lat' dir='ltr'><strong>docet,</strong></span> 
     </span>
    </p>
   </div>
   <div class='ocr_carea' id='block_1_66' title="bbox 580 4753 2170 4835">
    <p class='ocr_par' dir='ltr' id='par_1_66' title="bbox 580 4753 2170 4835">
     <span class='ocr_line' id='line_1_66' title="bbox 580 4753 2170 4835; baseline -0.008 -16"><span class='ocrx_word' id='word_1_473' title='bbox 580 4765 673 4835; x_wconf 90' lang='lat' dir='ltr'><strong>qui</strong></span> <span class='ocrx_word' id='word_1_474' title='bbox 700 4763 844 4818; x_wconf 88' lang='lat' dir='ltr'><strong>sedis</strong></span> <span class='ocrx_word' id='word_1_475' title='bbox 872 4761 1182 4834; x_wconf 77' lang='lat' dir='ltr'><strong>apostolica:</strong></span> <span class='ocrx_word' id='word_1_476' title='bbox 1211 4756 1463 4830; x_wconf 86' lang='lat' dir='ltr'><strong>potestati</strong></span> <span class='ocrx_word' id='word_1_477' title='bbox 1492 4766 1547 4811; x_wconf 90' lang='lat' dir='ltr'><strong>et</strong></span> <span class='ocrx_word' id='word_1_478' title='bbox 1567 4756 1923 4824; x_wconf 81' lang='lat' dir='ltr'><strong>castigatinni,</strong></span> <span class='ocrx_word' id='word_1_479' title='bbox 1948 4754 1993 4809; x_wconf 92' lang='lat' dir='ltr'><strong>si</strong></span> <span class='ocrx_word' id='word_1_480' title='bbox 2014 4753 2170 4823; x_wconf 87' lang='lat' dir='ltr'><strong>culpa</strong></span> 
     </span>
    </p>
   </div>
   <div class='ocr_carea' id='block_1_67' title="bbox 582 4846 2172 4925">
    <p class='ocr_par' dir='ltr' id='par_1_67' title="bbox 582 4846 2172 4925">
     <span class='ocr_line' id='line_1_67' title="bbox 582 4846 2172 4925; baseline -0.008 -14"><span class='ocrx_word' id='word_1_481' title='bbox 582 4857 787 4925; x_wconf 78' lang='lat' dir='ltr'><strong>exigat,</strong></span> <span class='ocrx_word' id='word_1_482' title='bbox 819 4870 925 4909; x_wconf 92' lang='lat' dir='ltr'><strong>non</strong></span> <span class='ocrx_word' id='word_1_483' title='bbox 955 4853 1270 4921; x_wconf 87' lang='lat' dir='ltr'><strong>subjiciatur</strong></span> <span class='ocrx_word' id='word_1_484' title='bbox 1297 4849 1446 4921; x_wconf 85' lang='lat' dir='ltr'><strong>(Lib.</strong></span> <span class='ocrx_word' id='word_1_485' title='bbox 1478 4865 1551 4914; x_wconf 74' lang='grc' dir='ltr'><strong>ιχ,</strong></span> <span class='ocrx_word' id='word_1_486' title='bbox 1580 4865 1661 4921; x_wconf 88' lang='lat' dir='ltr'><strong>ep.</strong></span> <span class='ocrx_word' id='word_1_487' title='bbox 1695 4848 1819 4919; x_wconf 83' lang='lat'><strong>59).</strong></span> <span class='ocrx_word' id='word_1_488' title='bbox 1852 4846 1931 4902; x_wconf 79' lang='lat' dir='ltr'><strong>Ex</strong></span> <span class='ocrx_word' id='word_1_489' title='bbox 1958 4846 2172 4901; x_wconf 66' lang='lat' dir='ltr'><strong>Isaurite</strong></span> 
     </span>
    </p>
   </div>
   <div class='ocr_carea' id='block_1_68' title="bbox 583 4937 2174 5011">
    <p class='ocr_par' dir='ltr' id='par_1_68' title="bbox 583 4937 2174 5011">
     <span class='ocr_line' id='line_1_68' title="bbox 583 4937 2174 5011; baseline -0.007 -10"><span class='ocrx_word' id='word_1_490' title='bbox 583 4946 866 5002; x_wconf 85' lang='lat' dir='ltr'><strong>monachis</strong></span> <span class='ocrx_word' id='word_1_491' title='bbox 892 4957 1030 4999; x_wconf 88' lang='lat' dir='ltr'><strong>unus</strong></span> <span class='ocrx_word' id='word_1_492' title='bbox 1050 4944 1309 5011; x_wconf 84' lang='lat' dir='ltr'><strong>dignitate</strong></span> <span class='ocrx_word' id='word_1_493' title='bbox 1332 4941 1616 4997; x_wconf 88' lang='lat' dir='ltr'><strong>sacerdotii</strong></span> <span class='ocrx_word' id='word_1_494' title='bbox 1644 4939 1889 5009; x_wconf 88' lang='lat' dir='ltr'><strong>insignis,</strong></span> <span class='ocrx_word' id='word_1_495' title='bbox 1921 4939 1974 4993; x_wconf 86' lang='lat' dir='ltr'><strong>in</strong></span> <span class='ocrx_word' id='word_1_496' title='bbox 1997 4937 2174 4992; x_wconf 86' lang='lat' dir='ltr'><strong>eccle-</strong></span> 
     </span>
    </p>
   </div>
   <div class='ocr_carea' id='block_1_69' title="bbox 582 5030 2177 5094">
    <p class='ocr_par' dir='ltr' id='par_1_69' title="bbox 582 5030 2177 5094">
     <span class='ocr_line' id='line_1_69' title="bbox 582 5030 2177 5094; baseline -0.006 0"><span class='ocrx_word' id='word_1_497' title='bbox 582 5039 661 5094; x_wconf 85' lang='lat' dir='ltr'><strong>sia</strong></span> <span class='ocrx_word' id='word_1_498' title='bbox 709 5036 816 5091; x_wconf 91' lang='lat' dir='ltr'><strong>CP.</strong></span> <span class='ocrx_word' id='word_1_499' title='bbox 857 5034 1084 5090; x_wconf 82' lang='lat' dir='ltr'><strong>fustibus</strong></span> <span class='ocrx_word' id='word_1_500' title='bbox 1111 5050 1279 5090; x_wconf 62' lang='lat' dir='ltr'><strong>caesus</strong></span> <span class='ocrx_word' id='word_1_501' title='bbox 1326 5032 1517 5087; x_wconf 86' lang='lat' dir='ltr'><strong>fuerat.</strong></span> <span class='ocrx_word' id='word_1_502' title='bbox 1563 5031 1720 5086; x_wconf 83' lang='lat' dir='ltr'><strong>Tanti</strong></span> <span class='ocrx_word' id='word_1_503' title='bbox 1762 5030 2016 5085; x_wconf 81' lang='lat' dir='ltr'><strong>facinoris</strong></span> <span class='ocrx_word' id='word_1_504' title='bbox 2052 5044 2177 5085; x_wconf 85' lang='lat' dir='ltr'><strong>reus</strong></span> 
     </span>
    </p>
   </div>
   <div class='ocr_carea' id='block_1_70' title="bbox 584 5120 2175 5197">
    <p class='ocr_par' dir='ltr' id='par_1_70' title="bbox 584 5120 2175 5197">
     <span class='ocr_line' id='line_1_70' title="bbox 584 5120 2175 5197; baseline -0.006 -13"><span class='ocrx_word' id='word_1_505' title='bbox 584 5129 859 5184; x_wconf 88' lang='lat' dir='ltr'><strong>ferebatur</strong></span> <span class='ocrx_word' id='word_1_506' title='bbox 882 5125 1093 5197; x_wconf 88' lang='lat' dir='ltr'><strong>juvenis</strong></span> <span class='ocrx_word' id='word_1_507' title='bbox 1122 5125 1336 5194; x_wconf 82' lang='lat' dir='ltr'><strong>quidam</strong></span> <span class='ocrx_word' id='word_1_508' title='bbox 1366 5123 1588 5179; x_wconf 80' lang='lat' dir='ltr'><strong>Joannis</strong></span> <span class='ocrx_word' id='word_1_509' title='bbox 1616 5120 1895 5175; x_wconf 89' lang='lat' dir='ltr'><strong>familiaris</strong></span> <span class='ocrx_word' id='word_1_510' title='bbox 1916 5163 1930 5187; x_wconf 93' lang='lat'><strong>,</strong></span> <span class='ocrx_word' id='word_1_511' title='bbox 1979 5120 2175 5175; x_wconf 88' lang='lat' dir='ltr'><strong>multo-</strong></span> 
     </span>
    </p>
   </div>
   <div class='ocr_carea' id='block_1_71' title="bbox 584 5215 2174 5285">
    <p class='ocr_par' dir='ltr' id='par_1_71' title="bbox 584 5215 2174 5285">
     <span class='ocr_line' id='line_1_71' title="bbox 584 5215 2174 5285; baseline -0.007 -7"><span class='ocrx_word' id='word_1_512' title='bbox 584 5238 705 5278; x_wconf 91' lang='lat' dir='ltr'><strong>rnm</strong></span> <span class='ocrx_word' id='word_1_513' title='bbox 735 5221 999 5277; x_wconf 88' lang='lat' dir='ltr'><strong>scelerum</strong></span> <span class='ocrx_word' id='word_1_514' title='bbox 1024 5219 1243 5274; x_wconf 83' lang='lat' dir='ltr'><strong>infamia</strong></span> <span class='ocrx_word' id='word_1_515' title='bbox 1267 5217 1397 5271; x_wconf 87' lang='lat' dir='ltr'><strong>satis</strong></span> <span class='ocrx_word' id='word_1_516' title='bbox 1425 5225 1614 5282; x_wconf 88' lang='lat' dir='ltr'><strong>notus;</strong></span> <span class='ocrx_word' id='word_1_517' title='bbox 1645 5216 1756 5285; x_wconf 90' lang='lat' dir='ltr'><strong>qui,</strong></span> <span class='ocrx_word' id='word_1_518' title='bbox 1790 5224 1847 5269; x_wconf 91' lang='lat' dir='ltr'><strong>ut</strong></span> <span class='ocrx_word' id='word_1_519' title='bbox 1867 5216 1939 5268; x_wconf 90' lang='lat' dir='ltr'><strong>ait</strong></span> <span class='ocrx_word' id='word_1_520' title='bbox 1967 5215 2174 5282; x_wconf 70' lang='lat' dir='ltr'><strong>Gregi-</strong></span> 
     </span>
    </p>
   </div>
   <div class='ocr_carea' id='block_1_72' title="bbox 585 5305 2171 5378">
    <p class='ocr_par' dir='ltr' id='par_1_72' title="bbox 585 5305 2171 5378">
     <span class='ocr_line' id='line_1_72' title="bbox 585 5305 2171 5378; baseline -0.006 -11"><span class='ocrx_word' id='word_1_521' title='bbox 585 5315 721 5378; x_wconf 71' lang='lat' dir='ltr'><strong>rius,</strong></span> <span class='ocrx_word' id='word_1_522' title='bbox 750 5312 924 5365; x_wconf 87' lang='lat' dir='ltr'><strong>adhuc</strong></span> <span class='ocrx_word' id='word_1_523' title='bbox 954 5310 1022 5365; x_wconf 89' lang='lat' dir='ltr'><strong>de</strong></span> <span class='ocrx_word' id='word_1_524' title='bbox 1056 5310 1165 5363; x_wconf 90' lang='lat' dir='ltr'><strong>Deo</strong></span> <span class='ocrx_word' id='word_1_525' title='bbox 1194 5308 1323 5363; x_wconf 93' lang='lat' dir='ltr'><strong>nihil</strong></span> <span class='ocrx_word' id='word_1_526' title='bbox 1349 5307 1641 5371; x_wconf 72' lang='lat' dir='ltr'><strong>di-licerat,</strong></span> <span class='ocrx_word' id='word_1_527' title='bbox 1686 5306 1776 5375; x_wconf 90' lang='lat' dir='ltr'><strong>qui</strong></span> <span class='ocrx_word' id='word_1_528' title='bbox 1804 5306 2009 5361; x_wconf 76' lang='lat' dir='ltr'><strong>viscera</strong></span> <span class='ocrx_word' id='word_1_529' title='bbox 2039 5305 2171 5360; x_wconf 79' lang='lat' dir='ltr'><strong>cha-</strong></span> 
     </span>
    </p>
   </div>
   <div class='ocr_carea' id='block_1_73' title="bbox 583 5395 2163 5471">
    <p class='ocr_par' dir='ltr' id='par_1_73' title="bbox 583 5395 2163 5471">
     <span class='ocr_line' id='line_1_73' title="bbox 583 5395 2163 5471; baseline -0.008 -14"><span class='ocrx_word' id='word_1_530' title='bbox 583 5404 758 5458; x_wconf 87' lang='lat' dir='ltr'><strong>ritatis</strong></span> <span class='ocrx_word' id='word_1_531' title='bbox 790 5402 1063 5456; x_wconf 84' lang='lat' dir='ltr'><strong>nesciebat</strong></span> <span class='ocrx_word' id='word_1_532' title='bbox 1095 5399 1235 5471; x_wconf 81' lang='lat' dir='ltr'><strong>(Lib.</strong></span> <span class='ocrx_word' id='word_1_533' title='bbox 1272 5415 1354 5465; x_wconf 88' lang='grc' dir='ltr'>ιιι,</span> <span class='ocrx_word' id='word_1_534' title='bbox 1382 5415 1464 5468; x_wconf 88' lang='lat' dir='ltr'><strong>ep.</strong></span> <span class='ocrx_word' id='word_1_535' title='bbox 1495 5395 1615 5467; x_wconf 79' lang='lat'><strong>5‘5);</strong></span> <span class='ocrx_word' id='word_1_536' title='bbox 1642 5396 1734 5465; x_wconf 87' lang='lat' dir='ltr'><strong>qui</strong></span> <span class='ocrx_word' id='word_1_537' title='bbox 1757 5395 1992 5450; x_wconf 89' lang='lat' dir='ltr'><strong>insidiari</strong></span> <span class='ocrx_word' id='word_1_538' title='bbox 2025 5411 2163 5465; x_wconf 88' lang='lat' dir='ltr'><strong>quo-</strong></span> 
     </span>
    </p>
   </div>
   <div class='ocr_carea' id='block_1_74' title="bbox 586 5487 2167 5559">
    <p class='ocr_par' dir='ltr' id='par_1_74' title="bbox 586 5487 2167 5559">
     <span class='ocr_line' id='line_1_74' title="bbox 586 5487 2167 5559; baseline -0.006 -11"><span class='ocrx_word' id='word_1_539' title='bbox 586 5494 716 5549; x_wconf 86' lang='lat' dir='ltr'><strong>tidie</strong></span> <span class='ocrx_word' id='word_1_540' title='bbox 762 5494 1094 5548; x_wconf 86' lang='lat' dir='ltr'><strong>diversorum</strong></span> <span class='ocrx_word' id='word_1_541' title='bbox 1146 5491 1407 5546; x_wconf 88' lang='lat' dir='ltr'><strong>mortibus</strong></span> <span class='ocrx_word' id='word_1_542' title='bbox 1454 5505 1553 5559; x_wconf 91' lang='lat' dir='ltr'><strong>per</strong></span> <span class='ocrx_word' id='word_1_543' title='bbox 1593 5487 1805 5544; x_wconf 85' lang='lat' dir='ltr'><strong>occulta</strong></span> <span class='ocrx_word' id='word_1_544' title='bbox 1848 5494 2167 5541; x_wconf 85' lang='lat' dir='ltr'><strong>testamenta</strong></span> 
     </span>
    </p>
   </div>
   <div class='ocr_carea' id='block_1_75' title="bbox 583 5578 2171 5652">
    <p class='ocr_par' dir='ltr' id='par_1_75' title="bbox 583 5578 2171 5652">
     <span class='ocr_line' id='line_1_75' title="bbox 583 5578 2171 5652; baseline -0.006 -12"><span class='ocrx_word' id='word_1_545' title='bbox 583 5584 903 5652; x_wconf 86' lang='lat' dir='ltr'><strong>dicebatur,</strong></span> <span class='ocrx_word' id='word_1_546' title='bbox 952 5599 1053 5638; x_wconf 91' lang='lat' dir='ltr'><strong>nec</strong></span> <span class='ocrx_word' id='word_1_547' title='bbox 1092 5582 1260 5638; x_wconf 87' lang='lat' dir='ltr'><strong>Deum</strong></span> <span class='ocrx_word' id='word_1_548' title='bbox 1301 5590 1582 5647; x_wconf 89' lang='lat' dir='ltr'><strong>metuens,</strong></span> <span class='ocrx_word' id='word_1_549' title='bbox 1629 5595 1731 5635; x_wconf 89' lang='lat' dir='ltr'><strong>nec</strong></span> <span class='ocrx_word' id='word_1_550' title='bbox 1769 5578 2016 5634; x_wconf 87' lang='lat' dir='ltr'><strong>homines</strong></span> <span class='ocrx_word' id='word_1_551' title='bbox 2044 5594 2171 5633; x_wconf 80' lang='lat' dir='ltr'><strong>eru—</strong></span> 
     </span>
    </p>
   </div>
   <div class='ocr_carea' id='block_1_76' title="bbox 584 5675 833 5730">
    <p class='ocr_par' dir='ltr' id='par_1_76' title="bbox 584 5675 833 5730">
     <span class='ocr_line' id='line_1_76' title="bbox 584 5675 833 5730; baseline 0.004 -1"><span class='ocrx_word' id='word_1_552' title='bbox 584 5675 833 5730; x_wconf 85' lang='lat' dir='ltr'><strong>besccns.</strong></span> 
     </span>
    </p>
   </div>
   <div class='ocr_carea' id='block_1_77' title="bbox 656 5761 2182 5832">
    <p class='ocr_par' dir='ltr' id='par_1_77' title="bbox 656 5761 2182 5832">
     <span class='ocr_line' id='line_1_77' title="bbox 656 5761 2182 5832; baseline -0.001 -15"><span class='ocrx_word' id='word_1_553' title='bbox 656 5763 808 5818; x_wconf 71' lang='lat' dir='ltr'><strong>llun:</strong></span> <span class='ocrx_word' id='word_1_554' title='bbox 850 5764 955 5817; x_wconf 90' lang='lat' dir='ltr'><strong>vim</strong></span> <span class='ocrx_word' id='word_1_555' title='bbox 998 5773 1051 5817; x_wconf 90' lang='lat' dir='ltr'><strong>ct</strong></span> <span class='ocrx_word' id='word_1_556' title='bbox 1092 5764 1433 5832; x_wconf 82' lang='lat' dir='ltr'><strong>ignominiam</strong></span> <span class='ocrx_word' id='word_1_557' title='bbox 1466 5762 1756 5818; x_wconf 75' lang='lat' dir='ltr'><strong>Athanasio</strong></span> <span class='ocrx_word' id='word_1_558' title='bbox 1798 5762 1996 5817; x_wconf 90' lang='lat' dir='ltr'><strong>illatam</strong></span> <span class='ocrx_word' id='word_1_559' title='bbox 2044 5761 2182 5831; x_wconf 85' lang='lat' dir='ltr'><strong>(hoc</strong></span> 
     </span>
    </p>
   </div>
   <div class='ocr_carea' id='block_1_78' title="bbox 2251 1892 3836 1964">
    <p class='ocr_par' dir='ltr' id='par_1_78' title="bbox 2251 1892 3836 1964">
     <span class='ocr_line' id='line_1_78' title="bbox 2251 1892 3836 1964; baseline -0.006 -14"><span class='ocrx_word' id='word_1_560' title='bbox 2251 1898 2296 1951; x_wconf 87' lang='lat' dir='ltr'><strong>si</strong></span> <span class='ocrx_word' id='word_1_561' title='bbox 2318 1905 2489 1950; x_wconf 85' lang='lat' dir='ltr'><strong>autem</strong></span> <span class='ocrx_word' id='word_1_562' title='bbox 2511 1912 2738 1950; x_wconf 85' lang='lat' dir='ltr'><strong>canones</strong></span> <span class='ocrx_word' id='word_1_563' title='bbox 2759 1912 2862 1949; x_wconf 87' lang='lat' dir='ltr'><strong>non</strong></span> <span class='ocrx_word' id='word_1_564' title='bbox 2886 1894 3179 1963; x_wconf 80' lang='lat' dir='ltr'><strong>custoditis,</strong></span> <span class='ocrx_word' id='word_1_565' title='bbox 3210 1904 3259 1948; x_wconf 88' lang='lat' dir='ltr'><strong>et</strong></span> <span class='ocrx_word' id='word_1_566' title='bbox 3278 1892 3537 1964; x_wconf 84' lang='lat' dir='ltr'><strong>majorum</strong></span> <span class='ocrx_word' id='word_1_567' title='bbox 3559 1894 3711 1947; x_wconf 84' lang='lat' dir='ltr'><strong>rullis</strong></span> <span class='ocrx_word' id='word_1_568' title='bbox 3735 1902 3836 1946; x_wconf 82' lang='lat' dir='ltr'><strong>sta.</strong></span> 
     </span>
    </p>
   </div>
   <div class='ocr_carea' id='block_1_79' title="bbox 2256 1985 3831 2058">
    <p class='ocr_par' dir='ltr' id='par_1_79' title="bbox 2256 1985 3831 2058">
     <span class='ocr_line' id='line_1_79' title="bbox 2256 1985 3831 2058; baseline 0.001 -16"><span class='ocrx_word' id='word_1_569' title='bbox 2256 1998 2366 2042; x_wconf 88' lang='lat' dir='ltr'><strong>tuta</strong></span> <span class='ocrx_word' id='word_1_570' title='bbox 2396 1989 2694 2053; x_wconf 79' lang='lat' dir='ltr'><strong>convellere,</strong></span> <span class='ocrx_word' id='word_1_571' title='bbox 2729 2004 2831 2041; x_wconf 87' lang='lat' dir='ltr'><strong>non</strong></span> <span class='ocrx_word' id='word_1_572' title='bbox 2862 2002 3114 2058; x_wconf 83' lang='lat' dir='ltr'><strong>cognosco</strong></span> <span class='ocrx_word' id='word_1_573' title='bbox 3144 1987 3231 2058; x_wconf 86' lang='lat' dir='ltr'><strong>qui</strong></span> <span class='ocrx_word' id='word_1_574' title='bbox 3255 1986 3399 2040; x_wconf 87' lang='lat' dir='ltr'><strong>estis.</strong></span> <span class='ocrx_word' id='word_1_575' title='bbox 3434 1985 3516 2039; x_wconf 78' lang='lat' dir='ltr'><strong>Ad</strong></span> <span class='ocrx_word' id='word_1_576' title='bbox 3538 1998 3783 2043; x_wconf 70' lang='lat' dir='ltr'><strong>extremu</strong></span> <span class='ocrx_word' id='word_1_577' title='bbox 3802 2009 3831 2044; x_wconf 79' lang='grc' dir='ltr'><strong>ιι</strong></span> 
     </span>
    </p>
   </div>
   <div class='ocr_carea' id='block_1_80' title="bbox 2254 2076 3834 2147">
    <p class='ocr_par' dir='ltr' id='par_1_80' title="bbox 2254 2076 3834 2147">
     <span class='ocr_line' id='line_1_80' title="bbox 2254 2076 3834 2147; baseline -0.003 -14"><span class='ocrx_word' id='word_1_578' title='bbox 2254 2079 2446 2134; x_wconf 86' lang='lat' dir='ltr'><strong>suadet</strong></span> <span class='ocrx_word' id='word_1_579' title='bbox 2478 2088 2536 2133; x_wconf 89' lang='lat' dir='ltr'><strong>ut</strong></span> <span class='ocrx_word' id='word_1_580' title='bbox 2566 2079 2849 2133; x_wconf 85' lang='lat' dir='ltr'><strong>emendato</strong></span> <span class='ocrx_word' id='word_1_581' title='bbox 2891 2078 3092 2147; x_wconf 80' lang='lat' dir='ltr'><strong>juvene</strong></span> <span class='ocrx_word' id='word_1_582' title='bbox 3133 2078 3296 2131; x_wconf 87' lang='lat' dir='ltr'><strong>totius</strong></span> <span class='ocrx_word' id='word_1_583' title='bbox 3324 2078 3451 2132; x_wconf 84' lang='lat' dir='ltr'><strong>mali</strong></span> <span class='ocrx_word' id='word_1_584' title='bbox 3481 2076 3718 2139; x_wconf 82' lang='lat' dir='ltr'><strong>artilice,</strong></span> <span class='ocrx_word' id='word_1_585' title='bbox 3761 2093 3834 2129; x_wconf 83' lang='lat' dir='ltr'><strong>rc-</strong></span> 
     </span>
    </p>
   </div>
   <div class='ocr_carea' id='block_1_81' title="bbox 2254 2166 3835 2239">
    <p class='ocr_par' dir='ltr' id='par_1_81' title="bbox 2254 2166 3835 2239">
     <span class='ocr_line' id='line_1_81' title="bbox 2254 2166 3835 2239; baseline -0.003 -16"><span class='ocrx_word' id='word_1_586' title='bbox 2254 2168 2527 2239; x_wconf 83' lang='lat' dir='ltr'><strong>jectisque</strong></span> <span class='ocrx_word' id='word_1_587' title='bbox 2555 2169 2671 2237; x_wconf 84' lang='lat' dir='ltr'><strong>ejus</strong></span> <span class='ocrx_word' id='word_1_588' title='bbox 2700 2168 2958 2233; x_wconf 44' lang='lat' dir='ltr'><strong>consiliig</strong></span> <span class='ocrx_word' id='word_1_589' title='bbox 2992 2168 3290 2221; x_wconf 73' lang='lat' dir='ltr'><strong>monachos</strong></span> <span class='ocrx_word' id='word_1_590' title='bbox 3318 2182 3347 2220; x_wconf 77' lang='grc' dir='ltr'><strong>ιι</strong></span> <span class='ocrx_word' id='word_1_591' title='bbox 3376 2182 3436 2222; x_wconf 86' lang='lat' dir='ltr'><strong>se</strong></span> <span class='ocrx_word' id='word_1_592' title='bbox 3462 2168 3603 2220; x_wconf 87' lang='lat' dir='ltr'><strong>male</strong></span> <span class='ocrx_word' id='word_1_593' title='bbox 3636 2166 3835 2218; x_wconf 84' lang='lat' dir='ltr'><strong>habitos</strong></span> 
     </span>
    </p>
   </div>
   <div class='ocr_carea' id='block_1_82' title="bbox 2260 2255 3831 2328">
    <p class='ocr_par' dir='ltr' id='par_1_82' title="bbox 2260 2255 3831 2328">
     <span class='ocr_line' id='line_1_82' title="bbox 2260 2255 3831 2328; baseline -0.004 -14"><span class='ocrx_word' id='word_1_594' title='bbox 2260 2261 2311 2314; x_wconf 90' lang='lat' dir='ltr'><strong>in</strong></span> <span class='ocrx_word' id='word_1_595' title='bbox 2338 2260 2450 2314; x_wconf 87' lang='lat' dir='ltr'><strong>suis</strong></span> <span class='ocrx_word' id='word_1_596' title='bbox 2489 2259 2765 2313; x_wconf 80' lang='lat' dir='ltr'><strong>ordinibus</strong></span> <span class='ocrx_word' id='word_1_597' title='bbox 2806 2257 3097 2328; x_wconf 85' lang='lat' dir='ltr'><strong>suscipiat,</strong></span> <span class='ocrx_word' id='word_1_598' title='bbox 3144 2257 3329 2326; x_wconf 86' lang='lat' dir='ltr'><strong>eisque</strong></span> <span class='ocrx_word' id='word_1_599' title='bbox 3368 2270 3558 2326; x_wconf 90' lang='lat' dir='ltr'><strong>pacem</strong></span> <span class='ocrx_word' id='word_1_600' title='bbox 3590 2255 3831 2325; x_wconf 56' lang='lat' dir='ltr'><strong>pineo-at.</strong></span> 
     </span>
    </p>
   </div>
   <div class='ocr_carea' id='block_1_83' title="bbox 2257 2348 3832 2419">
    <p class='ocr_par' dir='ltr' id='par_1_83' title="bbox 2257 2348 3832 2419">
     <span class='ocr_line' id='line_1_83' title="bbox 2257 2348 3832 2419; baseline -0.002 -15"><span class='ocrx_word' id='word_1_601' title='bbox 2257 2349 2549 2404; x_wconf 85' lang='lat' dir='ltr'><strong>Sabiniano</strong></span> <span class='ocrx_word' id='word_1_602' title='bbox 2573 2365 2806 2419; x_wconf 81' lang='lat' dir='ltr'><strong>quoque,</strong></span> <span class='ocrx_word' id='word_1_603' title='bbox 2840 2364 2937 2404; x_wconf 83' lang='lat' dir='ltr'><strong>suo</strong></span> <span class='ocrx_word' id='word_1_604' title='bbox 2963 2348 3107 2419; x_wconf 67' lang='lat' dir='ltr'><strong>apud</strong></span> <span class='ocrx_word' id='word_1_605' title='bbox 3136 2348 3450 2419; x_wconf 80' lang='lat' dir='ltr'><strong>Maurieium</strong></span> <span class='ocrx_word' id='word_1_606' title='bbox 3480 2348 3682 2415; x_wconf 83' lang='lat' dir='ltr'><strong>legato,</strong></span> <span class='ocrx_word' id='word_1_607' title='bbox 3708 2365 3832 2416; x_wconf 76' lang='lat' dir='ltr'><strong>pne-</strong></span> 
     </span>
    </p>
   </div>
   <div class='ocr_carea' id='block_1_84' title="bbox 2262 2440 3835 2511">
    <p class='ocr_par' dir='ltr' id='par_1_84' title="bbox 2262 2440 3835 2511">
     <span class='ocr_line' id='line_1_84' title="bbox 2262 2440 3835 2511; baseline -0.001 -17"><span class='ocrx_word' id='word_1_608' title='bbox 2262 2441 2407 2511; x_wconf 87' lang='lat' dir='ltr'><strong>cepit</strong></span> <span class='ocrx_word' id='word_1_609' title='bbox 2433 2451 2488 2494; x_wconf 92' lang='lat' dir='ltr'><strong>ut</strong></span> <span class='ocrx_word' id='word_1_610' title='bbox 2513 2440 2581 2495; x_wconf 88' lang='lat' dir='ltr'><strong>de</strong></span> <span class='ocrx_word' id='word_1_611' title='bbox 2602 2442 2792 2495; x_wconf 62' lang='lat' dir='ltr'><strong>eodem</strong></span> <span class='ocrx_word' id='word_1_612' title='bbox 2823 2442 3040 2508; x_wconf 87' lang='lat' dir='ltr'><strong>negotio</strong></span> <span class='ocrx_word' id='word_1_613' title='bbox 3073 2440 3427 2510; x_wconf 81' lang='lat' dir='ltr'><strong>patriarcham</strong></span> <span class='ocrx_word' id='word_1_614' title='bbox 3453 2440 3533 2493; x_wconf 90' lang='lat' dir='ltr'><strong>sui</strong></span> <span class='ocrx_word' id='word_1_615' title='bbox 3562 2440 3719 2493; x_wconf 78' lang='lat' dir='ltr'><strong>ollieii</strong></span> <span class='ocrx_word' id='word_1_616' title='bbox 3749 2440 3835 2492; x_wconf 68' lang='lat' dir='ltr'><strong>ad-</strong></span> 
     </span>
    </p>
   </div>
   <div class='ocr_carea' id='block_1_85' title="bbox 2263 2535 3835 2605">
    <p class='ocr_par' dir='ltr' id='par_1_85' title="bbox 2263 2535 3835 2605">
     <span class='ocr_line' id='line_1_85' title="bbox 2263 2535 3835 2605; baseline -0.001 -16"><span class='ocrx_word' id='word_1_617' title='bbox 2263 2544 2526 2589; x_wconf 88' lang='lat' dir='ltr'><strong>moneret.</strong></span> <span class='ocrx_word' id='word_1_618' title='bbox 2551 2535 2589 2589; x_wconf 89' lang='lat' dir='ltr'><strong>ll</strong></span> <span class='ocrx_word' id='word_1_619' title='bbox 2615 2553 2704 2591; x_wconf 91' lang='lat' dir='ltr'><strong>um</strong></span> <span class='ocrx_word' id='word_1_620' title='bbox 2726 2536 2907 2591; x_wconf 88' lang='lat' dir='ltr'><strong>statim</strong></span> <span class='ocrx_word' id='word_1_621' title='bbox 2935 2553 3038 2591; x_wconf 88' lang='lat' dir='ltr'><strong>non</strong></span> <span class='ocrx_word' id='word_1_622' title='bbox 3062 2537 3405 2605; x_wconf 66' lang='lat' dir='ltr'><strong>obtetnjeras</strong></span> <span class='ocrx_word' id='word_1_623' title='bbox 3435 2551 3465 2589; x_wconf 91' lang='lat' dir='ltr'><strong>e</strong></span> <span class='ocrx_word' id='word_1_624' title='bbox 3488 2552 3546 2590; x_wconf 86' lang='lat' dir='ltr'><strong>sa</strong></span> <span class='ocrx_word' id='word_1_625' title='bbox 3575 2538 3617 2590; x_wconf 88' lang='lat' dir='ltr'><strong>is</strong></span> <span class='ocrx_word' id='word_1_626' title='bbox 3649 2535 3835 2589; x_wconf 79' lang='lat' dir='ltr'><strong>indicat</strong></span> 
     </span>
    </p>
   </div>
   <div class='ocr_carea' id='block_1_86' title="bbox 2265 2626 3833 2697">
    <p class='ocr_par' dir='ltr' id='par_1_86' title="bbox 2265 2626 3833 2697">
     <span class='ocr_line' id='line_1_86' title="bbox 2265 2626 3833 2697; baseline 0.002 -18"><span class='ocrx_word' id='word_1_627' title='bbox 2265 2627 2366 2679; x_wconf 71' lang='lat' dir='ltr'><strong>alia</strong></span> <span class='ocrx_word' id='word_1_628' title='bbox 2390 2626 2617 2696; x_wconf 82' lang='lat' dir='ltr'><strong>epistola</strong></span> <span class='ocrx_word' id='word_1_629' title='bbox 2642 2627 2707 2680; x_wconf 78' lang='lat' dir='ltr'><strong>ad</strong></span> <span class='ocrx_word' id='word_1_630' title='bbox 2731 2627 2950 2681; x_wconf 71' lang='lat' dir='ltr'><strong>Narsem</strong></span> <span class='ocrx_word' id='word_1_631' title='bbox 2985 2628 3267 2697; x_wconf 79' lang='lat' dir='ltr'><strong>patricium</strong></span> <span class='ocrx_word' id='word_1_632' title='bbox 3297 2646 3309 2680; x_wconf 90' lang='lat'><strong>:</strong></span> <span class='ocrx_word' id='word_1_633' title='bbox 3343 2627 3421 2681; x_wconf 83' lang='lat' dir='ltr'><strong>De</strong></span> <span class='ocrx_word' id='word_1_634' title='bbox 3449 2645 3625 2694; x_wconf 78' lang='lat' dir='ltr'><strong>causa,</strong></span> <span class='ocrx_word' id='word_1_635' title='bbox 3652 2630 3833 2697; x_wconf 87' lang='lat' dir='ltr'><strong>inquit,</strong></span> 
     </span>
    </p>
   </div>
   <div class='ocr_carea' id='block_1_87' title="bbox 2263 2722 3838 2791">
    <p class='ocr_par' dir='ltr' id='par_1_87' title="bbox 2263 2722 3838 2791">
     <span class='ocr_line' id='line_1_87' title="bbox 2263 2722 3838 2791; baseline 0.001 -18"><span class='ocrx_word' id='word_1_636' title='bbox 2263 2723 2696 2791; x_wconf 69' lang='lat' dir='ltr'><strong>presbyterorum,</strong></span> <span class='ocrx_word' id='word_1_637' title='bbox 2725 2737 2839 2791; x_wconf 79' lang='lat' dir='ltr'><strong>qua:</strong></span> <span class='ocrx_word' id='word_1_638' title='bbox 2860 2737 2973 2774; x_wconf 87' lang='lat' dir='ltr'><strong>cum</strong></span> <span class='ocrx_word' id='word_1_639' title='bbox 3004 2724 3165 2791; x_wconf 86' lang='lat' dir='ltr'><strong>fratre</strong></span> <span class='ocrx_word' id='word_1_640' title='bbox 3183 2738 3295 2774; x_wconf 84' lang='lat' dir='ltr'><strong>meo</strong></span> <span class='ocrx_word' id='word_1_641' title='bbox 3316 2731 3363 2773; x_wconf 86' lang='lat' dir='ltr'><strong>et</strong></span> <span class='ocrx_word' id='word_1_642' title='bbox 3389 2722 3704 2791; x_wconf 56' lang='lat' dir='ltr'><strong>cocpiscoyo,</strong></span> <span class='ocrx_word' id='word_1_643' title='bbox 3737 2724 3838 2776; x_wconf 81' lang='lat' dir='ltr'><strong>riro</strong></span> 
     </span>
    </p>
   </div>
   <div class='ocr_carea' id='block_1_88' title="bbox 2266 2813 3839 2885">
    <p class='ocr_par' dir='ltr' id='par_1_88' title="bbox 2266 2813 3839 2885">
     <span class='ocr_line' id='line_1_88' title="bbox 2266 2813 3839 2885; baseline 0 -18"><span class='ocrx_word' id='word_1_644' title='bbox 2266 2815 2690 2868; x_wconf 78' lang='lat' dir='ltr'><strong>rerereudissimo</strong></span> <span class='ocrx_word' id='word_1_645' title='bbox 2709 2813 2917 2867; x_wconf 80' lang='lat' dir='ltr'><strong>Joanne</strong></span> <span class='ocrx_word' id='word_1_646' title='bbox 2936 2815 3255 2880; x_wconf 83' lang='lat' dir='ltr'><strong>patriarcha,</strong></span> <span class='ocrx_word' id='word_1_647' title='bbox 3282 2816 3470 2885; x_wconf 76' lang='lat' dir='ltr'><strong>agitur,</strong></span> <span class='ocrx_word' id='word_1_648' title='bbox 3496 2815 3682 2883; x_wconf 78' lang='lat' dir='ltr'><strong>ipsum,</strong></span> <span class='ocrx_word' id='word_1_649' title='bbox 3704 2825 3839 2884; x_wconf 83' lang='lat' dir='ltr'><strong>puto,</strong></span> 
     </span>
    </p>
   </div>
   <div class='ocr_carea' id='block_1_89' title="bbox 2269 2902 3843 2973">
    <p class='ocr_par' dir='ltr' id='par_1_89' title="bbox 2269 2902 3843 2973">
     <span class='ocr_line' id='line_1_89' title="bbox 2269 2902 3843 2973; baseline 0.001 -17"><span class='ocrx_word' id='word_1_650' title='bbox 2269 2902 2619 2958; x_wconf 75' lang='lat' dir='ltr'><strong>adversarium</strong></span> <span class='ocrx_word' id='word_1_651' title='bbox 2639 2905 2884 2973; x_wconf 79' lang='lat' dir='ltr'><strong>patimur,</strong></span> <span class='ocrx_word' id='word_1_652' title='bbox 2906 2921 3054 2973; x_wconf 82' lang='lat' dir='ltr'><strong>quem</strong></span> <span class='ocrx_word' id='word_1_653' title='bbox 3076 2905 3265 2958; x_wconf 65' lang='lat' dir='ltr'><strong>asseris</strong></span> <span class='ocrx_word' id='word_1_654' title='bbox 3288 2904 3414 2958; x_wconf 77' lang='lat' dir='ltr'><strong>velle</strong></span> <span class='ocrx_word' id='word_1_655' title='bbox 3434 2922 3656 2958; x_wconf 84' lang='lat' dir='ltr'><strong>canones</strong></span> <span class='ocrx_word' id='word_1_656' title='bbox 3677 2916 3813 2958; x_wconf 87' lang='lat' dir='ltr'><strong>custo</strong></span> <span class='ocrx_word' id='word_1_657' title='bbox 3839 2935 3843 2939; x_wconf 94' lang='lat'><strong><em>-</em></strong></span> 
     </span>
    </p>
   </div>
   <div class='ocr_carea' id='block_1_90' title="bbox 2268 2996 3845 3068">
    <p class='ocr_par' dir='ltr' id='par_1_90' title="bbox 2268 2996 3845 3068">
     <span class='ocr_line' id='line_1_90' title="bbox 2268 2996 3845 3068; baseline 0.001 -17"><span class='ocrx_word' id='word_1_658' title='bbox 2268 2998 2399 3051; x_wconf 86' lang='lat' dir='ltr'><strong>dire.</strong></span> <span class='ocrx_word' id='word_1_659' title='bbox 2448 2996 2708 3051; x_wconf 70' lang='lat' dir='ltr'><strong>Charitati</strong></span> <span class='ocrx_word' id='word_1_660' title='bbox 2750 3006 2920 3049; x_wconf 89' lang='lat' dir='ltr'><strong>autem</strong></span> <span class='ocrx_word' id='word_1_661' title='bbox 2963 3007 3065 3051; x_wconf 82' lang='lat' dir='ltr'><strong>tua:</strong></span> <span class='ocrx_word' id='word_1_662' title='bbox 3093 2997 3309 3051; x_wconf 72' lang='lat' dir='ltr'><strong>breviter</strong></span> <span class='ocrx_word' id='word_1_663' title='bbox 3357 3000 3525 3068; x_wconf 84' lang='lat' dir='ltr'><strong>fateor</strong></span> <span class='ocrx_word' id='word_1_664' title='bbox 3553 3000 3671 3068; x_wconf 84' lang='lat' dir='ltr'><strong>quia</strong></span> <span class='ocrx_word' id='word_1_665' title='bbox 3712 3000 3845 3053; x_wconf 84' lang='lat' dir='ltr'><strong>omni</strong></span> 
     </span>
    </p>
   </div>
   <div class='ocr_carea' id='block_1_91' title="bbox 2271 3090 3846 3159">
    <p class='ocr_par' dir='ltr' id='par_1_91' title="bbox 2271 3090 3846 3159">
     <span class='ocr_line' id='line_1_91' title="bbox 2271 3090 3846 3159; baseline 0.003 -18"><span class='ocrx_word' id='word_1_666' title='bbox 2271 3091 2454 3142; x_wconf 81' lang='lat' dir='ltr'><strong>uirtute</strong></span> <span class='ocrx_word' id='word_1_667' title='bbox 2494 3098 2543 3142; x_wconf 90' lang='lat' dir='ltr'><strong>et</strong></span> <span class='ocrx_word' id='word_1_668' title='bbox 2574 3090 2713 3143; x_wconf 88' lang='lat' dir='ltr'><strong>omni</strong></span> <span class='ocrx_word' id='word_1_669' title='bbox 2760 3091 2985 3159; x_wconf 77' lang='lat' dir='ltr'><strong>pondere</strong></span> <span class='ocrx_word' id='word_1_670' title='bbox 3028 3090 3259 3143; x_wconf 79' lang='lat' dir='ltr'><strong>:umdent</strong></span> <span class='ocrx_word' id='word_1_671' title='bbox 3288 3107 3527 3157; x_wconf 78' lang='lat' dir='ltr'><strong>causam,</strong></span> <span class='ocrx_word' id='word_1_672' title='bbox 3567 3092 3846 3145; x_wconf 64' lang='lat' dir='ltr'><strong>auxiliante</strong></span> 
     </span>
    </p>
   </div>
   <div class='ocr_carea' id='block_1_92' title="bbox 2191 3170 3845 3252">
    <p class='ocr_par' dir='ltr' id='par_1_92' title="bbox 2191 3170 3845 3252">
     <span class='ocr_line' id='line_1_92' title="bbox 2191 3170 3845 3252; baseline 0.004 -24"><span class='ocrx_word' id='word_1_673' title='bbox 2191 3170 2232 3228; x_wconf 71' lang='grc' dir='ltr'><strong>(ἶ</strong></span> <span class='ocrx_word' id='word_1_674' title='bbox 2267 3181 2615 3250; x_wconf 81' lang='lat' dir='ltr'><strong>omnipotente</strong></span> <span class='ocrx_word' id='word_1_675' title='bbox 2639 3180 2768 3245; x_wconf 88' lang='lat' dir='ltr'><strong>Deo,</strong></span> <span class='ocrx_word' id='word_1_676' title='bbox 2793 3183 2997 3252; x_wconf 74' lang='lat' dir='ltr'><strong>exigere</strong></span> <span class='ocrx_word' id='word_1_677' title='bbox 3016 3192 3229 3251; x_wconf 86' lang='lat' dir='ltr'><strong>paratus</strong></span> <span class='ocrx_word' id='word_1_678' title='bbox 3251 3198 3382 3235; x_wconf 78' lang='lat' dir='ltr'><strong>sum.</strong></span> <span class='ocrx_word' id='word_1_679' title='bbox 3412 3180 3472 3233; x_wconf 85' lang='lat' dir='ltr'><strong>In</strong></span> <span class='ocrx_word' id='word_1_680' title='bbox 3495 3199 3593 3250; x_wconf 84' lang='lat' dir='ltr'><strong>qua</strong></span> <span class='ocrx_word' id='word_1_681' title='bbox 3616 3183 3661 3234; x_wconf 87' lang='lat' dir='ltr'><strong>si</strong></span> <span class='ocrx_word' id='word_1_682' title='bbox 3681 3181 3845 3235; x_wconf 73' lang='lat' dir='ltr'><strong>uidero</strong></span> 
     </span>
    </p>
   </div>
   <div class='ocr_carea' id='block_1_93' title="bbox 2266 3270 3846 3342">
    <p class='ocr_par' dir='ltr' id='par_1_93' title="bbox 2266 3270 3846 3342">
     <span class='ocr_line' id='line_1_93' title="bbox 2266 3270 3846 3342; baseline 0.001 -17"><span class='ocrx_word' id='word_1_683' title='bbox 2266 3270 2375 3325; x_wconf 66' lang='lat' dir='ltr'><strong>sedi</strong></span> <span class='ocrx_word' id='word_1_684' title='bbox 2404 3272 2704 3339; x_wconf 63' lang='lat' dir='ltr'><strong>apostolica</strong></span> <span class='ocrx_word' id='word_1_685' title='bbox 2733 3288 2957 3325; x_wconf 88' lang='lat' dir='ltr'><strong>canones</strong></span> <span class='ocrx_word' id='word_1_686' title='bbox 2984 3288 3084 3325; x_wconf 88' lang='lat' dir='ltr'><strong>non</strong></span> <span class='ocrx_word' id='word_1_687' title='bbox 3107 3274 3323 3335; x_wconf 75' lang='lat' dir='ltr'><strong>servari,</strong></span> <span class='ocrx_word' id='word_1_688' title='bbox 3357 3271 3498 3325; x_wconf 74' lang='lat' dir='ltr'><strong>dubii</strong></span> <span class='ocrx_word' id='word_1_689' title='bbox 3535 3274 3846 3342; x_wconf 81' lang='lat' dir='ltr'><strong>onmipotcm</strong></span> 
     </span>
    </p>
   </div>
   <div class='ocr_carea' id='block_1_94' title="bbox 2266 3359 3848 3436">
    <p class='ocr_par' dir='ltr' id='par_1_94' title="bbox 2266 3359 3848 3436">
     <span class='ocr_line' id='line_1_94' title="bbox 2266 3359 3848 3436; baseline 0.004 -23"><span class='ocrx_word' id='word_1_690' title='bbox 2266 3359 2409 3414; x_wconf 74' lang='lat' dir='ltr'><strong>Deus</strong></span> <span class='ocrx_word' id='word_1_691' title='bbox 2438 3362 2560 3432; x_wconf 89' lang='lat' dir='ltr'><strong>quid</strong></span> <span class='ocrx_word' id='word_1_692' title='bbox 2601 3372 2782 3415; x_wconf 87' lang='lat' dir='ltr'><strong>contra</strong></span> <span class='ocrx_word' id='word_1_693' title='bbox 2810 3371 3186 3433; x_wconf 77' lang='lat' dir='ltr'><strong>contemptores</strong></span> <span class='ocrx_word' id='word_1_694' title='bbox 3218 3388 3229 3413; x_wconf 75' lang='grc' dir='ltr'><strong>ι</strong></span> <span class='ocrx_word' id='word_1_695' title='bbox 3237 3364 3326 3435; x_wconf 83' lang='lat' dir='ltr'><strong>jus</strong></span> <span class='ocrx_word' id='word_1_696' title='bbox 3357 3365 3547 3435; x_wconf 82' lang='lat' dir='ltr'><strong>faciam</strong></span> <span class='ocrx_word' id='word_1_697' title='bbox 3599 3365 3746 3436; x_wconf 86' lang='lat' dir='ltr'><strong>(Lib.</strong></span> <span class='ocrx_word' id='word_1_698' title='bbox 3778 3382 3848 3429; x_wconf 61' lang='lat' dir='ltr'><strong>If,</strong></span> 
     </span>
    </p>
   </div>
   <div class='ocr_carea' id='block_1_95' title="bbox 2265 3449 3849 3523">
    <p class='ocr_par' dir='ltr' id='par_1_95' title="bbox 2265 3449 3849 3523">
     <span class='ocr_line' id='line_1_95' title="bbox 2265 3449 3849 3523; baseline 0.005 -21"><span class='ocrx_word' id='word_1_699' title='bbox 2265 3466 2346 3520; x_wconf 91' lang='lat' dir='ltr'><strong>cp.</strong></span> <span class='ocrx_word' id='word_1_700' title='bbox 2370 3449 2485 3523; x_wconf 70' lang='lat'><strong>&#39;52).</strong></span> <span class='ocrx_word' id='word_1_701' title='bbox 2517 3450 2871 3506; x_wconf 78' lang='lat' dir='ltr'><strong>Athanasium</strong></span> <span class='ocrx_word' id='word_1_702' title='bbox 2893 3451 3115 3521; x_wconf 76' lang='lat' dir='ltr'><strong>cju:qne</strong></span> <span class='ocrx_word' id='word_1_703' title='bbox 3145 3455 3325 3507; x_wconf 81' lang='lat' dir='ltr'><strong>socios</strong></span> <span class='ocrx_word' id='word_1_704' title='bbox 3350 3454 3417 3507; x_wconf 88' lang='lat' dir='ltr'><strong>de</strong></span> <span class='ocrx_word' id='word_1_705' title='bbox 3440 3453 3849 3510; x_wconf 64' lang='lat' dir='ltr'><strong>Manichaeorum</strong></span> 
     </span>
    </p>
   </div>
   <div class='ocr_carea' id='block_1_96' title="bbox 2266 3545 3779 3617">
    <p class='ocr_par' dir='ltr' id='par_1_96' title="bbox 2266 3545 3779 3617">
     <span class='ocr_line' id='line_1_96' title="bbox 2266 3545 3779 3617; baseline 0.002 -18"><span class='ocrx_word' id='word_1_706' title='bbox 2266 3545 2457 3602; x_wconf 78' lang='lat' dir='ltr'><strong>Incresi</strong></span> <span class='ocrx_word' id='word_1_707' title='bbox 2488 3545 2775 3601; x_wconf 82' lang='lat' dir='ltr'><strong>infamatus</strong></span> <span class='ocrx_word' id='word_1_708' title='bbox 2804 3561 2924 3602; x_wconf 69' lang='lat' dir='ltr'><strong>esse</strong></span> <span class='ocrx_word' id='word_1_709' title='bbox 2947 3547 3108 3602; x_wconf 85' lang='lat' dir='ltr'><strong>docet</strong></span> <span class='ocrx_word' id='word_1_710' title='bbox 3137 3548 3363 3617; x_wconf 70' lang='lat' dir='ltr'><strong>epistola</strong></span> <span class='ocrx_word' id='word_1_711' title='bbox 3386 3547 3453 3602; x_wconf 72' lang='grc' dir='ltr'>Η</span> <span class='ocrx_word' id='word_1_712' title='bbox 3475 3548 3595 3603; x_wconf 89' lang='lat' dir='ltr'><strong>libri</strong></span> <span class='ocrx_word' id='word_1_713' title='bbox 3622 3550 3779 3603; x_wconf 79' lang='lat' dir='ltr'><strong>sexti.</strong></span> 
     </span>
    </p>
   </div>
   <div class='ocr_carea' id='block_1_97' title="bbox 2337 3657 3851 3729">
    <p class='ocr_par' dir='ltr' id='par_1_97' title="bbox 2337 3657 3851 3729">
     <span class='ocr_line' id='line_1_97' title="bbox 2337 3657 3851 3729; baseline 0.002 -19"><span class='ocrx_word' id='word_1_714' title='bbox 2337 3657 2390 3712; x_wconf 76' lang='grc'><strong>4.</strong></span> <span class='ocrx_word' id='word_1_715' title='bbox 2434 3657 2571 3724; x_wconf 86' lang='lat' dir='ltr'><strong>Quid</strong></span> <span class='ocrx_word' id='word_1_716' title='bbox 2603 3668 2789 3728; x_wconf 82' lang='lat' dir='ltr'><strong>postea</strong></span> <span class='ocrx_word' id='word_1_717' title='bbox 2821 3659 3019 3713; x_wconf 89' lang='lat' dir='ltr'><strong>laetum</strong></span> <span class='ocrx_word' id='word_1_718' title='bbox 3050 3660 3117 3713; x_wconf 85' lang='lat' dir='ltr'><strong>sit</strong></span> <span class='ocrx_word' id='word_1_719' title='bbox 3151 3660 3297 3715; x_wconf 88' lang='lat' dir='ltr'><strong>disce</strong></span> <span class='ocrx_word' id='word_1_720' title='bbox 3324 3677 3389 3714; x_wconf 72' lang='lat' dir='ltr'><strong>ix</strong></span> <span class='ocrx_word' id='word_1_721' title='bbox 3417 3661 3604 3714; x_wconf 74' lang='lat' dir='ltr'><strong>eadem</strong></span> <span class='ocrx_word' id='word_1_722' title='bbox 3633 3661 3717 3729; x_wconf 90' lang='lat' dir='ltr'><strong>epi</strong></span> <span class='ocrx_word' id='word_1_723' title='bbox 3750 3661 3851 3713; x_wconf 73' lang='lat' dir='ltr'><strong>tola</strong></span> 
     </span>
    </p>
   </div>
   <div class='ocr_carea' id='block_1_98' title="bbox 2268 3751 3854 3821">
    <p class='ocr_par' dir='ltr' id='par_1_98' title="bbox 2268 3751 3854 3821">
     <span class='ocr_line' id='line_1_98' title="bbox 2268 3751 3854 3821; baseline -0.002 -14"><span class='ocrx_word' id='word_1_724' title='bbox 2268 3761 2323 3807; x_wconf 91' lang='lat' dir='ltr'><strong>et</strong></span> <span class='ocrx_word' id='word_1_725' title='bbox 2364 3768 2429 3807; x_wconf 84' lang='lat' dir='ltr'><strong>ex</strong></span> <span class='ocrx_word' id='word_1_726' title='bbox 2470 3751 2538 3806; x_wconf 83' lang='lat'><strong>66</strong></span> <span class='ocrx_word' id='word_1_727' title='bbox 2567 3753 2806 3821; x_wconf 86' lang='lat' dir='ltr'><strong>ejusdem</strong></span> <span class='ocrx_word' id='word_1_728' title='bbox 2848 3753 2965 3808; x_wconf 91' lang='lat' dir='ltr'><strong>libri</strong></span> <span class='ocrx_word' id='word_1_729' title='bbox 2995 3795 3009 3818; x_wconf 97' lang='lat'><strong>,</strong></span> <span class='ocrx_word' id='word_1_730' title='bbox 3040 3768 3200 3821; x_wconf 87' lang='lat' dir='ltr'><strong>quam</strong></span> <span class='ocrx_word' id='word_1_731' title='bbox 3233 3754 3493 3821; x_wconf 59' lang='lat' dir='ltr'><strong>integ-am</strong></span> <span class='ocrx_word' id='word_1_732' title='bbox 3527 3754 3612 3806; x_wconf 90' lang='lat' dir='ltr'><strong>hic</strong></span> <span class='ocrx_word' id='word_1_733' title='bbox 3642 3754 3854 3806; x_wconf 76' lang='lat' dir='ltr'><strong>exhibe-</strong></span> 
     </span>
    </p>
   </div>
   <div class='ocr_carea' id='block_1_99' title="bbox 2270 3845 3852 3915">
    <p class='ocr_par' dir='ltr' id='par_1_99' title="bbox 2270 3845 3852 3915">
     <span class='ocr_line' id='line_1_99' title="bbox 2270 3845 3852 3915; baseline -0.001 -16"><span class='ocrx_word' id='word_1_734' title='bbox 2270 3862 2423 3910; x_wconf 85' lang='lat' dir='ltr'><strong>mus,</strong></span> <span class='ocrx_word' id='word_1_735' title='bbox 2456 3855 2514 3900; x_wconf 88' lang='grc' dir='ltr'><strong>ιιι</strong></span> <span class='ocrx_word' id='word_1_736' title='bbox 2542 3861 2661 3914; x_wconf 72' lang='lat' dir='ltr'><strong>qum</strong></span> <span class='ocrx_word' id='word_1_737' title='bbox 2691 3855 2833 3901; x_wconf 77' lang='lat' dir='ltr'><strong>esset</strong></span> <span class='ocrx_word' id='word_1_738' title='bbox 2879 3845 3119 3914; x_wconf 57' lang='lat' dir='ltr'><strong>Grigorii</strong></span> <span class='ocrx_word' id='word_1_739' title='bbox 3162 3845 3444 3915; x_wconf 63' lang='lat' dir='ltr'><strong>prudentia</strong></span> <span class='ocrx_word' id='word_1_740' title='bbox 3486 3846 3536 3899; x_wconf 93' lang='lat' dir='ltr'><strong>in</strong></span> <span class='ocrx_word' id='word_1_741' title='bbox 3570 3846 3852 3899; x_wconf 61' lang='lat' dir='ltr'><strong>Lactantii;</strong></span> 
     </span>
    </p>
   </div>
   <div class='ocr_carea' id='block_1_100' title="bbox 2269 3935 3854 4008">
    <p class='ocr_par' dir='ltr' id='par_1_100' title="bbox 2269 3935 3854 4008">
     <span class='ocr_line' id='line_1_100' title="bbox 2269 3935 3854 4008; baseline 0.001 -19"><span class='ocrx_word' id='word_1_742' title='bbox 2269 3936 2578 4001; x_wconf 87' lang='lat' dir='ltr'><strong>hujusmodi</strong></span> <span class='ocrx_word' id='word_1_743' title='bbox 2603 3936 2832 4003; x_wconf 83' lang='lat' dir='ltr'><strong>negotiis</strong></span> <span class='ocrx_word' id='word_1_744' title='bbox 2853 3938 3198 3991; x_wconf 88' lang='lat' dir='ltr'><strong>ostendamus</strong></span> <span class='ocrx_word' id='word_1_745' title='bbox 3227 3954 3240 3989; x_wconf 87' lang='lat'><strong>:</strong></span> <span class='ocrx_word' id='word_1_746' title='bbox 3272 3935 3549 4008; x_wconf 85' lang='lat' dir='ltr'><strong>Gregorius</strong></span> <span class='ocrx_word' id='word_1_747' title='bbox 3576 3939 3854 3990; x_wconf 74' lang='lat' dir='ltr'><strong>Athanasio</strong></span> 
     </span>
    </p>
   </div>
   <div class='ocr_carea' id='block_1_101' title="bbox 2270 4024 3855 4097">
    <p class='ocr_par' dir='ltr' id='par_1_101' title="bbox 2270 4024 3855 4097">
     <span class='ocr_line' id='line_1_101' title="bbox 2270 4024 3855 4097; baseline 0.001 -20"><span class='ocrx_word' id='word_1_748' title='bbox 2270 4026 2567 4097; x_wconf 81' lang='lat' dir='ltr'><strong>presbytero</strong></span> <span class='ocrx_word' id='word_1_749' title='bbox 2605 4026 2666 4079; x_wconf 82' lang='lat' dir='ltr'><strong>de</strong></span> <span class='ocrx_word' id='word_1_750' title='bbox 2710 4024 2942 4080; x_wconf 79' lang='lat' dir='ltr'><strong>Isauria.</strong></span> <span class='ocrx_word' id='word_1_751' title='bbox 2998 4029 3145 4081; x_wconf 82' lang='lat' dir='ltr'><strong>Sicut</strong></span> <span class='ocrx_word' id='word_1_752' title='bbox 3185 4028 3249 4079; x_wconf 87' lang='lat' dir='ltr'><strong>de</strong></span> <span class='ocrx_word' id='word_1_753' title='bbox 3284 4026 3357 4079; x_wconf 85' lang='lat' dir='ltr'><strong>cis</strong></span> <span class='ocrx_word' id='word_1_754' title='bbox 3404 4044 3532 4097; x_wconf 84' lang='lat' dir='ltr'><strong>quos</strong></span> <span class='ocrx_word' id='word_1_755' title='bbox 3572 4025 3635 4078; x_wconf 80' lang='lat' dir='ltr'><strong>ab</strong></span> <span class='ocrx_word' id='word_1_756' title='bbox 3666 4028 3855 4079; x_wconf 60' lang='lat' dir='ltr'><strong>animae</strong></span> 
     </span>
    </p>
   </div>
   <div class='ocr_carea' id='block_1_102' title="bbox 2271 4116 3858 4189">
    <p class='ocr_par' dir='ltr' id='par_1_102' title="bbox 2271 4116 3858 4189">
     <span class='ocr_line' id='line_1_102' title="bbox 2271 4116 3858 4189; baseline -0.002 -19"><span class='ocrx_word' id='word_1_757' title='bbox 2271 4116 2523 4171; x_wconf 80' lang='lat' dir='ltr'><strong>Ecclesia:</strong></span> <span class='ocrx_word' id='word_1_758' title='bbox 2551 4119 2805 4172; x_wconf 65' lang='lat' dir='ltr'><strong>hatreticat</strong></span> <span class='ocrx_word' id='word_1_759' title='bbox 2835 4120 3104 4189; x_wconf 85' lang='lat' dir='ltr'><strong>pravitatis</strong></span> <span class='ocrx_word' id='word_1_760' title='bbox 3144 4136 3291 4172; x_wconf 88' lang='lat' dir='ltr'><strong>error</strong></span> <span class='ocrx_word' id='word_1_761' title='bbox 3332 4117 3554 4170; x_wconf 84' lang='lat' dir='ltr'><strong>abscidit</strong></span> <span class='ocrx_word' id='word_1_762' title='bbox 3586 4119 3858 4187; x_wconf 74' lang='lat' dir='ltr'><strong>affligimur</strong></span> 
     </span>
    </p>
   </div>
   <div class='ocr_carea' id='block_1_103' title="bbox 2271 4209 3857 4282">
    <p class='ocr_par' dir='ltr' id='par_1_103' title="bbox 2271 4209 3857 4282">
     <span class='ocr_line' id='line_1_103' title="bbox 2271 4209 3857 4282; baseline -0.001 -21"><span class='ocrx_word' id='word_1_763' title='bbox 2271 4219 2321 4262; x_wconf 82' lang='lat' dir='ltr'><strong>et</strong></span> <span class='ocrx_word' id='word_1_764' title='bbox 2349 4209 2610 4274; x_wconf 84' lang='lat' dir='ltr'><strong>dolemus,</strong></span> <span class='ocrx_word' id='word_1_765' title='bbox 2644 4211 2717 4263; x_wconf 86' lang='lat' dir='ltr'><strong>ita</strong></span> <span class='ocrx_word' id='word_1_766' title='bbox 2750 4211 2827 4263; x_wconf 89' lang='lat' dir='ltr'><strong>his</strong></span> <span class='ocrx_word' id='word_1_767' title='bbox 2861 4227 2985 4282; x_wconf 89' lang='lat' dir='ltr'><strong>quos</strong></span> <span class='ocrx_word' id='word_1_768' title='bbox 3016 4210 3153 4262; x_wconf 87' lang='lat' dir='ltr'><strong>intra</strong></span> <span class='ocrx_word' id='word_1_769' title='bbox 3201 4212 3369 4261; x_wconf 88' lang='lat' dir='ltr'><strong>sinum</strong></span> <span class='ocrx_word' id='word_1_770' title='bbox 3406 4226 3555 4261; x_wconf 87' lang='lat' dir='ltr'><strong>suum</strong></span> <span class='ocrx_word' id='word_1_771' title='bbox 3596 4209 3857 4261; x_wconf 62' lang='lat' dir='ltr'><strong>catholica:</strong></span> 
     </span>
    </p>
   </div>
   <div class='ocr_carea' id='block_1_104' title="bbox 2272 4299 3857 4370">
    <p class='ocr_par' dir='ltr' id='par_1_104' title="bbox 2272 4299 3857 4370">
     <span class='ocr_line' id='line_1_104' title="bbox 2272 4299 3857 4370; baseline -0.001 -19"><span class='ocrx_word' id='word_1_772' title='bbox 2272 4299 2399 4369; x_wconf 78' lang='lat' dir='ltr'><strong>fidei</strong></span> <span class='ocrx_word' id='word_1_773' title='bbox 2437 4301 2691 4369; x_wconf 78' lang='lat' dir='ltr'><strong>professio</strong></span> <span class='ocrx_word' id='word_1_774' title='bbox 2736 4302 2962 4353; x_wconf 85' lang='lat' dir='ltr'><strong>continet</strong></span> <span class='ocrx_word' id='word_1_775' title='bbox 3003 4300 3423 4370; x_wconf 82' lang='lat' dir='ltr'><strong>congaudcntus;</strong></span> <span class='ocrx_word' id='word_1_776' title='bbox 3452 4308 3500 4351; x_wconf 87' lang='lat' dir='ltr'><strong>et</strong></span> <span class='ocrx_word' id='word_1_777' title='bbox 3530 4308 3585 4350; x_wconf 86' lang='lat' dir='ltr'><strong>ut</strong></span> <span class='ocrx_word' id='word_1_778' title='bbox 3614 4299 3857 4367; x_wconf 65' lang='lat' dir='ltr'><strong>poster-ali</strong></span> 
     </span>
    </p>
   </div>
   <div class='ocr_carea' id='block_1_105' title="bbox 2271 4387 3849 4459">
    <p class='ocr_par' dir='ltr' id='par_1_105' title="bbox 2271 4387 3849 4459">
     <span class='ocr_line' id='line_1_105' title="bbox 2271 4387 3849 4459; baseline 0 -18"><span class='ocrx_word' id='word_1_779' title='bbox 2271 4390 2615 4443; x_wconf 88' lang='lat' dir='ltr'><strong>sollicitudine</strong></span> <span class='ocrx_word' id='word_1_780' title='bbox 2641 4390 2848 4443; x_wconf 87' lang='lat' dir='ltr'><strong>illorum</strong></span> <span class='ocrx_word' id='word_1_781' title='bbox 2893 4407 2986 4444; x_wconf 86' lang='lat' dir='ltr'><strong>nos</strong></span> <span class='ocrx_word' id='word_1_782' title='bbox 3029 4398 3225 4459; x_wconf 82' lang='lat' dir='ltr'><strong>oportet</strong></span> <span class='ocrx_word' id='word_1_783' title='bbox 3254 4388 3604 4459; x_wconf 85' lang='lat' dir='ltr'><strong>impietatibus</strong></span> <span class='ocrx_word' id='word_1_784' title='bbox 3632 4387 3849 4449; x_wconf 60' lang='lat' dir='ltr'><strong>obviare,</strong></span> 
     </span>
    </p>
   </div>
   <div class='ocr_carea' id='block_1_106' title="bbox 2274 4479 3858 4552">
    <p class='ocr_par' dir='ltr' id='par_1_106' title="bbox 2274 4479 3858 4552">
     <span class='ocr_line' id='line_1_106' title="bbox 2274 4479 3858 4552; baseline 0 -21"><span class='ocrx_word' id='word_1_785' title='bbox 2274 4480 2350 4531; x_wconf 89' lang='lat' dir='ltr'><strong>sic</strong></span> <span class='ocrx_word' id='word_1_786' title='bbox 2375 4481 2476 4548; x_wconf 85' lang='lat' dir='ltr'><strong>piis</strong></span> <span class='ocrx_word' id='word_1_787' title='bbox 2507 4479 2686 4533; x_wconf 81' lang='lat' dir='ltr'><strong>horum</strong></span> <span class='ocrx_word' id='word_1_788' title='bbox 2716 4479 3124 4552; x_wconf 68' lang='lat' dir='ltr'><strong>professionibus</strong></span> <span class='ocrx_word' id='word_1_789' title='bbox 3154 4480 3389 4551; x_wconf 84' lang='lat' dir='ltr'><strong>congruit</strong></span> <span class='ocrx_word' id='word_1_790' title='bbox 3420 4482 3646 4551; x_wconf 82' lang='lat' dir='ltr'><strong>furorem</strong></span> <span class='ocrx_word' id='word_1_791' title='bbox 3669 4481 3858 4549; x_wconf 82' lang='lat' dir='ltr'><strong>impen-</strong></span> 
     </span>
    </p>
   </div>
   <div class='ocr_carea' id='block_1_107' title="bbox 2276 4571 3858 4644">
    <p class='ocr_par' dir='ltr' id='par_1_107' title="bbox 2276 4571 3858 4644">
     <span class='ocr_line' id='line_1_107' title="bbox 2276 4571 3858 4644; baseline 0 -21"><span class='ocrx_word' id='word_1_792' title='bbox 2276 4571 2414 4635; x_wconf 87' lang='lat' dir='ltr'><strong>dere,</strong></span> <span class='ocrx_word' id='word_1_793' title='bbox 2443 4581 2491 4625; x_wconf 88' lang='lat' dir='ltr'><strong>et</strong></span> <span class='ocrx_word' id='word_1_794' title='bbox 2514 4574 2716 4625; x_wconf 83' lang='lat' dir='ltr'><strong>sincera</strong></span> <span class='ocrx_word' id='word_1_795' title='bbox 2739 4590 2848 4625; x_wconf 78' lang='lat' dir='ltr'><strong>esse</strong></span> <span class='ocrx_word' id='word_1_796' title='bbox 2869 4589 2982 4644; x_wconf 74' lang='lat' dir='ltr'><strong>qua:</strong></span> <span class='ocrx_word' id='word_1_797' title='bbox 3002 4574 3209 4642; x_wconf 76' lang='lat' dir='ltr'><strong>sapiunt</strong></span> <span class='ocrx_word' id='word_1_798' title='bbox 3232 4573 3517 4625; x_wconf 74' lang='lat' dir='ltr'><strong>declarare.</strong></span> <span class='ocrx_word' id='word_1_799' title='bbox 3548 4574 3710 4640; x_wconf 73' lang='lat' dir='ltr'><strong>Atque</strong></span> <span class='ocrx_word' id='word_1_800' title='bbox 3733 4571 3858 4631; x_wconf 64' lang='lat' dir='ltr'><strong>idso,</strong></span> 
     </span>
    </p>
   </div>
   <div class='ocr_carea' id='block_1_108' title="bbox 2275 4660 3856 4733">
    <p class='ocr_par' dir='ltr' id='par_1_108' title="bbox 2275 4660 3856 4733">
     <span class='ocr_line' id='line_1_108' title="bbox 2275 4660 3856 4733; baseline 0 -18"><span class='ocrx_word' id='word_1_801' title='bbox 2275 4662 2395 4715; x_wconf 82' lang='lat' dir='ltr'><strong>llum</strong></span> <span class='ocrx_word' id='word_1_802' title='bbox 2424 4662 2513 4716; x_wconf 88' lang='lat' dir='ltr'><strong>tibi</strong></span> <span class='ocrx_word' id='word_1_803' title='bbox 2535 4662 2824 4716; x_wconf 83' lang='lat' dir='ltr'><strong>Athanasio</strong></span> <span class='ocrx_word' id='word_1_804' title='bbox 2851 4662 3167 4733; x_wconf 81' lang='lat' dir='ltr'><strong>presbytero,</strong></span> <span class='ocrx_word' id='word_1_805' title='bbox 3197 4663 3498 4715; x_wconf 86' lang='lat' dir='ltr'><strong>monasterii</strong></span> <span class='ocrx_word' id='word_1_806' title='bbox 3521 4663 3688 4715; x_wconf 84' lang='lat' dir='ltr'><strong>sancti</strong></span> <span class='ocrx_word' id='word_1_807' title='bbox 3718 4660 3856 4721; x_wconf 76' lang='lat' dir='ltr'><strong>Mile,</strong></span> 
     </span>
    </p>
   </div>
   <div class='ocr_carea' id='block_1_109' title="bbox 2275 4752 3860 4825">
    <p class='ocr_par' dir='ltr' id='par_1_109' title="bbox 2275 4752 3860 4825">
     <span class='ocr_line' id='line_1_109' title="bbox 2275 4752 3860 4825; baseline -0.001 -20"><span class='ocrx_word' id='word_1_808' title='bbox 2275 4754 2360 4806; x_wconf 86' lang='lat' dir='ltr'><strong>cui</strong></span> <span class='ocrx_word' id='word_1_809' title='bbox 2400 4762 2474 4807; x_wconf 89' lang='lat' dir='ltr'><strong>est</strong></span> <span class='ocrx_word' id='word_1_810' title='bbox 2513 4752 2813 4807; x_wconf 83' lang='lat' dir='ltr'><strong>rocabulum</strong></span> <span class='ocrx_word' id='word_1_811' title='bbox 2859 4752 3148 4818; x_wconf 80' lang='lat' dir='ltr'><strong>Tannmco,</strong></span> <span class='ocrx_word' id='word_1_812' title='bbox 3196 4752 3333 4825; x_wconf 81' lang='lat' dir='ltr'><strong>quod</strong></span> <span class='ocrx_word' id='word_1_813' title='bbox 3374 4753 3427 4806; x_wconf 83' lang='lat' dir='ltr'><strong>in</strong></span> <span class='ocrx_word' id='word_1_814' title='bbox 3485 4752 3751 4823; x_wconf 81' lang='lat' dir='ltr'><strong>Lycaonia</strong></span> <span class='ocrx_word' id='word_1_815' title='bbox 3793 4761 3860 4805; x_wconf 66' lang='lat' dir='ltr'><strong>est</strong></span> 
     </span>
    </p>
   </div>
   <div class='ocr_carea' id='block_1_110' title="bbox 2276 4846 3861 4917">
    <p class='ocr_par' dir='ltr' id='par_1_110' title="bbox 2276 4846 3861 4917">
     <span class='ocr_line' id='line_1_110' title="bbox 2276 4846 3861 4917; baseline -0.001 -20"><span class='ocrx_word' id='word_1_816' title='bbox 2276 4847 2539 4914; x_wconf 71' lang='lat' dir='ltr'><strong>provincia</strong></span> <span class='ocrx_word' id='word_1_817' title='bbox 2567 4846 2929 4909; x_wconf 83' lang='lat' dir='ltr'><strong>constitutum,</strong></span> <span class='ocrx_word' id='word_1_818' title='bbox 2981 4846 3243 4898; x_wconf 87' lang='lat' dir='ltr'><strong>contraria</strong></span> <span class='ocrx_word' id='word_1_819' title='bbox 3287 4846 3505 4915; x_wconf 78' lang='lat' dir='ltr'><strong>integra:</strong></span> <span class='ocrx_word' id='word_1_820' title='bbox 3534 4846 3658 4914; x_wconf 73' lang='lat' dir='ltr'><strong>fidei</strong></span> <span class='ocrx_word' id='word_1_821' title='bbox 3690 4847 3861 4917; x_wconf 62' lang='lat' dir='ltr'><strong>fuisset</strong></span> 
     </span>
    </p>
   </div>
   <div class='ocr_carea' id='block_1_111' title="bbox 2276 4935 3860 5006">
    <p class='ocr_par' dir='ltr' id='par_1_111' title="bbox 2276 4935 3860 5006">
     <span class='ocr_line' id='line_1_111' title="bbox 2276 4935 3860 5006; baseline -0.001 -17"><span class='ocrx_word' id='word_1_822' title='bbox 2276 4945 2389 4989; x_wconf 86' lang='lat' dir='ltr'><strong>orta</strong></span> <span class='ocrx_word' id='word_1_823' title='bbox 2420 4935 2678 5004; x_wconf 85' lang='lat' dir='ltr'><strong>suspicio;</strong></span> <span class='ocrx_word' id='word_1_824' title='bbox 2727 4944 2782 4986; x_wconf 88' lang='lat' dir='ltr'><strong>ut</strong></span> <span class='ocrx_word' id='word_1_825' title='bbox 2827 4936 3163 5005; x_wconf 65' lang='lat' dir='ltr'><strong>professionis</strong></span> <span class='ocrx_word' id='word_1_826' title='bbox 3193 4943 3295 4987; x_wconf 75' lang='lat' dir='ltr'><strong>tute</strong></span> <span class='ocrx_word' id='word_1_827' title='bbox 3322 4937 3571 5004; x_wconf 81' lang='lat' dir='ltr'><strong>potuisset</strong></span> <span class='ocrx_word' id='word_1_828' title='bbox 3600 4936 3860 5006; x_wconf 63' lang='lat' dir='ltr'><strong>integritas</strong></span> 
     </span>
    </p>
   </div>
   <div class='ocr_carea' id='block_1_112' title="bbox 2282 5025 3862 5096">
    <p class='ocr_par' dir='ltr' id='par_1_112' title="bbox 2282 5025 3862 5096">
     <span class='ocr_line' id='line_1_112' title="bbox 2282 5025 3862 5096; baseline -0.001 -20"><span class='ocrx_word' id='word_1_829' title='bbox 2282 5041 2553 5094; x_wconf 85' lang='lat' dir='ltr'><strong>apparere,</strong></span> <span class='ocrx_word' id='word_1_830' title='bbox 2577 5025 2644 5077; x_wconf 80' lang='lat' dir='ltr'><strong>od</strong></span> <span class='ocrx_word' id='word_1_831' title='bbox 2665 5027 3002 5096; x_wconf 79' lang='lat' dir='ltr'><strong>apostolicam</strong></span> <span class='ocrx_word' id='word_1_832' title='bbox 3025 5027 3193 5078; x_wconf 85' lang='lat' dir='ltr'><strong>sedem</strong></span> <span class='ocrx_word' id='word_1_833' title='bbox 3214 5027 3295 5077; x_wconf 88' lang='lat' dir='ltr'><strong>cui</strong></span> <span class='ocrx_word' id='word_1_834' title='bbox 3314 5026 3653 5095; x_wconf 72' lang='lat' dir='ltr'><strong>pra’sidenms</strong></span> <span class='ocrx_word' id='word_1_835' title='bbox 3673 5025 3862 5096; x_wconf 80' lang='lat' dir='ltr'><strong>elegisti</strong></span> 
     </span>
    </p>
   </div>
   <div class='ocr_carea' id='block_1_113' title="bbox 2280 5114 3865 5183">
    <p class='ocr_par' dir='ltr' id='par_1_113' title="bbox 2280 5114 3865 5183">
     <span class='ocr_line' id='line_1_113' title="bbox 2280 5114 3865 5183; baseline 0.001 -18"><span class='ocrx_word' id='word_1_836' title='bbox 2280 5130 2572 5180; x_wconf 84' lang='lat' dir='ltr'><strong>recurrere,</strong></span> <span class='ocrx_word' id='word_1_837' title='bbox 2624 5131 2861 5168; x_wconf 81' lang='lat' dir='ltr'><strong>asserens</strong></span> <span class='ocrx_word' id='word_1_838' title='bbox 2902 5116 3059 5168; x_wconf 77' lang='lat' dir='ltr'><strong>etiam</strong></span> <span class='ocrx_word' id='word_1_839' title='bbox 3099 5124 3145 5167; x_wconf 86' lang='lat' dir='ltr'><strong>te</strong></span> <span class='ocrx_word' id='word_1_840' title='bbox 3183 5116 3524 5183; x_wconf 84' lang='lat' dir='ltr'><strong>corporaliter</strong></span> <span class='ocrx_word' id='word_1_841' title='bbox 3556 5114 3865 5168; x_wconf 70' lang='lat' dir='ltr'><strong>verberatum</strong></span> 
     </span>
    </p>
   </div>
   <div class='ocr_carea' id='block_1_114' title="bbox 2279 5203 3864 5277">
    <p class='ocr_par' dir='ltr' id='par_1_114' title="bbox 2279 5203 3864 5277">
     <span class='ocr_line' id='line_1_114' title="bbox 2279 5203 3864 5277; baseline -0.001 -21"><span class='ocrx_word' id='word_1_842' title='bbox 2279 5206 2453 5275; x_wconf 88' lang='lat' dir='ltr'><strong>aliqua</strong></span> <span class='ocrx_word' id='word_1_843' title='bbox 2474 5206 2668 5276; x_wconf 86' lang='lat' dir='ltr'><strong>injuste</strong></span> <span class='ocrx_word' id='word_1_844' title='bbox 2690 5222 2750 5257; x_wconf 90' lang='lat' dir='ltr'><strong>ac</strong></span> <span class='ocrx_word' id='word_1_845' title='bbox 2771 5205 3015 5259; x_wconf 74' lang='lat' dir='ltr'><strong>violenter</strong></span> <span class='ocrx_word' id='word_1_846' title='bbox 3036 5206 3234 5276; x_wconf 84' lang='lat' dir='ltr'><strong>fecisse.</strong></span> <span class='ocrx_word' id='word_1_847' title='bbox 3263 5203 3332 5257; x_wconf 81' lang='lat' dir='ltr'><strong>Et</strong></span> <span class='ocrx_word' id='word_1_848' title='bbox 3358 5221 3653 5277; x_wconf 81' lang='lat' dir='ltr'><strong>quanquam</strong></span> <span class='ocrx_word' id='word_1_849' title='bbox 3675 5222 3738 5257; x_wconf 87' lang='lat' dir='ltr'><strong>ca</strong></span> <span class='ocrx_word' id='word_1_850' title='bbox 3760 5218 3864 5274; x_wconf 75' lang='lat' dir='ltr'><strong>qua:</strong></span> 
     </span>
    </p>
   </div>
   <div class='ocr_carea' id='block_1_115' title="bbox 2278 5294 3863 5367">
    <p class='ocr_par' dir='ltr' id='par_1_115' title="bbox 2278 5294 3863 5367">
     <span class='ocr_line' id='line_1_115' title="bbox 2278 5294 3863 5367; baseline -0.003 -18"><span class='ocrx_word' id='word_1_851' title='bbox 2278 5296 2324 5349; x_wconf 85' lang='lat' dir='ltr'><strong>ri</strong></span> <span class='ocrx_word' id='word_1_852' title='bbox 2350 5297 2675 5365; x_wconf 86' lang='lat' dir='ltr'><strong>impulsiouis</strong></span> <span class='ocrx_word' id='word_1_853' title='bbox 2700 5297 2833 5367; x_wconf 79' lang='lat' dir='ltr'><strong>ﬁunt</strong></span> <span class='ocrx_word' id='word_1_854' title='bbox 2861 5311 3116 5349; x_wconf 89' lang='lat' dir='ltr'><strong>canonum</strong></span> <span class='ocrx_word' id='word_1_855' title='bbox 3148 5296 3357 5349; x_wconf 85' lang='lat' dir='ltr'><strong>minimc</strong></span> <span class='ocrx_word' id='word_1_856' title='bbox 3386 5312 3605 5349; x_wconf 84' lang='lat' dir='ltr'><strong>censura</strong></span> <span class='ocrx_word' id='word_1_857' title='bbox 3632 5294 3863 5366; x_wconf 75' lang='lat' dir='ltr'><strong>recipiat,</strong></span> 
     </span>
    </p>
   </div>
   <div class='ocr_carea' id='block_1_116' title="bbox 2273 5387 3863 5459">
    <p class='ocr_par' dir='ltr' id='par_1_116' title="bbox 2273 5387 3863 5459">
     <span class='ocr_line' id='line_1_116' title="bbox 2273 5387 3863 5459; baseline -0.006 -15"><span class='ocrx_word' id='word_1_858' title='bbox 2273 5399 2327 5444; x_wconf 85' lang='lat' dir='ltr'><strong>et</strong></span> <span class='ocrx_word' id='word_1_859' title='bbox 2347 5390 2468 5459; x_wconf 85' lang='lat' dir='ltr'><strong>jure</strong></span> <span class='ocrx_word' id='word_1_860' title='bbox 2497 5388 2785 5442; x_wconf 87' lang='lat' dir='ltr'><strong>habeantur</strong></span> <span class='ocrx_word' id='word_1_861' title='bbox 2808 5389 3035 5458; x_wconf 80' lang='lat' dir='ltr'><strong>inﬁrma,</strong></span> <span class='ocrx_word' id='word_1_862' title='bbox 3066 5390 3186 5459; x_wconf 86' lang='lat' dir='ltr'><strong>quia</strong></span> <span class='ocrx_word' id='word_1_863' title='bbox 3212 5389 3321 5458; x_wconf 85' lang='lat' dir='ltr'><strong>ipse</strong></span> <span class='ocrx_word' id='word_1_864' title='bbox 3340 5404 3401 5440; x_wconf 80' lang='lat' dir='ltr'><strong>ea</strong></span> <span class='ocrx_word' id='word_1_865' title='bbox 3427 5387 3661 5440; x_wconf 76' lang='lat' dir='ltr'><strong>dissoluit</strong></span> <span class='ocrx_word' id='word_1_866' title='bbox 3680 5387 3767 5458; x_wconf 88' lang='lat' dir='ltr'><strong>qui</strong></span> <span class='ocrx_word' id='word_1_867' title='bbox 3792 5387 3863 5436; x_wconf 84' lang='lat' dir='ltr'><strong>in-</strong></span> 
     </span>
    </p>
   </div>
   <div class='ocr_carea' id='block_1_117' title="bbox 2265 5476 3834 5553">
    <p class='ocr_par' dir='ltr' id='par_1_117' title="bbox 2265 5476 3834 5553">
     <span class='ocr_line' id='line_1_117' title="bbox 2265 5476 3834 5553; baseline -0.004 -19"><span class='ocrx_word' id='word_1_868' title='bbox 2265 5481 2464 5552; x_wconf 82' lang='lat' dir='ltr'><strong>justam</strong></span> <span class='ocrx_word' id='word_1_869' title='bbox 2496 5482 2650 5553; x_wconf 87' lang='lat' dir='ltr'><strong>fateri</strong></span> <span class='ocrx_word' id='word_1_870' title='bbox 2674 5479 2888 5551; x_wconf 77' lang='lat' dir='ltr'><strong>fierique</strong></span> <span class='ocrx_word' id='word_1_871' title='bbox 2915 5479 3202 5549; x_wconf 78' lang='lat' dir='ltr'><strong>compellit;</strong></span> <span class='ocrx_word' id='word_1_872' title='bbox 3247 5478 3338 5531; x_wconf 82' lang='lat' dir='ltr'><strong>sed</strong></span> <span class='ocrx_word' id='word_1_873' title='bbox 3374 5480 3538 5548; x_wconf 79' lang='lat' dir='ltr'><strong>magis</strong></span> <span class='ocrx_word' id='word_1_874' title='bbox 3569 5478 3663 5531; x_wconf 89' lang='lat' dir='ltr'><strong>illa</strong></span> <span class='ocrx_word' id='word_1_875' title='bbox 3701 5476 3834 5531; x_wconf 84' lang='lat' dir='ltr'><strong>susci</strong></span> 
     </span>
    </p>
   </div>
   <div class='ocr_carea' id='block_1_118' title="bbox 2277 5570 3861 5643">
    <p class='ocr_par' dir='ltr' id='par_1_118' title="bbox 2277 5570 3861 5643">
     <span class='ocr_line' id='line_1_118' title="bbox 2277 5570 3861 5643; baseline -0.006 -18"><span class='ocrx_word' id='word_1_876' title='bbox 2277 5571 2469 5643; x_wconf 82' lang='lat' dir='ltr'><strong>piendo</strong></span> <span class='ocrx_word' id='word_1_877' title='bbox 2496 5580 2573 5625; x_wconf 84' lang='lat' dir='ltr'><strong>est</strong></span> <span class='ocrx_word' id='word_1_878' title='bbox 2598 5580 2646 5624; x_wconf 89' lang='lat' dir='ltr'><strong>et</strong></span> <span class='ocrx_word' id='word_1_879' title='bbox 2671 5570 3024 5641; x_wconf 80' lang='lat' dir='ltr'><strong>amplectenda</strong></span> <span class='ocrx_word' id='word_1_880' title='bbox 3052 5570 3328 5640; x_wconf 80' lang='lat' dir='ltr'><strong>confessio,</strong></span> <span class='ocrx_word' id='word_1_881' title='bbox 3361 5584 3477 5640; x_wconf 80' lang='lat' dir='ltr'><strong>qua:</strong></span> <span class='ocrx_word' id='word_1_882' title='bbox 3497 5584 3565 5621; x_wconf 79' lang='lat' dir='ltr'><strong>ea:</strong></span> <span class='ocrx_word' id='word_1_883' title='bbox 3586 5578 3861 5636; x_wconf 78' lang='lat' dir='ltr'><strong>spontaneo</strong></span> 
     </span>
    </p>
   </div>
   <div class='ocr_carea' id='block_1_119' title="bbox 2284 5659 3863 5731">
    <p class='ocr_par' dir='ltr' id='par_1_119' title="bbox 2284 5659 3863 5731">
     <span class='ocr_line' id='line_1_119' title="bbox 2284 5659 3863 5731; baseline -0.008 -12"><span class='ocrx_word' id='word_1_884' title='bbox 2284 5666 2546 5719; x_wconf 72' lang='lat' dir='ltr'><strong>voluntate</strong></span> <span class='ocrx_word' id='word_1_885' title='bbox 2574 5671 2891 5719; x_wconf 85' lang='lat' dir='ltr'><strong>monstratur</strong></span> <span class='ocrx_word' id='word_1_886' title='bbox 2917 5661 3215 5731; x_wconf 78' lang='lat' dir='ltr'><strong>procedere,</strong></span> <span class='ocrx_word' id='word_1_887' title='bbox 3247 5659 3378 5715; x_wconf 78' lang='lat' dir='ltr'><strong>sicut</strong></span> <span class='ocrx_word' id='word_1_888' title='bbox 3407 5660 3550 5729; x_wconf 82' lang='lat' dir='ltr'><strong>apud</strong></span> <span class='ocrx_word' id='word_1_889' title='bbox 3570 5676 3665 5713; x_wconf 87' lang='lat' dir='ltr'><strong>nos</strong></span> <span class='ocrx_word' id='word_1_890' title='bbox 3691 5660 3863 5727; x_wconf 81' lang='lat' dir='ltr'><strong>fecisse</strong></span> 
     </span>
    </p>
   </div>
   <div class='ocr_carea' id='block_1_120' title="bbox 2288 5750 3862 5829">
    <p class='ocr_par' dir='ltr' id='par_1_120' title="bbox 2288 5750 3862 5829">
     <span class='ocr_line' id='line_1_120' title="bbox 2288 5750 3862 5829; baseline -0.008 -19"><span class='ocrx_word' id='word_1_891' title='bbox 2288 5756 2626 5829; x_wconf 80' lang='lat' dir='ltr'><strong>dignosceris.</strong></span> <span class='ocrx_word' id='word_1_892' title='bbox 2654 5754 2736 5808; x_wconf 80' lang='lat' dir='ltr'><strong>Nc</strong></span> <span class='ocrx_word' id='word_1_893' title='bbox 2761 5754 2885 5826; x_wconf 82' lang='lat' dir='ltr'><strong>quid</strong></span> <span class='ocrx_word' id='word_1_894' title='bbox 2912 5762 3085 5808; x_wconf 84' lang='lat' dir='ltr'><strong>tamen</strong></span> <span class='ocrx_word' id='word_1_895' title='bbox 3116 5751 3263 5807; x_wconf 82' lang='lat' dir='ltr'><strong>nobis</strong></span> <span class='ocrx_word' id='word_1_896' title='bbox 3284 5750 3581 5823; x_wconf 85' lang='lat' dir='ltr'><strong>ambiguum</strong></span> <span class='ocrx_word' id='word_1_897' title='bbox 3611 5751 3862 5821; x_wconf 60' lang='lat' dir='ltr'><strong>potuisset</strong></span> 
     </span>
    </p>
   </div>
  </div>
