3992 6324
177 366 265 420 323

633 364 691 419 S.
736 361 1061 417 GllEGOllll
1104 362 1319 418 MAGNI
1363 364 1544 432 \‘lTA,
1585 364 1675 424 EX
1718 370 1884 430 ΕΗΒ
1923 374 2229 432 εριιιῐτιίε
2270 378 2664 440 ADORNATA.
2707 384 2832 440 LIB.
2877 385 2939 440 ll.

3330 392 3434 448 5'26

171 483 367 536 existere
387 517 402 541 ,
436 478 764 530 sanctissimo
793 475 988 529 Joanni
1012 476 1271 544 quondam
1298 479 1455 548 fratri
1493 488 1542 531 et
1571 483 1743 552 coepi-
1778 488 1817 543 Α
1852 488 1933 540 nis
1970 498 2047 541 est
2078 490 2349 559 integritas
2380 495 2757 562 amplectenda.
2794 496 2933 551 Nam
2961 500 3005 551 si
3033 500 3173 553 credi
3214 501 3438 568 ﬁdeliter

170 585 303 640 scopo
323 578 519 629 nostra,
549 565 1148 633 Constantiuopolitance
1169 568 1392 620 ciritatis
1415 568 1656 634 antistiti,
1681 570 1745 622 de

170 680 210 717 te
232 659 549 731 prteridimus
579 656 903 712 scribendum
929 656 1151 727 (lndict.
1184 658 1273 723 il,
1304 675 1385 727 ep.
1413 657 1527 729 52),
1559 670 1613 712 ut
1636 662 1743 715 suis

169 770 248 807 nos
275 751 390 820 quid
419 759 591 802 actum
628 759 761 801 esset
789 748 1023 817 epistolis
1052 750 1380 819 informaret.
1416 748 1517 812 Qui
1548 767 1684 821 sa'pe
1711 769 1744 825 ᾳ

167 844 296 899 nobis
319 840 636 904 admonitus,
668 841 957 893 rescribens
992 838 1211 909 (Indict.
1245 839 1332 904 15,
1365 857 1447 908 ep.
1475 841 1562 911 18)
1592 844 1745 896 inno-

155 938 278 997 tui],
307 933 533 985 codicem
575 930 716 999 apud
746 942 792 983 te
823 932 985 1001 fuisse
1016 932 1276 984 intentum
1304 933 1359 984 in
1388 947 1487 1000 quo
1516 931 1743 1001 plurima

153 1022 542 1079 continebantur
564 1022 845 1087 Iiwretica;
876 1032 925 1076 et
951 1020 1014 1075 ob
1036 1023 1133 1075 hoc
1157 1039 1213 1076 se
1231 1023 1474 1075 adversus
1502 1022 1741 1076 dilectio-

164 1133 258 1172 nem
279 1122 421 1167 tuam
443 1116 605 1185 fuisse
633 1124 961 1170 commotum.
993 1112 1155 1177 Quem
1179 1115 1303 1185 quia
1333 1114 1402 1167 ad
1430 1131 1523 1168 nos
1543 1115 1742 1168 studuit

161 1225 242 1281 pro
269 1208 626 1277 satisfactione
654 1207 1026 1276 transmittere,
1060 1208 1261 1276 priores
1290 1205 1400 1276 ejus
1429 1216 1601 1276 partes
1630 1207 1740 1261 sol-

160 1299 283 1353 licita
302 1296 525 1350 lectione
548 1298 917 1366 percurrimus.
944 1294 1013 1349 Et
1038 1297 1285 1366 quoniam
1306 1296 1581 1367 manifesta
1604 1297 1655 1350 in
1679 1312 1737 1350 eo

159 1388 397 1444 hrrreticce
424 1390 698 1456 pravitatis
732 1405 926 1442 venena
970 1390 1281 1457 reperimus,
1330 1405 1393 1441 ne
1432 1389 1599 1443 denuo
1644 1390 1737 1442 de-

160 1479 330 1534 buisset
372 1478 496 1549 legi,
548 1483 818 1532 vetuimus.
862 1476 969 1532 Sed
1012 1478 1134 1548 quia
1172 1478 1306 1530 hunc
1353 1485 1401 1530 te
1438 1478 1739 1548 simpliciter

158 1578 360 1625 testatus
391 1587 443 1624 cs
474 1570 689 1641 legisse,
720 1579 768 1623 et
797 1570 867 1623 ad
890 1569 1264 1639 amputandarn
1292 1570 1547 1640 ambigua:
1567 1572 1738 1641 suspi-

158 1661 303 1717 cionis
329 1662 610 1714 materiam
633 1660 856 1713 libellum
874 1659 1021 1712 nobis
1044 1675 1201 1711 manu
1222 1668 1310 1711 tua
1326 1660 1606 1728 porrexisti
1619 1677 1740 1730 per-

155 1756 408 1825 scriptum,
441 1754 495 1807 in
527 1770 623 1825 quo
646 1753 802 1823 [idem
832 1762 969 1804 luant
1000 1767 1283 1820 exponens,
1316 1767 1493 1804 omnes
1522 1768 1739 1822 genera—

1848 564 2115 647 confitenti
2138 580 2436 651 despicitur,
2469 596 2765 639 cunctorum
2791 589 2843 641 in
2872 588 3081 642 dubiant
3110 564 3241 657 ﬁdes
3264 590 3435 642 addu-

1848 667 2014 733 citur,
2063 680 2214 738 atque
2245 688 2441 725 errores
2472 675 2727 746 mortiferi
2771 693 2835 729 ea:
2874 680 3080 730 incauta
3114 678 3436 732 disrrictione

1848 770 2177 827 generantur.
2212 760 2280 814 Et
2306 764 2427 816 hinc
2452 782 2555 818 non
2578 767 2743 821 solum
2766 778 2995 822 errantes
3016 786 3131 822 oves
3161 770 3230 822 ad
3257 773 3435 823 caulas

1830 848 2055 900 'ntinime
2086 848 2387 905 Domintcas
2416 866 2749 921 revocantur,
2798 858 2886 910 sed
2918 859 3076 910 etiam
3115 859 3436 928 intropositce

1846 936 2029 1007 ferinis
2067 938 2302 994 dentibus
2333 942 2601 998 lanianda:
2640 947 2913 1000 crudeliter
2940 959 3283 1017 exponuntur.
3323 949 3435 1002 lloc

1842 1043 1985 1098 ergo,
2020 1030 2185 1099 frater
2208 1031 2533 1098 charissime,
2565 1036 2819 1089 subtiliter
2844 1040 3237 1109 perpendamus,
3269 1050 3316 1092 et
3345 1040 3434 1093 sub

1842 1125 2095 1185 pra’textu
2112 1118 2324 1173 Iucresis
2339 1121 2499 1192 affligi
2526 1126 2816 1193 quempiam
2843 1128 3091 1180 veraciter
3110 1130 3433 1198 proﬁtentem

1842 1207 1998 1277 ﬁdem
2016 1210 2327 1264 catholicam
2344 1228 2446 1265 non
2473 1214 2724 1281 sinamus,
2751 1233 2833 1280 ne,
2859 1218 2995 1287 quod
3018 1217 3174 1284 absit,
3199 1221 3290 1272 hw.
3308 1238 3360 1274 es
3384 1238 3435 1274 in

1839 1299 1956 1368 ﬁeri
1981 1297 2073 1351 sub
2100 1298 2477 1357 emendationis
2500 1305 2665 1374 magis
2694 1304 2862 1373 specie
2883 1305 3264 1373 permittamus.

1914 1388 1963 1442 5.
2023 1388 2176 1455 Quod
2224 1399 2403 1444 autem
2455 1391 2559 1446 illis
2607 1393 3064 1449 obtrectatoribus
3109 1397 3430 1465 contingere

1841 1479 2004 1547 solet,
2040 1488 2096 1533 ut
2120 1480 2372 1534 lueresim
2402 1480 2742 1549 thjieietdes,
2777 1483 2827 1537 in
2856 1484 3163 1553 Oppositum
3195 1482 3435 1540 ferantur

1841 1583 2107 1635 Ct‘t‘ct‘t‘llt,
2130 1568 2232 1623 hoc
2258 1568 2448 1623 Joanni
2481 1569 2587 1625 GP.
2619 1574 2771 1626 eveni
2802 1589 2860 1627 se
2893 1583 3121 1627 testatur
3146 1573 3201 1627 S.
3229 1573 3434 1645 Grego-

1839 1658 1950 1713 rius
1978 1659 2061 1713 his
2090 1659 2266 1714 verbis
2291 1676 2304 1712 :
2336 1662 2469 1714 Ante
2495 1663 2801 1727 triennium,
2832 1676 3044 1735 cogente
3065 1681 3222 1717 causa
3248 1683 3429 1720 mona-

1840 1749 2052 1803 chorum
2083 1749 2342 1819 lsaurice,
2389 1753 2475 1822 qui
2502 1752 2740 1809 hccretici
2778 1754 3188 1820 accusabantur,
3216 1760 3433 1829 satisfa-

154 1849 255 1902 [ειεν
281 1850 527 1909 Iiwreses,
560 1846 635 1897 rel
656 1843 903 1915 quidquid
932 1843 1177 1897 adversus
1206 1843 1478 1898 catholica'
1506 1845 1631 1914 ﬁdei
1661 1846 1738 1900 rel
1771 1857 1816 1916 Β
1842 1843 1981 1895 ciens
2007 1842 2132 1895 mihi
2153 1844 2412 1909 quondam
2438 1846 2602 1915 frater
2620 1857 2670 1900 et
2692 1849 3031 1903 consacerdos
3054 1867 3192 1907 meus
3214 1853 3431 1907 domnus

152 1937 474 2008 professionis
495 1935 841 2005 integritatem
864 1942 959 1999 est,
985 1934 1309 2003 apertissime
1330 1935 1690 1989 condemnasti
1717 1954 1731 2003 ;

152 2040 193 2084 et
214 2036 396 2082 cuncta
422 2043 538 2100 qua:
567 2034 765 2081 sancti:
792 2037 1013 2098 quatuor
1040 2027 1357 2081 universales
1386 2028 1573 2098 synodi
1606 2030 1734 2082 rcci-

154 2122 303 2191 piunt,
335 2129 386 2171 te
414 2134 616 2189 semper
640 2119 892 2188 recepisse
916 2135 977 2171 ac
1005 2119 1251 2189 recipere,
1281 2129 1329 2172 et
1352 2136 1467 2191 qua:
1492 2120 1735 2174 condem-

154 2220 265 2265 nant
291 2209 697 2273 condemnasse,
730 2208 1172 2280 condemnareque
1201 2213 1463 2281 professus
1495 2227 1582 2276 es;
1619 2228 1734 2265 eam

153 2318 328 2373 quoque
347 2302 609 2371 synodum
629 2317 743 2371 qua:
762 2300 1050 2354 Iustiniani
1072 2303 1195 2371 imp.
1210 2303 1399 2356 ratoris
1422 2302 1733 2373 temporibus

140 2392 207 2448 de
231 2394 391 2447 tribus
424 2394 666 2461 capitulis
708 2396 850 2461 facta
880 2401 987 2453 est,
1030 2402 1079 2446 et
1108 2386 1370 2462 suscipere
1394 2403 1442 2449 et
1470 2395 1735 2449 custodire

152 2487 455 2556 promisisti,
486 2494 535 2538 et
563 2484 851 2555 prohibitus
878 2502 908 2537 a
938 2483 1085 2537 nobis
1114 2487 1340 2539 codicem
1371 2487 1539 2553 ipsum
1566 2488 1734 2558 legere

152 2580 196 2631 in
215 2594 306 2644 quo
324 2576 596 2647 pestifera:
616 2575 818 2646 fraudis
849 2578 985 2629 rirus
1010 2575 1253 2629 innexum
1277 2585 1373 2642 est,
1400 2576 1735 2632 libentissime

150 2667 483 2731 consensisti;
538 2666 821 2734 rcprobans
871 2667 1027 2719 etiam
1080 2677 1230 2736 atque
1276 2668 1625 2721 condemnans
1672 2686 1735 2722 ea

151 2759 304 2810 omnia
345 2774 470 2827 qua:
510 2765 692 2811 contra
733 2755 1001 2811 catholica:
1040 2756 1167 2827 fidei
1206 2758 1553 2827 integritatem
1581 2760 1636 2811 in
1674 2777 1733 2812 eo

149 2848 219 2898 dic
239 2864 268 2899 a
291 2847 363 2899 ecl
389 2846 616 2900 latenter
645 2848 838 2900 inserta
857 2854 999 2913 sunt,
1033 2862 1125 2899 nec
1145 2863 1261 2899 eum
1290 2854 1340 2899 te
1371 2847 1538 2918 legere
1567 2848 1733 2903 denuo

144 2939 440 3006 promisisti.
502 2937 621 2991 Hac
666 2939 871 2993 ratione
908 2940 1161 3009 permoti,
1194 2950 1463 3012 postquam
1490 2942 1646 2995 etiam
1672 2960 1736 2996 ea:

150 3031 332 3099 probati
356 3048 390 3083 a
423 3040 470 3084 te
493 3029 654 3085 libelli
677 3032 892 3101 pagina,
918 3030 1049 3100 ﬁdes
1073 3040 1161 3083 tua
1183 3030 1329 3085 nobis
1348 3033 1602 3087 catholica
1624 3032 1733 3087 Deo

149 3121 455 3175 custodiente
482 3122 792 3191 perclaruit,
836 3120 900 3174 ab
947 3123 1088 3175 omni
1124 3130 1172 3175 te
1203 3122 1458 3178 luere:ij
1482 3125 1734 3192 perversi-

1836 1933 2068 1987 Joannes
2100 1934 2301 1987 litteras
2331 1937 2505 1999 misit,
2541 1937 2720 2002 quibus
2750 1938 3007 1994 nihbatur
3036 1944 3301 1997 ostendere
3341 1962 3427 1999 eos

1838 2023 2115 2095 Ephesina:
2136 2028 2321 2097 synodi
2346 2028 2731 2098 deﬁnitionibus
2763 2033 3171 2100 contradaisse,
3216 2045 3265 2089 et
3293 2037 3428 2090 velut

1835 2131 1901 2167 ex
1942 2115 2120 2169 eadem
2157 2118 2356 2187 synodo
2387 2128 2527 2171 certa
2564 2120 2709 2174 nobis
2737 2122 2918 2192 quibus
2950 2124 3047 2194 ipsi
3074 2123 3380 2180 obsisterent
3408 2166 3426 2192 ,

1835 2207 2062 2277 capitula
2086 2208 2378 2262 destinarit.
2415 2208 2563 2263 Inter
2583 2211 2689 2264 alia
2713 2220 2882 2265 auem
2906 2216 3151 2283 scripturn
3175 2218 3282 2269 illic
3302 2232 3426 2269 con-

1836 2295 2115 2363 tinebatur,
2148 2296 2210 2350 de
2238 2297 2365 2351 Λεία)
2394 2299 2592 2366 anima,
2623 2300 2743 2370 quia
2774 2301 2825 2353 in
2856 2312 3064 2369 peccato
3093 2314 3294 2356 mortua
3324 2322 3428 2358 non

1837 2386 2010 2455 fuerit,
2034 2402 2092 2439 eo
2114 2386 2250 2457 quod
2272 2385 2510 2440 diabolus
2533 2388 2585 2440 in
2607 2404 2696 2442 cor
2711 2388 2933 2442 hominis
2949 2407 3053 2444 non
3076 2393 3425 2461 ingrediatur;

1835 2487 1881 2530 et
1910 2478 1953 2531 si
1982 2478 2095 2549 quis
2125 2479 2219 2531 hoc
2247 2478 2483 2544 dixisset,
2515 2480 2794 2533 anathema
2823 2491 2971 2535 esset.
3008 2480 3134 2546 Quae
3158 2502 3269 2539 cum
3299 2486 3427 2538 mihi

1836 2567 2022 2620 relecta
2071 2569 2105 2639 fl
2130 2569 2315 2631 issent,
2374 2568 2522 2622 raLle
2577 2572 2909 2625 contristatus
2956 2588 3067 2626 sum
3124 2571 3271 2641 (Lib.
3322 2590 3425 2636 κη,

1837 2676 1918 2729 cp.
1958 2658 2071 2729 5-1).
2121 2658 2275 2715 llunc
2310 2659 2531 2715 Joanni:
2581 2676 2819 2717 errorem
2861 2663 3078 2719 haeresis
3126 2661 3428 2734 Pelagiana:

1840 2752 2111 2805 surculum
2150 2751 2673 2821 Pelagianorumque
2710 2754 2765 2806 i.l
2797 2754 3304 2824 pscudo-presina
3341 2772 3427 2826 sy-

1840 2858 1851 2893 t
1877 2841 1981 2896 odo
2008 2843 2175 2896 l'etum
2204 2842 2401 2897 refellit
2429 2844 2770 2898 «latissimus
2794 2844 2955 2915 Papa,
2991 2858 3099 2899 tum
3125 2848 3176 2900 in
3205 2848 3423 2900 laniati

1840 2947 1888 3001 e;
1910 2932 2089 2997 istola,
2122 2940 2232 2986 tmn
2262 2932 2351 2987 lib.
2388 2949 2441 2987 Ix
2471 2949 2556 3002 ip.
2594 2933 2678 2998 49,
2712 2935 2802 2987 ubi
2825 2935 3059 3004 capitula
3087 2937 3186 2990 sub
3214 2936 3431 2991 nomine.

1839 3023 2028 3093 synodi
2055 3022 2336 3092 Ephesium
2359 3024 2425 3077 ad
2454 3039 2510 3077 sc
2534 3040 2601 3078 ex
2632 3025 2777 3092 regia
2807 3027 2938 3079 urbe
2969 3028 3307 3095 transaissa,
3340 3044 3427 3083 as.

1838 3115 1967 3167 serit
1998 3130 2117 3169 esse
2147 3115 2373 3183 ipsamet
2405 3114 2605 3183 Pelagii
2634 3124 2689 3170 ct
2710 3116 2946 3172 Cm'estii
2970 3133 3131 3186 prava
3152 3118 3423 3186 dogmata.

149 3213 253 3264 tatis
278 3212 489 3264 macula
511 3212 670 3281 juxta
698 3213 1069 3283 professionem
1098 3220 1242 3265 liram
1266 3212 1480 3266 liberum
1510 3230 1618 3267 csse
1644 3214 1735 3267 de-
1763 3241 1808 3302 Ο
1846 3205 1918 3259 De
1953 3207 2231 3261 monachis
2257 3205 2474 3261 lsaurize
2510 3207 2834 3262 consulenda
2877 3210 3099 3263 historia
3131 3212 3427 3265 monastiea

151 3304 389 3355 cernimus
424 3313 577 3373 atque
599 3302 932 3371 catholicum,
962 3312 1012 3355 et
1030 3304 1248 3356 sincerce
1276 3302 1401 3372 fidei
1420 3304 1473 3357 in
1498 3303 1734 3358 omnibus

151 3397 481 3465 professorem
524 3403 675 3464 atque
704 3410 991 3465 sequacem,
1038 3392 1229 3447 Christi
1271 3395 1398 3447 Jesu
1445 3394 1735 3450 Saluatoris

150 3486 304 3553 gratia
331 3484 590 3537 claruisse
614 3485 1010 3553 pronuntiamus
1030 3500 1049 3549 ;
1081 3482 1297 3537 liberam
1326 3501 1524 3556 quoque
1551 3484 1738 3538 tribui-

154 3589 251 3626 mus
278 3574 546 3627 licentiam
576 3575 645 3625 ad
677 3583 815 3627 tuum
846 3576 1212 3629 monasterium
1242 3577 1297 3629 in
1327 3585 1413 3631 tuo
1446 3586 1492 3630 te
1520 3579 1633 3632 loco
1659 3579 1736 3631 rel

155 3667 318 3719 ordine
340 3666 686 3721 nihilominus
715 3682 963 3720 remeare.
995 3666 1075 3719 De
1098 3667 1192 3720 hoc
1212 3684 1406 3739 quoque
1427 3679 1474 3721 et
1502 3668 1730 3722 dilectis-

153 3758 266 3812 simo
294 3759 449 3829 fratri
493 3769 702 3821 nostro,
750 3758 1342 3830 Constantinopolitanw
1372 3762 1594 3816 civitatis
1632 3780 1732 3816 an-

155 3850 285 3901 tistiti
306 3888 319 3910 ,
349 3853 435 3920 qui
471 3851 527 3902 in
558 3850 848 3920 supradicti
877 3852 1045 3903 sancti
1071 3851 1295 3904 Joannis
1322 3852 1432 3904 loco
1463 3852 1733 3906 ordinatus

154 3949 238 4005 est,
266 3956 354 3993 nos
380 3959 439 3994 ra
469 3940 702 3993 uolumus
729 3955 795 3992 sc.
812 3941 921 4009 ipta
947 3941 1314 3994 transmittere.
1342 3940 1448 3995 Sed
1467 3942 1587 4010 quia
1608 3958 1732 3995 con-

152 4029 345 4081 suetudo
370 4046 475 4083 non
506 4038 604 4093 est,
636 4038 690 4080 ut
729 4029 1031 4099 priusquam
1062 4030 1130 4081 ad
1152 4046 1244 4083 nos
1265 4029 1375 4099 ejus
1398 4030 1558 4100 239
1577 4047 1734 4101 syno-

151 4117 250 4170 dica
279 4119 566 4190 deferatur,
598 4116 871 4173 debeamus
894 4119 1118 4173 scribere
1147 4137 1164 4173 :
1192 4120 1386 4173 idcirco
1414 4122 1726 4176 distulimus.

149 4208 240 4260 Sed
268 4220 544 4283 postquam
575 4228 636 4264 ea
660 4209 807 4264 nobis
837 4211 1009 4263 delata
1031 4212 1217 4282 fuerit,
1251 4211 1299 4263 ei
1319 4211 1456 4277 hcce,
1489 4212 1609 4265 dum
1638 4229 1731 4281 0p-

148 4310 403 4368 pertunum
434 4304 614 4374 fuerit,
639 4302 1000 4357 indicabimus.

208 4392 333 4447 lluic
376 4395 599 4463 negotio
637 4393 811 4447 al’linis
841 4400 922 4449 est
969 4408 1127 4447 causa
1166 4392 1388 4447 Joannis
1430 4393 1727 4464 presbyteri

145 4481 622 4550 Chalcedonensis,
673 4502 833 4555 quea
885 4485 1075 4539 eodem
1127 4494 1372 4552 tempore
1419 4485 1486 4538 ab
1530 4485 1727 4553 ignaris

1840 3298 2072 3354 Orientis
2098 3300 2191 3355 lib.
2226 3316 2295 3366 ιν,
2328 3316 2375 3356 c.
2410 3301 2493 3365 l7,
2529 3317 2581 3370 p.
2614 3299 2744 3365 755,
2779 3302 2867 3355 ulli
2906 3318 3000 3357 etis
3034 3303 3209 3372 potius
3238 3303 3293 3356 in
3325 3302 3425 3373 Ly-

1839 3392 2028 3446 caonia
2058 3390 2256 3446 vixisse
2283 3391 2497 3459 dicitur,
2529 3406 2690 3461 quam
2724 3392 2774 3446 iu
2800 3390 3025 3447 lsam-ia.
3061 3393 3219 3447 Gcrtc
3252 3394 3340 3447 lib.
3376 3411 3427 3449 tv

1840 3480 2183 3551 Dialogorum
2236 3498 2287 3537 c.
2346 3482 2447 3549 58,
2508 3483 2796 3552 Gregorius
2849 3486 3093 3539 meminit
3148 3484 3426 3554 cujusdam

1837 3571 2112 3626 Athanasii
2141 3573 2472 3644 presbyteri,
2518 3582 2573 3628 et
2604 3582 2661 3628 ut
2689 3574 2957 3642 t'Ohjicrt‘e
2987 3576 3071 3630 lic.
3092 3583 3139 3642 t,
3174 3577 3427 3631 monachi

1838 3660 2150 3733 Lycaoniae,
2173 3664 2217 3716 si
2248 3664 2376 3717 tiles
2403 3664 2467 3718 sit
2501 3664 2742 3732 plurimis
2770 3664 2818 3717 Μ
2853 3680 2898 3717 s.
2938 3666 3042 3719 hoc
3069 3666 3136 3718 hu
3155 3682 3188 3719 ο
3216 3667 3268 3720 in
3298 3678 3426 3721 nota

1837 3753 2145 3821 designatis.
2194 3752 2263 3807 At
2299 3753 2499 3807 Isauria
2532 3763 2589 3806 et
2617 3752 2884 3823 Lycaonia
2915 3754 3101 3807 vicina:
3126 3764 3278 3809 erant
3302 3772 3428 3824 prn-

1839 3843 2051 3909 vincim;
2094 3842 2239 3899 unde
2268 3857 2375 3897 non
2406 3844 2598 3896 mirum
2632 3858 2791 3898 unnn
2835 3859 2934 3912 pro
2976 3843 3081 3897 alia
3114 3854 3422 3915 usurpatam

1835 3934 2020 3990 fuisse.

1906 4025 2091 4079 Exstat
2118 4025 2255 4079 libro
2283 4041 2332 4090 ν,
2370 4040 2456 4095 ep.
2490 4024 2576 4090 3'7,
2611 4024 2677 4079 ad
2711 4023 2934 4090 llcliam,
2967 4026 3337 4096 presbyterum
3370 4038 3423 4082 ct

1834 4116 2085 4170 abbatem
2135 4116 2188 4170 in
2233 4115 2472 4181 Isauria,
2518 4114 2671 4183 cujus
2709 4116 3024 4187 discipulum
3066 4116 3422 4188 Epiphanium

1830 4209 2071 4275 nomine,
2187 4207 2477 4274 Gregorius
2500 4208 2784 4263 diaconum
2808 4209 3067 4265 Ecclesia:
3090 4211 3248 4267 Rom.
3274 4214 3421 4267 ortli-

1832 4304 1998 4357 navit.
2042 4301 2275 4356 Petierat
2317 4300 2498 4355 llelias
2538 4299 2606 4354 50
2650 4302 2851 4357 solidos
2887 4302 2953 4356 ad
2986 4305 3302 4359 monasterii
3333 4311 3419 4360 sui

1831 4393 2162 4459 necessu-ia;
2211 4391 2307 4447 sed
2352 4392 2497 4445 misit
2548 4390 2617 4444 72
2664 4391 3184 4449 beneﬁcentissimus
3242 4406 3417 4465 pater.

1832 4487 2024 4542 Utrum
2068 4486 2122 4540 in
2172 4485 2266 4539 illo
2314 4485 2643 4540 monasterio
2686 4485 2945 4553 degerent
2974 4487 3046 4541 illi
3076 4489 3326 4542 monachi
3355 4489 3422 4542 de

142 4586 439 4631 accusatum
490 4578 557 4631 de
614 4577 801 4630 h$f€ri
858 4575 1320 4631 Mareianistarum
1346 4617 1362 4643 ,
1413 4574 1497 4629 vel
1543 4575 1721 4645 potius
1757 4608 1802 4665 υ
1833 4578 2048 4632 Ιιιιειοινεὶς
2077 4576 2300 4631 crimine
2324 4575 2634 4639 insimn‘ati,
2668 4592 2889 4644 prorsus
2913 4576 3175 4630 incertum
3206 4585 3306 4631 est.
3340 4575 3420 4631 Ex

143 4666 601 4734 hlazcionitarum,
629 4669 835 4738 judices
861 4668 927 4722 ab
958 4668 1148 4723 eodem
1176 4666 1384 4722 Joanne
1414 4664 1519 4720 ΟΡ.
1551 4667 1721 4736 depu-

140 4760 227 4815 tati
279 4761 481 4831 injuste
536 4761 949 4815 damnaverunt.
1000 4759 1069 4813 At
1113 4774 1253 4829 papa
1302 4759 1445 4814 facto
1495 4759 1723 4814 co:.cillo

139 4852 377 4906 cumch
403 4852 659 4914 absolvit,
693 4851 925 4904 maxime
948 4849 1071 4918 quia
1097 4848 1310 4903 libellus
1336 4849 1403 4904 ab
1428 4849 1545 4919 ipso
1572 4848 1722 4904 obla-

136 4948 209 4995 tus
252 4942 377 5011 fidei
426 4942 722 4995 sinceritati
761 4957 852 5010 per
894 4940 1070 4999 omnia
1101 4939 1457 4993 concordaret.
1500 4939 1575 4994 De
1617 4939 1719 4993 hac

134 5034 383 5086 sententia
415 5031 685 5086 Joannem
736 5031 1109 5102 presbyterum
1151 5031 1219 5085 ab
1249 5030 1468 5084 lueresis
1494 5030 1719 5084 crimine

131 5118 339 5178 liberum
367 5125 756 5195 pronuntiante
775 5122 993 5191 scripsit
1010 5120 1299 5189 Gregorius
1317 5122 1382 5175 ad
1404 5121 1715 5176 Mauricium

132 5214 420 5285 Augustum
455 5227 513 5273 et
540 5219 607 5274 ad
636 5216 1001 5272 Theoctistam
1032 5214 1180 5287 (Lib.
1213 5232 1286 5283 ιι,
1318 5231 1397 5285 ep.
1426 5213 1495 5267 16
1521 5223 1570 5268 et
1601 5212 1712 5285 17).

128 5305 400 5378 Synodalis
432 5325 653 5381 quoque
674 5308 861 5378 iudicii
892 5306 1048 5374 hujus
1069 5306 1353 5361 certiorem
1385 5304 1510 5359 fecit
1538 5303 1714 5373 ipsum

126 5398 373 5456 Joannem
400 5399 514 5456 ΟΡ.
542 5399 904 5472 patriarcham
935 5397 1099 5463 (Ibid.
1123 5415 1203 5468 ep.
1236 5395 1347 5466 15).
1380 5395 1437 5450 ln
1459 5411 1523 5451 ea
1548 5411 1709 5465 quam

128 5490 181 5542 ad
211 5491 384 5561 ipsum
422 5492 642 5560 scripsit
670 5490 896 5560 cpistola
923 5488 984 5543 S.
1033 5488 1230 5542 Doctor
1265 5494 1453 5557 aperte
1492 5491 1713 5541 damnat

124 5592 207 5634 eos
232 5583 320 5650 qui
351 5583 501 5636 falso
526 5581 732 5650 abrepti
775 5580 926 5644 zelo,
961 5578 1194 5633 bmrcses
1218 5578 1383 5632 etiam
1415 5577 1623 5641 invitis,
1655 5587 1713 5632 et

124 5672 480 5726 orthodoxam
531 5673 685 5726 tidem
717 5669 1093 5741 proﬁtentibus
1120 5668 1433 5722 obtrudunt.
1466 5666 1708 5723 Notanda

122 5771 232 5813 sunt
262 5776 373 5829 pne
397 5762 615 5815 carteiis
642 5761 801 5814 verba
832 5759 944 5812 tunc
978 5774 990 5810 :
1025 5756 1172 5811 Sicut
1204 5758 1559 5811 hwreticorum
1581 5774 1706 5828 pra-

123 5849 238 5902 vitas
262 5855 370 5905 :clo
398 5861 558 5906 recta
582 5853 701 5924 fidei
734 5848 1137 5919 (Otttpt‘itttt‘lttltt,
1173 5851 1245 5903 ita
1272 5867 1401 5904 rercc
1425 5850 1707 5921 confessio-

1827 4667 2263 4725 conuucmoratis
2287 4667 2584 4734 intelligere
2603 4666 2728 4720 licrt
2748 4665 3008 4720 Joannem
3029 4664 3133 4720 ΕΡ.
3161 4683 3265 4720 non
3289 4667 3420 4721 satis

1827 4779 1858 4818 a
1902 4762 2187 4829 Pelagiana
2226 4759 2417 4813 haeresi
2447 4758 2657 4812 cavisse
2698 4758 2874 4829 (quod
2903 4758 2969 4811 de
2994 4756 3199 4811 Grcccis
3227 4772 3422 4825 quam-

1825 4853 2068 4924 plurimis
2113 4851 2276 4906 etiam
2316 4849 2565 4918 constat)
2616 4857 2671 4904 et
2719 4849 2771 4903 in
2822 4849 3045 4904 historia
3087 4848 3418 4915 scientiaque

1827 4940 2199 4998 Ecclesiastica
2228 4956 2415 5010 parum
2440 4939 2823 5000 exercitatum,
2870 4939 3067 5008 quippe
3097 4939 3186 5008 qui
3216 4954 3418 5008 suppo-

1822 5033 1988 5088 sititia
2029 5042 2084 5086 et
2132 5029 2417 5093 haxretica,
2472 5044 2571 5098 pro
2610 5028 2857 5097 genuinis
2904 5027 3187 5098 Ephesium
3225 5030 3416 5100 synodi

1821 5125 1956 5179 actis
2000 5122 2249 5191 imperite
2280 5120 2550 5173 laudabat.
2596 5119 2712 5172 Non
2741 5118 2906 5172 semel
2945 5134 3065 5173 cum
3101 5119 3211 5173 hoc
3257 5121 3416 5187 regia:

1820 5212 1968 5267 urbis
2012 5209 2314 5281 patriarcha
2362 5206 2675 5261 luctandum
2721 5204 2984 5274 Gregorio
3034 5206 3160 5273 fuit,
3214 5216 3273 5261 ut
3313 5223 3415 5262 suo

1817 5303 2027 5358 dicetur
2056 5301 2195 5355 loco.

1888 5390 1941 5446 6.
1975 5387 2418 5458 Quandoquidem
2443 5386 2510 5441 de
2539 5385 2807 5455 episcopis
2830 5384 2993 5440 olfitii
3020 5386 3099 5439 sui
3132 5386 3413 5441 immemo-

1814 5486 1965 5542 ribus
1993 5499 2024 5538 a
2054 5481 2316 5549 Gregorio
2346 5480 2610 5549 correptis
2638 5487 2694 5534 et
2722 5478 3022 5534 emendatis
3052 5479 3199 5549 loqui
3239 5481 3408 5550 caepi-

1816 5589 1964 5639 mus,
1996 5585 2175 5641 Opera:
2205 5572 2436 5641 pretium
2467 5578 2551 5624 est
2579 5569 2647 5624 de
2675 5567 2915 5637 Joanne,
2950 5570 3265 5626 Ravennate
3292 5572 3409 5642 epi-

1813 5679 2007 5735 scopo,
2038 5670 2260 5735 propter
2288 5660 2482 5716 fastum
2513 5671 2568 5717 et
2599 5662 2920 5717 insolentem
2950 5665 3097 5734 pallii
3127 5680 3279 5720 usum
3305 5664 3411 5721 hoc

1813 5756 1975 5811 etiam
2022 5769 2164 5808 anno
2211 5753 2539 5822 reprehenso
2583 5770 2752 5825 pauca
2800 5755 3065 5827 subjicere
3116 5755 3269 5827 (Lib.
3317 5772 3405 5821 ω,

1812 5864 1893 5916 ep.
1928 5845 2038 5917 56).
2091 5843 2190 5900 llic
2237 5844 2595 5902 exarehorum
2641 5847 2908 5903 Ravenna:
2956 5846 3403 5904 eonunorantium
