3992 6314
611 345 712 399 3-37
1088 342 1143 396 S.
1187 337 1511 395 ΕΒΗ]οΒῑί
1552 335 1766 393 MAGNI
1814 334 1992 399 \‘l'lA,
2039 337 2128 391 EX
2173 338 2338 397 EJUS
2377 335 2680 395 SCRIPTIS
2725 335 3125 392 ADUIMATA.
3170 335 3298 393 LIB.
3345 335 3403 392 ll.
3772 349 3854 403 5‘s

607 456 931 512 auctoritate
980 452 1173 514 frctus,
1221 451 1473 506 nonnulla
1520 450 1619 504 sibi
1660 464 1818 519 supra
1850 463 2191 504 communem
2226 456 2270 513 Α
2300 458 2453 504 verat
2485 451 2773 518 Augustus.
2794 450 2933 516 Quin
2955 451 3119 505 etiam
3143 451 3259 520 ejus
3287 453 3463 508 tutela:
3491 460 3855 517 commendant

606 547 1147 618 metropolitanorum
1187 540 1634 598 consuetudinem
1657 541 1965 610 usurpanda
2001 540 2189 594 cxisti-
2295 541 2496 596 liberos
2539 556 2667 595 suos
2708 540 2884 597 adhuc
2932 543 3276 609 immaturos,
3321 543 3444 598 dum
3492 562 3632 601 anno
3678 549 3853 621 imperii

604 640 790 694 mavit.
843 637 976 692 Cum
1025 635 1168 690 enim
1225 631 1406 686 ccetcri
1470 631 1632 700 pallio
1696 640 1849 686 extra
1908 632 2192 684 missarum
2295 631 2504 688 decimo
2552 633 2740 701 quinto
2785 634 3089 704 pericu'ose
3135 643 3448 703 aegrotaret,
3495 647 3555 691 ut
3599 640 3670 693 ait
3711 642 3854 700 Simo-

606 742 632 768 ι
665 739 876 798 tempus
903 741 1010 780 non
1054 731 1368 785 uterentur,
1404 721 1517 791 ipse
1548 721 1601 774 in
1633 719 2197 776 litaniissolemnibus
2297 729 2463 785 catta,
2483 722 2572 791 qui
2603 722 2656 775 in
2679 721 2965 777 Domitiani
2991 722 3177 778 laudes
3198 723 3453 780 latissime
3476 729 3727 784 excurrit.
3748 731 3852 789 Cum

611 833 667 878 et
685 815 1162 890 supplicationibus
1183 812 1443 884 publicis,
1477 827 1543 868 ex
1569 811 1897 882 poenitentia:
1919 809 2197 880 dfsciplina
2297 810 2560 875 Cosroes,
2592 811 2876 866 Persarum
2909 828 3038 878 rex,
3068 813 3360 883 profugus,
3390 813 3630 870 Mauricii
3657 834 3751 888 0pc
3788 838 3852 878 τε.

604 911 896 976 institutis,
944 923 1087 962 novo
1117 905 1264 960 cultu
1295 904 1546 976 palliatus
1573 903 1888 970 incedebat,
1921 902 2008 973 qui
2041 902 2094 956 in
2122 902 2200 957 ci-
2301 917 2465 972 gnum
2488 913 2886 974 recuperasset,
2917 920 2983 960 ac
3013 906 3175 975 paulo
3196 914 3319 976 post
3346 907 3412 960 ad
3437 905 3744 977 Gregorium
3769 913 3851 967 Λιι-

604 1019 733 1058 nere
765 1000 943 1072 potius
970 997 1106 1054 etin
1137 996 1314 1072 cilicio
1358 1004 1485 1050 tunc
1525 993 1798 1049 debuisset
1840 992 2198 1048 humilitatem
2302 993 2610 1048 tiochenum
2641 994 3247 1064 patriarcbam'crucem
3292 1010 3510 1050 auream
3539 999 3750 1065 gemmis
3771 1001 3854 1056 ful-

601 1094 865 1167 prolitcri.
897 1090 1014 1146 lloc
1041 1088 1365 1160 improbavit
1393 1085 1685 1153 Gregorius
1713 1082 1992 1139 modestiae
2018 1097 2200 1138 sacer—
2301 1091 2516 1151 gentem
2563 1083 2800 1139 misisset
2835 1085 2890 1139 in
2934 1085 3138 1155 templo
3178 1085 3235 1139 S.
3286 1085 3495 1155 Sergii,
3545 1087 3856 1161 oll'ereudair,

601 1185 798 1241 dotalis
836 1181 1140 1253 prmcipuus
1169 1187 1428 1240 assertor,
1461 1175 1614 1245 cujus
1642 1175 1769 1229 illud
1798 1175 1956 1244 plane
1977 1187 2198 1230 aureum
2302 1172 2543 1241 ejusdem
2575 1175 2828 1245 martyris
2854 1175 3130 1231 basilicam
3174 1176 3421 1246 plurimis
3448 1177 3603 1233 donis
3647 1194 3857 1238 ornasset

601 1277 838 1340 dictum,
880 1271 1011 1327 nihil
1045 1272 1096 1326 in
1129 1269 1364 1340 epiSCOpi
1397 1267 1608 1323 cervice
1636 1265 1968 1337 splendidius
1995 1264 2202 1335 fulgere
2303 1264 2482 1335 (quod
2512 1264 2631 1336 ejus
2659 1281 2764 1336 ope
2791 1281 2957 1336 regno
2986 1283 3043 1322 se
3069 1267 3376 1323 restitutum
3405 1269 3666 1336 crederet,
3695 1273 3853 1341 conju-

605 1381 768 1434 ιμηιιιι
795 1362 1179 1418 humilitatem.
2302 1368 2532 1425 genique
2573 1372 2725 1412 suam
2754 1356 3158 1413 dilectissimam
3201 1367 3256 1414 et
3294 1359 3504 1429 prolem
3548 1374 3856 1419 consecutam

673 1457 754 1511 Ad
781 1454 1168 1523 archiepiscOpi
1209 1451 1290 1508 sui
1338 1449 1641 1519 exemplum
1686 1448 2060 1520 superbientes
2090 1446 2200 1502 Ra-
2304 1461 2425 1501 esse
2454 1456 2505 1500 et
2530 1447 2948 1520 valetudinem),
2975 1462 3167 1517 magna
3197 1464 3322 1520 spes
3351 1449 3547 1518 injecta
3576 1450 3734 1506 fuerat
3759 1454 3856 1510 titlei

602 1549 851 1604 vcnnatis
878 1545 1128 1601 Ecclesia:
1154 1543 1370 1607 clerici,
1405 1542 1429 1579 ¹ι
1460 1540 1724 1610 mappulis
1753 1540 1829 1594 ut-i
1859 1538 2027 1609 (quod
2054 1539 2202 1594 solus
2305 1536 2620 1592 Christianae
2641 1538 2782 1608 apud
2801 1537 2992 1593 Persas
3006 1538 3419 1594 disseminanda:
3434 1554 3500 1594 ac
3522 1545 3854 1611 propaganda.

601 1640 700 1696 sibi
728 1637 1044 1694 vendicabat
1074 1634 1249 1689 clerus
1279 1633 1578 1703 Romanus)
1609 1639 2089 1701 pmsumpseruut.
2125 1630 2202 1686 De
2305 1625 2477 1696 Hujus
2521 1629 2598 1682 rei
2645 1628 2814 1696 gratia
2848 1629 3183 1686 Domitianus
3218 1629 3283 1684 ad
3329 1645 3517 1699 regem
3563 1645 3853 1701 perrexerat,

603 1733 688 1788 bis
712 1728 1003 1798 Gregorius
1026 1727 1090 1780 ad
1120 1725 1385 1780 Joannem
1413 1724 1652 1779 scribere
1690 1721 2015 1792 quantocius
2043 1737 2200 1777 cura-
2305 1736 2464 1791 quem
2490 1720 2600 1790 jam
2632 1721 2732 1776 sibi
2759 1721 2998 1791 pluribus
3029 1721 3347 1776 devinxerat
3395 1722 3696 1788 beneﬁciis;
3742 1726 3856 1783 hunc

599 1825 679 1877 vit
749 1837 844 1892 pt‘r
905 1818 1210 1874 Castorinm
1266 1816 1324 1871 S.
1385 1814 1640 1871 Ecclesia:
1693 1814 1850 1869 Rom.
1904 1813 2196 1869 notarium.
2233 1829 2275 1889 Β
2306 1813 2450 1868 enim
2481 1814 2794 1884 episcopqu
2846 1815 2958 1882 regi
2991 1811 3213 1883 fugienti
3261 1824 3316 1869 ct
3357 1815 3566 1870 extorri
3612 1815 3855 1874 Mauricius

596 1914 834 1969 Joannes
856 1911 974 1966 lucc
998 1908 1279 1981 privilegia
1300 1907 1402 1964 sibi
1421 1921 1640 1977 sumque
1659 1904 1956 1961 Ecclesiaea
1973 1905 2196 1959 summis
2307 1900 2518 1955 obviam
2574 1901 2796 1958 honoris
2845 1918 3008 1957 causa
3049 1903 3291 1970 miserat,
3321 1911 3380 1958 ut
3405 1919 3533 1958 eum
3560 1919 3856 1976 quocumque

599 2004 946 2076 pontificibus
969 2015 1228 2056 concessa
1249 1997 1549 2070 respondit,
1582 2005 1638 2052 et
1659 2012 1690 2051 a
1711 1995 1974 2064 Gregorio
1997 1993 2195 2050 confir-
2299 1991 2463 2047 vellet
2492 1990 2803 2046 deduceret.
2854 1991 3113 2047 Cosrocm
3142 1991 3510 2048 Christianum
3544 2001 3667 2048 tunc
3692 1995 3854 2051 factum

599 2095 734 2152 mari
788 2092 1068 2166 poposcit;
1138 2089 1283 2158 quod
1339 2088 1505 2145 etiam
1562 2087 1871 2156 flagitarunt
1923 2085 2197 2140 Romanus
2301 2081 2466 2136 fuisse
2515 2089 2736 2136 narrant
2776 2081 3012 2138 Joannes
3061 2083 3386 2140 BLclarens's
3425 2085 3482 2139 in
3529 2086 3857 2151 cbronieo,ct

598 2185 893 2251 exarcbus,
931 2180 1244 2252 prtefectus,
1292 2186 1348 2234 et
1374 2178 1464 2233 alii
1494 2177 1639 2232 urbis
1669 2177 1939 2231 Ravenna:
1980 2175 2196 2249 nobiles
2302 2173 2500 2229 Paulus
2548 2174 2814 2231 Diaconus
2842 2176 2935 2231 lib.
2967 2193 3037 2241 Iv,
3068 2193 3116 2231 c.
3151 2177 3237 2232 l7.
3267 2190 3288 2216 ε
3316 2177 3384 2234 At
3407 2196 3543 2235 vana
3571 2182 3737 2250 specie
3759 2184 3856 2238 reli-

601 2275 716 2330 viri.
753 2275 823 2329 lis
851 2287 982 2342 ergo
1013 2285 1217 2325 morem
1248 2282 1442 2338 gerens
1469 2266 1711 2338 pontifex
1743 2267 1958 2332 annuit,
1993 2273 2051 2320 nt
2085 2265 2194 2320 Ra-
2301 2266 2477 2335 gionis
2508 2265 2726 2322 delusus
2754 2265 2916 2322 fuisse
2941 2269 3234 2338 scriptores
3259 2273 3380 2338 bos,
3412 2271 3485 2326 ob
3517 2272 3654 2339 regis
3681 2275 3858 2326 llltlttlli-

601 2381 789 2422 venna:
819 2363 1293 2434 archiepiscopus,
1323 2361 1496 2415 donec
1522 2359 1720 2429 aliquid
1751 2360 1950 2414 certius
1981 2366 2197 2414 eonsta-
2299 2358 2538 2413 centiam
2568 2373 2694 2426 erga
2716 2359 3142 2416 Christianorum
3195 2361 3423 2431 templa,
3454 2378 3682 2432 emnque
3705 2379 3730 2417 a
3753 2379 3856 2432 gen-

601 2465 685 2513 ret
703 2456 773 2511 de
798 2453 1089 2526 privilegiis
1116 2453 1216 2522 ipsi
1247 2451 1550 2516 concessis,
1585 2450 1749 2519 pallio
1779 2457 2022 2504 uteretur
2049 2450 2100 2502 in
2133 2448 2199 2502 ii-
2303 2447 2469 2501 tilium
2513 2449 2660 2504 cultu
2710 2465 2816 2503 non
2857 2451 3146 2506 recessisse
3177 2453 3524 2508 manifestum
3553 2463 3650 2520 est,
3683 2463 3779 2508 tum
3805 2473 3854 2510 ex

603 2548 762 2603 laniis
798 2553 1035 2616 quatuor
1084 2552 1290 2599 tantum
1335 2542 1541 2597 dierum
1587 2541 1938 2607 solemninm;
1988 2541 2199 2596 scilicet
2301 2535 2501 2592 Grzecis
2552 2538 2939 2608 scriptoribus,
2985 2540 3075 2609 qni
3127 2555 3204 2610 ge.
3224 2549 3278 2595 ta
3333 2541 3578 2598 Mauricii
3625 2547 3856 2615 prosecuzi

600 2637 658 2692 S.
681 2635 907 2690 Joannis
935 2634 1210 2705 Baptistte,
1241 2632 1298 2688 S.
1335 2629 1476 2686 Petri
1504 2632 1756 2701 apostoli,
1787 2631 1844 2686 S.
1878 2631 2199 2702 Apollinaris
2300 2635 2454 2692 sunt,
2508 2636 2618 2683 tum
2649 2631 2943 2699 pmserlim
2973 2646 3037 2688 ex
3072 2629 3318 2701 Gregorii
3367 2634 3599 2704 epistola
3645 2638 3858 2693 consola-

601 2725 763 2794 hujus
785 2723 1036 2780 Ecclesia:
1062 2723 1309 2793 patroni,
1339 2730 1394 2777 et
1431 2721 1484 2776 in
1516 2721 1882 2776 anniversaria
1911 2736 2022 2776 sua:
2048 2721 2196 2777 ordi-
2303 2717 2440 2770 toria
2469 2717 2534 2771 ad
2557 2717 2734 2773 Domit
2757 2735 2917 2774 anum
2948 2720 3051 2775 hoc
3077 2737 3218 2777 amo
3244 2724 3443 2792 scripta
3473 2744 3486 2779 :
3523 2724 3856 2798 Imperatorem

602 2815 837 2870 nationis
865 2812 1383 2869 commemoratione
1416 2810 1557 2883 (Lib.
1583 2827 1633 2877 ν,
1665 2827 1748 2882 ep.
1775 2810 1888 2880 il).
2301 2827 2419 2864 vero
2451 2809 2750 2877 Persarum,
2781 2811 2972 2883 inquit,
3019 2815 3116 2868 etsi
3144 2830 3247 2869 uoti
3279 2816 3436 2887 fuisse
3477 2834 3762 2873 eourersum
3783 2821 3858 2875 doc

671 2907 788 2962 Non
810 2903 1009 2976 placuit
1030 2903 1222 2960 Joanni
1247 2902 1508 2974 judicium
1534 2903 1657 2968 hoc,
1688 2910 1747 2957 ut
1776 2901 1936 2972 conjivr
1955 2917 2047 2957 ere
2075 2902 2201 2958 licet
2301 2899 2400 2964 leo,
2429 2916 2513 2954 vos
2535 2909 2703 2955 tamen
2736 2902 2782 2956 ei
2812 2903 3160 2958 (.‘In-istiauam
3189 2906 3347 2975 [idem
3373 2908 3691 2974 pra'dicasse
3719 2911 3857 2963 omni-

600 3017 673 3058 ει
701 2999 930 3072 epistola
960 2997 1027 3054 ad
1056 2997 1304 3053 eumdem
1335 3005 1522 3068 postea
1547 2997 1764 3067 scripta,
1799 2995 1850 3052 in
1881 3011 1985 3066 qua
2015 2998 2198 3066 queri-
2307 2991 2455 3044 modo
2496 2993 2671 3047 exulto
2694 3009 2712 3047 :
2737 2995 2856 3064 quia
2883 2997 2979 3048 etsi
3017 2996 3106 3049 ille
3147 2998 3216 3050 ad
3245 2998 3407 3052 lucem
3451 3001 3628 3054 reuire
3653 3018 3745 3054 non
3773 3019 3858 3054 me»

604 3107 692 3150 tur
714 3093 773 3148 S.
805 3090 1098 3160 Gregorius
1125 3091 1194 3146 de
1221 3089 1478 3146 irrisoriis
1517 3097 1572 3145 et
1610 3089 1954 3144 mordacibus
1977 3087 2200 3144 Joannis
2304 3081 2426 3144 ruit,
2441 3091 2607 3135 vestra
2631 3092 2802 3137 tamen
2823 3087 3074 3139 sanctitas
3089 3087 3479 3156 pra’dicatiouis
3497 3105 3605 3144 sua:
3623 3091 3857 3158 premium

603 3182 944 3239 sermonibus
973 3179 1144 3250 (Ibid.
1173 3197 1254 3250 ep.
1286 3179 1354 3233 15
1373 3179 1414 3249 ).
1470 3179 1538 3234 Ut
1567 3186 1747 3233 autem
1779 3193 1994 3233 onmem
2025 3192 2192 3248 expo-
2229 3209 2274 3271 Ο
2305 3169 2526 3271 habebit.
2559 3171 2698 3226 Nam
2729 3183 2777 3228 et
2806 3173 3056 3244 zEt/tiops
3102 3178 3156 3231 in
3197 3176 3436 3232 balneum
3462 3181 3613 3250 niger
3638 3181 3800 3244 intrat,
3821 3193 3858 3235 rt

603 3273 841 3331 stulandi
881 3270 1219 3327 occasionem
1265 3269 1508 3333 tolleret,
1553 3269 1767 3340 scripsit
1795 3268 2200 3338 archiepiscopo
2236 3263 2274 3271 “’
2305 3263 2451 3332 niger
2478 3265 2760 3334 egreditur,
2801 3265 2892 3319 sed
2922 3275 3091 3322 tamen
3142 3266 3411 3324 balneator
3438 3288 3674 3326 nummos
3700 3274 3857 3341 arripit

606 3363 1012 3434 exploraturum
1043 3375 1101 3415 se
1133 3375 1228 3430 per
1258 3359 1679 3429 Apocrisiarium
1708 3374 1863 3414 suum
1890 3357 2202 3415 Constanti-
2304 3349 2451 3421 (Lib.
2487 3369 2558 3412 ιιι,
2591 3370 2672 3422 ep.
2715 3354 2840 3423 67).
2891 3357 2982 3413 Sic
3029 3358 3348 3415 sanctissimi
3397 3361 3642 3432 episc0pi
3681 3363 3859 3431 sibique

610 3452 792 3523 nopoli
822 3459 1095 3519 agentem,
1126 3458 1303 3503 utrmn
1333 3448 1573 3503 nonnulli
1595 3464 1660 3504 ex
1682 3448 1978 3517 majoribus
1999 3455 2201 3506 metro-
2302 3441 2538 3497 amicitia
2561 3443 2982 3513 conjunctissimi
3001 3447 3411 3505 laboresirritos
3436 3451 3635 3507 blande
3658 3455 3856 3522 acinge-

608 3544 823 3615 politis,
865 3543 952 3612 qui
996 3541 1218 3594 tricenos
1257 3549 1305 3593 et
1343 3539 1702 3611 quadragenos
1729 3537 1821 3593 sub
1851 3556 1906 3593 se
1933 3541 2199 3611 episcopos
2302 3533 2452 3590 niose
2493 3537 2803 3593 Consolalus
2851 3549 2933 3594 est
2982 3540 3302 3610 Gregorius,
3335 3542 3400 3595 ad
3447 3542 3571 3611 ejus
3607 3544 3689 3614 e,i
3720 3545 3856 3599 telam

606 3634 887 3702 habebant,
913 3637 968 3686 in
997 3631 1193 3685 litanii~
1217 3646 1340 3686 cum
1370 3630 1534 3700 pallio
1555 3630 1792 3685 solerent
1817 3629 2121 3694 ambulare;
2143 3638 2200 3685 et
2300 3627 2651 3695 respondens,
2692 3645 2798 3698 qua
2827 3645 2977 3686 suam
3006 3633 3071 3685 ad
3104 3631 3295 3686 Persas
3322 3632 3710 3702 profectionem
3746 3651 3859 3705 pia»

603 3721 647 3784 si
674 3727 765 3797 qui
796 3725 1189 3796 reperirentur,
1239 3738 1299 3777 se
1338 3722 1568 3777 libenter
1594 3722 1853 3794 episcopo
1888 3722 2194 3778 Ravennati
2297 3716 2582 3772 dicationis
2625 3724 2795 3787 gratia
2846 3721 3021 3776 fructu
3051 3722 3290 3777 caruisse
3317 3722 3511 3778 dolens
3557 3723 3858 3780 Domitianus

602 3833 988 3875 concessurum
1034 3815 1121 3886 pal
1144 3815 1178 3870 ii
1221 3814 1273 3869 in
1318 3814 1518 3870 litaniis
1555 3814 1798 3883 gestandi
1838 3815 2190 3885 privilegium.
2298 3812 2652 3870 indicaverat.
2687 3813 2804 3886 (Cf.
2837 3814 3004 3887 Evag.
3045 3816 3166 3871 Vita
3205 3815 3432 3871 Mauric.
3462 3817 3560 3872 lib.
3592 3835 3663 3884 tv,
3689 3835 3731 3873 c.
3774 3818 3854 3886 i4;

601 3913 691 3967 Sic
734 3915 1111 3980 exasperatum
1153 3906 1367 3977 placare
1396 3914 1624 3962 conatus
1669 3914 1752 3961 est
1798 3907 2012 3964 humilis
2060 3923 2194 3978 pon-
2295 3904 2385 3958 lib.
2411 3920 2484 3973 γι,
2515 3920 2560 3959 c.
2597 3904 2666 3959 15
2692 3913 2740 3960 et
2763 3923 2902 3977 seq.;
2934 3907 3025 3962 lib.
3054 3924 3164 3975 \‘lll,
3189 3924 3236 3961 c.
3271 3907 3392 3978 ll.)

603 4002 754 4057 tifex.
786 3999 1010 4056 Joannis
1039 4006 1220 4054 tamen
1252 3996 1380 4052 vitia
1422 4011 1764 4066 nequaquam
1807 3996 2190 4054 dissimulanda
2913 4020 3143 4076 CApm'
3191 4021 3260 4078 Χ,

601 4092 960 4156 existimavit,
990 4085 1084 4145 sed
1116 4089 1290 4158 ipsum
1320 4086 1507 4142 sedulo
1536 4087 1603 4141 de
1627 4087 1692 4142 iis
1714 4086 2021 4153 admonuit;
2053 4104 2174 4157 pra:-

2312 4108 2563 4184 lncn-t._—
2585 4114 2624 4163 l.
2651 4113 2764 4184 De__l
2789 4114 3052 4184 -ge_Mouri_i
3069 4117 3099 4164 ii
3126 4115 3306 4184 milites
3329 4117 3376 4164 in
3401 4116 3856 4184 nionasteriisreripl

599 4187 785 4241 serlim
805 4181 949 4252 quod
969 4181 1153 4236 amicis
1173 4179 1524 4251 prtesentibus
1545 4179 1894 4244 blandiretur,
1923 4179 2186 4249 obloque-
2355 4188 2410 4260 με*
2444 4176 2665 4224 lubente.
2719 4176 2853 4224 llnuc
2881 4178 3118 4284 improbat
3164 4183 3215 4226 ς.
3243 4180 3528 4238 Gregorius.
3548 4207 3617 4254 .—
3637 4182 3683 4229 2.
3710 4179 3856 4226 Ullum

599 4284 749 4300 ,ωη-
790 4271 1126 4300 “humanm,
1174 4270 1316 4300 nm".
1365 4271 1416 4300 gn
1458 4285 1642 4300 Hm,“
1674 4269 1835 4300 “an
1881 4269 2076 4300 ..ΜΛ-Δ,
2125 4285 2186 4300 Μ
2357 4235 2514 4293 t.lam,
2546 4243 2816 4300 antequam
2849 4237 3195 4299 pubtcaretur,
3238 4240 3679 4290 emer:davent.—
3708 4243 3856 4295 ἄρηα

599 4284 749 4329 retur
789 4271 1129 4334 absentibus;
1174 4270 1317 4338 quod
1365 4271 1418 4325 in
1458 4285 1645 4326 servos
1673 4269 1836 4340 2&0
1879 4269 2079 4325 fureret
2123 4285 2188 4327 ac

599 4364 776 4430 turpia
799 4370 1103 4427 evomerct;
1128 4361 1271 4430 quod
1290 4361 1569 4432 disciplina
1591 4362 1660 4417 ad
1680 4363 1840 4416 vitam
1864 4363 2183 4418 clericorum

597 4452 1004 4508 enstodiendam
1029 4451 1174 4505 nulla
1195 4467 1252 4506 es
1266 4459 1357 4517 et,
1383 4450 1479 4508 sed
1507 4453 1878 4507 tantumnodo
1899 4468 1957 4508 se
1976 4453 2185 4510 clericis

595 4547 706 4603 suis
725 4543 998 4598 dominum
1026 4542 1325 4597 exhiberet.
1514 4561 1516 4563 ·
2214 4579 2261 4637 D

666 4616 697 4637 ιιι
742 4614 1008 4637 n---.....--.
1030 4613 1220 4637 a..l2l...-
1246 4611 1506 4637 -..ξηιλ-ιε..
1526 4612 1786 4637 2..Ι¹⁵.....-.....
1812 4629 1866 4637 --
1885 4612 2174 4637 η----..ε---

666 4616 717 4669 7.
741 4614 1011 4682 Quantum
1030 4613 1223 4668 talibus
1243 4611 1509 4682 episcopis
1526 4612 1788 4668 infensum
1810 4629 1869 4668 se
1885 4612 2178 4683 Gregorius

2355 4300 2612 4347 occasione
2654 4298 2730 4346 lt-x
2770 4298 2859 4347 illi
2890 4299 3033 4348 fuerit
3081 4300 3171 4347 lata
3219 4301 3403 4358 Quibus
3448 4304 3714 4352 ra‘ionibus
3748 4303 3856 4346 ni'e-

2352 4365 2509 4423 retur.
2550 4387 2613 4394 —
2645 4361 2700 4423 i.
2732 4361 2999 4420 Gregorius
3037 4361 3101 4409 de
3143 4362 3394 4423 disciplina
3439 4366 3700 4411 monastic:
3744 4363 3857 4409 solli-

2353 4422 2493 4485 citus.
2514 4445 2576 4456 —
2592 4423 2637 4470 5.
2665 4422 2788 4485 Nam
2815 4423 3070 4485 abbatibus
3093 4422 3407 4485 etmOJat-bis
3432 4427 3604 4485 egredi
3632 4424 3747 4485 foras
3767 4436 3857 4484 pm-

2351 4481 2580 4531 bibitum.
2597 4483 2718 4533 —6.
2742 4483 2938 4532 .Indttus
2962 4483 3080 4532 fulo
3107 4483 3220 4532 lilia:
3246 4486 3376 4533 cultu
3403 4481 3686 4534 tibistianis
3705 4481 3778 4532 ilbi
3797 4486 3853 4530 :it.

2350 4541 2425 4610 De
2465 4557 2524 4591 eo
2551 4545 2800 4610 puniendo
2841 4545 3399 4610 scribit_(‘-regorius.—
3420 4546 3469 4596 7.
3501 4547 3730 4610 Dialogus
3762 4543 3855 4594 elu-

2348 4605 2538 4655 cubnt.
2565 4607 2679 4667 (Au.
2706 4607 2800 4657 592
2833 4612 2883 4656 et
2908 4605 3040 4669 595.)

591 4707 902 4774 exhibebat,
933 4713 1139 4760 tantum
1181 4719 1307 4774 erga
1358 4705 1594 4774 optimos
1617 4712 1862 4774 pastores
1888 4705 2176 4776 ben’gnum

590 4815 650 4853 se
678 4795 1092 4864 officiosumque
1119 4793 1423 4871 praebebat;
1473 4793 1616 4862 quod
1647 4793 1877 4848 maxime
1906 4809 2029 4864 erga
2072 4795 2178 4851 Do-

587 4890 870 4945 mitianum
899 4885 1152 4941 Melitinae
1193 4886 1244 4940 in
1273 4885 1521 4938 Armenia
1553 4883 1863 4954 episcopum
1894 4894 1948 4939 et
1977 4893 2179 4941 metro-

589 4981 883 5052 politanum
911 4976 1300 5047 comprobavit.
1332 4975 1381 5031 ls
1408 4975 1647 5029 Mauricii
1679 4975 2018 5045 imperatoris
2042 4991 2175 5031 eon-

589 5072 917 5142 sanguineus
963 5077 1099 5136 erat,
1133 5068 1214 5122 vir
1259 5067 1522 5138 prudens,
1572 5067 1884 5135 industrius,
1916 5067 2084 5122 verbo
2122 5075 2177 5122 et

583 5181 751 5235 epere
781 5161 1219 5233 potentissimus,
1260 5169 1316 5214 et
1357 5159 1423 5212 ad
1467 5174 1554 5213 res
1603 5159 1865 5213 lllﬂXill‘lﬂS
1909 5159 2174 5226 gerendas

583 5253 1002 5319 etiieacissimus,
1036 5250 1210 5320 inquit
1256 5247 1536 5318 Evagrius.
1584 5247 1716 5302 llinc
1745 5247 1812 5302 ad
1849 5248 2077 5318 plurima
2119 5257 2174 5303 et

582 5347 894 5416 gravissima
919 5343 1132 5412 negotia
1160 5342 1304 5396 hunc
1333 5340 1638 5410 adjutorcm
1660 5339 1917 5395 adbibere
1943 5355 2170 5396 consue-

652 5486 678 5513 ε
707 5474 1013 5544 Quinetiam
1055 5474 1106 5527 in
1151 5472 1306 5544 Eccl.
1327 5471 1510 5529 Grreea
1536 5472 1784 5544 Episcopi
1814 5473 2011 5541 quibus
2040 5489 2171 5529 con-

578 5542 760 5600 cessus
789 5554 875 5600 est
905 5543 1051 5598 Pollii
1086 5559 1242 5613 usus,
1275 5542 1402 5598 illud
1434 5559 1539 5597 non
1571 5542 1686 5613 toto
1716 5542 1892 5598 Missa:
1924 5553 2170 5613 tempore

577 5622 814 5682 gestant,
844 5613 938 5667 sed
960 5629 1126 5682 usque
1153 5612 1229 5682 ad,
1251 5612 1622 5682 recitationem
1645 5611 1914 5681 Evangelii
1931 5652 1945 5674 ,
1979 5611 2048 5668 ex
2072 5613 2168 5668 lsi-

577 5680 712 5736 tlnro
758 5681 932 5735 Peius.
972 5680 1063 5735 lib.
1108 5698 1142 5736 ι.
1194 5680 1288 5750 Ep.
1332 5681 1454 5734 1'56.
1503 5681 1648 5735 Idem
1686 5680 1915 5737 testatur
1943 5683 2164 5742 Simeon

577 5751 944 5820 Thessalonic.
975 5751 1064 5803 lib.
1088 5751 1154 5820 de
1182 5750 1406 5820 Templa
1433 5758 1484 5803 et
1517 5750 1692 5806 bliesa.

646 5822 674 5864 b
698 5821 775 5878 De
813 5819 897 5875 his
937 5820 1052 5891 lege
1092 5818 1485 5876 Cardin.'Buna
1520 5821 1606 5876 lib.
1646 5837 1680 5875 ι.
1726 5821 1924 5876 Rerum
1959 5821 2160 5894 Liturg.

2357 4705 2409 4761 l.
2425 4706 2720 4778 Antequam
2743 4709 2810 4764 ab
2831 4708 3046 4764 Oriente
3070 4709 3404 4778 recedamus,
3425 4710 3689 4780 agendum
3710 4708 3854 4767 estde

2285 4800 2402 4865 lege
2423 4797 2653 4866 quadam
2683 4799 2872 4854 eodem
2895 4799 3006 4855 fere
3030 4811 3272 4870 tempore
3300 4800 3368 4854 ab
3391 4800 3720 4870 imperatore
3741 4815 3852 4869 pro-

2286 4887 2538 4956 mulgata,
2558 4905 2676 4959 qtae
2691 4889 3083 4944 sanctissimum
3106 4888 3415 4959 pontificem
3433 4890 3745 4958 :egritud'ne
3758 4888 3852 4955 jam

2286 4978 2372 5032 lab
2396 4989 2636 5045 Il‘alllCIII,
2657 4981 2972 5050 gravissimo
2985 4982 3171 5037 dolore
3193 4981 3390 5037 affecit.
3412 4982 3619 5036 Nimim
3643 5001 3671 5034 n
3688 4995 3855 5035 sanxeo

2284 5077 2367 5121 rat
2381 5067 2664 5133 Mauricius
2678 5087 2782 5124 non
2796 5071 2967 5126 solum
2983 5071 3291 5142 utqnisquis
3303 5071 3531 5141 publicis
3543 5071 3854 5125 administra-

2285 5159 2516 5217 tionibus
2543 5164 2729 5219 fuisset
2751 5166 3071 5235 implicatus,
3091 5165 3154 5220 ad
3183 5166 3610 5223 ecclesiasticum
3633 5165 3852 5222 ofﬁcium

2282 5258 2565 5325 pervenire
2595 5275 2700 5313 non
2729 5269 2932 5330 posset,
2964 5259 3058 5314 sed
3088 5260 3252 5314 etiam
3285 5269 3344 5314 ut
3372 5261 3422 5314 ei
3455 5261 3507 5314 in
3541 5259 3851 5315 monasterio

2280 5345 2522 5400 converti
2553 5363 2658 5402 non
2706 5348 2894 5404 liceret
2920 5367 2932 5402 :
2966 5348 3110 5418 quod
3153 5348 3221 5404 de
3251 5350 3315 5404 iis
3343 5365 3558 5421 quoque
3601 5349 3693 5420 qui
3722 5348 3852 5403 mii-

2272 5491 2319 5532 c.
2353 5475 2443 5541 ει,
2476 5494 2528 5530 η.
2558 5475 2608 5531 5.
3071 5456 3095 5487 '

2349 5559 2370 5584 ε
2416 5545 2682 5620 Ejusdem
2714 5551 2856 5618 regis
2897 5552 3305 5608 conversionem
3342 5553 3509 5609 refert
3553 5550 3849 5620 Fredegarii

2272 5617 2562 5693 cliropicon
2585 5635 2632 5673 c.
2658 5619 2717 5693 9,
2732 5617 2913 5693 aitque
2935 5623 3105 5693 ipsum
3128 5639 3251 5678 cum
3273 5626 3549 5693 sexaginta
3570 5617 3848 5693 Persarum

2271 5687 2504 5764 millibus
2550 5704 2668 5745 esse
2707 5687 3051 5760 baptizatt'nn,
3085 5703 3140 5748 et
3168 5710 3198 5748 a
3225 5687 3487 5764 Gregorio
3516 5692 3848 5749 Antiocheno

2270 5757 2336 5812 de
2367 5756 2582 5836 lavacro
2612 5756 2937 5831 susceptum.
