3992 6314
156 268 248 321 529

608 244 668 299 S.
708 239 1032 297 GREGORII
1074 238 1290 297 MAG-NI
1323 238 1502 303 VITA,
1546 236 1635 295 EX
1680 236 1843 296 EJUS
1880 234 2190 294 SCRIPTIS
2228 234 2621 295 ADORNATA.
2667 234 2793 291 LIB.
2838 238 2901 293 ll.

3284 241 3389 297 57.0

154 368 234 423 tim
256 356 499 427 adscripti
527 362 686 411 erant
724 335 1095 418 constituerat,
1138 350 1332 421 quibus
1359 350 1613 421 deinceps
1645 350 1708 405 li-
1738 356 1786 415 Α
1812 349 2066 419 additque
2085 348 2143 404 S.
2166 347 2484 417 Gregorium
2506 349 2647 404 hanc
2669 350 2842 419 legem
2866 349 3188 405 emolliendn
3205 354 3393 407 eadem

153 456 318 512 herum
346 463 451 503 non
480 454 598 501 erat
621 448 969 511 monasteria,
997 443 1323 513 pmnitrnt'm
1369 456 1531 496 causa
1555 481 1574 509 ,
1613 456 1708 511 pe-

153 556 273 603 tere.
317 549 342 577 ι
384 537 625 595 Curiales
679 539 894 608 quidem
959 549 1016 592 et
1077 534 1423 592 smeularibus
1482 534 1711 602 negotiis

157 632 413 691 adstrictos
440 628 508 683 ab
546 626 920 683 ecclesiasticis
944 625 1292 695 dignitatibus
1315 623 1526 678 excludi
1554 621 1711 678 valde

154 723 368 781 laudavit
402 721 463 775 S.
487 719 786 788 Gregorius
809 758 824 782 ,
853 716 1229 772 euidentissime
1267 716 1455 781 sciens,
1504 704 1717 785 inquit,

153 819 257 890 quia
281 816 363 886 qui
388 812 693 867 sa’cularem
742 809 973 863 habitum
1001 809 1243 862 deserens
1270 807 1339 860 ad
1367 806 1715 860 ecclesiastica

154 908 309 981 ofﬁcia
341 905 513 959 venire
542 904 782 972 festinat,
804 909 1005 954 mutare
1043 899 1146 953 vult
1181 898 1451 961 socculum,
1485 912 1588 949 non
1627 910 1713 949 re-

156 1003 375 1070 linquere.
398 996 467 1048 At
490 993 678 1049 iisdem
699 1007 805 1047 non
828 991 990 1045 licere
1038 989 1091 1044 in
1113 986 1452 1042 monasteriis
1474 984 1716 1039 converti

156 1091 350 1147 minime
375 1088 646 1158 probavit.
678 1085 793 1146 Etsi
823 1083 966 1138 enim
995 1080 1117 1135 atris
1147 1080 1305 1134 alieni
1336 1078 1609 1132 di-bitorcs
1639 1077 1717 1131 fo-

154 1193 276 1249 rent,
304 1198 368 1238 ac
407 1180 638 1252 publicis
680 1177 978 1234 rationibus
1017 1173 1258 1242 implexi,
1287 1179 1499 1241 poterat
1527 1184 1715 1225 eorum

155 1276 327 1333 dtbitis
372 1290 473 1345 per
512 1271 896 1327 mona~tcrium
951 1266 1235 1330 satisﬁeri,
1287 1263 1458 1332 inquit
1503 1271 1719 1315 sanctus

156 1367 389 1439 pontilex.
421 1363 576 1432 Quod
624 1378 731 1417 uno
770 1360 1069 1427 eodemque
1112 1367 1393 1426 argmento
1438 1354 1596 1409 simul
1621 1353 1717 1407 de-

154 1465 397 1513 monstrat
448 1462 505 1509 et
554 1453 737 1509 dotata
789 1450 953 1506 fuisse
999 1457 1128 1504 tunc
1180 1447 1508 1503 monasteria
1556 1446 1718 1499 etiam

157 1548 325 1620 amplis
352 1546 634 1610 reditibus,
667 1552 723 1598 et
750 1557 1012 1599 summam
1042 1541 1093 1594 in
1123 1539 1254 1610 ipsis
1278 1539 1513 1607 viguisse
1542 1537 1719 1591 chari-

159 1649 323 1697 tatem.
376 1637 607 1691 Maxime
640 1650 771 1689 vero
815 1630 1093 1687 damnavit
1142 1628 1510 1683 sanctissimus
1564 1636 1720 1697 pater

1809 439 2131 495 auctoritate
2160 452 2313 493 usum
2341 453 2445 507 qua
2483 439 2719 509 pncfecti
2758 442 3030 510 praetorio,
3062 454 3230 510 penes
3256 456 3392 510 quos

1810 537 1931 584 erat
1957 529 2142 586 civiles
2169 528 2317 598 leges
2341 528 2406 584 ad
2428 543 2490 585 se
2521 528 2588 584 ab
2628 529 3040 607 imperatoribus
3077 529 3308 585 directas
3336 539 3397 587 ut

1812 621 2234 692 publicarentur,
2262 628 2356 676 aut
2378 621 2639 691 tantisper
2667 621 2972 685 immutare,
2994 629 3087 675 aut
3114 622 3182 675 ab
3205 637 3392 679 carum

1813 713 2173 783 publicatione
2201 713 2493 781 abstinere,
2519 714 2691 769 donec
2731 714 2798 768 de
2826 715 2892 769 iis
2933 715 3281 770 emendandis
3320 721 3386 771 al

1815 802 2113 871 Augustum
2142 803 2482 873 scripsissent
2505 805 2587 859 vel
2626 805 2799 873 ipsum
2838 805 3113 862 adiissent.
3144 805 3244 861 Alii
3274 824 3403 862 vero

1816 894 2128 947 existimant
2156 893 2295 947 hanc
2337 893 2510 962 legem
2554 894 2695 947 nulla
2726 896 3027 949 mutatione
3073 895 3211 949 facta
3245 896 3405 951 fuisse

1817 982 2034 1037 missam
2061 997 2090 1034 a
2116 981 2172 1035 S.
2198 982 2460 1050 Gregorio
2486 985 2697 1051 qualem
2730 994 3009 1055 acceperat
3056 986 3120 1041 ab
3172 987 3404 1056 impera-

1820 1083 1969 1139 tore;
2004 1073 2163 1141 idque
2186 1074 2267 1127 his
2286 1073 2530 1140 Gregorii
2549 1076 2725 1131 verbis
2740 1077 3025 1144 significari
3048 1080 3404 1141 contenlunt.

1818 1166 2050 1221 eamdem
2078 1165 2237 1235 legem
2267 1182 2359 1233 per
2386 1166 2613 1219 diversas
2637 1174 2892 1220 terrarum
2915 1180 3087 1236 partes
3112 1174 3409 1237 granstmtti

1821 1258 1847 1327 ί
1872 1255 1940 1320 ci,
1954 1262 2003 1308 et
2021 1254 2138 1325 quia
2156 1254 2238 1306 lea:
2260 1254 2373 1323 ipsa
2397 1254 2735 1323 omnipotenti
2757 1253 2866 1308 Deo
2881 1257 3088 1310 minime
3108 1261 3405 1324 concordat,

1820 1359 1994 1399 ecce..
2014 1382 2059 1397 ..
2082 1382 2095 1397 .
2128 1344 2379 1398 nuntiari.
2410 1342 2565 1411 Ergo.
2598 1342 2867 1412 inquiunt,
2902 1346 2985 1399 lex
3013 1346 3188 1414 qualis
3208 1363 3237 1400 a
3272 1365 3409 1417 papa

1820 1436 2133 1489 transmissa
2161 1443 2243 1490 est
2264 1450 2369 1488 non
2394 1434 2498 1486 lum
2530 1433 2706 1488 fuerat
2731 1435 2991 1505 castigata
3026 1443 3082 1490 et
3104 1437 3409 1502 emendata,

1820 1527 2253 1597 quandoquidem
2280 1528 2545 1583 voluntati
2571 1527 2784 1596 legique
2811 1528 2907 1583 Dei
2932 1536 3052 1598 post
3074 1530 3415 1585 emendatio-

1823 1635 1944 1675 nem
1975 1628 2337 1675 conscntanea
2367 1627 2506 1674 erat.
2546 1617 2865 1675 Utrumlibet
2892 1621 3218 1676 sententiam
3248 1622 3414 1691 eligat

156 1729 304 1796 legem
330 1742 434 1796 qua
462 1725 659 1780 milites
686 1723 753 1777 ab
777 1723 1019 1793 ingressu
1049 1718 1497 1773 monasteriorum
1528 1718 1713 1787 prohi-
1748 1726 1795 1785 Β
1821 1708 2012 1764 lector.

158 1821 413 1882 beliantur,
446 1818 545 1871 nisi
589 1824 681 1869 aut
707 1813 921 1883 expleta
951 1810 1158 1876 militia,
1191 1820 1283 1863 aut
1331 1824 1431 1878 pro
1472 1809 1716 1877 corporis

155 1912 405 1966 debilitate
434 1908 745 1963 missionem
777 1911 957 1959 essent
987 1902 1281 1957 consecuti.
1322 1901 1500 1970 ipsum
1530 1902 1714 1956 audia-

156 2019 257 2057 mus
281 2002 344 2055 de
370 2000 472 2053 bac
516 1998 635 2067 lege
670 2013 794 2052 cum
832 1995 1088 2049 Mauricio
1126 1992 1594 2073 expostulantemf
1636 1991 1717 2045 Ad

158 2092 269 2155 hac,
296 2104 405 2142 ecce
432 2103 523 2157 per
560 2102 643 2139 me
687 2100 886 2138 servum
926 2083 1159 2136 ultimum
1206 2097 1353 2135 suum
1398 2090 1448 2134 et
1496 2091 1716 2135 rostrum

157 2178 453 2250 respondebit
497 2175 758 2241 Christus,
789 2174 967 2227 dicens
993 2191 1004 2225 :
1040 2172 1153 2243 Ego
1182 2182 1229 2225 te
1253 2171 1317 2225 de
1337 2171 1364 2210 ι’
1394 2173 1600 2227 notario
1630 2189 1718 2225 co-

156 2273 304 2324 mitem
332 2265 707 2328 excubitorum,
738 2264 802 2318 de
839 2263 1023 2317 contite
1050 2261 1402 2315 excubitorum
1435 2259 1712 2321 Cwsarent,

153 2360 207 2413 de
226 2360 416 2413 limare
442 2358 839 2427 imperatorem;
871 2370 961 2407 nec
985 2351 1150 2405 solum
1179 2352 1295 2418 hoc,
1320 2351 1410 2405 sed
1440 2352 1593 2405 etiam
1620 2368 1716 2418 pa-

154 2462 262 2504 trem
286 2451 653 2518 imperatorum
701 2446 819 2516 feci.
871 2442 1180 2498 Sacerdotes
1223 2459 1363 2496 nteos
1401 2450 1502 2497 tua:
1539 2443 1715 2495 manui

159 2539 375 2600 (ornatisi,
406 2545 458 2591 et
484 2551 538 2590 tu
580 2553 614 2590 a
641 2553 753 2590 meo
796 2535 1002 2589 servitio
1048 2533 1238 2586 milites
1268 2541 1381 2588 tuos
1410 2532 1720 2589 subtrahis?

158 2627 423 2697 Responde,
452 2643 604 2697 rogo,
632 2625 864 2692 piissime
888 2623 1130 2689 Domine,
1170 2639 1316 2677 serro
1346 2632 1454 2689 tuo,
1485 2624 1608 2694 quid
1636 2640 1721 2677 ve-

154 2721 291 2773 nienti
312 2729 360 2773 et
387 2719 497 2773 Iiwc
519 2718 714 2771 dicenti
740 2730 1082 2786 responsurus
1105 2729 1158 2768 es
1190 2715 1242 2766 in
1265 2714 1467 2783 judicio
1492 2711 1719 2768 Domino

158 2809 258 2862 tuo?
285 2807 485 2864 Caetera
516 2808 761 2876 legantur
786 2806 981 2861 eadem
1021 2817 1142 2874 quae
1179 2818 1445 2858 summum
1489 2801 1722 2857 decebat

155 2898 435 2969 pontiﬁcem
468 2898 719 2952 libertate
752 2896 895 2950 dicta
920 2935 933 2961 ,
965 2909 1125 2963 quam
1178 2902 1356 2947 tamen
1401 2892 1485 2947 his
1532 2902 1718 2961 postea

154 2990 309 3045 verbis
326 2988 649 3060 temperavit
674 2987 1031 3042 humilitatem
1060 2984 1390 3054 Spll'allllblls
1416 3000 1430 3036 :
1464 2982 1575 3054 Ego
1603 2983 1718 3055 qui-

1894 1802 1945 1856 5.
1985 1803 2249 1857 (ὶωιριιιτιι
2277 1800 2412 1870 legis
2438 1800 2596 1870 hujus
2620 1801 2852 1858 ferenda:
2877 1804 3217 1859 occasionem
3242 1805 3411 1876 impe-

1823 1892 1987 1947 ratori
2014 1892 2316 1962 prmbuerat
2343 1892 2594 1960 frequens
2622 1893 2989 1962 pmnitcntiam
3017 1902 3145 1950 tunc
3167 1896 3412 1951 ambien-

1825 1983 1955 2036 tium
1978 1998 2277 2039 concursus
2302 1982 2372 2037 ad
2402 1985 2745 2049 monasteria,
2764 1985 2835 2039 ita
2859 1997 2916 2039 ut
2942 1986 3183 2056 plerique
3210 1990 3410 2045 saeculo

1824 2080 1879 2124 et
1905 2071 2068 2125 curiae
2089 2072 2249 2126 variis
2276 2068 2469 2127 ciliciis
2510 2072 2931 2143 miniteriisque
2977 2076 3210 2145 alligati,
3237 2078 3413 2133 inten-

1824 2162 1949 2215 tzris
1980 2162 2177 2216 latine
2216 2161 2409 2217 divina:
2448 2160 2692 2231 flagellis.
2719 2166 3022 2231 perterriti,
3061 2168 3136 2224 rei
3171 2177 3279 2224 tum
3310 2186 3413 2240 pu-

1825 2253 1976 2305 lilii-a3
2018 2259 2131 2305 tum
2177 2252 2399 2321 privata:
2430 2253 2672 2307 nuntium
2717 2255 3095 2323 remitterent,
3138 2260 3411 2328 publicani

1829 2343 2029 2396 telouia
2071 2341 2412 2410 desererent;
2446 2343 2704 2398 militares
2732 2344 2859 2411 viri,
2891 2346 3004 2400 sive
3036 2347 3068 2400 ii
3101 2349 3327 2418 gregarii
3358 2360 3409 2404 et

1825 2432 2213 2501 manipulares,
2267 2432 2381 2488 sive
2433 2435 2779 2489 centuriones
2830 2442 2924 2488 aut
2969 2436 3165 2491 tribuni
3217 2440 3459 2508 aliique'

1823 2522 2004 2588 duces,
2036 2521 2236 2577 milith
2264 2523 2491 2593 insignia
2519 2524 2865 2595 projicerent,
2898 2526 2966 2581 ad
3004 2530 3411 2587 (onvcrsioncm

1824 2612 2162 2671 festinantes.

1899 2704 2069 2761 Porro
2090 2722 2196 2760 non
2222 2706 2448 2763 deerant
2473 2708 2711 2764 rationes
2740 2724 2860 2779 qum
2890 2713 3277 2781 persuaderent
3310 2718 3411 2772 mi-

1828 2796 1948 2851 lites
1972 2797 2185 2851 nonnisi
2207 2799 2463 2852 emeritos
2483 2808 2539 2853 et
2558 2800 2827 2867 ἀίιιιίνεοε,
2856 2818 2907 2856 ιιι
2932 2806 3271 2864 monasteriis
3292 2821 3413 2861 esse

1826 2887 2220 2957 suscipiendos.
2244 2888 2453 2959 Quippe
2475 2905 2599 2945 can.
2622 2889 2656 2944 4
2682 2892 2895 2946 concilii
2916 2892 3172 2949 Chalced.
3194 2905 3413 2950 caulum

1829 2985 1933 3042 est,
1965 2993 2032 3033 ne
2052 2980 2171 3049 quis
2198 2981 2251 3034 in
2275 2980 2613 3037 monasteriis
2642 2996 2833 3037 servus
2861 2983 3083 3038 obtentu
3106 2987 3416 3043 monastitm

153 3084 249 3136 dem
283 3082 505 3152 iussioni
543 3079 838 3151 subjectus,
868 3077 1099 3132 eamdem
1143 3078 1306 3146 legem
1356 3091 1447 3145 per
1493 3076 1719 3129 diversas
1750 3111 1794 3169 Ο
1826 3072 2173 3141 professionis
2204 3073 2519 3142 recipiatur,
2551 3082 2745 3143 praeter
2777 3073 2980 3130 domini
3016 3076 3097 3131 sui
3135 3078 3417 3133 conscien-

157 3185 380 3228 tcrrarum
407 3182 582 3243 partes
611 3171 894 3226 transmitti
921 3169 1052 3240 feci;
1078 3178 1127 3222 et
1153 3170 1272 3239 quia
1294 3167 1379 3221 lea:
1406 3168 1521 3238 ipsa
1550 3167 1715 3220 omni-

152 3265 320 3334 pozenti
349 3263 458 3317 Deo
499 3263 712 3316 minime
736 3259 1050 3326 concordat,
1093 3276 1209 3313 ecce
1253 3275 1344 3329 per
1371 3258 1721 3330 suggestionis

153 3372 260 3409 metu
285 3356 527 3426 paginam
553 3353 904 3407 serenissimis
945 3350 1187 3406 Dominis
1218 3350 1471 3403 nuntiavi.
1508 3348 1719 3405 Πινοὺί-

152 3460 230 3511 que
250 3458 364 3512 ergo
392 3458 508 3512 quia
532 3441 685 3495 debui
714 3441 930 3506 exsolvi,
954 3441 1040 3510 qui
1069 3450 1118 3493 et
1141 3438 1443 3507 imperatori
1471 3436 1719 3493 obedien-

154 3535 259 3586 tiam
300 3531 529 3599 prtebui,
560 3542 608 3585 et
653 3548 745 3600 pro
797 3530 904 3585 Deo
935 3530 1071 3600 quod
1115 3530 1254 3585 sensi
1300 3528 1510 3582 minime
1556 3529 1713 3582 tacui.

153 3627 169 3695 (
192 3627 308 3684 Vide
331 3630 421 3685 lib.
452 3644 528 3691 ιιι,
558 3642 676 3695 opp.
699 3623 771 3678 65
795 3631 845 3677 et
873 3621 1002 3691 66.)

213 3722 261 3777 2.
298 3723 448 3777 Hane
467 3720 752 3793 epistolam
783 3716 1075 3787 Gregorius
1105 3715 1250 3771 misit
1275 3716 1343 3771 ad
1372 3714 1719 3771 Theodorum

156 3812 474 3883 imperatoris
502 3809 858 3877 arcbiatrum,
886 3823 982 3863 seu
1021 3806 1352 3863 medicorum
1379 3807 1675 3877 principem
1700 3845 1716 3871 ,

153 3920 322 3976 rogans
346 3913 411 3961 ut
437 3919 559 3960 eam
598 3910 815 3975 captato
861 3908 1107 3973 tempore
1154 3899 1376 3955 oti‘erret
1421 3899 1715 3966 Mauricio,

154 3997 277 4067 apud
310 4012 471 4067 quem
500 3994 677 4065 gratia
722 3994 1011 4065 plurimum
1057 3992 1302 4059 valebat,
1353 3991 1717 4061 adhibitisque

156 4094 250 4141 tum
275 4087 512 4144 consiliis
537 4095 652 4141 tum
684 4084 931 4154 precibus
972 4082 1039 4137 ad
1067 4082 1208 4137 hanc
1236 4082 1410 4150 legem
1451 4081 1719 4151 refingeno

153 4176 258 4233 dam
296 4188 389 4234 aut
440 4177 825 4234 emolliendam
863 4175 1163 4245 Augustum
1188 4174 1510 4245 impelleret.
1555 4174 1712 4245 241

159 4270 323 4327 Utrum
349 4272 400 4327 id
412 4271 734 4326 Theodorus
751 4266 1058 4339 prmstiterit
1080 4267 1409 4335 ignoramus.
1426 4267 1631 4323 Docere
1643 4277 1718 4323 ta-

162 4376 265 4415 men
279 4361 485 4416 videtur
497 4368 722 4416 sanctus
738 4357 977 4429 pontifex
994 4356 1309 4413 Mauricium
1332 4372 1362 4412 a
1380 4358 1495 4428 lege
1508 4358 1713 4415 sancita

155 4462 313 4521 postea
341 4453 613 4509 resiliisse.
632 4451 899 4513 ‘Seribcns
922 4451 1065 4506 enim
1095 4449 1165 4505 ad
1212 4450 1475 4521 plurimos
1513 4459 1719 4507 metro-

157 4545 323 4612 politas
366 4546 438 4601 de
484 4544 747 4599 militibus
798 4551 923 4611 post
970 4541 1185 4597 triennii
1231 4541 1604 4613 probationem
1652 4543 1719 4597 ad

159 4636 486 4690 monasticum
518 4633 763 4688 habitum
791 4630 1162 4700 suscipiendis,
1188 4629 1405 4686 subdit:
1433 4631 1549 4698 Qua
1575 4631 1639 4686 de
1668 4642 1723 4685 re

156 4725 288 4778 etiam
348 4726 709 4780 serenissimns
767 4732 817 4776 et
868 4721 1343 4776 Cliristianissinuts
1398 4721 1720 4790 imperator,

157 4814 261 4867 mihi
284 4810 504 4880 credite,
550 4815 691 4868 omni
721 4813 875 4867 modo
920 4812 1179 4883 placatur,
1211 4821 1261 4865 et
1287 4810 1505 4865 libenter
1542 4829 1719 4866 eorum

156 4908 507 4961 conrersionem
538 4906 772 4975 suscipit,
805 4918 931 4975 quos
969 4903 1024 4957 in
1054 4899 1340 4957 ration-ibus
1367 4901 1586 4973 publicis
1617 4905 1717 4958 im-

157 4998 346 5067 plicatos
376 5014 478 5052 non
506 5013 620 5051 esse
645 4996 928 5067 cognoscit.

212 5088 396 5146 Censet
422 5090 588 5145 etiam
622 5086 684 5142 E.
717 5087 778 5142 Ο.
810 5086 1075 5141 Baronius
1104 5084 1277 5154 legem
1308 5084 1447 5141 hanc
1487 5085 1720 5156 impera-

160 5183 325 5235 loriam
355 5198 382 5235 a
406 5180 675 5250 Gregorio
712 5178 1053 5233 emendatam
1090 5185 1145 5231 et
1181 5184 1535 5246 temperatam
1576 5178 1725 5245 prius

160 5270 295 5328 fuisse
310 5288 469 5343 quam
486 5288 608 5328 eam
632 5269 958 5341 promulgari
979 5278 1213 5335 curaret,
1232 5268 1726 5335 transmitteretqne

158 5364 211 5415 ad
236 5365 626 5437 metropolitas.
658 5363 858 5418 Eadem
888 5369 972 5417 est
1006 5360 1119 5417 fere
1157 5360 1499 5416 illustrissimi
1528 5359 1624 5415 viri
1659 5359 1721 5412 ι).

161 5454 217 5510 de
252 5457 427 5513 Mares
473 5455 745 5513 sententia
793 5452 919 5525 (De
954 5452 1211 5510 Concord.
1251 5449 1339 5507 lib.
1385 5467 1451 5516 ιι,
1505 5468 1551 5507 c.
1580 5449 1724 5521 ll);

220 5600 241 5629 ⁸
274 5592 415 5648 idem
461 5590 710 5661 plurimis
757 5590 868 5659 jam
913 5589 1345 5661 canonibus,___c_t
1392 5601 1726 5661 summorum

163 5662 449 5730 pontiﬁcum
466 5655 704 5719 decretis
735 5655 992 5716 statutum
1018 5660 1210 5715 fuerat.
1237 5658 1368 5715 Vide
1398 5655 1556 5729 epist.
1579 5656 1616 5710 2
1642 5655 1731 5713 ln-

167 5737 373 5790 uoccutii
398 5734 418 5787 ι
447 5733 518 5788 ad
543 5730 859 5786 Victricium
886 5731 1101 5786 Return.

386 5831 663 5892 ParnOL.
700 5825 951 5889 LXXV.
1132 5882 1161 5895 ,

1828 3164 1953 3216 tiam
1983 3180 1995 3215 :
2023 3163 2476 3231 transgredientes
2515 3171 2695 3218 autem
2733 3165 2873 3220 hanc
2910 3164 3273 3222 definitionem
3323 3184 3419 3225 cx-

1821 3253 2309 3309 communicantnr.
2344 3253 2407 3307 Et
2433 3254 2487 3308 in
2528 3255 2760 3311 concilio
2786 3254 3082 3326 Gangrensi
3122 3273 3238 3313 can.
3271 3259 3305 3312 5
3335 3260 3413 3315 le-

1824 3348 1996 3417 gimus
2022 3365 2035 3403 :
2066 3347 2125 3403 Si
2151 3347 2264 3418 quis
2292 3365 2494 3402 servum
2535 3357 2787 3419 pra’textu
2834 3350 2992 3405 dirini
3030 3353 3198 3405 cultus
3235 3354 3418 3407 doceat

1825 3440 2089 3493 dominum
2134 3447 2457 3494 contemnere
2498 3440 2797 3511 proprium,
2835 3449 2891 3494 ut
2936 3442 3167 3497 discedat
3203 3444 3267 3497 ab
3302 3447 3416 3515 ejus

1825 3529 2180 3602 obsequio.....
2228 3532 2504 3585 anathema
2553 3532 2641 3586 sit.
2687 3532 2757 3586 At
2802 3533 2999 3589 milites
3047 3541 3163 3589 toto
3208 3536 3413 3592 militia:

1826 3630 2071 3692 tempore
2091 3637 2197 3676 non
2219 3637 2376 3676 secus
2401 3637 2463 3676 ac
2485 3622 2646 3687 servi,
2669 3621 2737 3676 ad
2767 3622 3072 3692 reipublica:
3093 3624 3410 3695 obsequium

1824 3710 2330 3782 adstringeliantur;
2382 3711 2523 3766 unde
2555 3711 2718 3765 etiam
2766 3711 2819 3765 in
2848 3727 3010 3766 manu
3055 3713 3247 3781 signati
3289 3724 3417 3771 tunc

1829 3811 1985 3858 erant
2009 3810 2260 3871 tanquam
2293 3802 2555 3869 mancipia
2584 3801 2778 3870 quibus
2800 3811 2943 3855 naue
2965 3802 3209 3873 quasdam
3234 3804 3415 3861 inure-

1830 3892 2045 3948 bantur.
2079 3892 2154 3948 De
2191 3892 2275 3948 his
2304 3891 2561 3961 legendus
2584 3892 2838 3963 Vegetius
2867 3895 2958 3949 lib.
2988 3912 3053 3961 tt,
3078 3911 3129 3952 c.
3158 3896 3248 3951 25.
3297 3898 3418 3969 Ipse

1824 3983 2115 4053 Gregorius
2143 3982 2197 4037 in
2236 3982 2452 4053 przelata
2490 3981 2560 4036 ad
2600 3981 2912 4038 Mauritium
2944 4001 3031 4055 ep.
3077 3987 3276 4043 milites
3317 4006 3413 4060 ap.

1821 4075 1989 4145 pellat
2019 4091 2175 4129 manu
2204 4074 2454 4146 signatos.
2499 4071 2661 4130 Juxta
2706 4090 2911 4130 morem
2958 4077 3276 4135 hodiernum
3309 4084 3409 4137 etsi

1824 4169 2083 4224 militibus
2112 4167 2254 4223 nulla
2305 4167 2589 4222 inurantur
2615 4168 2861 4237 stigmata
2881 4211 2897 4238 ,
2928 4172 3108 4227 statim
3138 4182 3316 4231 tamen
3347 4192 3413 4232 ac

1826 4268 2166 4317 sacramento
2208 4261 2336 4314 dato
2384 4259 2626 4314 militiam
2670 4261 2896 4330 professi
2925 4272 3074 4332 sunt,
3104 4280 3223 4320 eam
3253 4268 3412 4321 deso-

1826 4366 1976 4416 rere,
2006 4350 2167 4405 ttiam
2217 4348 2499 4405 sanctioris
2548 4350 2749 4404 miéitia:
2786 4351 3171 4422 amplectenda:
3216 4372 3418 4424 causa,

1827 4443 2045 4512 impune
2088 4456 2196 4496 non
2233 4448 2484 4510 possunt.
2517 4438 2641 4495 llznc
2686 4440 2829 4499 dicta
2870 4442 2980 4497 sint
3008 4451 3064 4501 ut
3092 4456 3213 4500 eam
3240 4446 3412 4515 legent

1828 4532 2174 4589 ostendamus
2202 4546 2303 4587 nec
2332 4530 2493 4601 impie
2522 4530 2589 4585 ab
2612 4531 2849 4600 Augusto
2879 4532 3065 4601 latam,
3088 4549 3189 4588 nec
3216 4550 3245 4588 a
3278 4533 3409 4588 Grc-

1824 4624 1976 4693 gorio
2007 4632 2209 4677 temere
2236 4622 2651 4692 promulgatam.
2685 4621 2836 4678 Litct
2872 4624 3015 4678 enim
3058 4632 3250 4678 contra
3298 4626 3416 4695 pic-

1825 4726 1991 4773 tatem
2020 4730 2258 4786 pugnare
2283 4715 2572 4778 videretur,
2601 4714 2747 4782 quod
2779 4714 2830 4768 in
2852 4730 3005 4771 sacra
3027 4717 3415 4771 monachorum

1825 4810 1943 4865 acie
1982 4806 2176 4861 mereri
2229 4806 2643 4875 prohiberentur
2672 4805 2868 4859 milites
2897 4805 3262 4877 (quapmpter
3281 4806 3416 4863 Grc-

1822 4902 2006 4969 gorius
2028 4898 2337 4953 Mauricium
2369 4895 2584 4952 liberius
2625 4896 2964 4966 increpavit),
2991 4912 3050 4952 re
3080 4906 3258 4953 tamen
3291 4915 3417 4969 pro-

1826 4991 1948 5062 pius
1992 4997 2296 5061 perspecta,
2342 4986 2574 5057 bonique
2604 4986 2798 5058 publici
2847 4987 3029 5041 habita
3066 4989 3310 5058 ratione,
3343 4990 3415 5045 ita

1826 5082 2170 5137 statuendum
2196 5094 2315 5136 esse
2343 5079 2626 5151 prudentia
2646 5078 3164 5138 consultissimorum
3186 5080 3416 5141 fortasse

1828 5171 2107 5226 suadebat.

1900 5262 1953 5315 ιι.
1995 5261 2128 5317 (lum
2157 5261 2223 5317 de
2253 5259 2658 5317 conscribendis
2677 5259 2895 5319 Christo
2922 5262 3176 5319 militibus
3211 5265 3280 5319 ita
3307 5267 3415 5320 sola

1829 5355 2007 5410 licitus
2036 5361 2179 5409 esset
2208 5351 2287 5405 vir
2315 5351 2709 5417 sanctisimus,
2742 5361 2799 5403 nt
2831 5355 2971 5406 inter
3012 5369 3106 5409 eos
3136 5354 3415 5425 disciplina

1830 5445 2035 5514 v'g‘ret
2062 5441 2231 5511 magis
2258 5455 2321 5496 ac
2362 5440 2533 5508 magis
2575 5439 2929 5507 allaborabat,
2957 5444 3255 5512 praesertim
3290 5460 3418 5501 vero

1904 5582 1930 5621 δ
1970 5581 2043 5636 Ev
2072 5577 2396 5636 Cassiodoro
2427 5579 2519 5635 lib.
2545 5597 2561 5636 ι
2589 5580 2742 5649 Var.-,
2768 5596 2855 5650 ep.
2888 5580 2941 5639 4.
2977 5581 3266 5650 colligitur,
3308 5585 3416 5644 Noe

1832 5655 2090 5777 lat'iorttltl‘t
2114 5651 2253 5778 atpnd
2276 5652 2628 5724 imperatores
2648 5667 2894 5725 magnam
2925 5653 3084 5711 fuisse
3100 5651 3413 5725 dzgnitatem

1834 5735 1887 5781 et
1913 5740 1982 5795 pa
2011 5739 2068 5779 es
2094 5739 2123 5778 ιι
2154 5737 2258 5776 rm.
3044 5731 3055 5743 '

2945 5820 3014 5879 11
