3992 6298
622 232 723 285 ‘55]
1112 230 1166 283 ὃ.
1209 227 1540 286 GREGURli
1579 227 1788 283 MAGNI
1831 226 2011 294 VITA,
2060 225 2149 281 EX
2191 224 2352 283 EJUS
2391 221 2699 281 SCRIPTIS
2739 220 3129 277 ADdllN.\T.\.
3176 220 3303 275 LIB.
3348 221 3412 276 ll.
3769 225 3861 282 532

622 354 674 399 ut
708 345 928 399 fratrum
956 358 1177 400 suorum
1220 344 1375 398 saluti
1406 342 1767 409 custodimque
1804 339 2027 394 abbatcs
2059 337 2195 393 invi-
2229 341 2271 397 Α
2301 336 2598 391 ablactatus
2630 349 2661 388 a
2690 342 2933 390 materno
2967 335 3131 389 ubere
3176 332 3492 398 infantulus,
3526 340 3607 387 tot
3652 331 3757 391 fere
3780 353 3859 393 va-

621 438 847 506 gilarent
873 437 1164 493 admonere
1192 436 1491 503 satagebat.
1528 432 1678 487 Unde
1717 430 1897 485 statim
1946 444 2009 483 ac
2049 427 2203 481 audi-
2302 429 2443 496 gitus
2469 428 2664 493 emisit,
2697 426 2842 495 quod
2870 427 3071 497 scripta
3102 425 3290 480 edidit.

621 533 699 585 vit
722 539 746 568 ι
768 528 1028 583 Joannem
1070 527 1316 581 abbatem
1362 536 1457 576 sua
1502 518 1745 573 socordia
1787 521 2081 589 opinionem
2121 518 2203 573 sui
2376 520 2535 591 242
2570 521 2624 574 6.
2667 518 2737 575 Ut
2759 520 2825 576 de
2855 520 2921 576 iis
2949 522 3110 575 etiam
3140 521 3231 590 qui
3264 519 3396 575 foris
3423 530 3568 584 sunt,
3610 528 3666 575 ct
3686 520 3749 574 ad
3776 520 3866 580 Ee-

620 622 920 676 monasterii
948 620 1244 689 inquinasse
1265 631 1327 669 ac
1358 613 1727 680 labefactasse,
1754 611 1821 666 ad
1841 626 1963 666 eum
1991 609 2205 680 scripsit
2303 610 2523 666 elesiam
2571 626 2679 666 non
2728 612 3001 680 pertinent
3047 612 3224 666 obiter
3273 626 3517 681 agamus,
3570 610 3731 667 Judzei
3772 628 3867 671 non

623 714 673 765 in
696 713 807 765 haec
828 710 988 763 verba
1014 726 1028 761 :
1064 707 1141 761 De
1163 709 1385 777 fratrum
1416 702 1687 758 animabus
1716 704 1924 759 omnino
1952 710 2062 756 esto
2092 701 2202 755 sot-
2303 701 2471 757 semel
2498 702 2707 771 experti
2752 700 2997 773 Gregorii
3042 702 3404 766 clementiam,
3436 702 3543 757 hoc
3570 716 3709 757 anno
3735 703 3866 772 ejus-

618 802 807 854 !ieitns.
825 799 1069 869 Sufﬁciat
1082 798 1196 867 jam
1214 796 1349 868 quod
1366 795 1540 865 Opinio
1558 795 1858 850 monasterii
1876 811 1967 866 per
1982 802 2201 848 vestram
2304 791 2428 846 dem
2458 792 2682 861 impigra
2708 792 3069 847 sollicitudine
3094 793 3322 863 zeloque
3348 792 3616 848 indefesso
3658 798 3869 864 repressi

617 890 979 959 rthligetttiam
1000 888 1269 959 inquinata
1296 897 1392 940 est.
1419 883 1543 941 Non
1571 887 1865 957 frequenter
1887 885 2032 954 [oras
2057 898 2204 953 egre-
2303 888 2441 937 sunt.
2481 881 2742 937 Nimirum
2785 897 2907 937 cum
2935 881 3151 949 quidam
3188 894 3208 918 ε·
3239 881 3407 941 Nasas
3433 882 3576 937 inter
3602 898 3693 940 eos
3719 886 3863 940 scele-

615 981 799 1033 diaris.
832 978 898 1033 In
928 980 1099 1034 causis
1128 979 1243 1033 istis
1284 986 1673 1046 procuratorem
1708 977 1951 1043 institue,
1974 985 2023 1029 et
2054 984 2107 1028 tu
2135 976 2205 1028 ad
2302 972 2592 1025 ratissimus
2620 973 2719 1026 sub
2746 972 2951 1027 honore
2971 972 3111 1026 beati
3140 970 3266 1026 Elia:
3291 971 3463 1027 altare
3481 974 3869 1041 construxisset,

607 1073 882 1127 lectionem
924 1081 1074 1145 atque
1121 1073 1409 1126 orationem
1460 1087 1680 1125 eaeam.
1740 1068 1805 1123 In
1854 1070 1977 1139 ipsis
2031 1075 2203 1121 autem
2304 1064 2607 1131 multosque
2635 1062 3061 1117 Christianorum
3105 1063 3232 1116 illuc
3273 1064 3543 1118 orationis
3572 1079 3728 1119 causa
3754 1081 3869 1135 per-

614 1164 862 1233 [νηινειηιε
902 1167 1203 1219 monasterii
1242 1164 1316 1217 mi
1345 1180 1469 1234 quo,
1515 1163 1683 1225 ιοξάεο,
1717 1177 1819 1215 non
1865 1161 2068 1215 ίηυρηίο
2115 1177 2203 1214 eos
2304 1153 2555 1207 traxisset
2586 1168 2648 1207 ac
2676 1153 3007 1208 seduxisset:
3040 1153 3252 1223 scripsit
3285 1153 3719 1222 vigilantissimus
3744 1170 3870 1226 pon-

600 1255 682 1307 ad
729 1254 1000 1309 lectionem
1046 1269 1251 1308 vacare.
1310 1251 1459 1306 Unde
1507 1252 1842 1305 considerare
1888 1266 2089 1303 necesse
2126 1259 2203 1303 est
2303 1245 2432 1301 tifex
2463 1247 2529 1300 ad
2560 1246 2888 1302 Libertinum
2928 1246 3125 1303 Sicilia:
3154 1248 3463 1317 prmfcetuni
3510 1245 3667 1317 (Lib.
3698 1264 3870 1319 unsp.

611 1353 859 1412 qimntum
902 1352 1169 1413 peccatum
1214 1350 1319 1406 est,
1359 1349 1414 1394 ut
1458 1357 1522 1394 ea:
1556 1339 1728 1393 aliena
1754 1337 2014 1393 oblatione
2060 1336 2202 1393 Deus
2304 1334 2430 1405 38),
2464 1337 2552 1391 ubi
2583 1336 2789 1392 facinus
2817 1337 3105 1392 admissum
3138 1336 3333 1404 fuerat,
3362 1338 3771 1407 superstitioque
3799 1354 3873 1392 vx-

611 1434 749 1490 robis
805 1437 1109 1490 alimoniam
1156 1432 1531 1500 transmiserit,
1579 1440 1627 1485 et
1680 1446 1767 1483 vos
1810 1429 2057 1485 mandata
2108 1428 2202 1483 Dei
2302 1431 2482 1497 gebat,
2533 1438 2591 1485 ut
2637 1430 3015 1484 districtissime
3068 1438 3117 1484 et
3165 1430 3507 1500 corporaliter
3555 1430 3607 1484 in
3651 1427 3870 1484 Judzeum

592 1529 808 1583 discere
854 1528 1127 1599 negligatis
1160 1524 1310 1595 (Lib.
1342 1542 1417 1590 ιιι,
1450 1542 1531 1594 ep.
1563 1523 1649 1592 5).
1682 1522 1798 1577 Νοιι
1820 1524 1995 1579 solum
2023 1533 2199 1578 autem
2304 1523 2449 1577 hunc
2477 1564 2492 1590 ,
2523 1524 2568 1578 si
2617 1526 2684 1577 de
2732 1532 2885 1578 reatu
2928 1531 3223 1591 constaret,
3271 1524 3735 1591 animadverteret,
3780 1542 3871 1582 nec

594 1619 820 1673 'clericis
869 1627 923 1670 vt
976 1616 1251 1670 monachis
1300 1615 1588 1669 lectionem
1637 1628 1848 1668 sacram
1904 1614 2203 1683 imperabat
2303 1612 2604 1667 socordiam
2635 1626 2807 1681 eaque
2837 1612 3075 1681 peiorem
3120 1613 3399 1668 avaritiam
3428 1612 3622 1667 Justini
3651 1612 3869 1682 ejusdem

609 1707 964 1775 peritissimus
1013 1706 1309 1758 animarum
1360 1712 1557 1767 rector,
1590 1704 1684 1757 sed
1730 1704 1890 1757 etiam
1941 1704 2089 1759 laicis
2137 1711 2191 1758 et
2223 1713 2267 1773 Β
2297 1704 2483 1764 insula:
2517 1703 2762 1772 prtetoris
2789 1703 3107 1759 imitaretur.
3139 1703 3188 1759 ls
3215 1704 3357 1758 enim
3407 1702 3711 1759 Judmorum
3752 1706 3869 1761 deli-

608 1797 811 1852 niilitia:
833 1796 1083 1863 addictis,
1110 1802 1169 1849 ut
1197 1795 1366 1863 liquet
1391 1810 1457 1849 ex
1486 1795 1714 1862 epistola
1743 1795 1808 1849 ad
1840 1795 2193 1850 Maurentium

606 1889 913 1956 magistrum
945 1887 1167 1940 militum
1199 1888 1396 1956 scripta
1430 1885 1581 1958 (Lib.
1616 1904 1737 1952 rm,
1770 1903 1852 1957 ep.
1889 1886 2005 1956 17),
2034 1902 2194 1957 quem

603 1978 673 2029 ob
698 1978 746 2031 id
775 1978 1122 2045 lan.lat.tpiod
1170 1976 1399 2032 humana
1434 1979 1787 2034 conventicula
1816 1993 2001 2032 cavens
2029 1980 2196 2035 sacris

605 2067 752 2121 libris
780 2068 1088 2122 evolvendis
1135 2068 1446 2135 incumbat;
1479 2070 1624 2124 dolet
1653 2084 1781 2123 vero
1812 2068 1955 2137 quod
2002 2069 2051 2124 in
2091 2070 2195 2127 hoc

604 2158 693 2225 pio
721 2157 969 2212 lectionis
996 2158 1176 2213 studio
1200 2159 1401 2213 nullum
1432 2160 1636 2215 socium
1669 2159 1884 2214 habeat.

673 2265 725 2321 ὕ.
768 2269 1034 2324 Caeterum
1067 2286 1136 2325 ex
1168 2271 1248 2326 his
1276 2271 1453 2327 verbis
1496 2270 1741 2341 Gregorii
1784 2271 1851 2327 ad
1888 2271 2153 2329 Joannem
2178 2317 2192 2341 ,

602 2375 708 2414 non
763 2361 1055 2432 frequenter
1105 2362 1430 2434 egrediaris,
1480 2363 1747 2419 immerito
1800 2365 1995 2418 asserit
2042 2380 2195 2419 nova:

537 2441 545 2449 ’
604 2452 950 2508 Bibliotheca:
972 2453 1177 2510 Eeclcs.
1209 2452 1414 2509 Gallice
1442 2454 1763 2524 censeriptae
1801 2454 1825 2492 ι)
1853 2471 2044 2526 parens
2068 2471 2196 2523 pro-

609 2545 829 2602 hibitum
879 2561 998 2601 esse
1046 2555 1158 2602 tum
1214 2546 1495 2601 abbatibus
1549 2555 1661 2601 tum
1709 2548 2021 2615 monachis,
2054 2547 2195 2601 foras

605 2637 876 2707 progredi,
899 2652 1020 2693 cum
1044 2636 1336 2707 Gregorius
1374 2638 1681 2707 frequentes
1708 2646 1916 2693 tantum
1948 2652 2194 2707 egressus

601 2729 654 2782 in
692 2728 963 2797 publicum
992 2728 1286 2798 vituperet.
1329 2727 1471 2783 Sane
1498 2729 1589 2799 qui
1631 2744 1758 2784 suos
1802 2731 2046 2786 alumnos
2072 2731 2195 2785 vita:

602 2820 854 2875 solitaria:
877 2820 1122 2875 addictos
1141 2836 1259 2877 esse
1276 2821 1447 2877 voluit
1466 2820 1523 2876 S.
1545 2820 1887 2888 Benedictus,
1910 2822 1962 2877 in
1986 2823 2195 2878 duobus

603 2911 821 2980 chu‘a:
853 2926 962 2966 sua:
983 2912 1253 2983 capitibus
1282 2912 1439 2983 (Scil.
1463 2912 1523 2966 51
1552 2922 1599 2967 et
1622 2912 1712 2983 67)
1736 2914 1880 2970 clare
1908 2914 2191 2985 significat,

603 3021 708 3058 non
736 3005 815 3058 eis
846 3002 1186 3059 interdictum
1214 3013 1367 3058 extra
1396 3004 1781 3058 monasterium
1814 3005 1986 3075 exire,
2015 3014 2071 3060 et
2098 3021 2193 3060 ne-

600 3096 763 3165 gotiis
792 3111 1008 3152 vacare.
1062 3097 1177 3165 Ipse
1214 3110 1346 3153 vero
1395 3093 1687 3164 Gregorius
1735 3098 1916 3153 multis
1966 3101 2194 3169 negotiis

581 3186 715 3238 ‘tum
764 3186 1173 3251 ecclesiasticis,
1207 3194 1318 3239 tum
1364 3187 1529 3241 etiam
1578 3187 1813 3257 politicis
1861 3205 1967 3243 non
2020 3192 2194 3247 solum

601 3277 843 3330 avlhibuit
868 3278 1089 3332 abbates
1111 3285 1165 3332 et
1186 3277 1501 3343 monachos,
1535 3288 1591 3331 ut
1612 3278 1746 3333 infra
1771 3294 1912 3351 saepe
1935 3282 2193 3349 dicemus,

600 3369 693 3423 sed
725 3370 885 3423 etiam
917 3369 1176 3438 przefecit.
1206 3369 1362 3423 Anno
1391 3370 1657 3440 superiori
1688 3372 1979 3441 scripserat
2001 3372 2192 3429 Joanni

604 3462 901 3516 Ravennati
938 3460 1086 3531 (Lib.
1116 3477 1169 3526 ιι,
1196 3478 1274 3532 ep.
1303 3460 1415 3526 46),
1441 3462 1757 3515 mittendum
1782 3479 1900 3517 esse
1930 3465 1982 3517 in
2008 3466 2193 3519 urbem

605 3554 807 3609 Fanum
840 3570 959 3608 cum
992 3554 1264 3622 aliquanta
1309 3553 1537 3622 pecunia
1569 3552 1848 3608 Claudium
1883 3559 2192 3611 monasterii

600 3646 897 3700 Glassensis
929 3645 1201 3709 abbttem,
1229 3643 1295 3697 ad
1325 3645 1569 3713 captivos
1599 3643 1966 3699 redimendos.
1999 3644 2194 3700 Postea

604 3755 726 3793 cum
750 3736 951 3791 TIn-od.
974 3736 1045 3791 lin
1069 3736 1115 3790 ia
1142 3738 1321 3805 regina
1345 3752 1464 3791 sese
1486 3753 1515 3790 a
1538 3737 1918 3793 communione
1941 3737 2200 3792 Constan-

602 3831 661 3885 tii
689 3828 1101 3884 Mediolanensis
1123 3828 1360 3898 episcopi
1391 3828 1771 3899 suspendisset,
1794 3836 2015 3899 propter
2039 3828 2195 3883 dam-

602 3930 725 3976 nata
775 3921 841 3977 ab
890 3936 956 3976 eo
1003 3920 1100 3974 tria
1150 3920 1422 3991 capitula,
1480 3921 1626 3975 misit
1673 3919 1740 3974 ad
1781 3936 1899 3975 eam
1936 3920 2197 3977 Joannem

602 4013 851 4067 abbatem
892 4022 947 4067 et
992 4010 1340 4083 Hippolytum
1388 4012 1687 4077 notarium,
1718 4011 1810 4080 qui
1850 4011 2198 4067 damnatione

607 4106 707 4158 hac
738 4104 957 4158 minime
990 4103 1249 4172 pulsatum
1284 4103 1444 4156 fuisse
1480 4101 1657 4174 (quod
1686 4101 2012 4156 schismatici
2046 4102 2195 4157 voci-

609 4196 962 4268 ferabantur)
1032 4196 1245 4249 concilii
1308 4194 1765 4249 Chalcedonensis
1822 4195 2198 4249 auctoritatem

605 4287 801 4354 reginzc
831 4285 1238 4355 persuaderent,
1266 4300 1490 4353 eamque
1533 4285 1597 4339 ad
1628 4285 1932 4340 Constantii
1956 4302 2199 4341 commu-

612 4378 827 4430 nionem
858 4383 1173 4430 revocarent
1204 4374 1347 4445 (Lib.
1377 4391 1449 4442 iv,
1473 4392 1589 4445 epp.
1619 4374 1654 4428 5
1676 4383 1727 4429 et
1756 4375 1841 4445 4).
1866 4374 2003 4443 Quin
2034 4380 2196 4432 etiam

604 4465 893 4523 Secundini
935 4465 1181 4519 monachi
1228 4474 1282 4519 et
1311 4465 1466 4519 t’robi
1494 4466 1701 4519 abbatis
1729 4480 1894 4534 Opera
1930 4482 2055 4521 usus
2084 4478 2193 4534 est,

611 4559 670 4612 ad
698 4573 882 4628 pacem
914 4571 1033 4612 cum
1058 4555 1287 4625 Agilulfo
1317 4556 1787 4625 Langobardorum
1819 4572 1945 4627 rege
1973 4574 2193 4630 compo-

613 4653 875 4717 ueniam;
926 4648 1071 4719 quod
1113 4649 1339 4703 feliciter
1380 4649 1542 4705 cessit
1593 4647 1752 4721 (Lib.
1789 4666 1857 4711 vi,
1913 4667 1993 4720 ep.
2025 4648 2115 4717 50,
2146 4659 2193 4705 et

609 4744 696 4800 f'b.
739 4760 819 4810 ix,
871 4760 989 4813 epp.
1022 4740 1057 4796 4
1099 4750 1147 4796 et
1179 4740 1299 4813 45).
1355 4740 1872 4799 Commemorandos
1920 4744 2024 4798 hoc
2073 4744 2194 4799 loco

608 4854 711 4891 non
743 4837 1113 4892 existimamus
1140 4842 1219 4891 tot
1249 4834 1543 4890 monachos
1570 4849 1600 4888 a
1631 4833 1687 4889 S.
1718 4832 1978 4903 Gregorio
2020 4833 2190 4888 Evan~

604 4929 726 4998 gelii
759 4926 1079 4999 puedicandi
1111 4926 1280 4996 gratia
1310 4926 1411 4982 mis
1441 4942 1523 4992 os,
1552 4924 1620 4979 de
1650 4925 1843 4993 quibus
1874 4933 2059 4994 postea
2104 4926 2193 4980 lict

606 5020 828 5074 menzio.
880 5018 1163 5075 Secessum
1209 5027 1386 5073 tamen
1416 5019 1564 5071 etab
1608 5017 1754 5072 omni
1786 5017 2002 5084 negotio
2030 5014 2190 5070 feria-

607 5111 830 5175 tionem,
861 5110 1053 5179 quibus
1081 5109 1321 5165 solitaria
1352 5110 1459 5162 vita
1500 5107 1732 5163 maxime
1761 5106 2189 5173 commendatur,

607 5201 843 5270 quandiu
888 5201 972 5256 his
1017 5200 1118 5254 frui
1150 5200 1293 5262 licet,
1326 5198 1575 5269 amplceli
1604 5197 1803 5253 debent
1849 5198 2099 5253 monachi
2129 5214 2193 5252 ae

608 5293 901 5363 prosequi,
940 5292 1188 5363 exemplo
1227 5289 1285 5345 S.
1330 5289 1574 5366 Gregorii
1624 5288 1957 5358 potissimum
1988 5288 2039 5341 id
2070 5303 2197 5342 sua-

610 5387 809 5455 dente,
852 5385 942 5455 qui
991 5399 1021 5438 a
1069 5382 1379 5439 monasterii
1408 5384 1592 5452 quiete
1640 5382 1973 5445 abstractus,
2027 5390 2082 5435 et
2128 5381 2192 5435 ad

610 5475 805 5532 summi
869 5474 1214 5547 pontificatus
1285 5472 1552 5543 fastigium
1610 5480 1865 5535 evectus,
1940 5482 2191 5539 tanquam

693 5658 716 5680 ε·
755 5644 801 5696 ts
823 5655 903 5696 est
928 5642 1156 5714 fortasse
1185 5647 1268 5700 cui
1300 5645 1607 5699 inscribitur
1638 5660 1722 5714 ep.
1754 5642 1818 5696 50
1850 5642 1938 5697 lib.
1971 5659 2021 5698 ι’.

693 5722 715 5747 ιθ
756 5714 903 5766 'inin.
927 5713 1029 5776 Ἰν.
1057 5730 1178 5786 pag.
1210 5716 1313 5771 ‘277
1346 5715 1547 5771 £1970.

2298 1796 2443 1850 uitus
2470 1795 2800 1861 muneribus,
2831 1795 2925 1851 Dei
2950 1797 3170 1864 injurias
3199 1798 3475 1853 vindicare
3505 1812 3615 1852 non
3642 1798 3869 1865 curabat,

2300 1887 2377 1942 uti
2406 1885 2698 1956 Gregorius
2727 1888 2941 1957 scriptis
2987 1889 3054 1943 ad
3104 1904 3164 1944 se
3211 1890 3402 1945 litteris
3435 1888 3709 1944 didicerat.
3738 1888 3871 1944 idem

2295 1978 2513 2061 Judgeus
2544 1978 2842 2035 Christiana
2873 1981 2976 2036 sibi
3005 1980 3271 2051 mancipia
3300 1996 3644 2050 comparasse
3684 1980 3870 2036 fereba-

2299 2077 2406 2135 tur,
2454 2070 2599 2140 quod
2639 2083 2826 2126 contra
2866 2072 3037 2141 legem
3068 2088 3097 2125 a
3126 2072 3481 2129 Constantino
3509 2073 3697 2143 Magno
3724 2075 3868 2129 latam

2298 2176 2367 2216 ne
2393 2160 2589 2217 Judieis
2619 2160 3010 2219 famularentur
3035 2164 3324 2220 Christiani
3352 2208 3366 2227 .
3417 2168 3706 2235 pugnabat.
3750 2166 3869 2231 Quia

2298 2267 2427 2307 vero
2452 2254 2639 2308 eadem
2671 2254 2790 2323 lege
2818 2264 3035 2311 cautum
3067 2265 3208 2325 erat,
3239 2267 3297 2311 ut
3321 2258 3364 2312 si
3391 2257 3708 2328 quosJudzei
3732 2260 3868 2313 (Ἀπία

2298 2344 2505 2399 stianos
2532 2345 2583 2398 in
2615 2346 2875 2415 obsequio
2923 2355 2978 2401 et
3015 2347 3279 2404 famulitio
3310 2348 3595 2416 haberent,
3625 2349 3659 2402 ii
3685 2358 3870 2403 extem-

2296 2436 2385 2506 plo
2425 2437 2477 2490 in
2506 2436 2805 2494 libertatem
2837 2448 3208 2495 assererentur
3235 2437 3489 2510 (Euseb.,
3519 2438 3610 2492 tib.
3641 2454 3689 2493 iv
3732 2438 3869 2502 Vita,

2296 2527 2474 2584 Const.
2524 2548 2571 2585 r.
2622 2529 2759 2601 27);
2810 2531 2859 2586 id
2904 2530 3237 2589 exsecutioni
3280 2532 3523 2588 mandari
3566 2542 3779 2588 strenue
3815 2548 3871 2588 ac

2297 2620 2414 2676 sine
2445 2636 2599 2676 mora
2630 2637 2768 2692 papa
2798 2622 3054 2692 postulat.
3087 2621 3234 2677 idem
3264 2623 3375 2679 fere
3404 2630 3489 2678 est
3516 2631 3870 2690 argumentum

2295 2710 2517 2768 alterius
2546 2714 2791 2783 epistolae
2819 2712 2959 2784 (Lib.
2995 2729 3067 2781 iv,
3097 2731 3181 2783 ep.
3205 2712 3277 2783 1),
3312 2713 3379 2767 ad
3409 2712 3748 2779 Venantiutn,
3780 2710 3873 2769 Lu-

2296 2817 2520 2860 nensem
2555 2804 2891 2874 episcopum,
2922 2820 2981 2860 se
3011 2806 3134 2873 iptae
3163 2818 3307 2859 anno
3335 2802 3603 2872 sequenti.

2368 2894 2421 2948 7.
2464 2894 2522 2950 S.
2554 2893 2873 2964 Gregorium
2922 2895 3025 2948 hoc
3062 2894 3233 2948 tertio
3261 2893 3343 2948 sui
3374 2892 3718 2963 pontificatus
3740 2907 3872 2946 anno

2295 2986 2365 3042 de
2391 2986 2795 3042 conscribendis
2824 2985 3058 3053 Diali-gis
3088 2986 3376 3054 cogitasse,
3408 2992 3638 3039 testatur
3664 2983 3871 3053 epi=tola

2220 3079 2267 3143 C
2297 3074 2365 3129 ad
2413 3074 2820 3142 Maximianum,
2871 3074 3182 3144 episcopum
3221 3071 3642 3143 Syracusanum,
3685 3072 3734 3127 in
3782 3087 3872 3139 qua

2297 3168 2459 3223 etiam
2489 3166 2883 3221 subodoramur
2922 3182 3043 3220 cum
3075 3166 3236 3236 paulo
3266 3174 3390 3235 post
3420 3165 3483 3220 iis
3512 3165 3873 3221 elueubrantis

2297 3257 2604 3312 incubuisse
2626 3255 2770 3327 (Lib.
2803 3273 2878 3321 ιιι,
2919 3274 3000 3324 ep.
3034 3255 3144 3328 51).
3179 3256 3375 3312 Verum
3405 3257 3472 3311 de
3506 3264 3745 3325 tempore
3777 3270 3870 3323 quo

2296 3340 2482 3417 scrip‘ti
2532 3356 2656 3402 sunt
2685 3348 2802 3415 lege
2838 3347 3207 3417 praefationem
3234 3356 3475 3403 nostram
3509 3355 3641 3401 tom.
3669 3346 3730 3412 ll,
3772 3361 3871 3399 ina-

2298 3438 2441 3493 xime
2471 3454 2618 3493 num.
2654 3439 2720 3492 17
2750 3454 2815 3494 ac
2842 3438 3213 3509 sequentibus.
3246 3437 3324 3493 Ex
3352 3439 3540 3494 eadem
3581 3440 3872 3507 pnetatione

2299 3528 2479 3583 omnia
2526 3538 2751 3599 rcpeten
2775 3531 2821 3583 ia
2870 3540 2994 3584 sunt
3027 3544 3146 3599 qua:
3175 3531 3242 3583 ad
3270 3529 3369 3585 hos
3401 3530 3566 3584 libros
3596 3530 3871 3599 pertinent.

2299 3616 2354 3672 l.l
2387 3634 2551 3673 unum
2600 3619 2688 3676 hic
2735 3621 3069 3689 observabo,
3111 3621 3383 3690 egregium
3414 3622 3517 3675 hoc
3546 3636 3680 3691 opus
3728 3622 3871 3675 fuisse

2300 3709 2604 3764 solitudinis
2634 3709 2885 3775 fructum,
2933 3712 2999 3765 ad
3043 3727 3202 3780 quam
3250 3711 3557 3781 frequenter
3602 3712 3871 3766 anhelabat

2300 3804 2614 3874 Gregorius,
2650 3814 2706 3859 ut
2736 3822 2763 3859 a
2796 3806 3079 3875 pastoralis
3106 3807 3225 3860 vita:
3255 3806 3517 3860 molestiis
3542 3816 3594 3859 et
3624 3805 3870 3859 sollicitu-

2301 3898 2515 3953 dinibus
2542 3898 2841 3963 levaretur,
2889 3906 2945 3953 et
2988 3898 3197 3952 amissm
3237 3897 3465 3967 quietis,
3511 3912 3631 3951 eam
3659 3896 3762 3965 piis
3787 3896 3869 3949 de-

2303 3986 2479 4044 flendo
2498 3989 2765 4059 lacrymis,
2785 3988 3055 4057 jacturant
3079 3996 3351 4057 utcunque
3378 3989 3681 4043 resarciret.
3707 3987 3872 4054 Qualis

2302 4086 2482 4133 autem
2527 4088 2669 4134 esset
2716 4079 2769 4133 in
2815 4093 3053 4145 secessu,
3103 4078 3363 4148 quibusve
3408 4077 3733 4133 meditandis
3762 4086 3869 4131 tunc

2302 4169 2538 4224 animum
2569 4169 2891 4236 intenderet,
2930 4170 3078 4225 disce
3105 4185 3171 4225 ex
3204 4173 3321 4239 ipso
3351 4168 3698 4239 Dialogorum
3727 4184 3869 4226 exor-

2302 4258 2393 4313 dio

2919 4328 3149 4386 CAPUT
3187 4327 3274 4384 XI.

2225 4459 2275 4516 ο
2306 4438 2493 4516 Aucta.
2514 4466 2573 4511 -ῖ
2598 4440 2722 4516 tr‘in
2749 4440 3268 4516 Ecclesiasalonitana
3299 4438 3467 4516 (turbas
3510 4444 3711 4516 propter
3733 4438 3869 4516 lissi:

2362 4514 2515 4563 mum,
2546 4504 2693 4553 invito
2718 4515 2857 4564 papa.
2882 4504 3154 4551 ordinatum
3180 4504 3479 4563 e,-isc0pnm.
3508 4502 3559 4537 ὲ
3584 4505 3630 4552 2.
3658 4502 3867 4562 Gregorii

2368 4564 2459 4612 hoc
2506 4566 2555 4611 in
2603 4567 2801 4623 negotio
2841 4566 3110 4613 constantia
3156 4572 3207 4611 et
3255 4565 3658 4624 pillllﬂlliﬂ.—5.
3689 4564 3867 4612 Maximi

2362 4625 2560 4673 audacia
2601 4627 2648 4672 iu
2674 4632 2891 4675 sanctum
2920 4626 3210 4686 pontificem.
3236 4649 3300 4661 —
3328 4626 3369 4672 4.
3400 4625 3600 4674 Maximi
3625 4624 3865 4673 ordinatio-

2368 4698 2481 4733 nem
2515 4691 2689 4737 asserit
2732 4689 3097 4747 imperator.—-
3118 4688 3165 4735 5.
3192 4686 3383 4733 Maximi
3412 4688 3696 4747 pmnitentia
3737 4695 3782 4735 et
3802 4697 3868 4732 ss-

2365 4747 2587 4797 tisfaetio.
2606 4774 2665 4783 —
2683 4747 2733 4797 6.
2758 4746 2881 4807 Quid
2905 4749 2967 4795 de
2986 4746 3234 4795 Honorato
3258 4746 3597 4797 archidiaeono
3619 4748 3867 4796 definitum.

2362 4832 2423 4871 _—
2447 4810 2492 4856 7.
2519 4809 2831 4859 Constantina
2855 4809 3073 4870 Augusta
3115 4811 3168 4857 S.
3194 4808 3325 4856 Pauli
3370 4808 3605 4869 reliquias
3641 4809 3871 4871 postulans

2364 4868 2460 4919 fert
2502 4872 2763 4931 repulsam.
2812 4872 2912 4919 Mos
2938 4868 3179 4931 “antiquus
3221 4868 3497 4919 sanctorum
3542 4868 3742 4931 corpora
3782 4870 3870 4931 loco

2364 4944 2457 4979 non
2481 4929 2721 4982 movendi.
2762 4959 2825 4969 —
2859 4935 2906 4981 8.
2933 4929 3212 4993 Antiquitas
3251 4941 3416 4981 tamen
3463 4932 3604 4982 facta:
3632 4929 3869 4981 bonnttlla:

2363 4993 2722 5044 translationes.
2749 4994 2861 5055 (Au.
2890 4995 2980 5043 595
3005 5003 3057 5042 et
3077 4995 3210 5054 595.)

2374 5099 2421 5150 t.
2468 5094 2565 5148 Vix
2596 5094 2649 5148 in
2681 5094 2969 5163 tranquillo
2998 5094 3312 5149 monasterii
3341 5108 3560 5149 secessu
3598 5091 3869 5166 Gregorius

2301 5188 2469 5241 otium
2517 5196 2571 5240 et
2618 5186 2851 5255 quietem
2903 5185 3161 5254 tantisper
3207 5185 3609 5255 degustaverat,
3655 5198 3772 5239 eum
3814 5177 3868 5233 ad

2302 5285 2559 5331 consueta
2592 5276 2937 5343 pentiticatus
2962 5288 3126 5328 onera
3148 5273 3484 5328 redeundum
3518 5272 3635 5336 fuit,
3661 5280 3714 5325 et
3735 5266 3865 5325 Salo-

2303 5367 2497 5420 nitaua:
2530 5365 2777 5421 Ecclesia:
2800 5366 3007 5436 totique
3045 5364 3321 5419 Dalmatia:
3349 5364 3769 5420 subveniendum
3792 5366 3864 5411 ate

2301 5473 2405 5526 que
2433 5458 2820 5511 consulendum
2852 5454 2991 5526 (Lib.
3024 5472 3094 5519 iv,
3126 5472 3209 5524 ep.
3247 5455 3357 5522 10).
3390 5453 3692 5509 Provincia:
3727 5448 3864 5516 hujus

2379 5648 2397 5672 ε
2442 5634 2555 5690 lloc
2605 5652 2635 5690 n
2662 5636 2819 5691 nmine
2866 5635 3088 5690 forsitan
3131 5634 3258 5687 intel
3285 5633 3509 5703 igendus
3552 5645 3745 5703 prmses
3786 5641 3863 5681 seu
3934 5672 3935 5687 η

2306 5706 2548 5775 princeps
2578 5708 2873 5777 Synagoga:
2904 5706 2992 5774 qui
3026 5720 3054 5758 a
3084 5703 3279 5759 Judreis
3312 5701 3477 5758 Nasci
3508 5701 3718 5759 dicitur.
