3992 6294
133 311 217 370 3;.3
597 307 654 363 S.
697 305 1024 364 GREGORH
1067 303 1281 362 MAGNI
1326 302 1507 369 VITA,
1550 301 1640 356 EX
1683 300 1846 358 EJUS
1886 298 2192 371 SCRIPTlﬁ
2231 300 2625 362 ADORNATA.
2668 305 2792 361 LIB.
2837 305 2899 363 ll.
3275 311 3382 369 555

126 426 356 503 episcopi,
385 423 589 479 Natalis
617 423 746 478 olim
763 423 845 478 sui
871 419 1267 492 metropolitani
1293 418 1361 473 de
1389 432 1495 486 quo
1523 431 1684 486 supra
1717 423 1759 478 Α
1791 429 1857 469 ex
1904 414 2019 484 ipsa
2065 414 2293 500 epistola
2340 415 2409 473 20
2461 417 2583 472 elici
2632 424 2830 488 potest.
2880 415 3045 486 idque
3094 416 3275 476 torsan
3327 422 3382 477 in

125 520 349 582 diximus,
380 514 560 584 pravis
584 512 848 580 exemplis
877 509 1114 578 corrupti
1145 524 1176 562 a
1205 506 1559 562 sacerdotalis
1587 506 1688 560 ho—

127 610 250 668 noris
276 606 485 661 tramite
511 603 881 658 deflexerant:
913 598 1257 654 smeularibus
1285 596 1428 651 enim
1461 595 1689 663 negotiis

127 696 356 760 immersi,
386 693 700 762 abjecerant
720 706 934 746 onmem
965 689 1061 744 Dei
1092 697 1327 753 metum;
1360 700 1536 755 neque
1557 683 1686 754 quid

126 791 252 853 Deo,
295 785 388 840 sed
421 783 552 853 quid
591 783 693 838 sibi
733 781 980 852 placeret
1026 779 1312 849 exquirere
1360 793 1423 833 ac
1467 777 1687 847 explere

123 881 401 952 jamdudum
433 883 849 932 consueverant.
882 873 1017 928 llinc
1043 880 1258 927 mortuo
1302 869 1514 934 Natali,
1563 883 1687 924 cum

125 974 401 1030 Honoratus
428 969 842 1025 archidiaconus
870 967 951 1021 vir
975 965 1260 1035 inculpata:
1283 963 1424 1028 vitae,
1457 960 1688 1016 incredi-

127 1065 325 1133 bilisque
351 1061 691 1126 constantiae,
721 1074 880 1128 quam
908 1074 1013 1113 non
1043 1057 1212 1112 semel
1241 1056 1551 1111 ostenderat
1593 1050 1689 1106 ad-

124 1168 289 1208 versus
329 1149 572 1205 Natalem
601 1150 742 1204 bona
771 1146 1028 1203 Ecclesia:
1064 1145 1468 1216 dilapidantem,
1501 1144 1554 1198 in
1581 1142 1684 1198 Sa-

126 1245 394 1298 lonitanum
423 1242 739 1310 episcopum
784 1239 990 1294 electus
1014 1236 1201 1292 fuisset
1231 1253 1244 1290 :
1272 1236 1349 1291 illi
1398 1235 1685 1306 plurimum

123 1334 207 1390 sibi
231 1349 260 1387 a
290 1345 395 1386 tam
424 1346 618 1387 severo
668 1344 894 1386 censore
940 1343 1259 1399 morumque
1285 1328 1540 1398 magistro
1571 1326 1686 1384 for-

123 1425 382 1489 midantes,
431 1423 664 1478 Maximo
706 1421 799 1490 qui
845 1431 869 1458 ε·
912 1420 1154 1475 sxeculari
1201 1427 1471 1490 potestate
1520 1419 1687 1476 fretus

122 1517 241 1570 hanc
263 1515 441 1568 sedem
475 1514 772 1576 invaserat,
806 1512 986 1566 favere
1010 1511 1346 1566 dicebantur.
1377 1509 1470 1566 llis
1497 1526 1688 1582 accep-

122 1605 195 1669 tis,
222 1602 508 1672 Gregorius
530 1603 598 1656 ad
628 1603 906 1657 universos
938 1601 1214 1654 Dalmatize
1243 1600 1527 1671 episcopos
1554 1599 1690 1654 scri-

122 1695 326 1751 bendum
356 1694 530 1760 duxit,
552 1702 611 1748 ut
641 1692 842 1748 nttllum
867 1691 918 1745 in
947 1691 1317 1746 Salonitanum
1349 1689 1684 1760 episcopum,

123 1786 205 1840 nisi
235 1782 475 1839 consulta
507 1783 655 1853 prius
701 1791 758 1837 et
792 1791 1065 1836 annuente
1095 1779 1392 1850 apostolica
1419 1779 1566 1844 sede,
1597 1794 1688 1834 or-

122 1880 286 1933 dinare
329 1882 738 1947 prmsumerenl.
771 1874 942 1930 Set-us
987 1873 1264 1938 facientes,
1314 1873 1688 1927 excommuni-

123 1979 252 2024 mtos
279 1979 332 2023 et
373 1983 402 2022 a
442 1969 857 2039 participatione
886 1966 1130 2035 corporis
1175 1973 1231 2019 et
1275 1964 1550 2035 sanguinis
1582 1964 1693 2018 Do-

122 2062 232 2116 mini
253 2063 530 2118 abs'entos
549 2061 904 2125 denuntiavit,
932 2059 1435 2128 ordinationcmque
1457 2057 1687 2112 futuram

123 2151 304 2204 irritam
352 2152 664 2207 declaravit.
719 2150 1023 2206 Przcsertim
1055 2164 1184 2205 vero
1213 2148 1446 2203 Maximo
1497 2163 1689 2206 manus

125 2243 374 2313 imponere
423 2244 698 2312 prohibuit
745 2241 953 2309 (Ibid.,
999 2258 1080 2314 ep;
1113 2240 1246 2312 20).
1295 2241 1547 2296 Attamen
1595 2249 1688 2295 aut

121 2334 332 2388 nondum
360 2343 584 2405 accepta
617 2335 888 2404 pontiﬁeia
914 2334 1156 2404 jussione
1184 2334 1203 2405 (
1225 2333 1370 2403 quod
1396 2348 1526 2389 vero
1555 2348 1686 2404 pro-

122 2425 220 2490 pius
257 2426 508 2495 videtur)
540 2435 636 2480 aut
664 2427 882 2495 insuper
921 2425 1122 2494 habita,
1154 2433 1212 2479 ut
1240 2440 1393 2496 papm
1421 2425 1687 2493 significa-

122 2523 213 2566 tum
237 2523 356 2582 est,
407 2514 671 2569 Maximus
718 2515 870 2570 cmsis
911 2514 1236 2585 presbyteris
1262 2554 1277 2580 ,
1327 2513 1641 2570 diaconibus
1666 2554 1683 2580 ,

120 2608 349 2675 onmique
376 2607 547 2671 clero,
573 2608 794 2663 militari
821 2623 982 2662 manu
1009 2608 1064 2661 in
1095 2606 1392 2664 Ecclesium
1421 2608 1686 2664 deductus

119 2706 200 2762 est,
229 2707 278 2752 et
310 2709 432 2754 tunc
465 2697 684 2753 forsitan
715 2698 1000 2769 episcopus
1027 2707 1370 2754 consecratus
1392 2738 1408 2764 ,
1435 2699 1479 2753 si
1504 2706 1682 2754 tamen

119 2791 427 2845 consecratio
449 2791 552 2846 dici
580 2791 768 2860 possit,
797 2805 916 2859 qua:
942 2791 1009 2845 ab
1034 2791 1513 2846 excommunicatis
1540 2791 1684 2846 cele-

118 2876 282 2944 brata,
335 2887 391 2933 et
437 2880 905 2936 excommunicato
952 2880 1192 2950 dirisque
1239 2880 1438 2937 devoto
1484 2882 1680 2937 collata

120 2970 281 3026 fuerat.
315 2972 519 3026 Aderat
548 2981 675 3028 tunc
703 2973 1004 3028 Antoninus
1032 2974 1394 3028 subdiaconus
1422 2973 1678 3028 ecclesia-

118 3059 213 3114 stici
239 3062 547 3130 patrimonii
581 3062 630 3116 in
664 3062 924 3116 Dalmatia
953 3071 1132 3116 rector
1161 3060 1299 3134 (Lib.
1334 3079 1410 3128 ιιι,
1439 3079 1518 3132 ep.
1551 3061 1675 3133 22);

1792 518 1951 558 causa
1983 503 2081 559 fuit
2111 514 2167 558 ut
2198 521 2322 560 cum
2354 521 2420 561 eo
2447 516 2633 578 postea
2659 505 2953 577 Gregorius
2980 506 3162 564 mitius
3190 511 3384 579 egerit,

1790 593 2140 666 ejusdemque
2168 596 2564 652 ordinationem
2596 597 2812 654 tandem
2840 604 3010 652 ratam
3041 597 3312 655 habuerit.

1861 685 1978 741 Non
2019 702 2104 743 me
2153 687 2291 743 latet
2317 689 2686 743 renuntiatum
2714 686 2978 757 Gregorio
3009 686 3174 745 fuisse
3196 731 3214 759 ,
3261 698 3387 761 post

1792 776 2229 835 interdictionem
2255 780 2321 835 ab
2343 780 2462 850 ipso
2484 781 2770 850 prolatam,
2795 779 3069 836 deductum
3085 781 3138 838 in
3159 783 3387 839 medium

1791 866 1952 937 fuisse
1976 867 2189 923 militari
2219 885 2373 923 manu
2415 867 2706 924 Maximum
2739 869 2954 940 (Μία),
2981 871 3124 940 quod
3169 871 3222 926 in
3267 872 3386 941 ejus

1790 956 2129 1012 ordinatione
2171 959 2463 1027 contigisse
2490 960 2693 1016 debuit.
2725 960 2794 1014 At
2824 961 2912 1016 illa
2942 961 3180 1019 deductio
3207 965 3386 1034 potuit

1789 1047 1952 1102 etiam
2009 1044 2125 1101 ﬁeri
2191 1047 2374 1116 aliquo
2435 1057 2560 1118 post
2625 1049 3017 1106 ordinationem
3070 1053 3377 1108 intervallo.

1789 1139 1870 1194 Ad
1927 1139 2082 1206 haec,
2138 1136 2366 1208 plurima
2417 1139 2485 1194 de
2536 1139 2641 1194 hoe
2707 1141 2961 1211 episcopo
3028 1143 3381 1215 ejusdemque

1788 1230 2058 1299 corruptis
2102 1227 2342 1283 moribus
2393 1237 2677 1298 acceperat
2719 1244 2856 1298 papa
2881 1272 2896 1296 ,
2946 1245 3066 1298 qua:
3106 1233 3253 1288 nullo
3308 1234 3387 1290 le-

1787 1320 1975 1388 gitimo
2021 1319 2330 1375 testimonio
2374 1319 2702 1385 nitebantur,
2749 1334 2973 1389 qumque
2997 1323 3386 1391 postea'diluit,

1789 1418 1848 1464 ut
1874 1409 2016 1480 quod
2045 1410 2367 1480 subreptitio
2396 1411 2745 1480 imperatoris
2774 1410 3069 1480 diplomate
3097 1428 3225 1468 usus
3251 1412 3386 1469 fuis-

1788 1509 1889 1568 set,
1921 1502 2063 1571 quod
2093 1517 2192 1572 per
2218 1502 2502 1569 simoniam
2531 1501 2597 1557 ad
2627 1503 2997 1573 episcopatum
3027 1505 3385 1573 pervenisset,

1789 1593 1934 1662 quod
1963 1593 2176 1649 violatae
2204 1595 2470 1650 castitatis
2499 1609 2625 1649 reus
2660 1593 2818 1648 foret.
2851 1593 3047 1659 Quidni
3078 1608 3208 1663 ergo
3237 1594 3389 1651 dica—

1790 1699 1930 1749 mus,
1965 1684 2173 1740 incerto
2203 1692 2297 1738 aut
2340 1685 2505 1739 etiam
2536 1683 2673 1738 falso
2715 1698 2932 1738 rumore
2969 1684 3280 1753 pervenisse
3320 1684 3391 1740 ad

1720 1795 1764 1854 Β
1791 1789 2058 1828 sununum
2087 1775 2399 1845 pontificem
2445 1774 2757 1840 Maximum,
2788 1774 2983 1843 spretis
3012 1773 3129 1841 ejus
3173 1773 3387 1840 litteris,

1793 1865 2098 1921 ordinatum
2130 1866 2331 1921 fuisse?
2370 1866 2513 1922 Sane
2541 1866 2834 1936 Gregorius
2877 1866 2942 1920 ad
2982 1866 3388 1922 Constantinam

1791 1955 2087 2027 Augustam
2120 1965 2309 2028 postea
2337 1959 2614 2026 scribens,
2653 1974 2795 2014 anno
2836 1958 3083 2014 videlicet
3118 1960 3388 2030 sequenti,

1791 2051 1944 2122 quasi
1975 2051 2042 2106 de
2071 2053 2322 2109 omnibus
2347 2052 2550 2108 certior
2578 2051 2769 2118 factus,
2801 2060 3007 2107 tantum
3037 2053 3389 2122 conqueritur

1790 2142 2083 2197 Maximum
2112 2160 2168 2198 se
2195 2160 2386 2215 suoque
2418 2143 2733 2212 Responsali
2763 2145 3021 2198 nesciente
3049 2144 3212 2200 fuisse
3240 2143 3388 2200 ordi-

1790 2243 1974 2289 natum
2009 2233 2148 2306 (Lib.
2181 2250 2236 2304 v,
2265 2251 2347 2306 ep.
2379 2233 2495 2305 2|).

1861 2327 1912 2380 5.
1961 2324 2092 2393 Qua:
2135 2333 2326 2396 postea
2357 2325 2644 2380 subsecuta
2674 2331 2799 2379 sunt
2824 2323 2984 2380 docet
3009 2322 3069 2378 S.
3099 2321 3390 2394 Gregorius

1789 2418 1844 2472 in
1876 2418 2102 2488 cpistola
2153 2417 2220 2472 ad
2267 2416 2617 2472 Sabinianum
2649 2417 2789 2471 sedis
2821 2416 3130 2486 apostolica:
3176 2418 3392 2486 apocri-

1785 2510 2009 2566 siarium
2053 2525 2148 2564 seu
2195 2509 2430 2578 legatum
2471 2507 2613 2579 apud
2643 2507 2956 2563 Maurieimn
3002 2509 3382 2578 imperatorem

1787 2597 1940 2666 (Lib.
1981 2615 2050 2664 tv,
2082 2615 2166 2669 ep.
2196 2597 2318 2668 47).
2352 2597 2610 2651 Nimirum
2638 2596 2884 2652 saeculari
2913 2603 2968 2652 et
2998 2597 3169 2652 aulica
3198 2606 3386 2652 aucto~

1784 2689 1945 2744 ritate
1977 2689 2143 2744 frctus
2172 2688 2456 2757 Maximus,
2487 2702 2554 2743 eo
2579 2687 2729 2742 venit
2756 2688 2996 2742 audacia:
3024 2695 3082 2743 ut
3113 2703 3265 2758 papae
3289 2689 3385 2744 lit-

1784 2790 1927 2838 teras
1948 2781 2582 2845 excommunicationem,
2605 2781 2656 2835 ni
2677 2779 2996 2836 subderetur
3017 2787 3072 2836 et
3095 2781 3382 2850 resipisce-

1780 2883 1883 2941 ret,
1913 2875 2256 2939 intentantes,
2277 2873 2490 2942 publice
2503 2871 2670 2926 scindi
2701 2870 2910 2940 fecerit,
2931 2871 3211 2942 ipsumque
3239 2870 3382 2941 apud

1780 2967 2077 3037 Augustum
2100 2965 2386 3028 aceusarit,
2409 2961 2552 3033 quod
2578 2962 2604 3002 ι’
2637 2962 2902 3018 Malchum
2927 2962 3237 3033 episc0pum
3280 2964 3385 3019 ali-

1777 3065 1994 3128 quanta:
2013 3056 2251 3126 pecunia:
2267 3054 2368 3110 sibi
2394 3053 2688 3109 debitorem
2718 3053 2772 3107 in
2802 3053 3041 3108 custodia
3071 3053 3384 3110 occidisset.

118 3151 331 3218 quicum
357 3155 551 3208 summi
578 3153 846 3225 pontiﬁcis
866 3154 1015 3224 jussu
1045 3153 1409 3210 adlaborasset
1437 3163 1493 3208 ut
1519 3153 1676 3208 Saln-
1705 3161 1750 3221 ο
1851 3148 2186 3204 Calumniam
2237 3146 2377 3200 hanc
2421 3145 2495 3199 ita
2543 3143 2700 3199 diluit
2740 3144 2821 3198 vir
2866 3143 3270 3199 sanctissimus:
3301 3142 3384 3199 De

118 3240 302 3296 nitanus
349 3243 636 3313 episcopus
674 3243 826 3312 juxta
857 3257 1092 3298 canones
1136 3243 1428 3311 eligeretur
1450 3283 1466 3310 ,
1497 3257 1560 3297 ea
1589 3257 1678 3296 ra-

119 3331 238 3385 tione
265 3332 499 3387 Maximo
529 3332 928 3403 praevaricatori
953 3347 1171 3398 exosus,
1198 3339 1253 3386 et
1279 3331 1346 3387 ab
1375 3331 1491 3401 ejus
1517 3331 1680 3386 satel-

119 3419 269 3475 litibus
328 3422 395 3477 ad
456 3433 685 3478 mortem
741 3423 1038 3492 quaesitus,
1082 3423 1202 3492 fuga
1259 3422 1358 3478 sibi
1397 3423 1680 3478 consulere

118 3519 308 3565 coactus
360 3521 444 3567 est
493 3511 685 3583 (Ibid.,
718 3530 801 3583 ep.
833 3512 959 3582 47).
1006 3511 1312 3581 Praecipuus
1339 3511 1463 3566 mali
1493 3519 1683 3566 auctor

118 3611 212 3656 erat
252 3603 557 3666 Marcellus,
593 3601 870 3658 Dalmatia:
898 3603 1206 3676 proconsul,
1241 3611 1298 3658 ut
1327 3603 1587 3659 habemus
1616 3618 1682 3658 ex

118 3708 187 3763 ep.
211 3693 240 3746 5
265 3695 354 3750 lib.
387 3712 466 3750 ix.

172 3787 216 3840 ‘3.
255 3787 550 3858 Gregorius
578 3787 644 3842 ad
676 3797 877 3843 tantam
924 3788 1277 3844 oll'ensmncm
1328 3787 1396 3844 ab
1442 3787 1683 3843 Ecclesia

117 3876 403 3933 Saluuitana
452 3881 874 3946 removendam,
924 3895 1031 3934 non
1081 3880 1259 3935 minus
1300 3878 1682 3948 prudentiam,

115 3981 251 4034 quam
276 3969 644 4025 constantiam
672 3969 1030 4025 necessariam
1061 3978 1231 4037 ratus,
1265 3969 1456 4024 litteris
1478 3969 1687 4024 monuit

116 4057 376 4115 Maximum
412 4059 574 4131 (Lib.
623 4078 696 4129 Iv,
725 4079 806 4132 ep.
848 4061 976 4134 ‘20),
1008 4071 1068 4117 ut
1096 4062 1210 4131 ipse
1240 4061 1686 4130 ordinatoresque

115 4149 252 4219 ipsius
279 4161 562 4207 attrectare
587 4153 866 4224 quidquam
891 4153 1231 4209 sacerdotalis
1253 4152 1406 4223 ofﬁcii
1428 4170 1532 4207 non
1558 4168 1687 4222 prte-

112 4253 373 4308 sumerent,
426 4244 604 4299 donec
649 4245 934 4314 explorare
983 4254 1165 4314 posset
1214 4253 1395 4299 utrum
1444 4260 1571 4299 vera
1617 4258 1686 4298 an

114 4335 431 4402 supposititia
481 4335 823 4404 imperatoris
864 4337 1108 4404 iussione
1149 4335 1335 4390 fuisset
1384 4335 1690 4404 ordinatus,

113 4423 279 4489 quidve
306 4427 410 4481 sibi
432 4426 606 4481 visum
636 4426 772 4482 foret
792 4429 1131 4483 rescriberet.
1163 4427 1219 4484 Si
1243 4443 1371 4483 vero
1393 4437 1580 4484 contra
1606 4428 1688 4484 in-

1783 3257 1884 3310 qua
1910 3257 1986 3306 re,
2019 3239 2192 3309 inquit
2216 3236 2531 3301 Sabiniano,
2559 3250 2720 3288 unum
2747 3242 2825 3288 est
2852 3232 2988 3304 quod
3016 3229 3381 3305 breviter'sug-

1782 3349 1933 3404 geras
1973 3330 2314 3386 serenissimis
2347 3327 2570 3383 dominis
2600 3327 2820 3389 nostris,
2864 3325 2984 3391 quia
3014 3326 3058 3379 si
3089 3341 3181 3395 ego
3210 3342 3385 3380 servus

1782 3439 1959 3478 eorum
1983 3424 2037 3476 in
2067 3431 2228 3474 morte
2251 3417 2716 3490 Langobardorum
2740 3433 2823 3472 me
2846 3418 3062 3471 miscere
3089 3415 3384 3482 voluissem,

1785 3516 1937 3571 hodie
1964 3513 2430 3586 Langobardorum
2457 3528 2602 3582 gens,
2635 3527 2728 3564 nec
2757 3527 2946 3581 regem,
2974 3526 3064 3563 nec
3087 3509 3260 3575 duces,
3287 3525 3382 3564 nec

1785 3609 1992 3661 comites
2037 3605 2282 3670 haberet,
2313 3613 2464 3676 atque
2489 3605 2544 3657 in
2574 3618 2773 3657 summa
2802 3602 3107 3673 confusione
3133 3611 3265 3655 esset
3305 3602 3386 3654 di-

1783 3698 1916 3752 visa.
1948 3695 2056 3750 Sed
2083 3697 2204 3765 quia
2235 3694 2400 3748 Deum
2428 3694 2600 3759 timeo,
2640 3695 2693 3746 in
2722 3700 2937 3746 mortem
2986 3691 3256 3762 cujuslibet
3285 3691 3378 3744 lto-

1785 3788 1941 3842 minis
1982 3804 2062 3841 me
2101 3787 2314 3839 miscere
2363 3785 2609 3855 formido.
2651 3783 2889 3837 Male/ms
2920 3793 3091 3836 autem
3119 3776 3387 3853 cpi-:cajms

1787 3895 1946 3950 neque
1970 3879 2024 3932 in
2051 3877 2287 3931 custodia
2319 3877 2436 3947 fuit,
2476 3891 2638 3946 neque
2662 3876 2715 3928 in
2741 3875 2916 3945 aliqua
2945 3873 3252 3943 afﬂictione,
3294 3874 3386 3928 sed

1788 3970 1872 4023 die
1897 3985 1998 4040 qua
2027 3983 2236 4021 causam
2266 3967 2418 4027 dixit,
2448 3973 2496 4018 et
2525 3964 2765 4019 addictus
2793 3973 2900 4031 est,
2933 3966 3191 4018 nesciente
3219 3979 3320 4030 me,
3347 3981 3380 4019 α

1789 4058 2062 4130 Bonifacio
2100 4058 2305 4111 notario
2341 4057 2396 4110 in
2437 4057 2645 4109 domum
2681 4056 2794 4126 ejus
2835 4055 3014 4109 ductus
3053 4065 3165 4122 est,
3207 4056 3290 4109 cui
3333 4065 3383 4111 et

1787 4149 2065 4222 prandium
2097 4150 2290 4220 factum
2319 4156 2414 4212 est,
2445 4146 2614 4216 ibique
2642 4147 2876 4217 prandit,
2907 4155 2956 4200 et
2985 4146 3268 4202 honoratus
3308 4157 3386 4202 est

1788 4240 1852 4294 ab
1882 4258 1960 4306 eo,
1992 4249 2040 4293 et
2067 4249 2213 4294 nocte
2242 4238 2409 4293 subito
2437 4248 2664 4293 mortuus
2695 4247 2788 4292 est.
2819 4236 3007 4309 Itaque
3035 4239 3216 4293 statim
3247 4254 3384 4294 eva-

1789 4333 1904 4388 nuit
1932 4331 2062 4388 falsa
2092 4333 2208 4387 hate
2237 4330 2452 4385 Maximi
2483 4330 2808 4386 criminatio.

1862 4426 1917 4477 Δ.
1956 4422 2135 4478 Nihilo
2191 4429 2370 4476 tamen
2421 4421 2598 4476 minus
2646 4421 2935 4477 Mauricius
2981 4422 3378 4479 ordinationem

118 4516 368 4571 terdietum
411 4518 618 4587 aliquid
651 4533 812 4587 agere
840 4535 944 4573 non
984 4529 1282 4585 vereretur,
1319 4520 1366 4574 ei
1401 4521 1684 4576 anathema
1718 4537 1762 4595 ι)
1791 4513 1908 4582 ejus
1936 4513 2185 4579 asseruit,
2215 4510 2592 4583 przefeetorum
2623 4519 2677 4566 et
2705 4512 2898 4568 ducum
2938 4514 3026 4582 qui
3071 4514 3299 4582 publicae
3329 4516 3381 4568 in

114 4609 450 4662 comminatur
465 4623 494 4662 a
520 4609 630 4663 Deo
646 4618 699 4663 et
718 4625 746 4663 a
767 4609 826 4664 Β.
846 4609 1006 4663 Petro
1029 4609 1396 4679 apostolorum
1420 4610 1681 4680 principe.

164 4697 561 4768 Maximumjam
591 4699 656 4754 ab
674 4714 814 4755 anno
830 4700 1098 4769 superiori
1114 4700 1483 4758 Salonitanam
1500 4702 1681 4756 sedem

114 4787 387 4855 invasisse,
441 4791 694 4845 nimirum
744 4791 957 4846 labente
1005 4791 1294 4846 undecima
1346 4792 1680 4857 indictione,

111 4879 244 4933 docet
271 4881 416 4951 quod
458 4881 686 4950 legimus
712 4881 778 4935 de
807 4883 925 4950 ejus
955 4881 1269 4951 pmnitentia
1302 4882 1352 4935 in
1385 4881 1683 4949 fragmento

111 4981 229 5024 nunc
255 4969 320 5024 ad
346 4970 702 5041 epistularum
728 4968 930 5025 calcem
961 4970 1184 5037 reiecto,
1213 4970 1363 5039 prius
1389 4986 1519 5025 vero
1547 4985 1681 5039 prm-

110 5058 250 5113 misso
278 5061 523 5130 epistolis
552 5059 739 5114 indict.
774 5060 979 5129 primm.
1011 5059 1272 5126 Quocirca
1302 5067 1514 5114 constat
1546 5072 1680 5114 non-

109 5147 212 5203 dum
237 5151 300 5205 ad
331 5167 457 5206 eum
484 5160 580 5206 aut
607 5151 672 5205 ad
703 5151 984 5221 episcopos
1030 5149 1304 5205 Dalmatia:
1335 5159 1462 5206 tunc
1491 5166 1680 5220 perve-

109 5242 229 5297 nisse
255 5245 514 5314 epistolas
541 5243 608 5297 lO
634 5253 689 5298 et
718 5242 805 5309 20,
827 5243 933 5299 hoc
957 5258 1098 5298 anno
1117 5253 1311 5312 quarto
1333 5241 1678 5313 pontificatus

109 5330 348 5405 Gregorii,
379 5336 702 5393 duodecima
732 5335 914 5391 indict.
945 5335 1116 5402 datas,
1152 5337 1311 5408 243
1337 5336 1480 5407 quod
1511 5337 1673 5391 etiam

165 5478 184 5504 '
221 5470 418 5527 Milites
459 5477 514 5527 et
560 5471 775 5526 lictores
805 5468 1036 5524 Romani
1067 5467 1284 5525 Patrieii
1314 5467 1670 5534 conduxerat,

109 5549 160 5591 ex
184 5539 268 5594 lib.
299 5557 382 5607 tv,
414 5556 502 5610 ep.
535 5540 626 5595 47.

166 5611 186 5644 δ
224 5608 612 5666 Patrimonium
642 5609 860 5678 aliquod
889 5608 1143 5665 Ecclesia:
1167 5608 1326 5664 Rom.
1357 5623 1680 5679 procuravc-
1724 5650 1727 5651 ν

109 5687 176 5730 nt
203 5678 248 5732 in
281 5681 566 5747 Dalmatia,
597 5690 655 5735 ut
685 5689 835 5749 patet
861 5693 928 5750 es
957 5696 1043 5750 ep.
1075 5679 1145 5733 46
1172 5681 1262 5735 lib.
1297 5697 1352 5734 ιι.

171 5761 186 5784 ε
223 5751 310 5806 Sic
340 5752 580 5823 appellat
610 5748 702 5808 eos
733 5766 870 5820 quos
894 5748 1016 5819 jure
1044 5750 1390 5821 patriarchali
1433 5748 1674 5821 regebat,

1790 4603 2052 4658 Dalmatia
2081 4602 2159 4658 rei
2188 4610 2476 4672 pt‘meraut,
2523 4611 2582 4657 ut
2615 4603 2887 4671 conjicere
2931 4604 3073 4667 licet,
3117 4602 3384 4671 impulsu;

1789 4695 1983 4766 quibus
2028 4695 2276 4749 nimirum
2303 4732 2318 4758 ,
2369 4693 2642 4749 denudata
2688 4709 2784 4748 sua
2834 4691 3116 4756 Ecclesia,
3167 4694 3385 4761 pra'mia

1789 4788 1951 4842 multa
1991 4785 2219 4858 prwbere
2256 4786 2556 4842 dicebatur.
2591 4785 2664 4839 Ea
2692 4784 2758 4840 de
2788 4800 2847 4839 re
2876 4783 2942 4838 ad
2969 4783 3379 4837 Constantinam

1789 4877 2081 4948 Augustam
2113 4877 2376 4942 scribens,
2425 4877 2775 4931 vehementer
2818 4875 3126 4944 expostulat
3155 4873 3207 4928 S.
3243 4872 3379 4926 Gre-

1787 4973 1970 5040 gorius
1999 4988 2010 5022 :
2039 4970 2104 5023 Et
2134 4972 2200 5036 si,
2235 4971 2447 5040 inquit,
2486 4972 2843 5040 episcenorum
2882 4984 3053 5022 causae
3083 4968 3206 5021 mihi
3238 4983 3376 5020 com-

1785 5064 2060 5116 missorum
2106 5061 2244 5132 apud
2273 5063 2532 5131 piissimos
2564 5062 2800 5114 dominos
2830 5059 3051 5113 aliorum
3078 5057 3384 5126 patrociniis

1783 5152 2149 5221 disponuntur,
2195 5151 2382 5222 infelix
2422 5168 2514 5221 ego
2543 5153 2595 5205 in
2629 5149 2863 5202 Ecclesia
2893 5151 2992 5201 ista
3021 5148 3146 5218 quid
3193 5147 3380 5219 facio?

1785 5242 1892 5297 Sed
1924 5253 1944 5280 ο
1975 5251 2031 5294 ut
2053 5243 2276 5312 episcopi
2307 5243 2408 5295 mei
2437 5259 2517 5295 me
2556 5241 2866 5310 despiciant,
2897 5250 2945 5293 et
2975 5250 3156 5293 contra
3187 5255 3266 5292 me
3295 5255 3378 5291 re-

1783 5335 1980 5407 fugium
2008 5333 2075 5384 ad
2106 5332 2376 5385 swculares
2399 5331 2602 5400 judices
2630 5327 2876 5395 habeant,
2903 5328 3242 5397 omnipotenti
3273 5325 3381 5381 Deo

1780 5476 1837 5523 et
1864 5479 2091 5535 quorum
2121 5461 2490 5535 ordinationes
2519 5462 2589 5535 ad
2616 5476 2739 5514 eum
2771 5459 3110 5535 aliquatenus
3138 5460 3378 5535 pertine-

1781 5531 1942 5602 bant;
1987 5551 2108 5590 cum
2157 5532 2421 5588 universis
2465 5533 2683 5602 quidem
2734 5540 2993 5602 praei-sset
3026 5531 3296 5602 epiScOpis
3325 5543 3382 5586 et

1783 5599 2124 5732 patrilarchis,
2155 5611 2378 5674 propter
2406 5599 2747 5674 singu'arem’
2766 5599 3017 5658 Ecclesia:
3044 5599 3201 5657 “om.
3219 5599 3284 5674 ’p:
3301 5603 3380 5656 in-

1784 5695 1900 5732 ctoa
1927 5686 2134 5732 uatem.
2716 5700 2719 5704 -

1784 5693 2134 5750 crpatttatcm.
2716 5700 2719 5704 -
