3992 6296
617 295 721 352 535

1082 290 1140 342 S.
1183 278 1508 341 GREGORH
1550 273 1761 331 MAGNI
1808 271 1986 336 \‘lTA,
2029 266 2118 321 EX
2161 264 2322 323 EJUS
2363 263 2668 321 SCRIPTIS
2709 262 3100 318 ΑῡΟΙιΝΛΤΑ.
3146 261 3275 316 LIB.
3315 260 3376 313 ll.

3780 258 3871 315 5⁸56

615 410 811 484 gratias
842 422 958 478 ago,
988 400 1208 473 peccatis
1234 397 1360 451 meis
1402 393 1605 462 deputo.
1641 386 1752 441 lloc
1781 395 1950 484 tanien
1981 380 2197 435 breviter
2225 383 2272 439 A
2303 378 2626 449 (constabat
2654 378 2797 433 enim
2826 393 2948 433 eum
2977 385 3099 448 post
3129 377 3449 432 intentatam
3471 390 3504 433 a
3526 390 3733 430 summo
3758 391 3873 445 pen.

615 470 856 572 inggcro,
875 470 1013 568 'qnia
1044 487 1416 559 aliquantulum
1445 487 1714 548 exspecto;
1764 484 1811 528 et
1840 474 1883 528 si
1914 473 1980 527 ad
2008 486 2089 525 me
2115 470 2203 523 diu

616 595 787 647 uenire
816 585 1103 647 distulerit,
1139 583 1191 633 in
1222 594 1281 631 eo
1311 586 1545 629 exercere
1574 566 1947 622 districtionem
1991 561 2205 615 canoni-

616 698 729 735 cum
761 680 901 732 nullo
931 674 1084 728 modo
1111 666 1338 723 cessabo.

689 771 931 825 Ju~serat
969 759 1256 815 Mauricius
1284 763 1341 808 ut
1370 751 1633 806 Max'mus
1664 761 1815 819 papae
1859 758 1918 801 se
1969 742 2206 806 sisteret,

621 874 853 928 eumque
881 869 1005 909 cum
1036 851 1245 906 honore
1287 843 1583 914 Gregorius
1611 840 1803 907 excipe
1835 846 1923 902 et;
1972 832 2117 903 quod
2162 833 2210 886 ei

618 964 781 1021 grave
805 949 979 1003 visum
1010 951 1129 1008 est;
1162 953 1357 1008 nempe
1402 951 1510 1005 quo
1556 933 1766 987 honore
1794 929 1983 998 dignus
2024 934 2141 979 erat
2168 924 2213 977 is

619 1046 683 1099 de
735 1058 833 1112 quo
883 1045 1029 1093 tanta
1076 1043 1126 1088 et
1173 1032 1298 1085 talia
1347 1024 1759 1087 nuntiabantur,
1809 1030 2095 1089 antequam
2136 1014 2216 1068 di-

618 1149 801 1191 scussa
830 1144 1013 1192 causa,
1046 1126 1315 1179 insontem
1342 1134 1401 1173 se
1430 1113 1744 1185 probasset?
1775 1125 1951 1178 neque
1980 1122 2108 1161 vero
2148 1105 2216 1160 de

624 1227 791 1297 ipsius
821 1218 1163 1277 ordinatione
1192 1212 1364 1268 inscio
1386 1208 1632 1263 Romano
1655 1201 1909 1275 pontifice
1936 1201 2075 1254 facta
2103 1204 2217 1251 erat

625 1316 855 1388 amplius
894 1296 1303 1380 quzestiozea'm
1351 1300 1495 1356 enim
1547 1304 1605 1351 ut
1654 1292 1964 1363 imperatori
2012 1302 2217 1343 morem

626 1412 859 1478 gereret,
891 1402 964 1456 ita
994 1406 1169 1455 ratam
1200 1395 1399 1449 habere
1426 1386 1719 1449 consensit,
1748 1398 1811 1439 ac
1836 1383 1880 1436 si
1910 1396 1971 1436 se
1998 1387 2219 1433 auctore

628 1502 717 1557 hic
744 1498 1029 1566 cpiscopus
1057 1488 1336 1545 ordinatus
1377 1481 1595 1543 luisset;
1645 1474 1889 1546 quamvis
1931 1471 2031 1525 sub
2069 1476 2222 1523 ante-

629 1588 863 1646 rioribus
900 1577 1231 1653 principibus
1262 1572 1439 1629 nullus
1485 1568 1550 1621 al
1599 1566 1712 1619 haec
1759 1577 1930 1632 usque
1976 1569 2220 1627 tempora

628 1678 842 1735 Salonzc
890 1650 1218 1743 episcopus,
1272 1659 1630 1735 przct-rmissa
1685 1656 1926 1710 Romana
1958 1650 2224 1705 Antistitis

2310 470 2452 526 tifice
2494 469 3132 535 excommunicatimiem,
3178 468 3244 521 ad
3274 482 3485 521 sacrum
3518 465 3689 519 altare
3717 480 3873 521 acces-

2309 561 2480 631 sisse)
2520 561 2721 630 judicio
2772 559 3054 614 Mariniani
3105 559 3322 627 reliquit
3363 556 3748 623 statuendum,
3787 571 3874 626 qua

2309 652 2681 709 satisfactione
2730 650 2850 705 talis
2896 650 3120 705 deberet
3161 650 3318 718 culpa
3368 648 3607 718 purgari.
3649 644 3722 700 Ex
3750 648 3878 715 cujus

2312 744 2534 798 forsitan
2566 742 2817 813 antistitis
2842 741 3068 796 consilio
3098 749 3153 795 et
3180 740 3453 795 sententia
3476 744 3777 807 prostratus
3801 752 3879 805 per

2316 846 2422 892 tres
2448 837 2609 890 horas
2637 833 2898 888 Maximus
2920 833 3109 901 jar-uit,
3141 833 3322 901 gravis
3350 831 3530 885 luctus
3558 837 3614 883 et
3642 828 3879 897 ptenitcn-

2317 933 2401 985 tite
2443 945 2604 984 causa
2647 928 2925 982 clamans:
2956 925 3174 979 Peccavi
3205 924 3314 979 Deo
3343 932 3393 977 et
3424 922 3719 976 beatissimo
3757 938 3882 991 papa

2317 1023 2566 1094 Gregorio
2597 1019 2696 1093 (In
2742 1020 3028 1089 appendice
3055 1017 3265 1090 epist.).
3295 1017 3624 1073 Sublcvatus
3667 1030 3695 1067 a
3745 1014 3881 1069 Maii.

2319 1119 2477 1171 niano
2520 1156 2535 1179 ,
2600 1114 2907 1183 juvantibus
2964 1112 3224 1167 Cailinico
3273 1110 3510 1165 exarcho
3563 1118 3619 1162 et
3663 1105 3881 1159 Castorio

2317 1205 2671 1272 chartulario,
2702 1204 2865 1273 etepit
2892 1201 3265 1257 vehementius
3292 1200 3517 1265 dolere;
3549 1207 3605 1252 at
3631 1198 3683 1251 in
3711 1214 3881 1252 recon.

2320 1297 2610 1353 ciliationis
2640 1303 2695 1351 et
2722 1294 3077 1349 absolutionis
3106 1298 3486 1360 argumentum
3510 1331 3526 1357 ,
3558 1288 3821 1343 Castorius
3844 1289 3885 1343 ei

2321 1386 2606 1456 epistolam
2634 1399 2664 1437 a
2694 1383 2750 1438 S.
2786 1382 2947 1454 2].];
2988 1379 3249 1449 Gregorio
3280 1380 3536 1449 scriptam
3567 1377 3772 1439 obtulit,
3798 1392 3887 1444 qua

2322 1478 2657 1546 significabat
2677 1477 2941 1531 redditam
2966 1474 3063 1542 ipsi
3092 1471 3343 1527 fraternae
3363 1469 3643 1525 charitatis
3663 1468 3887 1537 gratiam,

2324 1569 2785 1640 pollicebatnrque
2835 1581 2893 1620 se
2934 1564 2999 1618 ad
3047 1578 3170 1618 eum
3202 1559 3521 1631 quantocius
3552 1557 3762 1627 pallium
3787 1570 3891 1610 esse

2325 1678 2397 1716 Ill]
2432 1676 2634 1715 surum.

629 1768 951 1826 auctoritate
989 1761 1176 1817 fuisset
1210 1754 1550 1812 constitutus.
1581 1750 1652 1802 At
1699 1763 1787 1800 mu
1813 1754 1863 1799 ta
1911 1747 2228 1812 supererant
2259 1751 2305 1810 Β
2400 1752 2451 1805 6,
2476 1741 3585 1813 CumSabinianusJadcrtinuscpiscopus,
3610 1735 3893 1790 Honoratus

631 1859 856 1921 crimina
903 1851 1177 1917 diluenda,
1207 1846 1460 1902 nimirum
1490 1840 1635 1912 quod
1664 1837 1929 1907 ﬂagi'iose
1960 1849 2023 1887 ac
2052 1832 2224 1900 impu-

632 1954 754 2009 dice
781 1949 1026 2011 vixisset,
1049 1940 1195 2013 quod
1217 1938 1343 1993 data
1371 1933 1602 2007 pecunia
1628 1932 1810 1986 fuisset
1835 1927 2057 1991 electus,
2081 1920 2227 1992 quod

634 2037 1130 2099 cxcenimunicatus
1167 2030 1361 2085 missas
1390 2026 1566 2081 facere
1598 2018 2047 2093 pnesumpsisset.

707 2131 913 2190 Callide
942 2133 1130 2197 egerat
1157 2121 1420 2177 Maximus
1443 2159 1459 2184 ,
1506 2125 1566 2171 ut
1604 2112 1849 2182 Gregorii
1875 2111 2084 2163 litteras
2113 2105 2231 2177 qui-

642 2230 743 2283 bus
785 2240 815 2278 a
862 2222 1145 2278 missarum
1177 2210 1543 2270 celebratione
1571 2219 1783 2261 cessare
1809 2202 2116 2272 jubebatur,
2164 2197 2231 2253 ad

642 2339 701 2376 se
728 2336 836 2374 non
867 2310 1233 2386 pervenirent.
1266 2304 1502 2372 Ideoque
1533 2301 1725 2355 iterata
1752 2295 1995 2365 jussione
2024 2306 2138 2347 rem
2182 2290 2233 2345 ei

644 2382 881 2468 sacram'
906 2401 1200 2461 interdixit.
1236 2397 1353 2464 Qua
1392 2394 1459 2449 de
1496 2407 1555 2447 re
1598 2392 1743 2445 clero
1788 2397 1843 2441 et
1888 2382 2234 2452 optimatibus

646 2515 758 2561 tum
786 2501 1000 2557 Salonze
1026 2505 1138 2549 tum
1164 2489 1376 2546 Jadcra:
1401 2485 1615 2555 scripsit
1645 2486 1661 2553 (
1689 2481 1801 2535 Lib.
1833 2497 1901 2534 γι.
1934 2497 2049 2548 epp.
2080 2475 2147 2529 27
2176 2490 2236 2527 ac

645 2596 760 2668 ‘29),
811 2601 871 2648 ut
917 2606 947 2644 a
991 2583 1374 2644 communione
1421 2576 1639 2632 Maximi
1670 2573 2013 2635 recederent;
2063 2580 2239 2635 neque

649 2665 797 2742 enim
844 2679 986 2737 utlus
1038 2677 1213 2735 adhuc
1264 2671 1380 2739 ejus
1428 2665 1865 2723 communionem
1916 2666 2239 2730 respuerat,

649 2784 847 2850 pneter
879 2769 1161 2826 Paulinum
1210 2764 1524 2833 cpisc0pum
1550 2796 1565 2825 ,
1615 2764 1669 2810 et
1696 2752 2031 2808 Honoratum
2061 2749 2241 2803 archi-

650 2873 937 2928 diaconum
963 2907 976 2929 ,
1027 2860 1178 2929 cujus
1206 2856 1527 2912 electionem
1576 2850 1644 2906 de
1682 2864 1785 2919 qua
1824 2860 1984 2916 supra
2015 2842 2241 2912 egimus,

653 2978 761 3018 non
791 2956 1022 3029 amplius
1052 2951 1303 3007 tuebatur
1350 2952 1567 3001 sanctus
1593 2938 1873 3011 pontifex;
1905 2932 2246 3005 quandoquL

654 3053 779 3108 dem
813 3021 937 3105 eum
964 3040 1402 3099 archidiaconum
1433 3040 1643 3088 tantum
1673 3027 1949 3100 appellat,
1982 3039 2091 3080 non
2134 3021 2249 3093 cpi~

658 3154 881 3200 scooum
890 3177 904 3191 .

735 3158 752 3196 )
794 3157 904 3194 um.

735 3157 791 3284 εὶῐῖ
827 3226 1067 3282 Tandem
1120 3217 1362 3291 paternis
1409 3206 1879 3269 adhortationibus
1923 3212 1979 3260 et
2025 3200 2247 3258 infracta

662 3318 963 3380 constantia
994 3318 1322 3369 consecutus
1350 3312 1433 3360 est
1461 3299 1774 3371 Gregorius,
1805 3304 1864 3352 ut
1892 3293 2156 3375 Maximus
2183 3291 2251 3346 ad

665 3414 935 3470 saniorem
964 3404 1165 3461 rediret
1192 3406 1447 3455 mentem.
1483 3392 1564 3449 Ab
1588 3390 1706 3461 ejus
1732 3371 2115 3443 communione
2139 3382 2249 3451 jam

666 3504 910 3577 plerique
936 3497 1303 3557 recesserant;
1335 3496 1391 3543 et
1417 3482 1737 3541 Sabinianus
1760 3518 1774 3542 ,
1802 3475 2011 3532 ladem
2039 3473 2251 3543 cpisco-

673 3561 768 3667 pus
807 3561 1124 3664 pmnitentia
1172 3582 1363 3638 ductus
1390 3618 1406 3646 ,
1454 3573 1597 3645 quod
1644 3568 1880 3626 invasori
1910 3574 1968 3622 et
1995 3561 2257 3635 perduelli

673 3659 1003 3747 adlizcsisset,
1046 3679 1101 3733 in
1128 3670 1511 3730 monasterium
1539 3664 1751 3734 abjecto
1781 3659 2097 3730 episcopatu
2137 3668 2256 3708 sese

670 3743 1069 3847 receperatput
1112 3773 1317 3832 tantam
1348 3762 1561 3831 cu'pam
1609 3751 1863 3824 lacrymis
1906 3749 2157 3803 dilueret.
2189 3743 2258 3799 At

668 3873 725 3927 S.
758 3864 1052 3938 Gregorius
1080 3875 1204 3915 cum
1231 3854 1298 3909 ad
1326 3865 1478 3907 suam
1526 3843 1962 3902 communionem
1992 3846 2048 3893 et
2075 3836 2261 3892 amici-

669 3964 799 4019 tiam
828 3974 876 4013 rt
890 3962 1127 4026 ceptum,
1156 3956 1216 4003 ut
1243 3940 1569 4017 pastoralem
1598 3950 1783 3993 curam
1810 3939 2109 3989 resumeret
2134 3929 2261 3983 hor-

672 4062 813 4110 tatus
842 4020 969 4114 est,
1010 4039 1327 4108 exterisque
1357 4033 1422 4088 ad
1453 4029 1749 4085 Ecclesiam
1778 4020 2083 4079 revertendi
2123 4033 2261 4089 pne-

671 4149 825 4205 beret
850 4110 1155 4205 exemplum
1183 4171 1200 4198 ,
1238 4126 1383 4200 quod
1414 4124 1648 4178 futurum
1675 4115 1930 4187 sperabat
1959 4115 1977 4183 (
2003 4110 2116 4165 Lib.
2166 4125 2259 4176 vn,

786 4234 883 4297 i7;
924 4200 1169 4287 lib.‘\'m,
1213 4237 1294 4284 ep.
1342 4214 1408 4270 i0
1431 4214 1472 4287 ).
1516 4212 1698 4281 Neque
1728 4221 1855 4262 vero
1885 4219 2009 4275 Spes
2040 4200 2259 4267 fefellit;

674 4295 789 4398 ipse
828 4295 970 4378 enim
1020 4316 1279 4371 Maximus
1307 4308 1467 4364 rediit
1496 4303 1713 4358 tandem
1744 4304 1813 4355 ad
1843 4314 1939 4355 eor
1966 4306 2021 4352 et
2043 4295 2174 4366 jugo
2203 4309 2262 4350 se

671 4388 866 4474 debita:
894 4404 1215 4467 obedientire
1242 4396 1500 4457 subdidit.
1528 4393 1766 4464 Urgente
1794 4404 1931 4461 papa
1954 4395 2013 4443 ut
2035 4388 2260 4442 Romam

2328 1842 2735 1898 archidiaconus
2758 1839 3123 1900 Silonitanns,
3153 1842 3208 1890 et
3239 1833 3328 1887 alii
3358 1830 3595 1901 plurimi,
3626 1829 3892 1894 selisapa-

2327 1933 2532 1989 stolicac
2556 1930 2677 1998 jura
2706 1939 2894 1983 contra
2921 1928 3207 1980 Maximum
3236 1922 3615 1983 asserui-sent,
3644 1916 3789 1986 jussit
3813 1931 3895 1967 >3-

2329 2021 2692 2094 pientissimus
2730 2017 2971 2089 pontifex
3015 2024 3075 2069 ut
3119 2031 3214 2070 cos
3252 2028 3355 2083 qua
3392 2012 3621 2066 dect-bat
3662 2007 3899 2061 etimit-ite

2331 2114 2627 2184 susciperet
2653 2109 2803 2183 (Lib.
2840 2125 2892 2163 ιχ
2915 2150 2931 2176 ,
2967 2125 3049 2177 ep.
3080 2104 3184 2159 125
3206 2105 3246 2175 ).
3281 2101 3517 2173 Optabat
3553 2096 3823 2165 Gregorius
3848 2104 3901 2147 ut

2334 2205 2644 2260 Honoratus
2682 2202 2749 2255 ab
2778 2197 3142 2254 archidiaconi
3172 2208 3397 2249 munere
3425 2206 3490 2246 ac
3526 2189 3801 2257 dignitate,
3841 2186 3904 2239 de

2333 2313 2439 2368 qua
2479 2296 2589 2366 jam
2634 2309 2665 2349 a
2704 2276 2919 2347 Natalis.
2951 2284 3341 2357 archiepiscOpi
3374 2280 3701 2352 temporibus
3739 2277 3897 2331 fuerat

2336 2387 2590 2458 quaestio,
2647 2399 2754 2438 non
2801 2380 3186 2452 repelleretur;
3249 2390 3435 2431 verum
3485 2370 3731 2427 obstabat
3776 2368 3908 2422 illius

2338 2478 2595 2534 Ecclesiae
2645 2472 3019 2537 consuetudo,
3075 2484 3195 2539 quae
3251 2465 3661 2522 archidiaconos
3711 2460 3909 2529 cxp'eto

2340 2569 2709 2644 quinquennio
2733 2583 2764 2621 a
2786 2582 2884 2621 suo
2907 2577 3185 2619 removere
3209 2558 3509 2614 ministerio
3532 2553 3771 2623 cogehat.
3792 2550 3842 2603 Id
3864 2550 3909 2601 in

2344 2665 2585 2720 Ecclesia
2608 2660 2923 2717 Salonitana
2950 2671 3048 2726 pro
3070 2654 3187 2723 lege
3208 2650 3394 2707 haberi
3417 2645 3743 2702 asseveravit
3763 2641 3911 2694 Maxi-

2344 2772 2496 2820 mus,
2547 2749 2995 2818 contirmavitque
3037 2743 3317 2799 Castorius
3367 2735 3752 2794 chartularius;
3798 2731 3912 2798 quin

2345 2849 2508 2904 etiam
2549 2842 2742 2913 adjecit
2774 2849 2882 2894 tres
2918 2836 3226 2907 superiores
3265 2829 3674 2886 archidiaconus
3705 2822 3770 2876 ab
3809 2821 3915 2891 ip=o

2347 2940 2646 2999 llonorato,
2676 2941 2961 3005 postquam
2986 2943 3081 2998 per
3101 2922 3521 2995 quinquennium
3545 2916 3917 2971 niinistrassent

2349 3031 2541 3087 cedere
2593 3024 2918 3096 compulsos.
2979 3020 3318 3088 Quapropter
3374 3008 3639 3067 sententia
3692 3001 3915 3071 Gregorii

2277 3128 2322 3191 C
2355 3120 2454 3175 fuit
2481 3136 2583 3173 non
2614 3113 2957 3187 ﬂagitandum
2988 3108 3050 3163 ab
3082 3106 3357 3161 Honorata
3390 3099 3635 3170 iudicium
3668 3096 3728 3149 de
3754 3108 3914 3151 causa,

2353 3227 2503 3283 quam
2525 3186 2635 3279 ipse
2646 3207 2761 3277 jam
2776 3203 3058 3274 jndicarat.
3084 3196 3239 3251 Hunc
3258 3193 3460 3250 exitum
3481 3188 3666 3245 habuit
3688 3186 3917 3239 diutirna

2353 3301 2441 3357 illa
2472 3301 2538 3354 de
2575 3294 2790 3351 Maximi
2831 3289 3169 3347 ordinatione
3198 3281 3519 3343 contentio,
3569 3278 3622 3332 in
3668 3290 3771 3344 qua
3810 3272 3922 3326 vicit

2354 3390 2567 3445 tandem
2596 3384 2820 3441 infracta
2843 3381 3011 3436 sancti
3038 3375 3305 3449 pontificis
3324 3369 3583 3442 patientia
3606 3376 3661 3421 et
3686 3372 3923 3419 constan~

2354 3482 2461 3547 tia,
2506 3494 2571 3533 ex
2605 3472 2843 3530 adversis
2872 3469 3054 3541 augeri
3095 3465 3274 3523 solita.
3316 3462 3461 3529 Quas
3501 3458 3666 3512 animi
3697 3455 3845 3509 dotes
3871 3466 3923 3504 ac

2356 3572 2585 3625 virtutes
2626 3566 2829 3636 opime
2867 3560 3119 3617 describit
3153 3559 3202 3612 in
3230 3552 3457 3626 epistola
3488 3550 3553 3605 ad
3593 3546 3923 3603 Sabinianum

2358 3661 2644 3716 diaconum
2680 3675 2691 3711 :
2737 3654 2983 3709 Paratior
3010 3666 3156 3715 sum,
3201 3646 3402 3714 inquit,
3433 3641 3597 3705 mori,
3628 3653 3779 3709 quam
3809 3635 3925 3687 beati

2359 3752 2503 3807 Petri
2531 3748 2821 3803 Ecclesiam
2860 3744 2987 3796 meis
3020 3738 3194 3794 diebus
3223 3738 3555 3807 degenerare.
3588 3728 3762 3784 Mores
3791 3725 3927 3778 etiam

2359 3860 2497 3899 nteos
2528 3841 2653 3895 bene
2672 3838 2902 3908 cognitos
2926 3830 3099 3895 habes,
3131 3830 3254 3900 quia
3274 3828 3360 3879 diu
3383 3832 3566 3894 porto;
3600 3818 3691 3873 sed
3720 3819 3762 3870 si
3794 3814 3928 3867 semd

2361 3933 2704 3988 deliberavero
2733 3943 2833 3980 non
2865 3932 3099 3993 portare,
3130 3927 3311 3972 contra
3341 3913 3514 3969 omnia
3536 3907 3775 3980 pericula
3802 3906 3930 3957 la'tus

2360 4025 2489 4082 vado
2520 4020 2658 4093 (Lib.
2693 4034 2763 4082 Iv,
2793 4034 2852 4085 ep
2880 4014 2993 4083 47).

2434 4117 2485 4170 7.
2515 4114 2571 4169 ln
2602 4114 2708 4167 hoc
2732 4118 2845 4165 toto
2868 4105 3081 4175 negotio
3103 4099 3392 4169 Gregorius
3414 4092 3782 4150 adva‘rsaiium
3811 4086 3931 4159 apud

2364 4208 2742 4276 imperatorem
2773 4204 3025 4267 expertus
3051 4206 3133 4248 (‘St
3159 4190 3420 4246 Joannem
3448 4177 3933 4248 Constantinopoli—

2364 4272 2569 4359 tanum,
2603 4300 2661 4347 ut
2688 4305 2785 4361 par
2813 4295 2896 4343 est
2922 4285 3173 4349 credere;
3204 4280 3403 4351 quippe
3427 4289 3587 4345 quem
3617 4272 3690 4329 ob
3721 4282 3931 4339 usurpa-

2365 4401 2478 4445 tum
2521 4380 2843 4442 oecumeniei
2873 4374 3192 4450 patriarcha:
3228 4371 3440 4427 titulum
3484 4361 3855 4432 redarguendo
3888 4366 3935 4412 et

667 4503 987 4581 ,ἱυῧῖοαηάυε
1017 4495 1317 4559 accederet:
1347 4491 1594 4545 01505535
1620 4485 1687 4539 ab
1715 4481 1959 4539 lmSlibus
1984 4480 2101 4534 Vias
2130 4492 2261 4533 cau-
2298 4506 2342 4565 ο
2368 4475 2729 4547 increpando,
2772 4469 3034 4525 infensum
3076 4464 3178 4520 sibi
3215 4462 3439 4517 fecerat.
3486 4457 3792 4525 Antequam
3821 4462 3933 4515 vero

1993 4573 2005 4581 ’
2040 4573 2053 4581 ’
2252 4579 2259 4581 ’
2384 4572 2397 4581 “
2473 4570 2487 4581 “
2641 4560 3014 4581 “”ν⁴-⁴⁴*¹²--·
3061 4555 3224 4581 huius
3266 4561 3316 4581 ns
3365 4547 3700 4581 Αηηιιὶοαιῖηε
3744 4550 3930 4581 ganlnn

672 4573 779 4659 sari
805 4600 1038 4671 poterat,
1066 4598 1120 4646 et
1149 4582 1491 4657 imperatoris
1522 4586 1873 4651 prmceptum,
1917 4573 2008 4645 qui
2034 4573 2267 4643 jussemt

672 4707 731 4751 ut
756 4663 968 4748 salonm
996 4695 1089 4741 aut
1131 4683 1183 4738 in
1217 4676 1479 4733 Da‘matia
1509 4681 1656 4728 mota
1684 4670 1799 4725 lucc
1823 4666 2050 4739 quaestio
2079 4663 2263 4719 finire-

672 4797 791 4853 tur;
819 4781 964 4854 quod
986 4780 1149 4835 etiam
1169 4772 1338 4830 sacris
1358 4766 1655 4824 canonibus
1677 4771 1793 4818 erat
1814 4766 2255 4817 consentaneum.

671 4853 942 4935 Praeterea
985 4870 1199 4943 plebem
1243 4872 1299 4920 et
1344 4860 1628 4933 pncfectos
1677 4853 1894 4909 militari
1940 4868 2102 4908 manu
2148 4864 2258 4905 sum

672 4941 1030 5043 profectioni,
1087 4974 1187 5015 suo
1246 4952 1423 5010 itineri
1483 4947 1758 5005 obstitisse
1817 4941 2146 5014 respondere
2199 4941 2251 4995 iu

669 5031 924 5134 promptu
953 5059 1090 5109 erat.
1123 5048 1327 5117 Quibus
1352 5042 1623 5097 rationum
1650 5036 1939 5093 momentis
1967 5031 2257 5102 prudenter

671 5120 990 5219 perpensis,
1040 5132 1425 5195 accedentibus
1476 5140 1695 5197 quoque
1743 5123 1985 5180 Callinici
2039 5120 2258 5176 exarchi

670 5237 924 5314 precibus
972 5228 1265 5303 Gregorius
1315 5221 1505 5279 annuit
1559 5227 1619 5273 ut
1677 5216 1939 5271 Maximus
1989 5213 2259 5268 Ravennm

670 5348 855 5392 coram
887 5325 1182 5384 Mariniano
1213 5315 1620 5386 archiepiscopo
1643 5353 1658 5380 ,
1702 5318 1757 5366 et
1783 5306 2031 5365 Castorio
2060 5316 2262 5360 sancta:

669 5420 925 5482 Ecclesia:
950 5411 1279 5476 chartulario
1303 5451 1320 5478 ,
1348 5422 1409 5463 se
1438 5409 1696 5477 purgaret
1725 5408 1833 5455 tam
1863 5398 1930 5454 de
1967 5395 2261 5452 simoniaca

670 5516 882 5579 haeresi,
907 5526 1067 5585 quam
1091 5507 1157 5562 de
1182 5501 1393 5561 exeteris
1414 5496 1641 5568 objecﬁs
1663 5492 1996 5556 criminibus,
2022 5489 2261 5560 prmstito

672 5609 736 5664 ad
767 5577 962 5675 corpus
996 5600 1054 5656 S.
1098 5593 1422 5667 Apollinaris
1449 5586 1698 5660 martyris
1732 5590 2072 5641 sacramento
2110 5577 2259 5651 (Lib.

672 5713 747 5757 is,
777 5674 980 5762 ep.79,
1008 5690 1101 5757 80,
1130 5685 1243 5755 8|).
1276 5682 1411 5738 Cum
1444 5691 1621 5735 autem
1652 5674 2027 5733 iuobedientice
2052 5680 2107 5726 et
2135 5686 2259 5740 pcr—

674 5781 955 5843 dae‘lionis
985 5782 1037 5838 in
1064 5778 1247 5835 sedem
1278 5772 1626 5846 apostolicam
1655 5783 1778 5823 reus
1805 5774 1946 5823 CSiCl
1978 5762 2261 5819 manifeste

2367 4572 2434 4627 de
2473 4570 2578 4623 hac
2624 4560 3017 4633 disceptatione
3058 4555 3227 4610 fusius
3265 4561 3321 4607 et
3365 4547 3703 4607 enucleatius
3744 4550 3933 4612 agatur,

2361 4660 2504 4734 quod
2531 4656 2693 4730 paulo
2721 4661 2844 4724 post
2873 4650 2993 4717 fiet,
3042 4647 3183 4703 ratio
3214 4642 3471 4713 temporis
3493 4637 3735 4711 postulat
3765 4644 3821 4691 ut
3846 4647 3933 4702 qua

2360 4762 2477 4810 arte
2518 4751 2659 4807 idem
2689 4746 2925 4802 Joannes
2952 4737 3321 4798 Constantina:
3362 4733 3613 4800 Augusta:
3649 4740 3880 4783 mentem
3912 4739 3935 4775 a

2356 4844 2619 4914 Gregorio
2676 4838 2905 4893 alienam
2965 4833 3180 4888 eflicere
3234 4825 3454 4881 molitus
3502 4822 3573 4877 sit
3626 4818 3933 4890 aperiamus.

2358 4938 2540 5009 Ipsum
2580 4931 2723 4989 enim
2764 4927 2935 4995 digito
2976 4930 3284 4979 monstrare
3330 4916 3544 4970 videtur
3587 4909 3940 4966 sanctissimus

2359 5006 2597 5101 pontifex
2636 5024 2719 5078 his
2757 5017 2936 5075 verbis
2969 5034 2980 5068 :
3025 5013 3131 5069 Sed
3160 5011 3374 5084 quidam
3405 5006 3636 5061 homines
3664 5012 3847 5056 contra
3872 5012 3940 5050 me

2360 5085 2602 5190 pietatem
2648 5118 2869 5167 vestram
2908 5105 3137 5161 excitare
3176 5100 3478 5164 voluerunt,
3519 5103 3575 5148 ut
3609 5092 3776 5153 mihi,
3823 5085 3941 5160 quod

2364 5179 2520 5271 absit,
2550 5202 2828 5261 voluntatis
2856 5206 3039 5253 vestra:
3066 5194 3289 5267 gratiam
3318 5186 3676 5245 subtraherent
3704 5179 3851 5254 (Lib.
3881 5192 3941 5235 IV.

2365 5318 2447 5371 ep.
2487 5296 2613 5368 30).

2438 5355 2684 5445 Piissima
2724 5383 2963 5453 Augusta
3001 5375 3279 5434 basilicam
3319 5373 3371 5428 in
3416 5371 3679 5425 honorem
3717 5362 3781 5419 S.
3811 5355 3943 5415 Pauli

2367 5480 2597 5554 apostoli
2644 5472 3017 5533 ardificandam
3054 5470 3339 5525 curaverat
3374 5462 3425 5516 in
3466 5460 3587 5529 ipso
3629 5455 3795 5525 regiae
3819 5446 3946 5505 urbis

2366 5547 2600 5648 palatio;
2624 5582 2788 5638 quam
2813 5572 2873 5618 ut
2893 5561 3062 5619 sacris
3085 5556 3326 5627 ejusdem
3357 5548 3601 5621 reliquiis
3620 5547 3841 5609 ditaret,
3866 5553 3945 5609 po-

2367 5625 2584 5721 stulam
2609 5676 2639 5713 a
2666 5655 2931 5725 Gregorio
2963 5660 3021 5706 ut
3047 5625 3148 5704 sibi
3179 5642 3544 5701 transmittere
3572 5638 3650 5691 vel
3682 5625 3947 5688 beatissimi

2368 5716 2588 5820 apbstoli
2617 5716 2804 5818 caput:
2833 5743 2908 5800 vel
2940 5739 3083 5796 aliud
3126 5735 3249 5808 quid
3279 5734 3344 5788 ds
3375 5732 3539 5803 ipsius
3566 5739 3782 5796 corpore
3816 5716 3947 5775 festi-
