3992 6294
112 353 195 407 557

543 348 602 402 S.
645 345 971 403 GREGORII
1010 347 1222 405 MAGNI
1261 349 1444 417 VITA,
1488 350 1579 406 EX
1620 349 1778 407 EJUS
1814 352 2121 410 SClilPTIS
2158 354 2551 413 ADORNATA.
2592 357 2720 414 LIB.
2762 359 2824 414 Il.

3251 368 3361 427 338

119 470 266 521 naret.
317 461 485 529 Cujus
516 461 746 530 jussioni
776 463 1054 533 respondit
1092 478 1152 519 se
1180 465 1555 536 obtemperare
1580 481 1681 524 nec
1706 469 1753 526 A
1784 466 1976 534 factas,
2015 485 2151 539 quas
2178 470 2469 542 Gregorius
2498 474 2747 544 ignorare
2792 477 3014 535 minime
3053 483 3246 550 potuit.
3287 484 3362 542 De

110 569 240 627 posse
261 567 357 607 nec
383 551 606 616 audere,
636 552 780 621 quod
808 561 1116 610 sanctorum
1148 556 1516 624 apostolorum
1544 572 1670 613 cor-

110 660 215 715 pora
257 642 540 708 nequidem
582 641 702 696 loco
732 642 937 697 moveri
968 644 1213 713 impune,
1254 645 1339 701 vel
1365 648 1509 715 tangi
1541 663 1669 718 pos-

107 742 231 796 sent;
267 731 426 800 idque
466 730 652 784 multis
682 731 954 785 miraculis
994 732 1193 787 ibidem
1233 738 1671 792 commemoratis

109 822 379 876 conﬁrmat.
426 819 665 875 Petierat
693 820 853 875 etiam
884 820 1237 879 Constantina
1266 825 1410 881 beati
1440 826 1671 895 apostoli

108 913 363 981 sudarium,
388 927 498 982 quo
524 911 753 966 fortasse
776 912 992 968 nomine
1016 914 1239 985 intelligi
1262 916 1424 972 debet
1447 918 1670 974 linteum

109 1000 292 1072 aliquod
322 1000 436 1067 ejus
464 1016 659 1056 cruore
689 1016 844 1056 sacro
867 1002 1116 1069 tinctum,
1147 1012 1202 1058 et
1230 1005 1283 1058 in
1310 1006 1560 1075 sepulcro
1589 1007 1672 1061 in-

106 1094 301 1147 clusum.
348 1091 456 1145 Sed
501 1091 628 1159 quia
670 1091 883 1147 extrahi
925 1107 1032 1147 non
1072 1100 1287 1162 poterat
1330 1094 1431 1150 nisi
1471 1110 1671 1165 corpus

107 1179 305 1251 apostoli
352 1179 689 1249 detegendo,
741 1188 796 1235 et
840 1180 961 1236 loco
999 1183 1296 1250 movendo,
1336 1186 1481 1253 quod
1521 1186 1670 1241 nefas

106 1280 216 1335 erat,
238 1270 335 1338 pize
355 1269 610 1338 Augustae
632 1269 884 1338 precibus
909 1284 1149 1326 annuere
1170 1288 1276 1327 non
1304 1274 1480 1342 potuit
1507 1290 1664 1344 papa.

106 1364 148 1416 in
174 1359 389 1430 epistola
420 1375 583 1429 quam
615 1358 907 1428 Gregorius
937 1360 1002 1415 ad
1029 1375 1147 1415 eam
1177 1362 1342 1425 misit,
1377 1363 1452 1416 ait
1486 1382 1497 1415 :
1535 1361 1670 1427 Quia

108 1450 327 1504 Romanis
358 1450 675 1504 consuetudo
704 1466 805 1506 non
836 1457 941 1517 est,
988 1453 1195 1521 quando
1223 1461 1519 1508 sanctorum
1543 1454 1669 1510 reli-

104 1546 226 1613 quias
247 1543 392 1606 dant,
415 1551 470 1594 ut
486 1542 763 1613 quidquam
788 1552 997 1614 tangere
1014 1554 1332 1612 praesumant
1347 1546 1410 1600 de
1424 1563 1667 1617 corpore;

104 1634 175 1689 sed
195 1633 542 1686 tantummodo
572 1635 626 1686 in
653 1633 830 1703 pixide
858 1634 1142 1689 brandeum
1180 1635 1265 1709 [Id
1296 1646 1378 1692 est
1409 1637 1661 1710 velamen]

105 1725 315 1788 mittitur,
354 1732 510 1793 atque
540 1724 609 1776 ad
636 1726 963 1779 sanctissima
993 1742 1213 1796 corpora
1241 1736 1542 1783 sanctorum
1570 1748 1667 1797 po-

1776 561 1861 617 his
1886 577 2105 633 quoque
2127 556 2349 622 consule
2380 575 2539 623 notas
2562 568 2630 624 ad
2656 583 2745 639 ep.
2769 568 2839 626 30
2867 570 2987 626 libri
3025 574 3204 642 quarti
3224 616 3238 639 .
3269 592 3366 632 ve-

1775 670 1893 708 rum
1919 656 2001 711 his
2026 657 2079 711 in
2103 658 2546 716 translationibus
2567 676 2598 716 e
2627 662 2844 718 tumulis
2863 663 2976 725 suis
2996 664 3365 725 edocebantur

1775 758 1929 799 sacra
1980 746 2070 800 illa
2122 746 2379 817 pignora,
2448 758 2507 804 ut
2552 751 2607 805 in
2662 750 2843 822 aliquo
2892 752 3189 811 decentiori
3238 756 3364 814 loco

1773 835 2135 903 quiescerent,
2164 854 2339 909 neque
2366 841 2556 910 procul
2584 840 2984 900 deferebantur.

1844 925 1997 980 Haud
2046 928 2371 997 improbavit
2410 932 2630 999 quidem
2671 944 2892 992 sanctus
2929 936 3121 994 doctor
3148 940 3363 1011 episco-

1772 1030 1896 1084 pum
1925 1023 1980 1070 et
1998 1016 2202 1071 clerum
2223 1018 2371 1074 urbis
2391 1018 2569 1075 Euriae
2589 1021 2713 1079 inde
2730 1026 3143 1095 commigrantes
3164 1046 3364 1100 corpus

1772 1103 1829 1159 S.
1860 1104 2053 1159 Donati
2082 1120 2266 1161 secum
2291 1108 2597 1173 abstulisse,
2628 1119 2684 1165 et
2712 1113 2766 1167 in
2794 1112 3037 1185 Cassiopi
3063 1118 3253 1175 Castro
3281 1120 3361 1175 in-

1771 1196 1902 1251 sulae
1931 1196 2181 1268 Corcyrae
2209 1198 2525 1269 deposuisse
2550 1200 2692 1272 (Lib.
2724 1220 2831 1266 xrv,
2861 1222 2979 1277 epp.
3015 1208 3046 1259 7
3074 1219 3125 1262 et
3153 1211 3260 1280 l3).
3294 1212 3365 1268 At

1771 1302 1901 1344 vero
1933 1288 2311 1358 migrationem
2346 1290 2505 1345 istam
2532 1294 2892 1349 necessariam
2922 1296 3213 1353 ell'ecerant
3241 1302 3364 1356 bar-

1769 1376 1987 1432 baricus
2015 1377 2218 1445 gladius
2249 1386 2302 1433 et
2338 1378 2566 1434 hostiles
2604 1380 2867 1441 incursus.
2904 1384 3204 1441 Metuentes
3234 1402 3362 1458 ergo

1769 1467 2083 1527 sacerdotes
2112 1475 2162 1526 et
2191 1467 2372 1527 clerici
2401 1469 2633 1529 civitatis
2662 1469 2839 1543 hujus,
2873 1487 2942 1531 ne
2965 1487 3130 1532 sacra:
3158 1474 3216 1532 S.
3251 1474 3361 1532 Do-

1770 1561 1881 1615 nati
1904 1562 2143 1631 reiiquiae
2169 1563 2222 1618 in
2251 1563 2481 1619 ecclesia
2508 1564 2719 1619 deserta
2741 1573 2795 1620 et
2815 1575 3035 1636 patente
3062 1567 3297 1637 aliquam
3327 1586 3361 1628 a

1769 1651 2013 1709 barbaris
2043 1653 2293 1724 injuriam
2335 1664 2681 1726 paterentur,
2720 1658 3028 1717 maluerunt
3055 1674 3149 1717 eas
3176 1675 3362 1719 secum

1770 1752 2071 1813 asportare.
2106 1746 2121 1761 '
3119 1770 3125 1777 -

104 1814 235 1865 πίων·
274 1808 425 1874 9³⁸οά
452 1811 707 1907 malm?»
753 1812 808 1865 ίη
838 1812 1051 1907 “cmi-‘1
1090 1823 1316 1907 συξη-εδει
1351 1815 1661 1907 dedicanda,
1701 1842 1742 1902 Β
1835 1808 1970 1901 Quae
1998 1834 2067 1891 de
2104 1836 2309 1893 sanctis
2336 1838 2657 1907 corporibus
2694 1838 2817 1896 loco
2846 1855 2955 1897 non
2985 1842 3268 1900 movendis
3295 1844 3365 1902 ad

103 1904 252 1955 derata
284 1916 397 1954 cum
436 1903 766 1957 veneratione
790 1904 1106 1957 reconditur.
1149 1903 1312 1959 Addit
1342 1906 1572 1975 plurima
1602 1906 1665 1962 iis

103 1996 143 2047 in
167 1992 309 2060 locis,
338 2007 403 2047 ac
430 1992 477 2047 si
505 2001 818 2049 sanctorum
858 1995 1177 2065 corporibus
1198 1996 1531 2066 potirentur,
1571 2013 1669 2068 pa-

102 2084 207 2138 trari
246 2084 401 2137 solita
440 2082 723 2138 miracula.
775 2083 1002 2155 Insuper
1028 2087 1191 2142 docet
1226 2088 1280 2141 in
1311 2088 1474 2143 totius
1509 2087 1665 2145 Occi-

102 2179 245 2234 dentis
267 2179 508 2248 partibus
530 2179 750 2234 omnino
771 2179 1097 2235 intolerabile
1114 2197 1225 2235 esse
1247 2198 1309 2235 ac
1329 2182 1659 2253 sacrilegum,

99 2274 132 2325 si
171 2279 457 2325 sanctorum
494 2287 713 2342 corpora
755 2281 966 2343 tangere
1007 2274 1276 2346 quisquam
1317 2276 1542 2345 fortasse
1579 2293 1668 2331 vo-

101 2362 241 2416 luerit.
273 2359 492 2416 Utinam
515 2378 644 2418 vero
669 2364 812 2433 piam
836 2364 975 2417 hanc
996 2371 1051 2419 et
1070 2375 1381 2421 sanctorum
1408 2367 1666 2435 reliquia-

100 2471 193 2508 rum
231 2455 565 2510 venerationi
603 2464 1022 2512 consentaneam
1053 2459 1498 2515 consuetudinem
1538 2476 1669 2531 per-

102 2561 237 2619 petuo
265 2550 695 2605 retinuissemus.
728 2550 858 2606 Cum
885 2551 1193 2608 Griecorum
1225 2554 1527 2610 contrarius
1550 2570 1668 2610 mos

100 2650 252 2711 posset
283 2642 480 2711 objici,
524 2643 718 2712 quibus
746 2643 998 2699 videlicet
1046 2645 1191 2699 nulla
1221 2652 1339 2700 erat
1364 2660 1517 2702 sacra
1546 2661 1670 2713 cor—

107 2748 214 2799 pora
257 2733 473 2788 levandi
503 2748 567 2789 ac
597 2733 704 2788 alio
740 2733 1094 2790 transferendi
1121 2735 1341 2804 religio,
1387 2736 1668 2806 respondit

99 2819 143 2874 S.
168 2820 452 2891 Gregorius
477 2822 654 2878 dubiae
681 2821 803 2878 fidei
830 2824 932 2878 sibi
961 2824 1164 2890 videri,
1209 2841 1345 2895 quas
1377 2828 1669 2884 transfere-

102 2912 206 2967 bant
225 2922 278 2968 et
299 2914 679 2970 distrahebant
704 2915 984 2984 reliquias;
1014 2916 1488 2987 suspicionemque
1514 2934 1667 2974 suam

102 3007 181 3061 hac
202 3007 450 3077 exemplo
478 3005 781 3083 conﬁrmat.
814 3008 1077 3064 Nimirum
1104 3009 1323 3078 quidam
1347 3010 1519 3065 Graeci
1549 3025 1668 3065 mo-

104 3097 232 3151 nachi
260 3105 390 3152 ante
433 3097 712 3153 biennium
755 3098 940 3154 Romae
967 3099 1292 3169 deprehensi
1333 3100 1545 3155 fuerant
1570 3115 1667 3156 no-

1772 1933 2008 1980 mentem
2041 1923 2097 1981 S.
2124 1925 2372 1997 Gregorii
2402 1927 2665 1996 diximus,
2697 1930 2765 1986 de
2788 1945 2977 1989 eorum
3006 1934 3245 1992 vestibus
3269 1944 3364 1995 aut

1769 2012 1888 2067 aliis
1930 2014 2090 2071 rebus
2126 2016 2195 2071 ad
2236 2017 2382 2087 ipsos
2408 2026 2624 2074 sanctos
2661 2020 3078 2091 pertinentibus,
3128 2025 3352 2082 minime

1770 2101 1996 2173 intelligi
2026 2104 2188 2160 debet
2212 2123 2225 2159 :
2256 2122 2380 2161 nam
2405 2123 2527 2162 cum
2556 2109 2853 2179 accepisset
2879 2125 2911 2165 a
2936 2110 3145 2170 Joanne
3166 2114 3363 2171 abbate

1770 2196 2008 2251 tunicam
2036 2195 2095 2252 S.
2126 2196 2349 2253 Joannis
2394 2207 2696 2269 repertam,
2743 2208 2803 2255 ut
2843 2216 2963 2257 eam
2989 2205 3055 2258 ad
3083 2219 3144 2261 se
3186 2214 3363 2261 trans-

1768 2285 1984 2341 mittere
2013 2295 2229 2342 curaret
2255 2287 2485 2358 rogavit.
2519 2287 2779 2344 Tunicam
2818 2290 2978 2363 245
3017 2293 3160 2349 hanc
3199 2294 3362 2353 fuisse

1768 2374 1826 2431 S.
1851 2374 2075 2433 Joannis
2095 2378 2327 2448 apostoli
2349 2386 2405 2434 et
2424 2380 2788 2449 evangelista,
2812 2382 3151 2453 positamque
3171 2383 3358 2441 Roma:

1768 2464 1822 2519 in
1851 2465 2071 2523 basilica
2102 2466 2580 2534 Constantiniana,
2622 2470 2783 2525 docet
2816 2469 3052 2529 Joannes
3091 2474 3360 2531 Diaconus

1769 2554 1919 2627 (Lib.
1945 2573 2034 2625 ιιι,
2082 2574 2174 2613 nn.
2221 2556 2319 2627 57,
2351 2557 2446 2626 58,
2477 2558 2602 2630 59),
2657 2561 2750 2617 ubi
2800 2577 2922 2617 eam
2953 2565 3146 2621 asserit
3175 2566 3360 2622 multis

1768 2661 2084 2704 coruscasse
2132 2650 2420 2706 miraculis.
2475 2648 2667 2706 Utrum
2714 2652 2831 2709 hzec
2878 2669 3030 2724 papze
3075 2657 3361 2725 responsio

1766 2736 2133 2793 Constantina:
2176 2739 2428 2808 Augusta:
2469 2741 2818 2809 satisfecerit,
2871 2754 3207 2814 compertum
3248 2762 3360 2802 non

1767 2826 2047 2883 habemus.
2098 2827 2327 2883 Exstant
2370 2837 2553 2884 tamen
2599 2830 2841 2900 plurimae
2883 2835 3054 2888 sancti
3090 2833 3361 2904 pontiﬁcis

1767 2918 2012 2988 epistolae
2042 2919 2108 2974 ad
2131 2920 2374 2975 eamdem
2406 2930 2594 2991 postea
2624 2923 2853 2991 scriptae,
2887 2940 2952 2980 ex
2981 2925 3176 2996 quibus
3201 2925 3360 2982 intel-

1768 3007 1952 3077 ligitur
1972 3025 2092 3064 eam
2120 3010 2264 3078 quod
2288 3011 2389 3066 sibi
2418 3011 2695 3081 denegata:
2715 3011 2939 3070 fuissent
2966 3013 3023 3069 S.
3050 3014 3203 3072 Pauli
3226 3016 3356 3072 reli-

1767 3095 1937 3165 quiae,
1969 3112 2076 3151 non
2104 3095 2325 3166 indigne
2365 3097 2579 3163 tulisse,
2613 3100 2708 3155 sed
2739 3116 2865 3172 erga
2889 3102 3075 3159 sedem
3102 3105 3358 3176 apostoli-

102 3198 259 3245 cturno
299 3190 520 3245 silentio
541 3190 695 3261 juxta
723 3190 1004 3246 ecclesiam
1044 3191 1189 3246 beati
1220 3189 1403 3258 Pauli,
1433 3206 1661 3263 corpora
1692 3202 1736 3265 ρ
1768 3202 1887 3243 cam
1913 3187 2004 3258 pio
2028 3184 2243 3259 semper
2270 3189 2523 3260 ilagrasse
2550 3192 2748 3248 studio.

101 3289 410 3337 mortuorum
440 3283 496 3337 in
526 3297 718 3353 campo
739 3281 975 3352 iacentia
1003 3281 1351 3351 eiiodientes,
1383 3290 1547 3353 atque
1576 3284 1659 3354 ip-

100 3384 246 3424 sorum
273 3387 398 3426 ossa
427 3371 807 3428 recondcntes.
834 3371 1079 3439 Quicum
1101 3372 1417 3443 interrogati
1438 3374 1663 3429 fuissent

100 3476 182 3529 quo
207 3461 251 3516 id
283 3462 517 3518 consilio
546 3461 812 3530 facerent,
846 3461 1079 3518 confessi
1107 3470 1233 3519 sunt
1260 3464 1396 3535 quod
1422 3464 1513 3518 illa
1542 3481 1663 3519 ossa

101 3550 151 3601 ad
176 3550 420 3606 Graeciam
456 3561 627 3606 essent
653 3559 899 3624 tanquam
940 3560 1238 3607 sanctorum
1269 3552 1513 3621 reliquias
1541 3571 1659 3624 por-

101 3643 244 3694 laturi.
274 3643 431 3712 Apud
454 3640 771 3712 Gregorium
794 3643 1165 3699 Turonensem
1203 3652 1258 3699 et
1289 3644 1424 3699 alios
1461 3645 1662 3714 passim

105 3739 121 3763 ⁸
139 3732 434 3802 scriptores,
459 3741 755 3788 occurrunt
771 3734 926 3801 tales,
946 3748 1052 3789 non
1078 3733 1178 3803 pice
1192 3732 1275 3806 (ut
1296 3733 1457 3803 vulgo
1481 3731 1665 3790 vocari

104 3819 269 3892 solent)
297 3822 396 3877 sed
426 3822 704 3891 sacrilegae
732 3821 980 3889 fraudes,
1012 3838 1131 3893 quae
1156 3822 1344 3878 dubias
1373 3823 1666 3880 eliecerunt

103 3913 325 3981 plurimas
344 3915 586 3984 alioquin
606 3915 865 3984 genuinas
885 3924 1196 3971 sanctorum
1214 3915 1487 3985 reliquias.
1513 3914 1665 3971 Unde

104 4002 243 4071 liquet
266 4005 473 4060 nullam
500 4005 760 4075 majorem
786 4014 879 4059 aut
904 4006 1189 4060 certiorem
1215 4005 1414 4060 sanctis
1439 4019 1665 4061 venera-

107 4095 274 4150 tionem
305 4097 593 4167 procurari
618 4111 804 4167 posse,
836 4112 997 4167 quam
1022 4111 1208 4152 eorum
1238 4111 1388 4151 sacra
1417 4095 1661 4167 pignora,

104 4187 143 4240 in
167 4190 424 4257 prioribus
452 4191 713 4261 sepulcris
745 4191 884 4261 (quie
908 4199 1089 4246 tamen
1113 4191 1293 4246 ornari
1318 4190 1495 4262 decet)
1524 4191 1662 4246 inte-

103 4289 177 4343 gra
217 4287 267 4332 et
310 4280 515 4335 intacta
560 4279 942 4349 relinquendo;
986 4279 1130 4350 quod
1168 4280 1331 4334 etiam
1363 4278 1389 4319 δ
1418 4279 1665 4337 civilibus

104 4375 292 4421 cavetur
327 4367 557 4436 legibus.

161 4476 205 4529 8.
257 4480 409 4535 Absit
456 4489 639 4536 tamen
684 4496 715 4535 a
770 4481 957 4545 nobis,
1011 4490 1071 4535 nt
1121 4496 1309 4537 omnes
1355 4489 1662 4537 sanctorum

2362 3303 2591 3360 CAPUT
2627 3304 2742 3361 ΧΠ.

1763 3415 1954 3466 Ariona.
1979 3439 2037 3487 -τ
2061 3415 2108 3489 ‘l.
2137 3413 2478 3466 Theodelinda
2506 3417 2813 3489 Constantio,
2832 3420 3205 3489 _Mediolsn_ensi
3246 3426 3357 3489 cpi.

1824 3489 1992 3539 sc0po,
2016 3476 2204 3526 infensa
2229 3489 2317 3538 pro
2338 3490 2480 3527 causa
2504 3482 2648 3529 trium
2670 3476 3067 3543 cspititiorum.—
3087 3485 3135 3534 2.
3161 3476 3354 3547 Grego-

1826 3541 1929 3604 rius
1951 3539 2140 3604 adeam
2169 3537 2362 3604 legatos
2382 3541 2533 3590 mittit
2557 3549 2607 3604 et
2629 3544 2990 3603 epistolas—'5.
3016 3545 3123 3604 Quo
3146 3555 3349 3597 eventu.

1825 3624 1886 3635 --
1904 3602 1950 3650 4.
1978 3599 2249 3648 ldulolatris
2291 3603 2638 3653 convertendis
2663 3599 2937 3654 incumbit.
2960 3599 3090 3657 -”5.
3128 3608 3354 3658 Januarii

1827 3666 1881 3713 et
1903 3660 2109 3726 aliorum
2127 3662 2366 3726 Sardiniae
2392 3664 2730 3726 episcOporum
2772 3667 3004 3715 socordia.
3031 3694 3091 3703 —
3111 3669 3161 3716 6.
3190 3667 3263 3718 De
3288 3671 3351 3717 ii-

1829 3724 2300 3787 ren_tia_chrismate
2337 3724 2655 3787 consignandi
2694 3728 2995 3787 presbyteris
3017 3727 3183 3779 Sardis
3219 3730 3351 3779 dats.

1825 3807 1887 3851 ατ
1909 3784 1957 3832 7.
1982 3782 2083 3851 Res
2104 3783 2195 3833 hoc
2206 3796 2340 3851 anno
2365 3785 2410 3851 in
2435 3782 2778 3835 monachorum
2802 3782 3008 3845 gratiam
3032 3800 3061 3837 ι
3082 3788 3136 3838 S.
3161 3789 3356 3851 Grego-

1828 3847 1903 3893 rio
1924 3850 2181 3910 gest5e._-_—
2204 3844 2517 3910 8_.__Muli_eres
2539 3858 2566 3892 a
2586 3844 2996 3910 monasteriorum
3019 3852 3247 3910 ingressu
3264 3844 3353 3899 ar-

1828 3903 2076 3972 cet.‘:—-_9.
2100 3903 2377 3972 M_o_nialium
2399 3904 2638 3955 honestati
2662 3915 2713 3972 e_t
2737 3903 3088 3970 tranquillitati
3100 3911 3352 3972 prospicit.

1828 3992 1879 4033 τ-
1907 3967 1983 4017 10.
2010 3966 2086 4015 De
2109 3965 2463 4033 abbatissarnm
2492 3973 2645 4033 nitate
2668 3965 2911 4033 decernit.
2934 3996 2998 4008 --
3026 3965 3352 4033 “(Ejusdem

1826 4030 2080 4152 deﬁgam
2120 4026 2185 4077 de
2230 4026 2419 4085 clericis
2463 4028 2723 4080 abbatibus
2769 4028 3060 4093 explicatur.
3111 4026 3225 4095 (Ᾰιι.
3260 4034 3356 4087 593

1828 4106 1856 4142 e
2000 4124 2011 4137 ι

1828 4098 1880 4142 et
1903 4098 2011 4141 594.

1842 4196 1894 4251 i.
1934 4196 2138 4254 Eodem
2168 4196 2281 4253 fere
2306 4204 2549 4268 tempore
2584 4193 2641 4250 S.
2681 4193 2971 4267 Gregorius
2999 4198 3067 4255 ad
3102 4197 3354 4255 Theode-

1768 4288 1996 4356 lindam,
2044 4287 2522 4358 Langobardorum
2560 4285 2829 4355 reginam,
2869 4288 3106 4344 scribere
3135 4296 3357 4346 coactus

1767 4387 1877 4446 est,
1924 4387 1986 4434 ut
2011 4379 2127 4448 ejus
2166 4378 2403 4440 animum
2431 4376 2778 4443 Constantio,
2828 4375 3213 4435 Mediolanensi
3241 4378 3358 4451 epi-

1766 4488 1955 4543 scopo,
1986 4471 2271 4533 infensum,
2304 4470 2370 4524 ad
2400 4484 2587 4540 pacem
2616 4477 2673 4524 et
2701 4469 3045 4526 concordiam
3071 4475 3356 4527 revocaret

107 4569 459 4626 translationes
483 4573 802 4627 damnemus
830 4573 920 4642 pio
956 4572 1182 4629 consilio
1226 4571 1412 4628 factas.
1446 4585 1468 4612 ε
1501 4572 1661 4629 Tem-

1783 4561 1911 4636 :Lib.
1943 4577 2031 4631 tu,
2062 4579 2179 4632 epp.
2208 4560 2278 4616 29
2299 4599 2315 4627 ,
2347 4560 2435 4626 30,
2468 4560 2580 4630 5i).
2611 4559 2932 4628 Laurentio,
2963 4559 3359 4616 Mediolancnsi

106 4673 214 4727 pare
254 4660 561 4717 Constantii
606 4664 829 4731 Augusti
874 4663 1100 4732 legimus
1143 4662 1665 4734 Constantinopolim

106 4749 311 4807 delatum
350 4751 521 4808 fuisse
562 4752 620 4808 S.
658 4752 925 4809 Timothei
955 4769 1151 4824 corpus
1181 4752 1377 4823 Ephesi
1405 4754 1553 4824 prius
1580 4769 1668 4811 se-

106 4842 312 4910 pullum,
342 4859 408 4899 ac
435 4845 490 4899 in
521 4844 740 4900 basilica
767 4853 1076 4901 sanctorum
1104 4845 1469 4916 apostolorum
1498 4846 1666 4901 collo-

106 4944 256 4990 catum
293 4951 437 4992 esse.
479 4935 647 4992 Paulo
692 4946 814 5008 post
857 4938 1018 4993 etiam
1067 4938 1307 5007 reliquiae
1354 4944 1663 4992 sanctorum

107 5025 305 5083 Andreae
332 5028 568 5098 apostoli
594 5037 650 5084 et
677 5027 832 5084 Lucae
860 5028 1202 5098 evangelistte
1227 5028 1419 5084 delatae
1447 5035 1572 5083 sunt
1596 5042 1664 5083 ex

107 5112 312 5184 Achaia,
344 5128 402 5174 et
426 5118 619 5175 eodem
653 5120 707 5173 in
735 5119 856 5175 ioco
892 5119 1181 5189 depositae;
1221 5119 1364 5189 quod
1406 5118 1572 5177 relert
1600 5132 1665 5174 ac

108 5204 262 5264 laudat
310 5209 673 5281 Hieronymus
726 5209 1069 5281 (Ifieronym.
1128 5220 1311 5264 contra
1358 5209 1660 5280 Vigilant.).

109 5293 226 5365 Lege
244 5300 385 5370 apud
407 5299 774 5355 Mabiilonium
799 5300 1047 5371 (Prwfat.
1069 5299 1138 5353 ad
1165 5308 1285 5354 toni.
1315 5296 1359 5352 ll
1393 5298 1508 5353 Act.
1529 5296 1661 5364 SS.,

105 5386 330 5444 sbserrat.
357 5389 417 5461 8)
447 5391 706 5461 plurimas
729 5398 1040 5446 sanctorum
1070 5389 1446 5445 translationes
1469 5395 1664 5457 quarto

106 5487 151 5530 et
192 5481 374 5549 quinto
415 5480 617 5537 aesculo
671 5480 728 5536 in
768 5478 1090 5547 Occidente,
1136 5479 1361 5551 ipsaque
1410 5479 1465 5533 in
1512 5476 1665 5532 italia

166 5640 186 5665 ἰ
214 5630 343 5756 uide
370 5630 687 5687 Guibertum
712 5628 781 5685 de
804 5627 1104 5698 Novigento
1128 5628 1222 5685 lib.
1253 5628 1321 5685 de
1346 5626 1666 5698 Piguoribus

166 5715 217 5755 ac
274 5718 414 5756 rum.

107 5713 414 5757 sanctorum.

165 5769 353 5843 διε-εδ
374 5770 665 5843 ultima_d_e
679 5769 1048 5841 sepulcrorum
1059 5770 1266 5841 violat.,
1285 5775 1476 5843 estque
1495 5767 1668 5827 Theo-

107 5838 226 5897 dosii
251 5840 426 5914 Magni
449 5856 542 5899 an.
564 5838 688 5896 586.

1768 4655 2046 4725 episcopo,
2073 4668 2103 4708 e
2125 4652 2258 4707 vivis
2278 4651 2489 4707 sublato
2511 4665 2653 4705 anno
2673 4649 2958 4721 superiori,
2982 4648 3352 4718 Constantius,

1769 4742 2011 4812 ejusdem
2036 4740 2292 4797 Ecclesia:
2314 4738 2591 4802 diaconus,
2623 4736 2863 4792 unanimi
2884 4736 3049 4792 totius
3069 4736 3198 4792 cieri
3224 4753 3356 4792 con-

1765 4848 1929 4890 sensu
1956 4847 2239 4888 successor
2265 4830 2424 4885 datus
2444 4828 2640 4896 fuerat,
2667 4826 2929 4898 Gregorio
2955 4826 3158 4883 dudum
3184 4827 3355 4897 probe

1767 4924 2034 4992 cognitus,
2072 4922 2157 4976 cui
2184 4919 2344 4975 etiam
2374 4917 2498 4974 dum
2529 4916 2997 4986 Constantinopoli
3027 4924 3354 4984 moraretur,

1770 5015 1932 5083 longo
1958 5025 2199 5083 tempore
2219 5009 2539 5064 adhzeserat.
2570 5006 2634 5061 Et
2655 5006 2898 5076 quamvis
2917 5008 2970 5060 in
2992 5006 3103 5077 ejus
3127 5004 3356 5060 moribus

1771 5106 1903 5160 nillil
1927 5103 2063 5175 quod
2085 5100 2384 5173 reprehendi
2404 5098 2669 5168 potuisset,
2694 5096 2999 5162 invenisset;
3024 5095 3147 5164 quia
3174 5103 3353 5149 tamen

3365 5057 3374 5113 l

1771 5197 1826 5253 in
1855 5198 2093 5252 animum
2132 5210 2288 5252 suum
2327 5193 2535 5263 pridem
2576 5191 2889 5256 induxerat,
2928 5188 2999 5243 ad
3027 5187 3369 5261 suscipienda,

1770 5288 2049 5360 pastoralis
2070 5302 2208 5342 cura:
2228 5301 2407 5351 onera,
2437 5301 2531 5355 pro
2553 5282 2745 5337 nullius
2764 5296 2988 5353 unquam
3009 5280 3211 5335 misceri
3230 5282 3370 5351 per-1

1770 5399 1933 5447 sana,
1981 5380 2049 5435 ab
2076 5379 2190 5447 ejus
2228 5377 2493 5432 electione
2533 5373 2897 5445 promovenda
2929 5372 3141 5443 penitus
3183 5370 3353 5426 absti~

1771 5479 1965 5529 nucrat
1997 5489 2010 5525 :
2055 5470 2224 5540 ipsam
2264 5466 2394 5523 solis
2439 5465 2581 5537 apud
2612 5464 2780 5519 Deum
2822 5463 3070 5534 precibus
3100 5460 3353 5534 prosequi

1847 5633 1870 5661 ο
1899 5618 2131 5676 Consule
2159 5618 2558 5674 Tillemontium
2588 5617 2641 5672 in
2669 5613 2981 5672 Constantio
3009 5624 3111 5681 art.
3142 5614 3197 5684 4,
3226 5630 3349 5686 pag».

1773 5692 1897 5747 415.
1921 5690 2346 5758 Translationem
2370 5687 2508 5743 hanc
2533 5689 2727 5743 factam
2745 5688 2997 5758 vigesimo
3012 5685 3355 5745 Constantini

1771 5764 1947 5835 Magni
1976 5776 2134 5831 anno,
2164 5759 2294 5817 dicit
2319 5757 2697 5831 Hieronymus.
