3992 6292
608 358 709 414 359

1068 359 1123 415 S.
1167 355 1492 415 GREGORII
1535 357 1745 413 MAGNI
1790 357 1969 424 VITA,
2012 357 2104 413 EX
2149 357 2311 415 EJUS
2350 360 2651 423 SCRIPTIS
2690 361 3087 420 ADORNATA.
3130 362 3255 421 LIB.
3302 364 3363 419 ll.

3771 368 3876 424 διο

596 478 918 537 contentus;
961 470 1177 528 assidue
1212 485 1374 525 orans
1420 477 1479 524 ut
1523 482 1761 523 summus
1799 476 1984 537 pastor
2023 468 2183 524 talem
2214 474 2261 534 Α
2289 470 2523 527 schisma
2563 474 2848 529 occasione
2876 477 3344 533 condemnationis
3374 477 3592 535 illorum
3621 481 3878 550 capitulo-

598 559 1092 620 Ilediolanensibus
1120 568 1393 630 pastorem
1425 556 1710 627 praiberct,
1752 559 1808 613 in
1836 558 1983 628 cujus
2013 558 2191 629 lingua

597 660 652 707 et
678 650 905 707 moribus
933 647 1313 705 exhortationis
1351 646 1540 700 divina:
1568 662 1760 716 pascua
1800 648 2028 701 valerent
2056 647 2197 700 inve'

598 743 711 796 nire
738 757 758 795 :
788 743 843 795 in
869 738 1015 808 cujus
1037 745 1205 791 mente
1232 746 1282 789 et
1311 736 1574 789 humilitas
1600 752 1714 789 cum
1742 736 2049 789 rectitudine
2078 736 2186 806 ful-

598 840 772 903 geret,
804 839 854 884 et
879 829 1125 883 severitas
1153 842 1268 880 cum
1298 827 1486 897 pietate
1515 843 1533 881 :
1564 829 1648 898 qui
1677 829 1748 882 eis
1778 830 1911 881 viam
1944 830 2059 882 vita:
2089 844 2190 882 non

595 921 761 973 solum
790 916 1078 987 loquendo,
1121 916 1213 970 sed
1246 917 1401 969 etiam
1431 917 1643 972 vivendo
1672 925 1841 987 posset
1878 918 2187 981 ostendere;

594 1016 846 1079 quatenus
883 1006 1119 1077 exemplo
1164 1006 1306 1060 illius
1346 1004 1604 1060 discerent
1646 1008 1715 1059 ad
1754 1016 1963 1062 (eterna:
2005 1009 2191 1075 patria:

596 1098 907 1152 desiderium
941 1098 1226 1167 suspirare.
1274 1095 1458 1166 Itaque
1513 1096 1729 1165 quando
1765 1095 2191 1166 sapientissimus

598 1187 841 1257 pontifex
880 1188 1091 1258 aliquas
1128 1186 1506 1258 episcoporum
1545 1186 1842 1242 electiones
1871 1187 1973 1242 sibi
2004 1186 2193 1243 vcndi-

598 1278 763 1344 cavit,
792 1279 1006 1334 nonnisi
1030 1277 1356 1347 gravissimis
1378 1276 1676 1331 rationibus
1697 1284 1938 1344 coaetus,
1967 1292 1997 1331 a
2020 1277 2189 1347 priori

601 1368 884 1439 proposito
912 1369 1153 1424 recessit.
1186 1368 1445 1423 Nimirum
1479 1368 1609 1422 satis
1650 1368 1917 1438 habebat,
1962 1376 2022 1424 ut
2049 1371 2228 1426 anti-o

598 1474 763 1529 quam
793 1467 1035 1514 servaret
1069 1459 1512 1515 consuetudinem
1532 1498 1548 1525 ,
1580 1458 1813 1528 aliquem
1842 1458 2058 1514 mittere
2085 1458 2186 1515 Ec-

602 1550 783 1606 clesiae
824 1550 1082 1605 Romana:
1114 1550 1330 1603 militem
1371 1548 1509 1618 (hoc
1538 1549 1754 1604 nomine
1781 1548 2037 1615 clericos,
2087 1548 2190 1606 Ec-

601 1639 781 1697 clesiae
800 1639 1092 1695 militantes
1116 1647 1173 1695 et
1192 1639 1490 1695 servientes
1509 1638 1799 1711 signiﬁcat)
1824 1641 1917 1710 qui
1936 1640 2190 1697 electioni

596 1729 907 1797 interesset,
928 1737 985 1785 et
999 1730 1066 1785 ab
1082 1729 1350 1800 episcopis
1371 1729 1808 1799 provincialibus,
1828 1722 1950 1785 cum
1968 1745 2186 1786 assensu

2298 574 2419 615 runt
2446 571 2686 617 exortum
2707 606 2722 631 ,
2756 580 2862 618 non
2891 566 2942 619 in
2974 582 3040 622 eo
3069 568 3301 635 positum
3332 574 3478 633 erat,
3506 567 3656 637 quod
3685 569 3752 625 ab
3782 570 3882 629 illis

2297 650 2715 706 condemnandis
2743 653 3122 723 abstineretur,
3162 657 3255 711 sed
3284 658 3427 726 quod
3461 672 3491 711 a
3520 657 3882 715 condemnan-

2299 741 2429 794 tium
2476 745 2853 801 communione
2895 750 3129 803 secessio
3179 749 3350 804 ﬁeret.
3400 748 3695 819 Gregorius
3740 755 3881 809 enim

2294 846 2394 901 pro
2420 835 2560 890 veris
2584 834 2836 892 Ecclesia:
2863 839 2983 894 ﬁliis
3012 855 3228 909 semper
3249 842 3437 896 habuit
3455 852 3480 880 ι
3497 857 3614 908 eos,
3645 846 3881 913 quicum

2296 922 2395 976 tria
2428 923 2517 977 illa
2547 926 2782 994 capitula
2824 928 3052 997 rejicere
3098 928 3479 996 formidarent,
3528 932 3582 986 in
3631 932 3882 991 Ecclesia:

2292 1019 2469 1067 tamen
2496 1014 2701 1069 unitate
2730 1026 3174 1086 permanserunt,
3205 1028 3403 1074 etcum
3434 1022 3565 1090 ipsis
3587 1022 3877 1091 benignius

2300 1101 2410 1169 egit
2436 1118 2678 1173 semper,
2708 1121 2844 1172 quos
2868 1107 3036 1171 inter,
3070 1116 3261 1177 praeter
3290 1108 3709 1166 Theodelindam
3728 1155 3743 1179 ,
3772 1123 3883 1169 erat

2292 1194 2632 1253 Secundinus
2682 1199 2893 1255 eximite
2946 1202 3247 1259 sanctitatis
3295 1206 3633 1272 monachus,
3690 1208 3883 1276 regina:

2292 1286 2720 1355 acceptissimus.

2365 1375 2642 1433 Redeunte
2666 1378 2734 1433 ad
2761 1379 3060 1436 Constantii
3078 1384 3510 1439 communionem
3539 1385 3751 1453 regina,
3777 1394 3881 1439 tres

2297 1466 2365 1522 de
2393 1468 2583 1536 quibus
2607 1469 2719 1540 jam
2747 1471 2913 1528 locuti
2942 1489 3126 1531 sumus
3155 1476 3425 1546 episcopi,
3468 1484 3527 1531 ut
3554 1491 3686 1531 vero
3710 1477 3883 1532 simile

2292 1563 2392 1622 est,
2419 1558 2771 1627 quieverunt;
2802 1577 2901 1618 nec
2931 1563 3069 1618 ultra
3088 1579 3211 1619 eum
3236 1581 3265 1618 a
3287 1564 3652 1621 Brixiensibus
3680 1567 3883 1625 civibus

2291 1654 2541 1701 vexatum
2570 1647 2732 1705 fuisse
2761 1658 2818 1704 ut
2853 1661 3248 1707 sacramentum
3283 1652 3349 1708 de
3381 1654 3550 1708 tribus
3577 1655 3826 1724 capitulis
3850 1671 3881 1711 a

2290 1754 2351 1797 se
2376 1755 2651 1811 nunquam
2678 1742 2944 1801 damnatis
2974 1754 3283 1815 praistaret,
3317 1746 3438 1801 inde
3465 1755 3649 1816 potest
3677 1748 3873 1817 colligi,

598 1828 787 1879 tamen
818 1821 1011 1895 summi
1034 1822 1322 1892 pontiﬁcis,
1353 1822 1657 1878 consecrari
1684 1829 2016 1892 procuraret
2041 1820 2187 1878 Con-
2218 1843 2264 1903 Β
2291 1831 2434 1900 quod
2464 1833 2708 1903 plurimis
2734 1836 2788 1891 in
2815 1837 3055 1907 epistolis
3075 1838 3143 1893 ad
3174 1838 3346 1908 ipsum
3376 1838 3635 1909 deinceps
3659 1840 3870 1911 scriptis

592 1915 828 1971 stantius
862 1915 917 1969 in
944 1914 1061 1985 ipso
1086 1914 1425 1986 episcopatus
1459 1915 1683 1971 exordio
1711 1929 1865 1969 suam
1894 1914 2016 1970 ﬁdei
2049 1929 2182 1971 con-

594 2004 917 2073 fessionem,
948 2013 1008 2060 ut
1032 2006 1198 2061 moris
1228 2013 1373 2071 erat,
1405 2020 1555 2075 papae
1582 2005 1803 2071 obtulit;
1836 2006 1889 2060 in
1916 2020 2024 2076 qua
2052 2020 2185 2061 con-

595 2095 850 2151 demnata
877 2094 1043 2152 fuisse
1082 2096 1184 2150 tria
1212 2096 1480 2166 capitula,
1514 2096 1805 2166 lassamque
1830 2111 1894 2152 ac
1917 2096 2185 2167 pulsatam

595 2186 812 2242 concilii
858 2185 1317 2242 Chalcedonensis
1366 2188 1742 2243 auctoritatem
1790 2196 1901 2243 tres
1947 2188 2186 2258 episcOpi

594 2277 1015 2346 pervulgarunt;
1041 2292 1270 2346 quorum
1293 2276 1446 2333 malis
1469 2278 1673 2332 artibus
1694 2278 1918 2348 decepta
1940 2277 2187 2333 Theode-

596 2364 774 2430 linda,
820 2366 1297 2436 Langobardorum
1338 2368 1554 2437 regina,
1593 2367 1964 2423 Constantium
2006 2369 2187 2423 statim

594 2465 844 2513 aversata
870 2467 951 2513 est
976 2466 1036 2513 ut
1054 2457 1306 2527 legitimae
1329 2456 1450 2515 ﬁdei
1471 2458 1823 2514 desertorem.
1850 2458 2185 2513 Brixiensem

596 2550 914 2620 episcopum
940 2566 1107 2605 unum
1133 2566 1201 2605 ex
1222 2551 1391 2605 tribus
1412 2550 1478 2606 iis
1497 2550 1853 2605 schismaticis
1874 2550 2189 2622 praesulibus

596 2640 783 2707 fuisse,
813 2656 921 2695 non
950 2641 1179 2696 obscuro
1202 2641 1399 2695 indicat
1425 2641 1652 2710 epistola
1676 2640 1747 2694 '59
1774 2639 2015 2710 ejusdem
2043 2640 2187 2708 libri,

596 2747 665 2788 ex
705 2746 812 2801 qua
856 2733 1116 2788 habemus
1154 2734 1327 2802 ipsum
1374 2740 1429 2787 et
1469 2732 1661 2788 Brixiae
1701 2733 1848 2788 cives
1885 2732 2191 2802 importune

593 2823 899 2895 postulasse
926 2832 988 2878 ut
1025 2822 1372 2879 Constantius
1410 2823 1762 2892 jurejurando
1801 2820 2095 2878 allirmaret
2131 2836 2192 2880 se

597 2914 701 2970 tria
722 2929 830 2970 non
854 2914 1141 2970 damnasse
1159 2914 1416 2984 capitula.
1442 2914 1603 2985 (Vide
1623 2914 1713 2971 lib.
1745 2931 1818 2982 iv,
1842 2932 1957 2985 epp.
1984 2913 2019 2967 2
2038 2923 2087 2969 et
2107 2913 2186 2984 4.)

659 3022 715 3078 2.
748 3022 875 3079 Hinc
900 3022 1125 3080 audiens
1146 3023 1463 3093 Gregorius,
1493 3031 1554 3078 ut
1579 3038 1738 3093 opem
1761 3024 1976 3093 utrique
2001 3022 2188 3092 ferret,
2216 3076 2221 3081 ,

597 3111 809 3169 scilicet
834 3111 1239 3182 archiepiscopo
1261 3111 1583 3166 calumniam
1614 3126 1793 3180 passo,
1823 3119 1879 3166 et
1897 3112 2094 3176 regina:
2121 3112 2191 3167 ob

2285 1939 2348 1981 ea
2374 1924 2443 1979 de
2469 1939 2529 1980 re
2554 1925 2715 1997 plane
2741 1928 2897 1983 sileat
2921 1937 3139 1985 sanctus
3159 1928 3421 2000 pontifex.

2352 2016 2408 2073 4.
2439 2019 2556 2075 Non
2581 2019 2777 2074 minori
2802 2019 2988 2075 labore
3013 2034 3077 2075 ac
3104 2020 3284 2075 studio
3312 2021 3364 2074 in
3397 2021 3659 2076 vocandis
3689 2022 3758 2077 ad
3781 2021 3876 2077 Ec-

2284 2108 2505 2165 clesiam
2536 2110 2839 2166 inﬁdelibus
2858 2149 2874 2174 ,
2903 2125 3066 2180 quam
3095 2111 3152 2166 in
3181 2112 3498 2167 revocandis
3519 2113 3877 2168 schismaticis

2287 2200 2450 2271 246
2465 2200 2783 2256 desudabat.
2815 2200 3076 2256 Sardinia:
3102 2210 3309 2273 partem
3333 2202 3647 2258 incolebant
3667 2204 3879 2272 quidam

2287 2292 2492 2362 populi,
2525 2292 2861 2348 Barbaricini
2888 2293 3040 2361 dicti,
3080 2293 3174 2362 qui
3201 2294 3267 2347 ad
3298 2294 3412 2349 [nec
3438 2309 3609 2363 usque
3642 2302 3881 2365 tempore

2287 2382 2490 2437 cultum
2519 2383 2784 2438 idolorum
2812 2383 3167 2439 retinuerant.
3199 2384 3304 2439 Eos
3331 2399 3363 2440 a
3396 2383 3680 2439 Wandalis
3704 2384 3880 2454 pulsos

2289 2487 2355 2528 ex
2386 2472 2563 2529 Africa
2582 2516 2598 2540 ,
2632 2474 2685 2528 in
2715 2474 3021 2529 Sardiniam
3051 2474 3329 2544 migrasse,
3359 2474 3675 2544 conjectura
3708 2477 3879 2545 potius

2289 2579 2454 2634 quam
2495 2564 2660 2620 certis
2686 2566 2957 2621 rationum
2998 2566 3286 2621 momentis
3322 2566 3565 2620 habetur.
3612 2565 3879 2619 Barbaro-

2290 2671 2409 2711 rum
2456 2654 2676 2711 illorum
2718 2671 2897 2712 mores
2934 2656 3185 2725 exprimit
3214 2657 3296 2711 his
3335 2656 3513 2711 verbis
3539 2655 3876 2722 Gregorius:

2302 2747 2369 2805 Ut
2389 2750 2658 2803 insensata
2697 2752 2949 2804 animalia
2986 2751 3186 2814 vivunt,
3228 2749 3393 2804 Deum
3420 2767 3593 2804 verum
3622 2752 3878 2817 nesciunt,

2292 2839 2435 2910 ligna
2461 2848 2632 2893 autem
2653 2850 2701 2894 et
2722 2842 2919 2911 lapides
2946 2841 3167 2895 adorant
3196 2841 3335 2914 (Lib.
3362 2858 3433 2908 tv,
3461 2859 3578 2913 epp.
3602 2841 3678 2896 25
3698 2851 3750 2896 et
3769 2840 3877 2908 ὶι).

2292 2931 2533 2986 Arduum
2571 2932 2732 3001 igitur
2760 2941 2876 2987 erat
2904 2948 2999 2989 eos
3027 2933 3095 2987 ad
3122 2948 3304 2989 veram
3346 2931 3502 2988 ﬁdem
3530 2935 3877 3004 protrahere;

2292 3020 2437 3089 quod
2475 3029 2651 3075 tamen
2681 3035 2965 3091 aggressus
2995 3033 3080 3077 est
3116 3023 3481 3079 sanctissimus
3510 3040 3689 3093 papa,
3736 3025 3880 3092 cujus

2293 3109 2540 3164 charitati
2568 3110 2696 3164 nihil
2721 3119 2835 3165 erat
2865 3109 3111 3178 difﬁcile;
3142 3120 3305 3181 atque
3331 3113 3397 3167 ad
3424 3113 3528 3167 hoe
3553 3128 3700 3182 opus
3722 3112 3879 3180 elegit

593 3210 832 3273 spretam
875 3202 992 3271 ejus
1029 3204 1463 3258 communionem
1499 3202 1567 3257 de
1610 3203 1784 3258 salute
1820 3204 2178 3273 periclitanti,
2209 3200 2255 3263 C
2285 3197 2516 3255 Felicem
2546 3201 2831 3268 quemdam
2867 3201 3212 3271 episcopum,
3255 3211 3310 3257 et
3337 3200 3630 3272 Cyriacum
3662 3216 3875 3257 servum

595 3292 745 3347 misit
764 3292 831 3346 ad
848 3291 1268 3347 Theodelindam
1291 3291 1511 3360 Hippo!)
1526 3299 1637 3345 tum
1661 3292 1930 3347 notarium
1951 3302 2006 3348 et
2024 3292 2187 3349 Joan-

598 3398 725 3441 nem
754 3384 1035 3450 abbatem,
1082 3384 1174 3453 qui
1203 3399 1319 3438 eam
1349 3392 1668 3439 revocarent
1695 3384 1762 3438 ab
1790 3399 2010 3451 errore;
2040 3385 2188 3456 quod

600 3484 657 3532 et
684 3475 879 3531 litteris
903 3476 1016 3531 suis
1046 3484 1300 3545 praestare
1329 3484 1557 3531 conatus
1586 3484 1670 3530 est
1699 3475 1847 3545 (Lib.
1878 3494 1963 3540 tv,
1994 3494 2076 3548 ep.
2105 3478 2186 3547 4).

602 3562 819 3620 Priores
844 3564 1057 3636 quidem
1090 3564 1256 3632 ipsius
1285 3563 1492 3619 litteras
1521 3565 1719 3634 regina:
1747 3564 2049 3623 offerendas
2080 3582 2188 3623 non

600 3656 814 3712 censuit
841 3654 1220 3720 Constantius,
1250 3653 1394 3723 quod
1422 3654 1477 3708 in
1506 3654 1585 3710 eis
1609 3670 1792 3711 rerum
1819 3664 2063 3727 tempore
2092 3655 2189 3712 Ju-

599 3743 821 3801 stiniani
850 3743 1070 3813 Augusti
1100 3751 1403 3813 gestarum,
1437 3751 1493 3799 et
1519 3745 1720 3813 quinta:
1741 3745 1933 3817 synodi
1961 3746 2191 3805 mentio-

599 3851 723 3893 nem
765 3835 1069 3905 injecisset,
1120 3849 1225 3904 qua
1264 3832 1463 3891 offendi
1491 3835 1755 3905 potuisset
1797 3835 1915 3905 ejus
1954 3836 2184 3892 animus.

601 3928 819 3984 Alteras
865 3941 996 3983 vero
1041 3926 1187 3982 misit
1235 3926 1289 3981 in
1334 3927 1530 3996 quibus
1574 3926 1893 3984 Constantio
1941 3930 2188 3985 suadenti

600 4032 806 4074 rnorem
827 4030 1040 4086 gerens,
1072 4015 1140 4070 de
1169 4015 1259 4070 illa
1283 4015 1489 4086 synodo
1508 4015 1679 4085 siluit,
1709 4024 1765 4071 et
1788 4025 2022 4085 quatuor
2040 4018 2190 4087 prio-

598 4123 689 4164 res
716 4114 925 4162 tantum
947 4106 1220 4172 laudavit,
1266 4104 1633 4174 imprimisque
1671 4104 2186 4173 Chalcedonensem,

599 4198 754 4267 cujus
782 4196 1090 4252 auctoritati
1119 4196 1421 4251 detractum
1445 4196 1508 4250 iri
1534 4211 1632 4265 per
1651 4197 1810 4251 trium
1830 4198 2189 4268 capitulorum

603 4286 1007 4342 damnationem
1027 4285 1354 4342 schismatici
1381 4287 1758 4342 causabantur.
1790 4286 1987 4343 Amoto
2010 4288 2191 4356 itaque

599 4375 709 4431 hoc
736 4374 1022 4445 scrupulo,
1074 4374 1441 4430 sanctissimus
1469 4374 1710 4444 pontifex
1737 4376 1984 4431 hortatur
2011 4378 2189 4447 piissi-

602 4480 745 4519 mam
774 4464 1035 4533 reginam,
1065 4473 1128 4520 ut
1154 4465 1418 4535 imperitis
1441 4466 1727 4537 stultisque
1754 4465 2061 4521 hominibus
2090 4468 2190 4522 mi-

2292 3290 2417 3359 Dei,
2458 3292 2707 3347 abbatem
2742 3292 2799 3348 S.
2839 3293 3086 3349 Androm.
3130 3295 3211 3351 Ab
3250 3294 3439 3350 iisdem
3478 3305 3671 3365 postea
3702 3296 3879 3351 didicit

2292 3399 2398 3439 non
2439 3385 2586 3439 solos
2626 3384 3031 3452 Barbaricinos,
3073 3386 3167 3442 sed
3206 3387 3436 3443 rusticos
3464 3388 3579 3443 fere
3605 3404 3803 3445 omnes
3830 3389 3878 3443 in

2289 3472 2535 3528 Sardinia
2581 3474 2899 3530 idololatriae
2928 3476 3135 3531 deditos
3166 3476 3335 3544 (Ibid.
3367 3495 3447 3548 ep.
3480 3476 3604 3548 25).
3638 3480 3878 3550 Quapro-

2288 3569 2410 3631 pter
2436 3562 2651 3632 seripsit
2676 3563 2959 3619 confestim
3001 3565 3071 3619 ad
3112 3565 3319 3622 nobiles
3358 3574 3413 3621 et
3453 3566 3520 3619 ad
3558 3576 3795 3621 czeteros
3830 3567 3880 3621 in

2289 3652 2534 3708 Sardinia
2580 3672 2924 3724 possessores,
2968 3666 3026 3711 ut
3069 3659 3285 3714 rusticis
3328 3674 3359 3713 a
3405 3658 3557 3713 cultu
3611 3659 3878 3713 idolorum

2289 3748 2599 3803 avertendis
2651 3757 2707 3804 et
2758 3750 3099 3805 retrahendis
3145 3751 3516 3822 iuvigilarent;
3569 3750 3878 3821 signiﬁcans

2292 3836 2425 3889 nihil
2447 3836 2546 3891 sibi
2565 3837 2767 3907 gratius
2790 3846 2881 3892 aut
2904 3837 3189 3907 jucundius
3203 3840 3269 3895 ab
3293 3840 3422 3909 ipsis
3442 3854 3603 3909 posse
3621 3840 3877 3903 nuntiari,

2290 3940 2449 3996 quam
2473 3934 2604 3994 quot
2623 3926 2849 3997 quisque
2878 3928 3191 3983 idololatras
3219 3929 3283 3983 ad
3305 3927 3575 4003 Christum
3599 3929 3878 3999 perduxis-

2290 4024 2395 4069 set.
2429 4012 2717 4070 Strenuam
2748 4016 2815 4071 ad
2842 4018 2947 4071 hoc
2975 4032 3197 4087 operam
3230 4018 3446 4073 navavit
3472 4016 3723 4073 Zabarda
3753 4017 3877 4072 Sar-

2291 4105 2447 4159 dinia:
2482 4105 2621 4172 dux,
2662 4105 2731 4162 de
2775 4121 2883 4176 quo
2911 4107 3060 4163 Felix
3088 4116 3144 4163 et
3179 4107 3433 4180 Cyriacus
3460 4108 3526 4163 ad
3556 4106 3877 4177 Gregorium

2290 4196 2641 4262 scripserant,
2687 4211 2810 4251 eum
2849 4212 2971 4252 cum
3002 4197 3359 4253 Barbaricinis
3399 4213 3467 4253 eo
3510 4206 3674 4267 pacto
3705 4200 3878 4253 facere

2292 4298 2478 4353 pacem
2507 4284 2812 4354 disponere,
2846 4294 2903 4339 ut
2922 4283 3120 4342 Christi
3150 4284 3306 4341 ﬁdem
3336 4294 3393 4341 et
3417 4287 3740 4341 servitutem
3772 4302 3877 4339 am-

2292 4375 2662 4445 plecterentur
2683 4375 2735 4447 (1
2741 4375 2873 4445 bid.,
2894 4394 2975 4448 ep.
3000 4376 3115 4449 24).
3136 4377 3213 4431 Ea
3229 4379 3295 4433 de
3315 4393 3475 4433 causa
3494 4379 3743 4449 piissimo
3759 4377 3875 4433 duci

2291 4466 2492 4533 gratias
2517 4466 2626 4535 egit
2652 4467 2891 4536 pontifex
2920 4469 3320 4534 sanctissimus,
3351 4477 3408 4524 et.
3438 4470 3823 4538 prmdicatores
3849 4485 3875 4522 a

601 4557 747 4612 nime
771 4555 993 4619 credat,
1040 4563 1337 4625 careatque
1364 4557 1432 4613 ab
1454 4556 1735 4613 catholica:
1764 4556 2016 4612 Ecclesiae
2041 4573 2191 4613 eom—
2221 4574 2273 4633 Β
2295 4572 2353 4612 se
2379 4556 2570 4612 missos
2608 4558 3023 4613 commendavit.
3062 4559 3212 4614 Tunc
3240 4558 3595 4629 Hospitonem
3629 4559 3875 4614 Barbari-

601 4645 859 4700 muniono
900 4645 1172 4714 separari;
1224 4660 1292 4700 ne
1338 4652 1417 4701 tot
1464 4645 1580 4715 ejus
1606 4645 1887 4717 lacrymte,
1940 4654 2190 4721 tantaque

601 4736 748 4793 bona
777 4752 940 4806 opera
968 4737 1229 4806 perirent,
1259 4738 1303 4792 sl
1333 4753 1362 4792 a
1393 4754 1517 4794 vera
1545 4737 1649 4793 ﬁde
1674 4739 1850 4794 aliena
1880 4740 2186 4796 inveniren-

598 4837 710 4885 tur.
741 4827 901 4883 Decet
926 4846 1072 4901 ergo,
1106 4828 1298 4897 inquit,
1329 4827 1559 4883 Gloriam
1586 4838 1825 4895 vestram,
1860 4830 1930 4882 ad
1954 4846 2187 4884 reveren-

600 4922 866 4976 dissimum
908 4923 1121 4992 fratrem
1154 4930 1203 4975 et
1232 4923 1585 4992 coepiscopum
1613 4939 1779 4976 nteant
1808 4921 2185 4986 Constantium,

599 5015 748 5084 cujus
766 5022 815 5068 et
840 5012 990 5083 ﬁdes,
1022 5022 1071 5067 et
1098 5013 1199 5066 vita
1225 5012 1351 5066 bene
1371 5014 1493 5067 olint
1515 5012 1639 5065 mihi
1662 5010 1947 5081 approbata
1970 5019 2063 5077 est,
2094 5011 2184 5064 sub

569 5092 741 5161 ‘omni
764 5104 1023 5159 celeritate
1045 5106 1418 5169 transmittere,
1461 5104 1605 5175 eique
1633 5101 1840 5157 directis
1872 5104 2049 5157 vestris
2076 5105 2185 5173 epi—

599 5194 747 5248 stolis
775 5192 1008 5248 indicare
1034 5192 1415 5247 ordinationem
1442 5192 1553 5261 ejus
1582 5208 1735 5261 quam
1772 5190 1986 5263 benigne
2013 5208 2186 5248 susce-

603 5284 779 5354 pistis,
812 5292 863 5338 et
889 5284 1012 5355 quia
1056 5282 1121 5337 ab
1149 5282 1260 5353 ejus
1302 5280 1552 5336 Ecclesia:
1580 5281 1933 5335 communione
1958 5282 2013 5334 in
2043 5282 2184 5336 nullo

600 5372 937 5443 separamini.

673 5464 726 5519 5.
768 5463 949 5519 Rediit
984 5461 1055 5517 ad
1094 5464 1353 5518 unitatem
1391 5459 1640 5517 Ecclesia:
1676 5459 2085 5531 prudentissima
2130 5469 2186 5515 et

600 5551 1057 5607 Cbristianissima
1081 5553 1279 5621 regina,
1302 5552 1545 5620 quamvis
1564 5551 1631 5606 ad
1654 5550 2059 5606 condemnanda
2083 5550 2183 5604 tria

601 5645 833 5713 capitula
862 5644 1082 5698 minime
1111 5644 1298 5698 adduci
1328 5643 1560 5711 potuerit
1584 5660 1597 5708 ;
1631 5650 1725 5695 aut
1753 5649 1903 5698 certe
1932 5641 1981 5696 id
2010 5642 2053 5698 si
2084 5642 2185 5695 ali-

605 5732 815 5802 quando
855 5730 1193 5799 impetratum
1233 5742 1315 5785 cst
1353 5731 1419 5784 ab
1457 5746 1549 5793 ca,
1593 5731 1795 5789 tardius
1826 5732 2065 5800 contigit.
2118 5732 2187 5786 At

679 5828 703 5857 ⁸
734 5818 867 5876 Vide
893 5834 1051 5889 supra
1080 5834 1195 5890 cap.
1232 5818 1281 5885 5,
1314 5836 1456 5874 nunz.
1493 5820 1580 5875 if.

2294 4643 2540 4699 cinerum
2569 4643 2761 4700 ducem
2799 4644 2910 4713 jam
2939 4644 3302 4701 Christianum
3342 4645 3575 4712 factum,
3620 4655 3777 4716 patet
3811 4661 3874 4700 ex

2291 4734 2515 4804 epistola
2557 4735 2623 4789 ad
2659 4736 2830 4805 ipsum
2860 4737 3057 4805 scripta
3090 4735 3283 4805 (Ibid.,
3314 4754 3396 4806 ep.
3434 4736 3573 4807 2'5),
3604 4752 3716 4807 qua
3745 4736 3873 4791 Gre-

2291 4823 2474 4891 gnrius
2502 4825 2569 4879 de
2605 4834 2750 4879 recta
2796 4823 2898 4880 ﬁde
2936 4826 3005 4879 ab
3047 4840 3114 4881 eo
3154 4835 3399 4897 suscepta
3434 4842 3561 4881 eum
3607 4828 3874 4891 laudavit;

2291 4911 2567 4967 admonuit
2606 4922 2785 4969 autem
2827 4929 3008 4969 veram
3054 4914 3213 4970 ﬁdem
3260 4916 3417 4971 bonis
3462 4917 3723 4987 operibus
3764 4932 3873 4971 esse

2290 5002 2764 5074 comprobandum,
2794 5005 3008 5074 insuper
3035 5005 3151 5075 ejus
3173 5005 3335 5061 ofﬁcii
3356 5022 3475 5063 esse
3500 5016 3560 5062 ut
3587 5024 3870 5077 quoscum-

2291 5107 2397 5160 que
2441 5102 2626 5162 posset
2660 5110 2727 5149 ex
2767 5094 2993 5150 subditis
3021 5095 3088 5150 ad
3127 5095 3396 5152 Christum
3438 5097 3771 5161 adduceret,
3814 5111 3868 5150 ac

2290 5186 2671 5254 praidicatores
2708 5202 2896 5242 eorum
2930 5187 3270 5244 conversioni
3313 5188 3623 5245 insudantes
3665 5189 3861 5245 solatii»

2290 5274 2495 5330 foveret
2521 5276 2857 5332 necessariis.

2362 5365 2498 5433 Quid
2524 5367 2598 5422 illi
2635 5377 2760 5424 tunc
2788 5368 3087 5438 profuerint
3138 5370 3268 5427 satis
3295 5385 3400 5426 non
3442 5370 3631 5440 liquet.
3664 5367 3746 5423 Ex
3773 5366 3862 5422 alia

2286 5457 2511 5526 epistola
2555 5458 2646 5513 diu
2674 5470 2862 5529 postea
2891 5460 3089 5528 scripta
3132 5459 3272 5531 (Lib.
3305 5477 3378 5526 ιι,
3409 5476 3493 5529 ep.
3536 5458 3627 5527 22)
3658 5469 3862 5513 constas

2287 5549 2483 5605 multos
2513 5549 2686 5605 adhuc
2716 5551 2973 5607 barbaros
3000 5551 3051 5605 in
3082 5550 3324 5607 Sardinia
3354 5551 3718 5608 idololatriam
3754 5557 3861 5604 tum

2288 5637 2505 5692 minime
2532 5637 2810 5707 abjeeisse,
2852 5642 2987 5708 quos
3014 5649 3190 5696 tamen
3220 5641 3287 5697 ad
3324 5639 3481 5696 ﬁdem
3510 5640 3869 5698 Christianam

2290 5732 2714 5801 amplectendam
2760 5734 3012 5791 festinare
3051 5736 3236 5793 scribit
3274 5734 3459 5792 insulto
3488 5734 3727 5805 praesidi.
3772 5732 3850 5788 Eo
