3992 6294
110 367 199 421 5H
580 364 638 417 S.
681 361 1010 419 GREGORII
1051 361 1264 420 MAGNI
1306 361 1487 430 Vl'l'A,
1531 363 1623 419 EX
1662 361 1825 421 ΕΙυὸ
1867 366 2166 427 SCRIPTIS
2207 373 2600 432 ADORNATA.
2647 378 2772 433 LIB.
2818 378 2878 434 ll.

3261 384 3367 440 3W3

105 483 211 538 lem
233 474 995 548 temporejussit(Lib.tx,ep.
1025 475 1118 548 25)
1150 483 1208 531 ut
1239 476 1427 533 Vitalis
1459 477 1512 532 in
1533 475 1666 552 'Sar-
1700 478 1752 540 A
1778 488 1833 539 et
1871 480 2189 556 presbyteri,
2221 488 2316 544 sed
2347 487 2418 542 ita
2463 488 2817 560 negligenter,
2860 501 2919 548 ut
2949 494 3111 550 etiam
3142 496 3229 554 die
3255 497 3365 554 Do-

104 571 232 626 dinia
260 567 509 624 defensor
536 566 881 621 Barbaricina
905 566 1167 635 mancipia
1197 575 1537 636 compararet
1561 585 1575 633 ;
1607 583 1675 623 an

106 674 237 717 utea
281 660 334 713 in
385 657 487 712 ﬁde
517 656 810 712 erudienda
859 665 1096 722 curaret,
1148 657 1445 728 iisdemque
1490 667 1676 729 postea

105 759 332 806 uteretur
357 748 422 803 ad
449 763 639 804 eorum
661 748 950 818 populares
977 748 1278 804 Christiana
1302 749 1408 805 ﬁde
1427 750 1674 807 imbuen-

106 842 232 897 dos?
256 838 451 894 Eodem
476 855 609 895 sane
635 840 863 896 consilio
893 840 1118 908 legimus
1158 855 1359 910 pueros
1388 842 1589 911 Anglos
1608 842 1673 897 ab

103 931 237 982 annis
256 929 429 982 decem
456 940 504 983 et
528 937 744 1000 septem,
772 929 848 984 vel
876 930 1049 984 decem
1073 940 1121 985 el
1146 939 1282 996 octo,
1314 933 1430 1003 ejus
1458 949 1585 989 cura
1616 942 1672 990 et

109 1021 454 1076 muniﬁcentia
508 1031 742 1093 emptos,
768 1037 833 1078 ac
872 1023 925 1078 in
955 1027 1318 1093 monasteriis,
1350 1035 1410 1082 ut
1435 1029 1487 1083 in
1517 1027 1674 1084 Chri-

105 1112 256 1165 stiana
303 1112 568 1180 religione
608 1111 1036 1182 institueremur,
1068 1118 1275 1186 positos
1315 1118 1452 1190 (Lib.
1479 1138 1552 1188 vr,
1585 1138 1668 1192 ep.

103 1201 186 1267 'l);
226 1214 456 1269 quorum
505 1211 696 1272 postea
741 1205 1040 1260 ministerio
1087 1223 1213 1262 usus
1243 1217 1344 1274 est,
1394 1210 1461 1265 ad
1508 1213 1670 1270 totius

102 1291 372 1357 Anglorum
402 1293 579 1358 gentis
600 1294 1009 1349 conversionem
1035 1334 1050 1359 ,
1083 1296 1150 1351 de
1179 1313 1284 1367 qua
1311 1299 1470 1354 infra.

159 1381 204 1435 5.
233 1381 358 1436 ldeo
403 1380 699 1452 Gregorius
727 1384 890 1440 Felici
924 1395 978 1441 et
1021 1385 1246 1457 Cyriaco
1287 1397 1468 1458 partes
1500 1391 1670 1461 impo-

102 1475 191 1527 suit
230 1475 587 1531 annuntiandi
626 1477 679 1531 in
725 1477 976 1533 Sardinia
1005 1479 1279 1550 Evangelii
1331 1484 1576 1540 barbaris
1615 1495 1670 1542 et

101 1558 314 1625 rusticis,
361 1559 490 1630 quia
546 1562 733 1618 insulae
762 1564 924 1633 hujus
966 1567 1203 1637 episcopi
1243 1584 1429 1636 parum
1475 1569 1542 1625 de
1569 1586 1667 1627 eo-

101 1668 196 1706 rum
231 1651 406 1705 salute
448 1652 664 1707 solliciti
706 1653 1044 1711 videbantur.
1075 1655 1170 1712 llis
1200 1659 1379 1713 verbis
1422 1660 1669 1730 increpat

101 1740 305 1796 Januarii
334 1741 628 1798 Calaritani
681 1744 942 1816 episcopi,
973 1755 1029 1802 et
1056 1748 1221 1803 totius
1248 1749 1433 1803 insula:
1462 1759 1668 1806 metro-

1781 573 1978 630 minico
2003 576 2179 632 nullus
2205 578 2416 632 adesset
2444 581 2725 652 presbyter
2744 583 2834 652 qui
2863 583 3146 640 missarum
3169 587 3366 644 solem»

1781 663 2235 725 nia'celebraret.
2277 669 2728 728 Murmurant‘tbus
2773 676 2874 731 hac
2909 676 2977 731 de
3024 693 3084 735 re
3112 681 3360 750 populis,

1777 756 1870 824 qui
1918 758 2058 814 istuc
2104 760 2408 816 devotionis
2455 765 2625 832 gratia
2675 766 3038 835 confluebant,
3071 769 3364 840 Gregorius

1777 856 1988 904 matura
2015 851 2401 910 deliberatione
2421 854 2680 923 judicavit
2705 860 2956 916 socordes
2985 861 3107 918 illos
3132 864 3362 920 clericos

1776 937 1903 993 inde
1931 941 2286 1009 amovendos,
2323 952 2378 998 et
2407 945 2460 998 in
2490 949 2817 1004 monasterio
2847 950 2970 1006 huic
2997 953 3237 1009 ecclesiae
3266 969 3360 1009 co-

1775 1030 2010 1086 haerente
2032 1033 2413 1089 instituendam
2435 1052 2553 1092 esse
2582 1042 2969 1097 monachorum
2999 1048 3360 1117 congregatio-

1774 1137 1912 1186 nem,
1941 1122 2025 1176 cui
2056 1123 2304 1178 abbatem
2331 1123 2572 1193 praefecit
2601 1127 2841 1183 Maurum
2872 1131 3011 1198 (Lib.
3039 1150 3113 1202 tv,
3135 1153 3218 1206 ep.
3247 1137 3358 1207 18).

1774 1211 2022 1281 Legenda
2071 1221 2150 1268 est
2178 1228 2242 1271 ea
2282 1213 2350 1268 de
2392 1229 2450 1269 re
2476 1215 2704 1284 epistola
2745 1218 2810 1272 ad
2841 1222 3088 1275 eumdem
3117 1223 3358 1279 Maurum

1771 1318 1877 1373 qua
1908 1303 1957 1358 ei
1988 1311 2270 1368 terrarum,
2303 1303 2594 1371 redituum,
2639 1307 2974 1364 ohlationutn
3015 1310 3157 1365 illius
3185 1315 3361 1370 eccle-

1771 1398 1864 1453 sia:
1894 1413 2158 1452 summam
2183 1397 2702 1452 administrationem
2737 1400 2923 1455 tribuit
2946 1401 3059 1456 sive
3079 1401 3145 1456 ad
3174 1417 3357 1459 mona-

1771 1487 1992 1543 chorum
2023 1488 2245 1555 vietum,
2293 1489 2406 1544 sive
2434 1488 2501 1543 ad
2549 1497 2692 1543 sarta
2735 1497 2896 1545 tecta.
2945 1488 3211 1547 Observat
3253 1492 3361 1548 hoc

1770 1578 1892 1634 loco
1945 1577 2288 1634 Mabillonius
2316 1578 2384 1632 ad
2416 1579 2646 1634 fidelium
2675 1578 3085 1636 azdiﬁcationem
3116 1582 3360 1652 aliquan-

1769 1669 1839 1724 do
1869 1669 2193 1735 conducere,
2227 1678 2286 1724 ut
2315 1670 2563 1725 monachi
2603 1670 2655 1724 itt
2683 1670 2818 1726 locis
2849 1669 3216 1740 frequentibus
3243 1672 3356 1728 ins-

1771 1759 2050 1812 tituantur.
2083 1759 2188 1830 (Cf.
2231 1758 2438 1814 Mabill.
2468 1759 2580 1815 loco
2601 1760 2769 1825 laud.,
2801 1760 2872 1814 ad
2898 1777 2987 1815 an.
3021 1759 3172 1832 594.)

99 1835 296 1904 polilani
342 1836 651 1891 socordiam
706 1845 762 1891 et
810 1838 1130 1907 segnitiem:
1182 1840 1414 1907 Accidit,
1468 1842 1661 1922 inquit.
1694 1842 1744 1904 Β
1839 1848 1892 1902 8.
1920 1849 2146 1906 Aliunde
2173 1858 2352 1904 tamen
2384 1851 2614 1906 sollicite
2652 1853 2879 1907 cavebat
2921 1852 3357 1922 vigilantissimus

98 1926 217 1978 aliud
241 1926 388 1980 valde
416 1926 696 1997 lugendum
715 1943 734 1982 :
765 1927 887 2000 quia
910 1931 1050 1999 ipsos
1079 1930 1294 1986 rusticos
1316 1974 1331 1999 ,
1357 1949 1481 2004 quos
1506 1921 1659 1987 habet

99 2015 308 2074 Ecclesia
353 2026 462 2082 tua,
510 2035 807 2088 nuncusque
846 2021 901 2074 in
940 2021 1245 2091 inﬁdelitate
1274 2040 1542 2079 remanere
1569 2041 1658 2078 ne-

99 2107 315 2178 gligentia
338 2109 687 2178 fraternitatis
723 2119 902 2165 vestrcc
929 2112 1179 2180 pennisit.
1211 2111 1280 2166 Et
1307 2113 1431 2183 quid
1454 2129 1542 2168 vos
1563 2115 1660 2168 ad-

97 2214 252 2280 moneo
275 2207 330 2250 ut
357 2209 638 2254 extraneas
663 2200 734 2253 ad
762 2200 929 2254 Deum
959 2201 1248 2267 adducatis,
1273 2204 1358 2273 qui
1379 2212 1571 2258 vestros
1593 2201 1658 2257 ab

98 2288 372 2357 inﬁdelitate
414 2293 676 2360 corrigere
713 2292 1018 2363 negligitis?
1049 2293 1198 2348 Unde
1239 2312 1445 2350 necesse
1471 2305 1547 2351 est
1571 2313 1658 2353 vos

97 2395 169 2446 per
192 2380 357 2433 omnia
396 2382 453 2433 in
499 2397 675 2434 eorum
719 2383 1102 2438 conversionem
1151 2384 1385 2455 vigilare.
1441 2383 1585 2440 Nam
1612 2389 1658 2442 si

97 2471 334 2542 cujuslibet
361 2474 594 2543 episcopi
638 2473 693 2526 in
723 2473 974 2528 Sardinia
1003 2475 1174 2530 insula
1202 2492 1460 2548 paganum
1499 2479 1659 2531 rusti-

97 2575 188 2613 cum
212 2563 445 2616 invenire
471 2571 704 2632 potuero,
751 2564 805 2617 in
848 2563 1082 2618 eumdem
1121 2565 1414 2635 episcopum
1455 2566 1658 2638 fortiter

97 2649 330 2705 vindicabo
358 2650 506 2721 (Lib.
540 2668 614 2721 tv,
642 2651 845 2724 ep.26).

151 2741 198 2796 6.
224 2740 544 2802 Januarium
574 2743 941 2813 despiciebant
968 2744 1086 2816 ejus
1113 2745 1342 2802 ministri
1368 2755 1423 2803 et
1451 2748 1655 2816 clerici,

98 2834 212 2902 quod
249 2835 432 2888 nimiae
479 2843 624 2890 esset
665 2835 1063 2906 simplicitatis;
1095 2837 1237 2893 unde
1265 2838 1541 2894 oriebatur
1564 2854 1658 2895 ec-

97 2923 375 2979 clesiastica:
427 2923 725 2994 disciplima
772 2926 1046 2996 neglectus
1099 2938 1154 2983 et
1199 2929 1465 2986 remissio.
1521 2929 1658 2987 Hinc

97 3009 292 3066 fortasse
320 3012 452 3066 data
486 3013 814 3084 presbyteris
841 3016 1054 3071 occasio
1091 3018 1466 3086 praesumendi,
1501 3035 1658 3076 sacro

98 3100 351 3158 chrismate
384 3103 646 3172 parvulos
676 3104 731 3159 itt
759 3103 936 3162 fronte
961 3107 1197 3176 signare,
1241 3094 1379 3178 quod
1423 3125 1492 3165 ne
1517 3111 1657 3167 ultra

1762 1951 1918 2013 pater
1965 1953 1989 1979 ιι
2021 1957 2088 1997 ne
2136 1958 2200 1998 ex
2249 1943 2530 1998 mulierum
2580 1944 2854 2000 consortio
2902 1944 3161 2013 regularis
3215 1944 3354 2015 apud

1761 2036 2057 2091 monachos
2079 2037 2356 2106 disciplina
2379 2035 2811 2092 labefactaretur.
2841 2035 2992 2091 Unde
3012 2035 3353 2092 Valentinum

1763 2124 2011 2179 abbatem
2068 2125 2311 2194 increpat
2356 2125 2500 2195 quod
2558 2125 2809 2180 mulieres
2860 2125 2914 2180 in
2959 2126 3349 2182 monasterium

1762 2229 1919 2270 suum
1937 2215 2213 2269 ascendere
2232 2215 2530 2280 sineret,ac
2554 2215 2666 2270 ﬁeri
2695 2211 3081 2271 monachorum
3111 2232 3351 2272 comma-

1763 2314 1874 2361 tres
1902 2323 1916 2372 ;
1966 2306 2127 2376 idque
2169 2321 2238 2361 ne
2266 2307 2491 2362 ulterius
2519 2307 2818 2377 contingat,
2849 2322 2970 2362 eum
2999 2308 3352 2363 severissima:

1763 2400 1981 2456 ultionis
2022 2400 2440 2456 comminatione
2485 2400 2736 2471 prohibet
2783 2399 2921 2474 (Lib.
2973 2417 3047 2466 tv,
3104 2418 3188 2472 ep.
3235 2399 3353 2470 ιε),

1765 2489 1954 2547 Utrum
1985 2493 2245 2548 arcendas
2273 2491 2527 2548 mulieres
2553 2491 2621 2546 ab
2651 2491 3000 2547 ecclesiarum
3029 2491 3353 2566 ubiomona-

1763 2585 1849 2640 chi
1874 2585 2234 2640 observabant
2261 2593 2316 2639 et
2340 2598 2527 2640 sacras
2549 2582 2736 2638 laudes
2762 2582 3140 2653 persolvebant
3162 2581 3354 2636 introiJ-

1764 2683 1841 2741 tu,
1875 2676 2146 2731 cen:uerit
2173 2673 2483 2744 Gregorius,
2507 2675 2719 2743 hocque
2741 2674 2812 2728 ad
2841 2673 3183 2728 Valentinum
3212 2687 3350 2741 pra:-

1764 2772 1924 2833 cepto
1954 2765 2213 2829 sanxerit,
2238 2763 2579 2832 exploratum
2603 2779 2708 2817 non
2738 2770 2840 2817 est.
2873 2760 3016 2816 Sane
3046 2761 3098 2815 itt
3125 2761 3352 2835 cpistola

1764 2854 1828 2909 41
1879 2854 2001 2910 libri
2049 2855 2268 2912 secundi
2316 2854 2734 2923 frequentiorem
2783 2861 2988 2908 tantum
3034 2853 3353 2907 feminarum

1763 2959 2039 3000 accessum
2062 2944 2128 3000 ad
2144 2944 2592 3000 monasteriorum
2615 2943 2871 3000 ecclesias
2893 2942 3104 2999 videtur
3127 2942 3355 2998 interdi-

1765 3053 1914 3094 cere.
1947 3035 2213 3092 Praeterea
2239 3037 2516 3092 basilicam
2548 3037 2606 3092 S.
2636 3035 2907 3093 Pancratii
2953 3037 3204 3108 martyris
3242 3035 3350 3092 fre-

1763 3127 2059 3198 quentabat
2084 3121 2420 3196 promiscuus
2444 3142 2628 3194 sexus,
2658 3128 2713 3183 in
2744 3127 2896 3196 cujus
2923 3128 3150 3196 gratiam
3172 3128 3352 3196 singu—

98 3192 223 3248 ﬂeret
247 3192 531 3264 prohibuit
569 3194 862 3266 Gregorius
896 3197 1034 3272 (Lib.
1067 3216 1143 3270 tv,
1173 3218 1255 3272 ep.
1287 3199 1363 3272 9).
1407 3203 1543 3269 Quia
1573 3211 1656 3258 ta-

1765 3218 1832 3274 lis
1875 3218 2166 3273 Dominicis
2194 3218 2392 3274 ibidem
2432 3218 2714 3274 missarutn
2745 3217 3003 3273 solemnia
3032 3217 3351 3272 celebranda

96 3296 195 3380 mil}
220 3285 432 3380 θοξθβίῐ
471 3294 658 3380 νοεῖ-ῥα
681 3289 942 3380 ςυοδάδηὶ
973 3291 1042 3345 0b
1071 3291 1211 3346 hanc
1239 3292 1657 3362 Ρτουίδίιίοηθῐη
1759 3310 2039 3377 decrevit;
2081 3311 2132 3365 in
2163 3325 2268 3380 qua
2311 3317 2491 3366 tamen
2538 3308 2836 3366 monachos
2884 3307 3071 3364 maluit
3116 3307 3352 3364 militare

97 3371 222 3428 valde
247 3371 512 3441 offensos,
553 3376 695 3432 aliud
739 3380 1099 3451 promulgavit
1144 3380 1421 3438 decretum
1461 3383 1512 3436 in
1543 3383 1661 3440 hatc
1758 3416 1918 3472 quam
1942 3371 2185 3458 ειεξιῖοοεξ

97 3463 229 3519 verba
253 3483 266 3519 :
314 3466 563 3523 Pervenit
603 3486 801 3541 quoque
827 3471 897 3524 ad
926 3488 1019 3526 nos
1048 3472 1296 3543 quosdam
1324 3474 1655 3528 scandaliza-

99 3563 160 3607 tos
191 3558 339 3626 fuisse
366 3560 514 3631 quod
549 3561 873 3632 presbyteros
902 3563 1181 3617 chrismate
1207 3575 1418 3636 tangere
1446 3582 1532 3620 eos
1573 3569 1659 3639 qui

98 3646 362 3713 baptizandi
393 3661 539 3715 sunt,
591 3653 967 3722 prohibuimus.
1016 3653 1083 3708 Et
1112 3673 1205 3710 nos
1234 3657 1437 3728 quidem
1477 3675 1657 3712 secun-

97 3737 191 3789 dum
225 3755 368 3793 usum
401 3749 623 3796 veterem
671 3741 919 3798 Ecclesia:
948 3752 1140 3800 nostrw
1181 3747 1438 3817 fecimus;
1485 3748 1574 3802 sed
1611 3748 1657 3801 si

98 3829 270 3883 anmino
298 3831 394 3885 hac
424 3832 491 3886 de
517 3849 572 3886 re
596 3834 755 3903 aliqui
785 3835 1175 3899 contristantur,
1209 3838 1295 3892 ubi
1321 3840 1545 3908 episcopi
1575 3840 1658 3894 de-

99 3930 209 3983 sunt,
255 3933 308 3974 ut
350 3924 642 3995 presbyteri
699 3927 856 3979 etiam
902 3927 955 3980 in
1010 3928 1266 3997 frontibus
1317 3929 1655 3998 baptizandos

96 4011 330 4069 chrismate
348 4026 567 4088 tangere
587 4018 826 4083 debeant,
848 4022 1174 4091 concedimus
1215 4021 1265 4092 (1
1272 4021 1403 4090 bid.,
1432 4040 1511 4093 ep.
1537 4023 1652 4094 96).

95 4096 154 4152 De
196 4102 342 4172 hujus
371 4105 583 4161 decreti
631 4123 792 4165 sensu
835 4109 1192 4178 digladiantur
1237 4113 1496 4184 theologi,
1538 4115 1655 4170 aliis

95 4191 373 4256 permissum
418 4196 750 4268 presbyteris
781 4207 840 4253 ut
866 4210 1258 4257 sacramentum
1286 4205 1653 4262 continuatio-

96 4280 160 4334 nis
195 4283 568 4343 administrent
619 4290 1089 4359 contendentibus,
1141 4295 1260 4350 aliis
1308 4298 1647 4365 negantibus.

96 4368 292 4429 ﬂentem
315 4386 560 4433 nostram
584 4381 728 4436 circa
750 4385 1102 4452 quaestionem
1133 4394 1188 4440 et
1229 4391 1650 4444 controversiam

97 4462 207 4521 hanc
228 4470 352 4526 satis
372 4473 688 4542 aperuimus
717 4475 770 4529 in
801 4475 944 4531 notis
980 4477 1046 4531 ad
1076 4477 1322 4535 laudatas
1361 4481 1645 4550 epistolas,

95 4567 202 4622 quas
217 4559 522 4631 diligentem
547 4565 802 4622 lectorem
826 4568 1110 4624 consulere
1136 4585 1243 4624 non
1275 4574 1474 4641 pigeat.

150 4648 192 4700 7.
224 4648 287 4705 Ut
313 4669 401 4709 res
431 4657 774 4724 monasticas,
803 4673 920 4728 qua:
947 4657 1208 4728 Gregorio
1245 4677 1461 4732 semper
1497 4663 1648 4720 cordi

95 4732 289 4806 fuerunt,
319 4757 469 4798 nunc
497 4745 843 4813 attingamus,
873 4749 940 4803 ad
981 4757 1232 4818 quartum
1274 4751 1393 4820 ejus
1431 4753 1648 4822 pontifi-

95 4835 218 4884 catus
253 4847 454 4888 annum
482 4836 755 4904 pertinere
792 4837 1004 4893 videtur
1041 4839 1186 4911 quod
1215 4841 1282 4896 de
1327 4841 1492 4910 ipsius
1517 4857 1645 4913 erga

95 4924 449 4979 monasterium
477 4924 805 4982 Sublacense
831 4927 959 4983 olim
986 4944 1018 4984 a
1047 4929 1106 4985 S.
1132 4929 1426 4989 Benedicto
1453 4934 1644 4989 condi-

96 5010 200 5073 tum,
238 5021 292 5066 et
327 5012 669 5070 Honoratum
697 5010 945 5074 abbatem
973 5061 988 5085 ,
1019 5022 1381 5080 muniﬁcentia
1408 5024 1638 5095 legitur:

96 5095 310 5156 nimirum
336 5117 463 5158 eum
503 5119 628 5161 cum
669 5121 764 5162 sua
807 5118 980 5166 matre
1017 5112 1181 5168 Silvia
1226 5115 1352 5171 huic
1397 5119 1641 5174 ctenobio

94 5183 305 5247 Castrum
343 5195 688 5267 Apollonium
712 5208 770 5254 et
817 5200 922 5256 alia
968 5203 1137 5258 multa
1182 5205 1324 5260 bona
1350 5209 1642 5266 contulisse

95 5273 358 5369 (Habillon.
383 5287 578 5341 Annal.
603 5287 798 5344 Bened.
815 5289 907 5346 lib.
925 5308 1193 5360 vannum.
1217 5293 1304 5362 44,
1331 5314 1453 5368 pag.
1485 5273 1640 5369 2'51).

115 5455 125 5464 .
147 5367 312 5441 Neque
341 5382 710 5446 praetereunda
738 5398 860 5454 qua:
886 5384 991 5441 hoc
1010 5401 1154 5444 anno
1179 5367 1424 5458 contigit,
1443 5367 1640 5448 admis-

93 5468 157 5510 SIo
187 5467 566 5525 monachorum
591 5470 647 5525 in
676 5473 962 5530 ecclesiam
989 5474 1046 5530 S.
1081 5475 1369 5547 Pancratii,
1393 5495 1514 5551 qua:
1543 5481 1648 5540 Ro-

93 5559 172 5601 mae
193 5552 268 5608 via
292 5557 509 5615 Aurelia
537 5561 698 5617 etiam
729 5580 873 5621 nunc
898 5574 1092 5623 exstat.
1117 5569 1175 5624 In
1201 5585 1264 5627 ea
1293 5573 1440 5642 prius
1459 5576 1645 5632 mittis-

95 5642 334 5702 traverant
360 5658 418 5705 et
440 5666 558 5708 rem
581 5669 788 5711 sacram
813 5668 1131 5714 curaverant
1152 5661 1336 5720 clerici
1359 5664 1643 5726 saeculares

149 5783 169 5814 '
197 5776 322 5839 Vide
345 5783 434 5843 lib.
467 5803 542 5854 ιι,
578 5803 662 5860 cp.
691 5788 779 5856 25,
805 5791 933 5848 olim
963 5788 1031 5848 ευ
1054 5792 1173 5850 libri
1202 5811 1276 5852 ιι.
1400 5787 1428 5807 ⁹

1829 3492 1988 3564 247
2039 3493 2093 3548 9.
2138 3492 2278 3561 Erga
2324 3482 2608 3560 moniales,
2649 3491 2720 3548 ob
2767 3506 2954 3546 sexum
2997 3488 3345 3560 fragiliorem,

1758 3584 2020 3653 majorem
2047 3583 2465 3639 sollicitudinem
2493 3592 2550 3638 et
2571 3583 2898 3638 severiorem
2928 3580 3228 3635 custodiam
3253 3577 3351 3632 ad-

1757 3675 2043 3731 hibendam
2074 3685 2242 3742 ratus,
2269 3676 2382 3730 hinc
2407 3676 2474 3730 ad
2493 3673 2804 3730 Ianuarium
2832 3673 3218 3734 Caralitanum,
3244 3659 3348 3724 huc

1758 3765 1871 3821 fere
1911 3767 2130 3821 ineunte
2170 3781 2312 3821 anno
2337 3766 2550 3835 scripsit
2576 3783 2588 3818 :
2617 3765 2859 3819 Pervenit
2887 3765 2955 3816 ad
2981 3779 3076 3817 nos
3102 3777 3272 3815 minus
3301 3769 3349 3815 te

1757 3858 2088 3912 monasteriis
2118 3857 2426 3910 ancillarum
2452 3856 2550 3910 Dei
2583 3857 2639 3910 in
2665 3855 2918 3910 Sardinia
2959 3854 3072 3906 sitis
3113 3852 3346 3906 tuitionis

1758 3948 2054 4019 impendere
2072 3964 2090 4001 :
2113 3958 2163 4002 et
2201 3964 2315 4001 cum
2343 3947 2648 4016 dispositum
2677 3963 2709 4000 α
2739 3947 2840 3999 tuis
2868 3944 3144 4014 prudenter
3165 3943 3347 4014 fuisset

1757 4036 2126 4105 decessoribus,
2155 4047 2210 4090 ut
2231 4036 2443 4108 quidam
2467 4036 2532 4089 de
2556 4035 2690 4089 clero
2712 4035 2914 4106 probati
2938 4033 3032 4088 viri
3055 4049 3231 4086 curam
3254 4049 3344 4102 ge-

1755 4139 1945 4194 rentes,
1969 4145 2147 4182 earum
2161 4144 2214 4182 se
2226 4125 2613 4182 necessitatibus
2625 4125 2922 4180 adhiberent
2941 4141 2959 4178 :
2982 4140 3118 4177 nunc
3137 4125 3212 4178 ita
3225 4125 3346 4195 fun-

1756 4221 1894 4274 ditus
1918 4236 2028 4274 esse
2057 4221 2360 4291 neglectum,
2387 4228 2443 4272 ut
2486 4235 2576 4288 per
2601 4217 2832 4288 publicas
2860 4231 3110 4286 personas
3132 4231 3224 4284 pro
3248 4215 3343 4269 tri-

1757 4314 1889 4367 butis
1918 4313 2134 4384 aliisque
2157 4313 2342 4365 muniis
2366 4311 2476 4378 ipse
2497 4327 2588 4381 per
2613 4326 2669 4364 se
2697 4307 3052 4380 principaliter
3073 4304 3184 4360 Deo
3207 4305 3346 4360 dica—

1756 4417 1822 4464 tw
1860 4408 2067 4479 femina:
2093 4405 2467 4476 compellantur
2510 4405 2606 4470 ire,
2634 4401 3090 4472 necessitatemque
3119 4397 3342 4452 habeant

1754 4517 1847 4572 pro
1875 4499 2172 4569 supplendis
2198 4495 2462 4568 fiscalibus
2486 4511 2575 4562 per
2599 4493 2747 4548 villas
2766 4492 3062 4564 praediaque
3087 4490 3342 4544 discurre-

1753 4609 1831 4660 re,
1878 4601 2028 4662 atque
2070 4590 2296 4644 virilibus
2325 4591 2727 4658 incompetenter
2764 4603 2819 4641 se
2851 4586 3063 4640 miscere
3095 4583 3336 4654 negotiis.

1754 4681 1904 4748 Quod
1951 4683 2148 4738 malum
2191 4681 2498 4752 fraternitas
2539 4687 2626 4731 tua
2662 4677 2806 4748 facili
2835 4675 3152 4730 correctione
3180 4688 3342 4726 remo-

1748 4784 1881 4842 veat,
1911 4783 1966 4828 ut
1993 4790 2151 4828 unum
2176 4773 2449 4844 probatum
2487 4771 2650 4824 virum
2680 4769 2785 4823 vita
2817 4765 3162 4836 moribusque,
3189 4766 3340 4844 cujus

1749 4874 1876 4920 artas
1906 4875 2058 4936 atque
2087 4864 2226 4919 locus
2248 4863 2379 4917 nihil
2407 4862 2471 4914 de
2497 4877 2553 4916 se
2579 4876 2752 4931 prava:
2773 4857 3078 4930 suspicionis
3102 4854 3336 4927 objiciat,

1747 4959 1965 5014 sollicite
1989 4957 2212 5027 deputet,
2243 4955 2329 5026 qui
2370 4955 2446 5008 sic
2472 4949 2800 5006 monasteriis
2828 4950 2954 5018 ipsis
2979 4963 3094 5001 cum
3139 4945 3236 5000 Dei
3266 4947 3336 4998 ti-

1746 5063 1888 5102 more
1914 5045 2076 5116 possit
2100 5045 2378 5098 assistere:
2404 5050 2655 5113 quatenus
2680 5039 2896 5092 ulterius
2918 5037 2991 5091 eis
3015 5051 3110 5106 pro
3134 5032 3337 5106 quibus-

1748 5135 1868 5190 libet
1895 5135 2064 5187 causis
2093 5134 2308 5204 privatis
2337 5131 2414 5185 vel
2442 5129 2657 5200 publicis
2686 5135 2836 5181 extra
2876 5123 3188 5179 venerabilia
3219 5125 3333 5179 loca

1746 5233 1925 5280 contra
1952 5224 2185 5294 regulam
2213 5223 2392 5292 vagari
2422 5237 2526 5275 non
2546 5219 2722 5286 liceat,
2749 5217 2842 5272 sed
2865 5214 3112 5288 quidquid
3135 5232 3230 5286 pro
3251 5215 3332 5270 his

1745 5316 2006 5388 agendum
2032 5324 2126 5380 est,
2155 5331 2246 5384 per
2267 5330 2383 5368 eum
2407 5328 2554 5383 quem
2584 5311 2923 5381 deputaveris,
2953 5308 3334 5363 rationabilitcr

1746 5415 2044 5479 peragatur.
2077 5405 2218 5475 Ipsa:
2252 5420 2368 5458 vero
2398 5403 2675 5472 referentes
2714 5401 2824 5455 Deo
2863 5400 3042 5454 laudes
3068 5409 3220 5472 atque
3245 5416 3333 5456 co-

1747 5508 1972 5556 ercentes
2001 5499 2300 5568 semetipsos
2343 5496 2396 5549 in
2441 5491 2767 5547 monasteriis
2795 5493 2922 5558 suis,
2953 5491 3150 5545 nullam
3179 5507 3330 5545 occa-

1746 5594 1943 5648 sionem
1970 5590 2185 5644 ulterius
2226 5586 2459 5658 ﬁdelium
2503 5582 2754 5639 mentibus
2799 5598 2976 5657 pravae
3020 5583 3346 5654 suspiciosus.

1744 5685 1984 5756 injiciant
2013 5680 2151 5755 (Lib.
2182 5696 2250 5747 tv,
2279 5695 2359 5749 cp.
2391 5675 2464 5750 9).
