3992 6306
630 317 732 372 545

1115 312 1173 369 S.
1211 310 1539 368 GRECORII
1578 310 1792 367 MAGNI
1835 309 2014 379 VITA,
2055 309 2148 364 EX
2188 307 2353 395 EJUS
2392 306 2699 366 SCRIPTlS
2739 303 3132 365 ADORNATA.
3178 308 3303 365 LIB.
3340 309 3427 365 lli.

3768 320 3862 377 δη

696 429 781 483 to.
832 427 913 483 Ad
958 424 1203 483 eamdem
1234 423 1558 480 sanctissimi
1609 437 1759 493 papae
1791 420 2206 477 sollicitudinem
2234 424 2286 501 Α
2312 418 2381 475 50
2406 427 2671 488 statuunt,
2704 427 2761 473 ut
2804 419 3041 489 episcopi
3078 418 3289 475 clericis
3326 420 3705 478 monachorum
3749 442 3863 497 pio.

620 533 746 588 erga
778 516 1039 573 moniales
1067 520 1277 585 spectat
1303 526 1518 583 quoque
1537 510 1682 580 quod
1708 510 1990 567 constituit
2015 509 2080 565 ad
2105 509 2212 565 Ma-

621 609 937 670 ximianum,
969 605 1364 675 Syracusanum
1409 601 1744 671 episcopum,
1794 600 2077 656 scribens:
2110 600 2207 654 ,ιιι-

616 699 856 753 venculas
905 696 1195 751 abbatissas
1237 696 1352 767 fieri
1395 697 1836 751 vehementissime
1881 695 2208 767 prohibemus

619 787 754 860 (Lib.
792 803 864 853 tv,
893 803 972 855 ep.
1010 785 1121 855 11).
1155 784 1314 839 Addit
1342 784 1517 840 nullas
1549 795 1575 822 ἰ
1616 784 1875 840 velandas
1899 791 1956 839 et
1984 783 2207 839 benedi-

618 873 820 928 ceudas
866 872 934 926 ab
985 872 1251 941 episcopis
1278 872 1332 927 in
1371 872 1667 930 abbatissas
1696 873 1798 928 nisi
1826 872 2207 942 sexagenarias

615 960 867 1028 virgines,
898 974 1125 1029 quarum
1149 968 1282 1016 aetas
1304 961 1408 1018 hoc
1434 970 1597 1030 atque
1626 976 1806 1018 mores
1832 963 2130 1031 exegerint.

683 1050 878 1105 Mirum
924 1051 1155 1107 fortasse
1200 1052 1470 1109 videbitur
1519 1053 1837 1123 Gregorium
1892 1061 2098 1108 tantam
2146 1053 2203 1109 in

611 1142 898 1200 abbatissis
917 1144 1093 1199 aetatis
1112 1144 1477 1199 maturitatem
1500 1144 1829 1214 requisiisse.
1855 1143 2054 1201 Verum
2076 1144 2202 1200 alibi

611 1235 793 1291 docet.
847 1249 944 1290 eos
991 1235 1083 1306 qui
1129 1236 1557 1306 impugnantium
1605 1237 1867 1294 vitiorum
1906 1237 2199 1293 certamina

610 1326 788 1383 adhuc
818 1327 1089 1394 tolerant,
1119 1328 1265 1397 quod
1294 1328 1347 1383 in
1382 1328 1663 1398 iuventute
1708 1339 1765 1385 et
1792 1330 1847 1384 in
1872 1331 2012 1386 virili
2039 1337 2200 1386 aetate

610 1430 754 1487 saepe
783 1416 861 1481 tit,
905 1416 1133 1472 aliorum
1160 1432 1346 1473 curam
1381 1418 1652 1489 suscipere
1680 1435 1787 1475 non
1816 1420 2034 1477 debere.
2069 1419 2196 1476 Sta-

617 1511 709 1565 tim
731 1518 912 1565 autem
934 1526 998 1566 ac
1020 1510 1224 1566 domita
1251 1518 1375 1567 sunt
1395 1512 1548 1579 vitia,
1572 1512 1734 1567 etiam
1753 1508 2000 1582 juvenes,
2024 1512 2196 1569 incul-

608 1610 735 1670 pate
772 1608 999 1671 possunt
1036 1615 1250 1655 morum
1296 1602 1537 1672 magistri
1577 1602 1781 1672 judicio
1819 1605 2192 1675 episcoporum

606 1692 659 1743 et
700 1688 1045 1758 praelatorum
1090 1689 1382 1756 constitui,
1431 1691 1657 1762 aliisque
1695 1693 1944 1763 regendis
1971 1694 2188 1765 praeﬁci.

2312 510 2545 580 positum
2598 509 2994 579 appetentibus,
3044 508 3169 578 quia
3218 509 3496 564 meliorem
3546 511 3705 567 vitam
3731 519 3860 586 sequi

2309 600 2551 670 cupiunt,
2600 599 2801 655 liberos
2830 598 2882 652 in
2906 598 3245 653 monasteriis
3270 598 3565 669 largiantur
3593 600 3863 670 ingressus.

2307 692 2478 747 Cavet
2506 691 2668 761 igitur
2697 689 3126 759 sapientissimus
3152 704 3287 759 papa
3314 688 3532 744 laudata
3561 691 3796 762 epistola,
3819 710 3872 757 ut

2308 782 2629 854 presbyteri,
2676 780 2911 847 diaconi,
2944 790 3037 834 aut
3080 780 3170 833 alii
3201 779 3403 844 clerici,
3430 781 3651 837 abbates
3678 783 3726 837 in
3765 802 3868 840 mo-

2307 872 2556 929 nasteriis
2583 887 2689 926 non
2721 869 2851 926 liant
2878 879 2932 926 et
2958 869 3293 938 ordinentur,
3324 870 3424 924 nisi
3453 879 3577 941 post
3601 872 3867 943 legitimam

2304 962 2701 1034 probationem,
2746 970 2801 1016 et
2826 961 3084 1017 diutinam
3115 962 3169 1016 in
3198 961 3497 1016 monastica
3528 962 3636 1017 vita
3679 968 3850 1023 exercl
3875 964 3881 985 ‘

2304 1055 2584 1117 tationem,
2601 1054 2890 1125 omissaque
2910 1054 3056 1123 prius
3079 1053 3352 1107 clericatus
3367 1054 3559 1107 militia
3580 1053 3713 1123 (Lib.
3738 1073 3771 1121 ι,
3795 1075 3869 1127 ep.

2302 1142 2415 1212 42),
2449 1144 2552 1198 hoc
2576 1150 2659 1198 est
2683 1142 2875 1197 relicto
2905 1142 2998 1196 illo
3025 1140 3278 1198 Ecclesiae
3294 1142 3468 1209 titulo,
3499 1144 3588 1199 cui
3617 1161 3709 1215 per
3731 1128 3869 1202 suam

2300 1237 2692 1293 ordinationem
2720 1243 2876 1291 erant
2897 1235 3120 1305 alligati,
3160 1245 3215 1292 et
3244 1245 3301 1292 ut
3329 1238 3631 1309 aliquando
3652 1240 3867 1311 loquitur

2299 1326 2591 1397 Gregorius
2616 1368 2631 1393 ,
2685 1324 3031 1380 incardinati.
3077 1324 3279 1381 Eadem
3330 1327 3545 1383 ratione
3581 1328 3702 1384 alibi
3740 1339 3867 1386 vetat

2297 1433 2392 1474 eos
2419 1418 2509 1489 qui
2552 1417 2853 1475 clericalem
2892 1416 3134 1471 militiam
3161 1432 3283 1472 cum
3311 1421 3612 1475 monastica
3636 1430 3865 1480 mutave-

2298 1510 2425 1579 rint,
2464 1525 2563 1580 pro
2591 1509 2812 1565 arbitrio
2853 1508 2919 1563 ad
2949 1524 3103 1564 suam
3130 1509 3327 1565 reverti
3351 1510 3531 1566 denuo
3561 1510 3859 1569 Ecclesiam.

2302 1598 2400 1657 Ubi
2429 1601 2603 1657 obiter
2629 1599 2923 1655 notandum
2962 1598 3077 1653 dari
3110 1614 3141 1654 a
3170 1606 3360 1655 sancto
3388 1614 3528 1670 papa
3560 1602 3763 1659 clericis
3787 1619 3867 1659 co-

2295 1691 2437 1762 piam
2482 1688 2867 1759 amplectendae
2905 1688 3029 1742 vitae
3072 1688 3385 1744 monasticae
3429 1689 3515 1744 his
3550 1690 3766 1746 verbis:
3809 1691 3868 1747 Si

607 1779 756 1835 Unde
785 1780 844 1834 S.
894 1777 1188 1849 Gregorius
1214 1780 1435 1837 minime
1477 1781 1801 1853 improbavit
1836 1782 2054 1839 beatum
2082 1784 2187 1840 Be—
2219 1799 2266 1859 Β
2294 1797 2419 1853 quos
2449 1788 2619 1834 autem
2646 1778 2870 1851 qualibet
2898 1779 3171 1833 occasione
3205 1796 3239 1832 a
3264 1780 3509 1834 clericatu
3537 1781 3594 1835 in
3618 1781 3868 1836 monachi-

603 1868 877 1925 nedictum
922 1869 978 1925 in
1008 1868 1233 1939 juvenili
1267 1878 1449 1937 aetate,
1495 1880 1618 1942 post
1660 1882 1971 1942 superatam
2008 1876 2186 1933 carnis

600 1958 973 2025 tentationem,
995 1959 1427 2030 exstinctumque
1446 1962 1721 2030 spinarum
1740 1962 1943 2018 aculeis
1965 1978 2181 2020 omnem

600 2050 891 2121 voluptatis
915 2066 1151 2119 sensum,
1176 2052 1230 2107 in
1252 2052 1507 2106 virtutum
1527 2054 1835 2124 magisterio
1853 2055 2033 2110 multis
2050 2072 2186 2126 pra:-

599 2139 766 2196 luisse
794 2140 1093 2211 discipulis.
1126 2141 1288 2213 (Vide
1316 2140 1512 2198 Morel.
1543 2142 1632 2198 lib.
1665 2159 1815 2211 xxnt,
1845 2161 1989 2200 num.
2018 2144 2108 2217 21,
2135 2155 2187 2201 et

598 2229 688 2286 lib.
723 2247 783 2298 ιι,
812 2228 959 2285 Dial.
987 2247 1035 2286 c.
1064 2229 1148 2301 2.)

666 2320 756 2377 11.
788 2320 849 2376 in
880 2320 1071 2378 eadem
1095 2322 1323 2392 epistola
1352 2322 1446 2377 ubi
1462 2321 1530 2377 de
1557 2321 1844 2380 abhatissis
1876 2321 1991 2381 haec
2019 2326 2186 2383 edixit

598 2413 915 2491 Gregorius,
937 2413 1182 2483 quaedam
1208 2413 1275 2470 de
1300 2415 1584 2471 abbatibus
1602 2416 1902 2486 praescribit
1929 2417 2184 2474 observa-

600 2505 751 2561 tione
777 2502 970 2574 digna:
1022 2502 1377 2576 Presbyteros,
1424 2505 1613 2574 inquit,
1645 2506 1900 2574 diaconos,
1939 2516 2183 2562 cazteros—

598 2613 693 2670 que
733 2594 1004 2668 cujuslibet
1033 2596 1232 2651 ordinis
1274 2597 1508 2664 clericos,
1554 2598 1643 2670 qui
1680 2598 1908 2652 ecclesiis
1935 2598 2179 2665 militant,

596 2692 805 2747 abbates
855 2709 948 2763 per
986 2692 1305 2747 monasteria
1330 2708 1444 2747 esse
1491 2709 1594 2747 non
1621 2693 1914 2763 permittas,
1963 2693 2056 2748 sed
2091 2702 2183 2747 aut

595 2788 784 2840 omissa
820 2784 1092 2839 clericatus
1130 2783 1340 2853 militia,
1377 2784 1693 2839 monachicis
1721 2783 2069 2855 provehantur
2094 2800 2181 2838 or-

594 2872 817 2940 dinibus,
850 2880 941 2928 aut
984 2874 1030 2927 si
1066 2872 1122 2927 in
1151 2868 1351 2927 abbatis
1380 2874 1492 2929 loco
1519 2889 1821 2944 permanere
1844 2873 2176 2940 decreverint,

593 2966 865 3020 clericatus
880 2963 1179 3017 nullatenus
1198 2964 1564 3034 permittuntur
1576 2963 1764 3017 habere
1784 2963 2044 3016 militiam.
2077 2962 2181 3015 Sa-

596 3055 661 3108 tis
699 3055 839 3107 enim
864 3054 1207 3123 incongruum
1245 3062 1341 3119 est,
1372 3053 1420 3107 si
1445 3069 1561 3107 cum
1589 3069 1747 3106 unum
1773 3068 1839 3106 ea:
1869 3052 1950 3106 his
1978 3068 2071 3120 pro
2098 3051 2179 3105 sui

2293 1889 2409 1926 cam
2436 1871 2821 1926 conversionem
2848 1870 3021 1924 venire
3047 1870 3341 1941 contigerit,
3369 1878 3477 1926 etc.

2361 1959 2649 2031 Perperam
2663 1972 2879 2031 quoque
2899 1958 3140 2015 nonnulli
3161 1959 3487 2029 prohibitum
3522 1960 3798 2017 monachis
3817 1968 3869 2017 et

2286 2050 2568 2106 abbatibus
2596 2056 2787 2119 putant
2828 2046 3175 2118 Gregorianis
3208 2049 3390 2105 verbis
3418 2052 3665 2121 superius
3702 2052 3865 2108 allatis

2287 2140 2395 2217 (Ea:
2414 2160 2496 2213 ep.
2517 2141 2577 2194 11
2605 2139 2694 2195 lib.
2722 2140 2818 2211 tv),
2843 2155 2913 2195 ne
2929 2141 3228 2212 presbyteri
3250 2142 3589 2213 ordinentur,
3604 2151 3700 2197 aut
3720 2144 3866 2199 cleri-

2286 2233 2388 2290 cali
2400 2232 2776 2288 adscribantur
2788 2231 2990 2286 militiae
3012 2248 3024 2286 :
3041 2230 3166 2301 quia
3179 2230 3429 2287 videlicet
3448 2232 3576 2287 ordo
3590 2230 3865 2286 Ecclesias-

2287 2325 2414 2379 ticus
2426 2324 2543 2379 vita:
2569 2322 2873 2378 monasticae
2892 2321 3066 2386 obest,
3079 2331 3136 2376 et
3159 2322 3395 2377 vicissim
3410 2321 3611 2394 Regula
3630 2323 3864 2377 monasti-

2284 2433 2346 2471 ca
2368 2415 2750 2470 Ecclesiasticis
2772 2413 3100 2469 utilitatibus.
3131 2412 3238 2469 Sed
3265 2429 3334 2469 ne
3354 2414 3427 2468 ita
3448 2414 3860 2484 interpretemur

2285 2504 2600 2575 Gregorium
2648 2506 2764 2576 ipse
2809 2503 3118 2569 intercedit,
3169 2518 3292 2559 cum
3340 2504 3533 2573 saepius
3579 2504 3866 2559 monachos

2283 2598 2655 2669 presbyteratu
2684 2595 3048 2665 insigniendos
3076 2595 3349 2651 censuerit
3375 2603 3431 2650 et
3454 2594 3703 2665 jusserit.
3736 2593 3861 2650 Vide

2283 2687 2571 2758 epistolam
2601 2686 2670 2741 42
2703 2686 2823 2743 libri
2860 2686 3021 2753 sexti,
3052 2686 3107 2741 in
3132 2700 3241 2757 qua
3267 2686 3564 2754 Victorem,
3594 2684 3867 2740 Panormi-

2285 2789 2467 2835 tanum
2496 2780 2829 2851 episcopum,
2874 2779 3146 2846 hortatur,
3176 2784 3234 2833 ut
3259 2793 3422 2834 unum
3451 2792 3481 2832 e
3509 2777 3789 2833 monachis
3809 2774 3865 2831 S.

2283 2871 2493 2927 Hermae
2515 2873 2886 2944 presbyterum
2908 2872 3126 2927 ordinet
3148 2871 3351 2941 absque
3371 2884 3543 2934 mora,
3566 2870 3867 2940 postulante

2283 2963 2480 3020 Urbice
2509 2964 2723 3029 abbate,
2770 2978 2929 3032 quem
2970 2962 3275 3021 sacerdotio
3313 2975 3528 3033 quoque
3557 2961 3862 3030 insignitum

2279 3053 2524 3123 legimus.
2572 3052 2649 3107 Ea
2680 3052 2763 3116 de,
2788 3068 2847 3108 re
2871 3068 3003 3109 sane
3031 3052 3207 3108 nullus
3234 3052 3533 3108 remanebit
3577 3052 3857 3118 scrupulus

592 3145 949 3216 magnitudine
996 3145 1273 3216 diligenter
1321 3146 1433 3217 quis
1478 3161 1581 3200 non
1626 3146 1792 3214 possit
1841 3145 2068 3215 explere,
2109 3144 2179 3197 ad
2208 3173 2250 3231 η
2283 3144 2482 3213 legenti
2535 3153 2716 3199 notam
2757 3143 2878 3197 ead
2912 3142 3197 3212 epistolam
3235 3157 3304 3197 ex
3326 3156 3431 3212 qua
3466 3141 3541 3195 ita
3583 3141 3867 3197 cavillandi

592 3245 863 3305 utrumque
882 3236 1425 3306 judiceturidoneus:
1456 3238 1628 3309 sicque
1669 3237 1883 3290 invicem
1919 3246 1967 3290 et
2013 3236 2177 3291 eccle-

591 3326 833 3380 siasticus
861 3326 991 3381 ordo
1032 3326 1151 3381 vita:
1178 3327 1497 3382 monachica:
1518 3335 1567 3381 et
1594 3328 1952 3381 ecclesiasticis
1980 3326 2179 3381 utilita-

596 3411 726 3469 tibus
749 3416 927 3485 regula
948 3417 1286 3470 monachatus
1308 3417 1572 3487 impediat.

666 3504 742 3560 Ex
764 3506 868 3562 hoc
886 3507 1006 3562 loco
1019 3507 1230 3577 quidam
1246 3508 1478 3578 probare
1498 3508 1827 3564 nituntur.S.
1857 3507 2178 3578 Gregorium

590 3595 818 3652 clericos
851 3596 920 3651 ab
964 3597 1337 3668 amplectenda
1374 3596 1711 3670 professione
1755 3600 2048 3655 monastica
2081 3600 2175 3655 de-

591 3693 796 3741 terrere
843 3701 907 3743 ac
955 3688 1243 3758 prohibere
1297 3690 1569 3753 voluisse;
1626 3688 1719 3745 sed
1776 3697 1963 3744 contra
2015 3690 2179 3759 ipsius

592 3783 852 3845 mentem,
875 3790 995 3830 cum
1024 3776 1152 3832 alibi
1176 3777 1502 3833 Desiderium
1517 3779 1824 3849 episcopum
1840 3777 2103 3845 hortetur,
2120 3785 2181 3832 ut

592 3862 905 3934 Paucratio,
934 3864 1189 3923 Ecclesia:
1217 3882 1325 3923 suae
1350 3868 1599 3937 diacono,
1630 3872 1855 3942 gratiam
1880 3872 2181 3925 monastij

590 3959 994 4013 conversationis
1020 3962 1299 4030 appetenti,
1334 3962 1543 4016 minime
1570 3964 1935 4034 impedimento
1960 3964 2057 4029 sit;
2090 3964 2181 4016 sed

591 4060 706 4097 eum
740 4046 911 4114 potius
940 4049 1194 4117 pastorali
1221 4050 1574 4108 admonitione
1602 4056 1899 4121 succendat,
1931 4071 1995 4107 ne
2024 4054 2176 4124 hujus

600 4136 842 4191 desiderii
873 4139 1042 4208 fervor
1064 4141 1119 4193 in
1145 4157 1204 4195 eo
1226 4151 1447 4212 tepescat
1477 4143 1615 4215 (Lib.
1645 4160 1739 4211 xu,
1762 4161 1843 4214 ep.
1867 4145 1981 4214 '55)).
2031 4143 2178 4198 Prae-

592 4236 743 4281 terea
791 4229 1158 4286 sanctissimus
1196 4233 1389 4289 doctor
1432 4235 1577 4290 beati
1618 4235 1894 4292 Benedicti
1937 4237 2177 4306 regulam

590 4316 832 4385 impense
861 4318 1044 4374 laudat
1066 4326 1538 4395 commendatque,
1567 4326 1720 4395 cujus
1749 4344 1870 4397 cap.
1913 4327 1980 4382 60
2005 4344 2180 4385 sacer-

589 4404 746 4461 dotes
772 4406 826 4461 in
848 4412 1177 4467 monasterio
1204 4415 1402 4484 suscipi
1425 4425 1702 4483 rogantes,
1728 4432 1791 4472 ea
1822 4418 1942 4486 lege
1966 4418 2176 4473 admitti

2281 3244 2496 3306 sumpta
2525 3235 2761 3292 occasio.
2792 3233 3141 3306 (Cf..Mabill.
3173 3235 3242 3288 ad
3271 3251 3357 3288 an.
3390 3230 3518 3302 594,
3558 3252 3612 3303 p.
3644 3232 3801 3302 235.)

2351 3327 2560 3398 Scopus
2588 3341 2718 3396 ergo
2741 3325 3133 3397 vigilantissimi
3162 3324 3398 3394 pastoris
3427 3340 3494 3380 eo
3534 3323 3640 3379 loci
3674 3331 3759 3379 est
3782 3338 3865 3378 re-

2279 3417 2482 3488 pellere
2510 3432 2541 3471 a
2569 3416 2884 3473 monasticis
2910 3416 3210 3487 praelaturis
3235 3408 3480 3481 clericos,
3511 3422 3569 3470 ut
3593 3430 3741 3469 nunc
3774 3428 3865 3468 au-

2280 3509 2450 3576 diunt,
2483 3507 2788 3572 saeculares,
2816 3503 3040 3563 aliarum
3057 3506 3166 3577 jam
3196 3505 3546 3565 ecclesiarum
3576 3504 3752 3559 titulis
3778 3504 3869 3557 ad-

2280 3597 2476 3668 dictos,
2505 3612 2605 3668 pro
2634 3596 2849 3652 illorum
2880 3603 3187 3666 temporum
3215 3610 3368 3651 more
3396 3611 3413 3661 ;
3443 3602 3556 3648 tum
3584 3592 3735 3663 quod
3763 3592 3867 3647 cle~

2281 3690 2459 3746 ricalis
2496 3697 2552 3745 et
2596 3689 2898 3744 monastica
2926 3687 3114 3743 militia
3157 3688 3212 3742 in
3250 3686 3479 3742 diversis
3505 3686 3757 3741 ecclesiis
3801 3686 3867 3739 ita

2281 3784 2478 3843 sociari
2510 3799 2617 3839 non
2644 3783 2878 3854 possint,
2916 3789 3030 3837 tum
3076 3780 3412 3852 potissimum
3452 3778 3599 3850 quod
3626 3793 3731 3849 per
3766 3776 3871 3832 cle-

2279 3875 2518 3929 ricorum
2540 3873 2756 3929 illorum
2778 3873 2869 3943 qui
2890 3871 3203 3929 monasticis
3224 3871 3503 3925 inhiabant
3525 3868 3869 3939 dignitatibus

2281 3968 2628 4022 ambitionem
2658 3973 2715 4022 et
2739 3965 3102 4021 remissioretn
3131 3964 3296 4019 vitam
3328 3962 3419 4034 (ne
3447 3962 3573 4033 quid
3602 3962 3764 4032 pejus
3792 3960 3869 4015 di-

2279 4059 2486 4129 camus)
2521 4058 2846 4113 monasteria
2875 4057 3223 4123 destruenda,
3275 4055 3423 4127 quod
3472 4056 3634 4109 etiam
3686 4062 3869 4126 postea

2281 4150 2529 4218 contigit,
2557 4150 2875 4219 praevideret
2899 4168 2912 4202 :
2957 4149 3190 4222 Dumque
3217 4149 3291 4217 hi,
3321 4148 3495 4218 inquit
3522 4148 3605 4201 vir
3631 4155 3869 4212 sanctus,

2280 4241 2429 4309 quasi
2471 4242 2801 4308 vaticinans,
2831 4243 3036 4312 ﬁngunt
3066 4260 3122 4295 se
3165 4242 3405 4313 religiose
3433 4240 3615 4304 vivere,
3667 4254 3874 4293 monas~

2282 4331 2427 4384 teriis
2452 4334 2687 4401 praponi
2716 4341 2982 4401 appetunt,
3013 4341 3064 4385 et
3092 4350 3182 4403 per
3208 4350 3389 4387 eorum
3418 4334 3574 4386 vitam
3605 4340 3870 4385 monaste-

2279 4422 2360 4474 ria
2391 4421 2720 4474 destruantur
2751 4420 2889 4491 (Lib.
2918 4438 2972 4490 v,
2996 4439 3078 4493 ep.
3107 4422 3159 4491 1)
3195 4438 3212 4487 ;
3240 4422 3435 4491 quibus
3455 4436 3675 4490 quoque
3700 4419 3873 4474 verbis

588 4496 867 4607 jubentur,
898 4510 955 4554 ut
980 4517 1181 4557 omnem
1226 4506 1418 4576 regula:
1460 4507 1789 4577 disciplinam
1819 4512 2177 4565 observaturos
2206 4548 2255 4607 υ
2282 4511 2332 4565 id
2362 4527 2422 4567 sc
2446 4510 2556 4581 jam
2588 4512 2957 4582 experimento
2983 4512 3235 4567 didicisse
3262 4508 3547 4582 signiﬁcat.

589 4604 646 4642 se
669 4590 978 4659 spondeam.
1009 4591 1148 4649 Hinc
1176 4596 1389 4654 concilii
1419 4596 1665 4653 Toletani
1693 4598 1761 4654 IV
1790 4609 1971 4671 patres
2000 4600 2025 4638 δ
2052 4616 2173 4655 can.

594 4698 955 4825 cu:flonsule
999 4710 1184 4759 notam
1228 4706 1343 4762 lad
1372 4707 1515 4763 hunc
1543 4706 1773 4765 laudata:
1814 4709 2055 4783 epistolae
2100 4711 2179 4767 lo-

2349 4711 2380 4752 ιι
2405 4710 2565 4766 Juxta
2590 4711 2859 4781 Loaisam,
2889 4722 2982 4770 aut
3007 4713 3097 4769 49.

3177 4932 3864 4949 _—____

1744 5027 2091 5110 LIBER
2144 5026 2696 5125 TERTIUS,

671 5179 1097 5258 Complsetens
1125 5181 1454 5244 historiam
1480 5183 2002 5266 pontificatusS.
2035 5184 2330 5266 Gregorii
2356 5184 2649 5266 abannis
2683 5183 2801 5266 ὕψι
2832 5196 2885 5246 et
2917 5185 3037 5245 595
3068 5185 3151 5246 ad
3178 5205 3380 5248 annos
3407 5188 3527 5250 598
3556 5196 3614 5248 ct
3644 5190 3774 5252 599

1652 5281 1758 5323 seu
1788 5263 1862 5324 ab
1892 5263 2237 5325 indictione
2271 5264 2340 5323 13
2369 5264 2450 5325 ad
2478 5264 2703 5327 indict.
2734 5264 2797 5323 2.

1971 5388 2257 5406 “

1007 5446 1170 5519 248
1196 5447 1425 5506 CAPUT
1470 5448 1763 5508 PRIMUM.

595 5568 785 5617 Ancon.
805 5566 940 5635 -Α1.
959 5567 1284 5635 ρκειιηιθηὶρί
1326 5568 1497 5621 titulus
1537 5584 1563 5620 a
1586 5572 1677 5623 Cl’.
1704 5573 1970 5635 patriarcha
1996 5586 2178 5623 assum-

657 5636 781 5738 utens.
803 5653 863 5663 —
880 5630 929 5677 2.
953 5630 1073 5685 Quae
1094 5631 1295 5678 concilia
1319 5636 1622 5706 .u‘cutnenica
1643 5630 1866 5707 ἀίω..-
1881 5638 1927 5707 ᾇ.
1949 5635 2176 5707 oblatum

730 5701 791 5738 nc
812 5690 1004 5737 titulum
1030 5702 1146 5738 pana
1164 5700 1437 5738 resnntt.—-
1456 5696 1503 5738 ι.
1531 5695 1685 5738 Huius
1709 5706 1837 5738 κοί-ις
1858 5699 2172 5738 smnihcalns-

730 5701 791 5760 ne
812 5690 1004 5760 titulum
1030 5702 1146 5760 papa
1164 5692 1437 5760 respuit._—-
1456 5696 1503 5743 ι.
1531 5695 1685 5760 liuius
1709 5699 1837 5760 toris
1858 5699 2172 5760 signiﬁcatus.

657 5773 719 5787 -
742 5751 789 5803 5,
814 5750 870 5801 8.
896 5747 1123 5814 Gregorii
1146 5747 1356 5807 studium
1378 5755 1432 5806 in
1451 5747 1762 5818 explodeudo
1784 5758 1876 5809 hoc
1898 5747 2046 5810 iitu'o
2064 5771 2177 5823 pre-

2261 5386 2400 5405 *χ
2480 5398 2489 5407 ,

2345 5460 2602 5514 pugnatur.
2627 5480 2688 5491 —
2709 5456 2756 5508 6.
2783 5454 2973 5514 Quibus
2993 5456 3224 5517 gradibus
3258 5456 3539 5507 ssrenderit
3574 5457 3879 5519 patriarcha-

2346 5527 2451 5562 rum
2491 5515 2585 5565 ΕΡ.
2610 5517 2832 5565 ambitio.
2855 5543 2915 5551 —
2937 5516 2984 5566 7.
3010 5518 3199 5566 Ouanta
3240 5517 3389 5566 fut-rit
3430 5520 3477 5566 in
3501 5517 3712 5566 Joanne.
3739 5543 3802 5554 -
3824 5522 3873 5566 8.

2346 5527 2451 5562 rum
2491 5518 2585 5565 Cl’.
2610 5518 2832 5565 ambitio.
2855 5543 2915 5551 —
2937 5518 2984 5566 7.
3010 5518 3199 5574 Quanta
3240 5518 3389 5568 lui-rit
3430 5520 3477 5567 in
3501 5518 3712 5567 Joanne.
3739 5543 3802 5554 -
3824 5522 3873 5570 8.

2346 5576 2525 5640 ᾼιιι-θχ
2563 5579 2800 5640 monacho
2841 5576 2993 5627 hctus
3033 5581 3099 5629 sit
3147 5581 3430 5640 patriarcha.
3469 5607 3531 5616 —
3566 5585 3616 5630 9.
3644 5580 3876 5639 Epistolas?

2343 5638 2403 5711 S._
2424 5638 2579 5711 εἰμές.
2616 5640 2684 5711 _de
2726 5638 2824 5711 illa.
2848 5638 3177 5711 controvt-rsia
3214 5642 3588 5711 expenduntur.
3610 5638 3875 5711 peprima

2345 5699 2403 5747 ad
2429 5699 2711 5762 Mauricium
2732 5703 2931 5762 scripta.
2954 5700 3015 5762 Et
3038 5702 3103 5762 ad
3120 5699 3403 5762 Augusiam.
3425 5725 3486 5739 —-
3506 5702 3579 5754 10.
3606 5699 3797 5753 Scribit
3818 5704 3877 5753 ad

2345 5760 2716 5825 patriarchas—
2739 5764 2813 5815 lt.
2834 5758 2961 5824 Quid
2987 5763 3047 5813 ab
3071 5758 3276 5830 Emogto
3296 5764 3535 5818 Alexaud.
3557 5777 3875 5833 responsum.
