  <div class='ocr_page' id='page_1' title='image "/cluster/home/n/w/nwhite01/storage/ocr_20150623/75/uva.x000827087/180.png"; bbox 0 0 3992 6296; ppageno 0'>
   <div class='ocr_carea' id='block_1_1' title="bbox 155 340 249 397">
    <p class='ocr_par' dir='ltr' id='par_1_1' title="bbox 155 340 249 397">
     <span class='ocr_line' id='line_1_1' title="bbox 155 340 249 397; baseline -0.043 1"><span class='ocrx_word' id='word_1_1' title='bbox 155 340 249 397; x_wconf 63' lang='lat'><strong>355</strong></span> 
     </span>
    </p>
   </div>
   <div class='ocr_carea' id='block_1_2' title="bbox 596 324 1750 407">
    <p class='ocr_par' dir='ltr' id='par_1_2' title="bbox 596 325 1750 407">
     <span class='ocr_line' id='line_1_2' title="bbox 596 325 1750 407; baseline -0.005 -19"><span class='ocrx_word' id='word_1_2' title='bbox 596 331 657 388; x_wconf 82' lang='grc' dir='ltr'><strong>Β.</strong></span> <span class='ocrx_word' id='word_1_3' title='bbox 695 325 1265 389; x_wconf 71' lang='lat' dir='ltr'><strong>GREGORIIMAGNI</strong></span> <span class='ocrx_word' id='word_1_4' title='bbox 1308 325 1488 394; x_wconf 76' lang='lat' dir='ltr'><strong>VlTA,</strong></span> <span class='ocrx_word' id='word_1_5' title='bbox 1530 326 1621 384; x_wconf 78' lang='lat' dir='ltr'><strong>EX</strong></span> <span class='ocrx_word' id='word_1_6' title='bbox 1653 327 1750 407; x_wconf 81' lang='lat' dir='ltr'><strong>_EJl</strong></span> 
     </span>
    </p>
   </div>
   <div class='ocr_carea' id='block_1_3' title="bbox 1856 324 2890 407">
    <p class='ocr_par' dir='ltr' id='par_1_3' title="bbox 1859 324 2890 387">
     <span class='ocr_line' id='line_1_3' title="bbox 1859 324 2890 387; baseline -0.008 0"><span class='ocrx_word' id='word_1_7' title='bbox 1859 327 2164 387; x_wconf 72' lang='lat' dir='ltr'><strong>SClllP&#39;l‘lS</strong></span> <span class='ocrx_word' id='word_1_8' title='bbox 2200 324 2591 385; x_wconf 71' lang='lat' dir='ltr'><strong>ADORNATA.</strong></span> <span class='ocrx_word' id='word_1_9' title='bbox 2634 326 2762 381; x_wconf 86' lang='lat' dir='ltr'><strong>LIB.</strong></span> <span class='ocrx_word' id='word_1_10' title='bbox 2803 325 2890 382; x_wconf 86' lang='grc' dir='ltr'><strong>ΙΙΙ.</strong></span> 
     </span>
    </p>
   </div>
   <div class='ocr_carea' id='block_1_4' title="bbox 3304 322 3415 378">
    <p class='ocr_par' dir='ltr' id='par_1_4' title="bbox 3304 322 3415 378">
     <span class='ocr_line' id='line_1_4' title="bbox 3304 322 3415 378; baseline 0.018 -2"><span class='ocrx_word' id='word_1_11' title='bbox 3304 322 3415 378; x_wconf 66' lang='grc'><strong>516</strong></span> 
     </span>
    </p>
   </div>
   <div class='ocr_carea' id='block_1_5' title="bbox 209 434 1750 512">
    <p class='ocr_par' dir='ltr' id='par_1_5' title="bbox 209 440 1730 512">
     <span class='ocr_line' id='line_1_5' title="bbox 209 440 1730 512; baseline -0.012 -4"><span class='ocrx_word' id='word_1_12' title='bbox 209 485 262 497; x_wconf 83' lang='lat'><strong>-</strong></span> <span class='ocrx_word' id='word_1_13' title='bbox 284 457 360 508; x_wconf 76' lang='grc'><strong>12.</strong></span> <span class='ocrx_word' id='word_1_14' title='bbox 396 454 459 506; x_wconf 71' lang='lat' dir='ltr'><strong>Et</strong></span> <span class='ocrx_word' id='word_1_15' title='bbox 493 452 554 502; x_wconf 85' lang='lat' dir='ltr'><strong>ab</strong></span> <span class='ocrx_word' id='word_1_16' title='bbox 590 449 845 512; x_wconf 81' lang='lat' dir='ltr'><strong>Anastasio</strong></span> <span class='ocrx_word' id='word_1_17' title='bbox 866 445 1095 512; x_wconf 58' lang='lat' dir='ltr'><strong>Antioch.</strong></span> <span class='ocrx_word' id='word_1_18' title='bbox 1120 469 1179 481; x_wconf 88' lang='lat'><strong>—-</strong></span> <span class='ocrx_word' id='word_1_19' title='bbox 1202 444 1279 512; x_wconf 59' lang='lat'><strong>15.</strong></span> <span class='ocrx_word' id='word_1_20' title='bbox 1304 440 1382 512; x_wconf 79' lang='lat' dir='ltr'><strong>De</strong></span> <span class='ocrx_word' id='word_1_21' title='bbox 1420 440 1730 512; x_wconf 68' lang='lat' dir='ltr'><strong>interpolatis</strong></span> 
     </span>
    </p>
   </div>
   <div class='ocr_carea' id='block_1_6' title="bbox 1856 434 3417 512">
    <p class='ocr_par' dir='ltr' id='par_1_6' title="bbox 1856 434 3417 512">
     <span class='ocr_line' id='line_1_6' title="bbox 1856 434 3417 512; baseline -0.007 -14"><span class='ocrx_word' id='word_1_22' title='bbox 1856 444 2064 512; x_wconf 90' lang='lat' dir='ltr'><strong>nenica,</strong></span> <span class='ocrx_word' id='word_1_23' title='bbox 2110 443 2362 498; x_wconf 80' lang='lat' dir='ltr'><strong>nimirum</strong></span> <span class='ocrx_word' id='word_1_24' title='bbox 2415 439 2707 497; x_wconf 75' lang='lat' dir='ltr'><strong>accedente</strong></span> <span class='ocrx_word' id='word_1_25' title='bbox 2754 445 2944 511; x_wconf 87' lang='lat' dir='ltr'><strong>postea</strong></span> <span class='ocrx_word' id='word_1_26' title='bbox 2990 434 3417 499; x_wconf 86' lang='lat' dir='ltr'><strong>orthodoxorum</strong></span> 
     </span>
    </p>
   </div>
   <div class='ocr_carea' id='block_1_7' title="bbox 211 502 1726 579">
    <p class='ocr_par' dir='ltr' id='par_1_7' title="bbox 211 502 1726 579">
     <span class='ocr_line' id='line_1_7' title="bbox 211 502 1726 579; baseline -0.012 -12"><span class='ocrx_word' id='word_1_27' title='bbox 211 521 260 567; x_wconf 87' lang='lat' dir='ltr'><strong>S.</strong></span> <span class='ocrx_word' id='word_1_28' title='bbox 286 502 457 579; x_wconf 64' lang='lat' dir='ltr'><strong>lgnatii</strong></span> <span class='ocrx_word' id='word_1_29' title='bbox 479 512 718 579; x_wconf 75' lang='lat' dir='ltr'><strong>epistolis.</strong></span> <span class='ocrx_word' id='word_1_30' title='bbox 740 528 801 579; x_wconf 61' lang='grc' dir='ltr'><strong>τι</strong></span> <span class='ocrx_word' id='word_1_31' title='bbox 821 507 1123 579; x_wconf 51' lang='grc' dir='ltr'><strong>μτβυηιπιθ</strong></span> <span class='ocrx_word' id='word_1_32' title='bbox 1148 506 1375 579; x_wconf 60' lang='lat' dir='ltr'><strong>epistola:</strong></span> <span class='ocrx_word' id='word_1_33' title='bbox 1403 504 1461 579; x_wconf 69' lang='lat' dir='ltr'><strong>ad</strong></span> <span class='ocrx_word' id='word_1_34' title='bbox 1486 502 1726 573; x_wconf 79' lang='lat' dir='ltr'><strong>Joannem</strong></span> 
     </span>
    </p>
   </div>
   <div class='ocr_carea' id='block_1_8' title="bbox 212 563 1728 638">
    <p class='ocr_par' dir='ltr' id='par_1_8' title="bbox 212 563 1728 638">
     <span class='ocr_line' id='line_1_8' title="bbox 212 563 1728 638; baseline -0.013 -9"><span class='ocrx_word' id='word_1_35' title='bbox 212 563 532 638; x_wconf 48' lang='grc' dir='ltr'><strong>ἒῇξῑέὶῖἰρῑωῖ</strong></span> <span class='ocrx_word' id='word_1_36' title='bbox 563 599 618 609; x_wconf 91' lang='grc'><strong><em>-</em></strong></span> <span class='ocrx_word' id='word_1_37' title='bbox 641 574 718 623; x_wconf 76' lang='lat'><strong>15.-</strong></span> <span class='ocrx_word' id='word_1_38' title='bbox 742 571 875 638; x_wconf 75' lang='lat' dir='ltr'><strong>lrriti</strong></span> <span class='ocrx_word' id='word_1_39' title='bbox 902 569 1114 638; x_wconf 71' lang='lat' dir='ltr'><strong>S_._papte</strong></span> <span class='ocrx_word' id='word_1_40' title='bbox 1143 563 1340 638; x_wconf 76' lang='lat' dir='ltr'><strong>conatus</strong></span> <span class='ocrx_word' id='word_1_41' title='bbox 1364 563 1653 638; x_wconf 26' lang='lat' dir='ltr'><strong>ingloaluaet</strong></span> <span class='ocrx_word' id='word_1_42' title='bbox 1680 564 1728 611; x_wconf 89' lang='lat' dir='ltr'><strong>in</strong></span> 
     </span>
    </p>
   </div>
   <div class='ocr_carea' id='block_1_9' title="bbox 212 626 1731 693">
    <p class='ocr_par' dir='ltr' id='par_1_9' title="bbox 212 626 1731 693">
     <span class='ocr_line' id='line_1_9' title="bbox 212 626 1731 693; baseline -0.012 -4"><span class='ocrx_word' id='word_1_43' title='bbox 212 626 313 693; x_wconf 70' lang='lat' dir='ltr'><strong>eius</strong></span> <span class='ocrx_word' id='word_1_44' title='bbox 332 626 704 687; x_wconf 73' lang='lat' dir='ltr'><strong>successorem.</strong></span> <span class='ocrx_word' id='word_1_45' title='bbox 728 626 888 680; x_wconf 44' lang='lat'><strong>416.</strong></span> <span class='ocrx_word' id='word_1_46' title='bbox 937 626 1088 693; x_wconf 74' lang='lat' dir='ltr'><strong>Hujus</strong></span> <span class='ocrx_word' id='word_1_47' title='bbox 1127 626 1644 693; x_wconf 69' lang='lat' dir='ltr'><strong>controversiaa_tinis.</strong></span> <span class='ocrx_word' id='word_1_48' title='bbox 1668 650 1731 660; x_wconf 89' lang='lat'><strong>-—</strong></span> 
     </span>
    </p>
   </div>
   <div class='ocr_carea' id='block_1_10' title="bbox 211 687 1732 753">
    <p class='ocr_par' dir='ltr' id='par_1_10' title="bbox 211 687 1732 753">
     <span class='ocr_line' id='line_1_10' title="bbox 211 687 1732 753; baseline -0.012 0"><span class='ocrx_word' id='word_1_49' title='bbox 211 687 633 753; x_wconf 10' lang='lat' dir='ltr'><strong>i&#39;ijrlletelluntur</strong></span> <span class='ocrx_word' id='word_1_50' title='bbox 679 693 895 743; x_wconf 73' lang='lat' dir='ltr'><strong>hzeretici</strong></span> <span class='ocrx_word' id='word_1_51' title='bbox 934 691 989 753; x_wconf 10' lang='lat' dir='ltr'><strong>VS.</strong></span> <span class='ocrx_word' id='word_1_52' title='bbox 1012 687 1588 753; x_wconf 29' lang='lat' dir='ltr'><strong>&#39;Gregoriiumodestiam</strong></span> <span class='ocrx_word' id='word_1_53' title='bbox 1626 688 1732 748; x_wconf 83' lang='lat' dir='ltr'><strong>ejus</strong></span> 
     </span>
    </p>
   </div>
   <div class='ocr_carea' id='block_1_11' title="bbox 209 748 1386 826">
    <p class='ocr_par' dir='ltr' id='par_1_11' title="bbox 209 748 1386 826">
     <span class='ocr_line' id='line_1_11' title="bbox 209 748 1386 826; baseline -0.015 -12"><span class='ocrx_word' id='word_1_54' title='bbox 209 748 569 817; x_wconf 69' lang='lat' dir='ltr'><strong>successoribus</strong></span> <span class='ocrx_word' id='word_1_55' title='bbox 590 756 895 826; x_wconf 86' lang='lat' dir='ltr'><strong>objicientes.</strong></span> <span class='ocrx_word' id='word_1_56' title='bbox 922 752 1039 816; x_wconf 81' lang='lat' dir='ltr'><strong>(An.</strong></span> <span class='ocrx_word' id='word_1_57' title='bbox 1059 748 1163 799; x_wconf 57' lang='lat' dir='ltr'><strong>59f</strong></span> <span class='ocrx_word' id='word_1_58' title='bbox 1177 755 1231 799; x_wconf 87' lang='lat' dir='ltr'><strong>et</strong></span> <span class='ocrx_word' id='word_1_59' title='bbox 1252 748 1386 809; x_wconf 76' lang='lat'><strong>595.)</strong></span> 
     </span>
    </p>
   </div>
   <div class='ocr_carea' id='block_1_12' title="bbox 224 868 1731 946">
    <p class='ocr_par' dir='ltr' id='par_1_12' title="bbox 224 868 1731 946">
     <span class='ocr_line' id='line_1_12' title="bbox 224 868 1731 946; baseline -0.012 -7"><span class='ocrx_word' id='word_1_60' title='bbox 224 887 268 941; x_wconf 83' lang='grc' dir='ltr'><strong>Ι.</strong></span> <span class='ocrx_word' id='word_1_61' title='bbox 284 881 575 937; x_wconf 82' lang='lat' dir='ltr'><strong>Exordium</strong></span> <span class='ocrx_word' id='word_1_62' title='bbox 590 878 752 946; x_wconf 86' lang='lat' dir='ltr'><strong>hujus</strong></span> <span class='ocrx_word' id='word_1_63' title='bbox 766 874 886 930; x_wconf 85' lang='lat' dir='ltr'><strong>libri</strong></span> <span class='ocrx_word' id='word_1_64' title='bbox 904 872 1161 929; x_wconf 89' lang='lat' dir='ltr'><strong>sumimus</strong></span> <span class='ocrx_word' id='word_1_65' title='bbox 1177 886 1206 925; x_wconf 92' lang='lat' dir='ltr'><strong>a</strong></span> <span class='ocrx_word' id='word_1_66' title='bbox 1225 868 1591 926; x_wconf 77' lang='lat' dir='ltr'><strong>controversia</strong></span> <span class='ocrx_word' id='word_1_67' title='bbox 1610 883 1731 937; x_wconf 77' lang='lat' dir='ltr'><strong>qure</strong></span> 
     </span>
    </p>
   </div>
   <div class='ocr_carea' id='block_1_13' title="bbox 160 960 1731 1045">
    <p class='ocr_par' dir='ltr' id='par_1_13' title="bbox 160 960 1731 1045">
     <span class='ocr_line' id='line_1_13' title="bbox 160 960 1731 1045; baseline -0.013 -11"><span class='ocrx_word' id='word_1_68' title='bbox 160 974 459 1045; x_wconf 76' lang='lat' dir='ltr'><strong>Gregbrium</strong></span> <span class='ocrx_word' id='word_1_69' title='bbox 482 972 625 1025; x_wconf 91' lang='lat' dir='ltr'><strong>inter</strong></span> <span class='ocrx_word' id='word_1_70' title='bbox 645 976 700 1023; x_wconf 92' lang='lat' dir='ltr'><strong>et</strong></span> <span class='ocrx_word' id='word_1_71' title='bbox 718 966 979 1021; x_wconf 81' lang='lat' dir='ltr'><strong>Joannem</strong></span> <span class='ocrx_word' id='word_1_72' title='bbox 997 962 1103 1019; x_wconf 69' lang='grc' dir='ltr'><strong>(ΣΡ.</strong></span> <span class='ocrx_word' id='word_1_73' title='bbox 1123 961 1484 1031; x_wconf 90' lang='lat' dir='ltr'><strong>patriarcham</strong></span> <span class='ocrx_word' id='word_1_74' title='bbox 1508 960 1731 1027; x_wconf 79' lang='lat' dir='ltr'><strong>exarsit,</strong></span> 
     </span>
    </p>
   </div>
   <div class='ocr_carea' id='block_1_14' title="bbox 160 1049 1734 1134">
    <p class='ocr_par' dir='ltr' id='par_1_14' title="bbox 160 1049 1734 1134">
     <span class='ocr_line' id='line_1_14' title="bbox 160 1049 1734 1134; baseline -0.014 -10"><span class='ocrx_word' id='word_1_75' title='bbox 160 1069 219 1125; x_wconf 92' lang='lat' dir='ltr'><strong>ob</strong></span> <span class='ocrx_word' id='word_1_76' title='bbox 240 1063 529 1134; x_wconf 80' lang='lat' dir='ltr'><strong>Superbum</strong></span> <span class='ocrx_word' id='word_1_77' title='bbox 549 1058 871 1115; x_wconf 75' lang='lat' dir='ltr'><strong>(ecumenici</strong></span> <span class='ocrx_word' id='word_1_78' title='bbox 894 1053 1215 1126; x_wconf 81' lang='lat' dir='ltr'><strong>patriarcha:</strong></span> <span class='ocrx_word' id='word_1_79' title='bbox 1236 1051 1449 1106; x_wconf 91' lang='lat' dir='ltr'><strong>titulum</strong></span> <span class='ocrx_word' id='word_1_80' title='bbox 1475 1067 1503 1104; x_wconf 89' lang='lat' dir='ltr'><strong>a</strong></span> <span class='ocrx_word' id='word_1_81' title='bbox 1524 1049 1734 1104; x_wconf 81' lang='lat' dir='ltr'><strong>Joanne</strong></span> 
     </span>
    </p>
   </div>
   <div class='ocr_carea' id='block_1_15' title="bbox 160 1138 1734 1224">
    <p class='ocr_par' dir='ltr' id='par_1_15' title="bbox 160 1138 1734 1224">
     <span class='ocr_line' id='line_1_15' title="bbox 160 1138 1734 1224; baseline -0.011 -13"><span class='ocrx_word' id='word_1_82' title='bbox 160 1161 498 1224; x_wconf 75' lang='lat' dir='ltr'><strong>assumptum,</strong></span> <span class='ocrx_word' id='word_1_83' title='bbox 522 1160 578 1206; x_wconf 92' lang='lat' dir='ltr'><strong>et</strong></span> <span class='ocrx_word' id='word_1_84' title='bbox 602 1148 815 1204; x_wconf 79' lang='lat' dir='ltr'><strong>favente</strong></span> <span class='ocrx_word' id='word_1_85' title='bbox 842 1146 967 1200; x_wconf 85' lang='lat' dir='ltr'><strong>huic</strong></span> <span class='ocrx_word' id='word_1_86' title='bbox 989 1144 1200 1213; x_wconf 79' lang='lat' dir='ltr'><strong>injusta:</strong></span> <span class='ocrx_word' id='word_1_87' title='bbox 1224 1138 1554 1211; x_wconf 88' lang='lat' dir='ltr'><strong>usurpationi</strong></span> <span class='ocrx_word' id='word_1_88' title='bbox 1584 1138 1734 1193; x_wconf 86' lang='lat' dir='ltr'><strong>Mau-</strong></span> 
     </span>
    </p>
   </div>
   <div class='ocr_carea' id='block_1_16' title="bbox 161 1228 1735 1310">
    <p class='ocr_par' dir='ltr' id='par_1_16' title="bbox 161 1228 1735 1310">
     <span class='ocr_line' id='line_1_16' title="bbox 161 1228 1735 1310; baseline -0.013 -7"><span class='ocrx_word' id='word_1_89' title='bbox 161 1248 305 1310; x_wconf 88' lang='lat' dir='ltr'><strong>ricio,</strong></span> <span class='ocrx_word' id='word_1_90' title='bbox 334 1239 905 1306; x_wconf 89' lang='lat' dir='ltr'><strong>dissimulantibusque</strong></span> <span class='ocrx_word' id='word_1_91' title='bbox 951 1233 1154 1288; x_wconf 82' lang='lat' dir='ltr'><strong>illatam</strong></span> <span class='ocrx_word' id='word_1_92' title='bbox 1204 1230 1305 1285; x_wconf 89' lang='lat' dir='ltr'><strong>sibi</strong></span> <span class='ocrx_word' id='word_1_93' title='bbox 1345 1228 1608 1284; x_wconf 88' lang='lat' dir='ltr'><strong>invidiosa</strong></span> <span class='ocrx_word' id='word_1_94' title='bbox 1637 1228 1735 1282; x_wconf 89' lang='lat' dir='ltr'><strong>hac</strong></span> 
     </span>
    </p>
   </div>
   <div class='ocr_carea' id='block_1_17' title="bbox 161 1318 1788 1408">
    <p class='ocr_par' dir='ltr' id='par_1_17' title="bbox 161 1318 1788 1408">
     <span class='ocr_line' id='line_1_17' title="bbox 161 1318 1788 1408; baseline -0.015 -16"><span class='ocrx_word' id='word_1_95' title='bbox 161 1334 507 1408; x_wconf 74' lang='lat' dir='ltr'><strong>appellatione</strong></span> <span class='ocrx_word' id='word_1_96' title='bbox 552 1329 803 1398; x_wconf 87' lang='lat' dir='ltr'><strong>injuriam</strong></span> <span class='ocrx_word' id='word_1_97' title='bbox 851 1323 1064 1381; x_wconf 87' lang='lat' dir='ltr'><strong>ca:teris</strong></span> <span class='ocrx_word' id='word_1_98' title='bbox 1104 1318 1442 1391; x_wconf 88' lang='lat' dir='ltr'><strong>patriarchis,</strong></span> <span class='ocrx_word' id='word_1_99' title='bbox 1473 1324 1735 1371; x_wconf 83' lang='lat' dir='ltr'><strong>assertum</strong></span> <span class='ocrx_word' id='word_1_100' title='bbox 1784 1338 1788 1342; x_wconf 88' lang='lat'><strong><em>-</em></strong></span> 
     </span>
    </p>
   </div>
   <div class='ocr_carea' id='block_1_18' title="bbox 140 1396 1736 1486">
    <p class='ocr_par' dir='ltr' id='par_1_18' title="bbox 140 1396 1736 1486">
     <span class='ocr_line' id='line_1_18' title="bbox 140 1396 1736 1486; baseline -0.017 -1"><span class='ocrx_word' id='word_1_101' title='bbox 140 1432 626 1486; x_wconf 37' lang='lat' dir='ltr'><strong>&#39;et&#39;conservatum.</strong></span> <span class='ocrx_word' id='word_1_102' title='bbox 667 1415 922 1485; x_wconf 86' lang='lat' dir='ltr'><strong>Quamvis</strong></span> <span class='ocrx_word' id='word_1_103' title='bbox 950 1412 1099 1468; x_wconf 86' lang='lat' dir='ltr'><strong>vocis</strong></span> <span class='ocrx_word' id='word_1_104' title='bbox 1123 1410 1282 1479; x_wconf 89' lang='lat' dir='ltr'><strong>hujus</strong></span> <span class='ocrx_word' id='word_1_105' title='bbox 1304 1396 1589 1464; x_wconf 77' lang='lat' dir='ltr'><strong>insolentia</strong></span> <span class='ocrx_word' id='word_1_106' title='bbox 1616 1413 1736 1459; x_wconf 88' lang='lat' dir='ltr'><strong>tur-</strong></span> 
     </span>
    </p>
   </div>
   <div class='ocr_carea' id='block_1_19' title="bbox 162 1495 1737 1584">
    <p class='ocr_par' dir='ltr' id='par_1_19' title="bbox 162 1495 1737 1584">
     <span class='ocr_line' id='line_1_19' title="bbox 162 1495 1737 1584; baseline -0.015 -10"><span class='ocrx_word' id='word_1_107' title='bbox 162 1522 246 1575; x_wconf 84' lang='lat' dir='ltr'><strong>bas</strong></span> <span class='ocrx_word' id='word_1_108' title='bbox 277 1524 331 1571; x_wconf 90' lang='lat' dir='ltr'><strong>et</strong></span> <span class='ocrx_word' id='word_1_109' title='bbox 375 1511 749 1584; x_wconf 71' lang='lat' dir='ltr'><strong>gravissimam</strong></span> <span class='ocrx_word' id='word_1_110' title='bbox 790 1504 1141 1562; x_wconf 79' lang='lat' dir='ltr'><strong>otfensionem</strong></span> <span class='ocrx_word' id='word_1_111' title='bbox 1190 1500 1282 1555; x_wconf 91' lang='lat' dir='ltr'><strong>diu</strong></span> <span class='ocrx_word' id='word_1_112' title='bbox 1323 1509 1450 1553; x_wconf 88' lang='lat' dir='ltr'><strong>ante</strong></span> <span class='ocrx_word' id='word_1_113' title='bbox 1492 1495 1737 1565; x_wconf 81' lang='lat' dir='ltr'><strong>Gregorii</strong></span> 
     </span>
    </p>
   </div>
   <div class='ocr_carea' id='block_1_20' title="bbox 162 1584 1735 1680">
    <p class='ocr_par' dir='ltr' id='par_1_20' title="bbox 162 1584 1735 1680">
     <span class='ocr_line' id='line_1_20' title="bbox 162 1584 1735 1680; baseline -0.017 -15"><span class='ocrx_word' id='word_1_114' title='bbox 162 1606 523 1680; x_wconf 86' lang='lat' dir='ltr'><strong>pontiﬁcatum</strong></span> <span class='ocrx_word' id='word_1_115' title='bbox 564 1600 885 1662; x_wconf 84' lang='lat' dir='ltr'><strong>excitasset,</strong></span> <span class='ocrx_word' id='word_1_116' title='bbox 915 1595 983 1650; x_wconf 92' lang='lat' dir='ltr'><strong>de</strong></span> <span class='ocrx_word' id='word_1_117' title='bbox 1026 1593 1114 1647; x_wconf 89' lang='lat' dir='ltr'><strong>illa</strong></span> <span class='ocrx_word' id='word_1_118' title='bbox 1158 1598 1339 1644; x_wconf 87' lang='lat' dir='ltr'><strong>tamen</strong></span> <span class='ocrx_word' id='word_1_119' title='bbox 1363 1602 1395 1643; x_wconf 89' lang='lat' dir='ltr'><strong>e</strong></span> <span class='ocrx_word' id='word_1_120' title='bbox 1422 1586 1599 1642; x_wconf 90' lang='lat' dir='ltr'><strong>medio</strong></span> <span class='ocrx_word' id='word_1_121' title='bbox 1629 1584 1735 1638; x_wconf 91' lang='lat' dir='ltr'><strong>tol—</strong></span> 
     </span>
    </p>
   </div>
   <div class='ocr_carea' id='block_1_21' title="bbox 164 1675 1740 1760">
    <p class='ocr_par' dir='ltr' id='par_1_21' title="bbox 164 1675 1740 1760">
     <span class='ocr_line' id='line_1_21' title="bbox 164 1675 1740 1760; baseline -0.017 -4"><span class='ocrx_word' id='word_1_122' title='bbox 164 1675 305 1757; x_wconf 83' lang='lat' dir='ltr'><strong>lenda</strong></span> <span class='ocrx_word' id='word_1_123' title='bbox 331 1696 479 1752; x_wconf 88' lang='lat' dir='ltr'><strong>serio</strong></span> <span class='ocrx_word' id='word_1_124' title='bbox 509 1708 619 1748; x_wconf 91' lang='lat' dir='ltr'><strong>non</strong></span> <span class='ocrx_word' id='word_1_125' title='bbox 648 1688 903 1760; x_wconf 81' lang='lat' dir='ltr'><strong>cogitavit</strong></span> <span class='ocrx_word' id='word_1_126' title='bbox 931 1693 1057 1740; x_wconf 88' lang='lat' dir='ltr'><strong>ante</strong></span> <span class='ocrx_word' id='word_1_127' title='bbox 1093 1683 1237 1737; x_wconf 90' lang='lat' dir='ltr'><strong>hunc</strong></span> <span class='ocrx_word' id='word_1_128' title='bbox 1268 1694 1466 1735; x_wconf 90' lang='lat' dir='ltr'><strong>annum</strong></span> <span class='ocrx_word' id='word_1_129' title='bbox 1496 1675 1740 1748; x_wconf 78' lang='lat' dir='ltr'><strong>pontifex</strong></span> 
     </span>
    </p>
   </div>
   <div class='ocr_carea' id='block_1_22' title="bbox 1830 533 3106 588">
    <p class='ocr_par' dir='ltr' id='par_1_22' title="bbox 1830 533 3106 588">
     <span class='ocr_line' id='line_1_22' title="bbox 1830 533 3106 588; baseline -0.007 0"><span class='ocrx_word' id='word_1_130' title='bbox 1830 533 2072 588; x_wconf 89' lang='lat' dir='ltr'><strong>omnium</strong></span> <span class='ocrx_word' id='word_1_131' title='bbox 2099 546 2386 587; x_wconf 89' lang='lat' dir='ltr'><strong>consensu.</strong></span> <span class='ocrx_word' id='word_1_132' title='bbox 3102 574 3106 579; x_wconf 86' lang='lat'><strong>.</strong></span> 
     </span>
    </p>
   </div>
   <div class='ocr_carea' id='block_1_23' title="bbox 1903 614 3420 689">
    <p class='ocr_par' dir='ltr' id='par_1_23' title="bbox 1903 614 3420 689">
     <span class='ocr_line' id='line_1_23' title="bbox 1903 614 3420 689; baseline -0.007 -13"><span class='ocrx_word' id='word_1_133' title='bbox 1903 621 1959 677; x_wconf 88' lang='lat' dir='ltr'><strong>Si</strong></span> <span class='ocrx_word' id='word_1_134' title='bbox 1987 637 2052 676; x_wconf 84' lang='lat' dir='ltr'><strong>ex</strong></span> <span class='ocrx_word' id='word_1_135' title='bbox 2070 622 2174 675; x_wconf 89' lang='lat' dir='ltr'><strong>hoc</strong></span> <span class='ocrx_word' id='word_1_136' title='bbox 2192 618 2491 689; x_wconf 87' lang='lat' dir='ltr'><strong>signiﬁcatu</strong></span> <span class='ocrx_word' id='word_1_137' title='bbox 2509 617 2636 686; x_wconf 91' lang='lat' dir='ltr'><strong>quid</strong></span> <span class='ocrx_word' id='word_1_138' title='bbox 2661 617 2731 670; x_wconf 89' lang='lat' dir='ltr'><strong>sit</strong></span> <span class='ocrx_word' id='word_1_139' title='bbox 2746 614 3113 671; x_wconf 73' lang='lat' dir='ltr'><strong>meumenicus</strong></span> <span class='ocrx_word' id='word_1_140' title='bbox 3132 626 3420 683; x_wconf 79' lang='lat' dir='ltr'><strong>episcopus</strong></span> 
     </span>
    </p>
   </div>
   <div class='ocr_carea' id='block_1_24' title="bbox 1830 703 3420 781">
    <p class='ocr_par' dir='ltr' id='par_1_24' title="bbox 1830 703 3420 781">
     <span class='ocr_line' id='line_1_24' title="bbox 1830 703 3420 781; baseline -0.007 -14"><span class='ocrx_word' id='word_1_141' title='bbox 1830 720 1926 767; x_wconf 89' lang='lat' dir='ltr'><strong>aut</strong></span> <span class='ocrx_word' id='word_1_142' title='bbox 1941 711 2244 781; x_wconf 83' lang='lat' dir='ltr'><strong>patriarcha</strong></span> <span class='ocrx_word' id='word_1_143' title='bbox 2265 711 2676 769; x_wconf 83' lang='lat' dir='ltr'><strong>constituamus,</strong></span> <span class='ocrx_word' id='word_1_144' title='bbox 2694 707 2875 761; x_wconf 90' lang='lat' dir='ltr'><strong>statim</strong></span> <span class='ocrx_word' id='word_1_145' title='bbox 2899 705 3059 775; x_wconf 84' lang='lat' dir='ltr'><strong>quale</strong></span> <span class='ocrx_word' id='word_1_146' title='bbox 3083 704 3133 759; x_wconf 88' lang='lat' dir='ltr'><strong>in</strong></span> <span class='ocrx_word' id='word_1_147' title='bbox 3156 703 3420 772; x_wconf 86' lang='lat' dir='ltr'><strong>religione</strong></span> 
     </span>
    </p>
   </div>
   <div class='ocr_carea' id='block_1_25' title="bbox 1831 796 3420 867">
    <p class='ocr_par' dir='ltr' id='par_1_25' title="bbox 1831 796 3420 867">
     <span class='ocr_line' id='line_1_25' title="bbox 1831 796 3420 867; baseline -0.004 -11"><span class='ocrx_word' id='word_1_148' title='bbox 1831 801 2135 856; x_wconf 83' lang='lat' dir='ltr'><strong>Christiana</strong></span> <span class='ocrx_word' id='word_1_149' title='bbox 2165 809 2463 855; x_wconf 89' lang='lat' dir='ltr'><strong>monstrum</strong></span> <span class='ocrx_word' id='word_1_150' title='bbox 2493 800 2631 853; x_wconf 89' lang='lat' dir='ltr'><strong>foret</strong></span> <span class='ocrx_word' id='word_1_151' title='bbox 2660 797 2966 867; x_wconf 90' lang='lat' dir='ltr'><strong>hujusmodi</strong></span> <span class='ocrx_word' id='word_1_152' title='bbox 2997 796 3281 866; x_wconf 82' lang='lat' dir='ltr'><strong>episcOpus</strong></span> <span class='ocrx_word' id='word_1_153' title='bbox 3306 811 3420 849; x_wconf 90' lang='lat' dir='ltr'><strong>ma-</strong></span> 
     </span>
    </p>
   </div>
   <div class='ocr_carea' id='block_1_26' title="bbox 1832 884 3420 956">
    <p class='ocr_par' dir='ltr' id='par_1_26' title="bbox 1832 884 3420 956">
     <span class='ocr_line' id='line_1_26' title="bbox 1832 884 3420 956; baseline -0.005 -9"><span class='ocrx_word' id='word_1_154' title='bbox 1832 895 2085 947; x_wconf 89' lang='lat' dir='ltr'><strong>nitestum</strong></span> <span class='ocrx_word' id='word_1_155' title='bbox 2116 892 2227 946; x_wconf 87' lang='lat' dir='ltr'><strong>ﬁet.</strong></span> <span class='ocrx_word' id='word_1_156' title='bbox 2257 892 2444 945; x_wconf 83' lang='lat' dir='ltr'><strong>Nullus</strong></span> <span class='ocrx_word' id='word_1_157' title='bbox 2471 891 2613 946; x_wconf 91' lang='lat' dir='ltr'><strong>enim</strong></span> <span class='ocrx_word' id='word_1_158' title='bbox 2645 889 2963 945; x_wconf 83' lang='lat' dir='ltr'><strong>universalis</strong></span> <span class='ocrx_word' id='word_1_159' title='bbox 2992 888 3277 956; x_wconf 89' lang='lat' dir='ltr'><strong>episcopus</strong></span> <span class='ocrx_word' id='word_1_160' title='bbox 3305 884 3420 939; x_wconf 87' lang='lat' dir='ltr'><strong>ﬁeri</strong></span> 
     </span>
    </p>
   </div>
   <div class='ocr_carea' id='block_1_27' title="bbox 1832 976 3419 1056">
    <p class='ocr_par' dir='ltr' id='par_1_27' title="bbox 1832 976 3419 1056">
     <span class='ocr_line' id='line_1_27' title="bbox 1832 976 3419 1056; baseline -0.005 -19"><span class='ocrx_word' id='word_1_161' title='bbox 1832 983 2051 1056; x_wconf 88' lang='lat' dir='ltr'><strong>preprie</strong></span> <span class='ocrx_word' id='word_1_162' title='bbox 2079 990 2286 1051; x_wconf 84' lang='lat' dir='ltr'><strong>potest,</strong></span> <span class='ocrx_word' id='word_1_163' title='bbox 2329 982 2429 1036; x_wconf 90' lang='lat' dir='ltr'><strong>nisi</strong></span> <span class='ocrx_word' id='word_1_164' title='bbox 2458 980 2692 1035; x_wconf 79' lang='lat' dir='ltr'><strong>exclusis</strong></span> <span class='ocrx_word' id='word_1_165' title='bbox 2722 980 2931 1033; x_wconf 83' lang='lat' dir='ltr'><strong>caeteris</strong></span> <span class='ocrx_word' id='word_1_166' title='bbox 2971 978 3089 1032; x_wconf 92' lang='lat' dir='ltr'><strong>aliis</strong></span> <span class='ocrx_word' id='word_1_167' title='bbox 3114 976 3380 1045; x_wconf 87' lang='lat' dir='ltr'><strong>episc0pis</strong></span> <span class='ocrx_word' id='word_1_168' title='bbox 3403 1016 3419 1039; x_wconf 92' lang='lat'><strong>,</strong></span> 
     </span>
    </p>
   </div>
   <div class='ocr_carea' id='block_1_28' title="bbox 1834 1063 3424 1136">
    <p class='ocr_par' dir='ltr' id='par_1_28' title="bbox 1834 1063 3424 1136">
     <span class='ocr_line' id='line_1_28' title="bbox 1834 1063 3424 1136; baseline -0.008 -7"><span class='ocrx_word' id='word_1_169' title='bbox 1834 1074 2034 1129; x_wconf 83' lang='lat' dir='ltr'><strong>etrnim</strong></span> <span class='ocrx_word' id='word_1_170' title='bbox 2063 1073 2107 1125; x_wconf 82' lang='lat' dir='ltr'><strong>si</strong></span> <span class='ocrx_word' id='word_1_171' title='bbox 2138 1071 2304 1126; x_wconf 87' lang='lat' dir='ltr'><strong>totius</strong></span> <span class='ocrx_word' id='word_1_172' title='bbox 2336 1070 2482 1125; x_wconf 90' lang='lat' dir='ltr'><strong>orbis</strong></span> <span class='ocrx_word' id='word_1_173' title='bbox 2508 1068 2795 1124; x_wconf 84' lang='lat' dir='ltr'><strong>Christiani</strong></span> <span class='ocrx_word' id='word_1_174' title='bbox 2827 1084 2963 1122; x_wconf 89' lang='lat' dir='ltr'><strong>unus</strong></span> <span class='ocrx_word' id='word_1_175' title='bbox 2991 1067 3252 1136; x_wconf 86' lang='lat' dir='ltr'><strong>quispiam</strong></span> <span class='ocrx_word' id='word_1_176' title='bbox 3285 1063 3424 1118; x_wconf 85' lang='lat' dir='ltr'><strong>foret</strong></span> 
     </span>
    </p>
   </div>
   <div class='ocr_carea' id='block_1_29' title="bbox 1836 1155 3423 1239">
    <p class='ocr_par' dir='ltr' id='par_1_29' title="bbox 1836 1155 3423 1239">
     <span class='ocr_line' id='line_1_29' title="bbox 1836 1155 3423 1239; baseline -0.008 -21"><span class='ocrx_word' id='word_1_177' title='bbox 1836 1165 2140 1239; x_wconf 76' lang='lat' dir='ltr'><strong>episcopus,</strong></span> <span class='ocrx_word' id='word_1_178' title='bbox 2171 1161 2258 1215; x_wconf 89' lang='lat' dir='ltr'><strong>etti</strong></span> <span class='ocrx_word' id='word_1_179' title='bbox 2289 1159 2444 1213; x_wconf 87' lang='lat' dir='ltr'><strong>alteri</strong></span> <span class='ocrx_word' id='word_1_180' title='bbox 2476 1158 2626 1212; x_wconf 89' lang='lat' dir='ltr'><strong>locus</strong></span> <span class='ocrx_word' id='word_1_181' title='bbox 2650 1157 3076 1225; x_wconf 86' lang='lat' dir='ltr'><strong>relinqueretur?</strong></span> <span class='ocrx_word' id='word_1_182' title='bbox 3100 1155 3156 1208; x_wconf 94' lang='lat' dir='ltr'><strong>ld</strong></span> <span class='ocrx_word' id='word_1_183' title='bbox 3185 1170 3313 1208; x_wconf 88' lang='lat' dir='ltr'><strong>vero</strong></span> <span class='ocrx_word' id='word_1_184' title='bbox 3336 1169 3423 1207; x_wconf 87' lang='lat' dir='ltr'><strong>sa-</strong></span> 
     </span>
    </p>
   </div>
   <div class='ocr_carea' id='block_1_30' title="bbox 1836 1246 3424 1323">
    <p class='ocr_par' dir='ltr' id='par_1_30' title="bbox 1836 1246 3424 1323">
     <span class='ocr_line' id='line_1_30' title="bbox 1836 1246 3424 1323; baseline -0.008 -13"><span class='ocrx_word' id='word_1_185' title='bbox 1836 1270 1943 1310; x_wconf 78' lang='lat' dir='ltr'><strong>cra:</strong></span> <span class='ocrx_word' id='word_1_186' title='bbox 1967 1254 2257 1323; x_wconf 72' lang='lat' dir='ltr'><strong>Scriptura:</strong></span> <span class='ocrx_word' id='word_1_187' title='bbox 2285 1250 2485 1305; x_wconf 87' lang='lat' dir='ltr'><strong>diserte</strong></span> <span class='ocrx_word' id='word_1_188' title='bbox 2532 1249 2867 1309; x_wconf 84' lang='lat' dir='ltr'><strong>adversatur,</strong></span> <span class='ocrx_word' id='word_1_189' title='bbox 2896 1262 3015 1314; x_wconf 80' lang='lat' dir='ltr'><strong>qua:</strong></span> <span class='ocrx_word' id='word_1_190' title='bbox 3045 1262 3150 1299; x_wconf 89' lang='lat' dir='ltr'><strong>non</strong></span> <span class='ocrx_word' id='word_1_191' title='bbox 3196 1246 3424 1300; x_wconf 90' lang='lat' dir='ltr'><strong>obscure</strong></span> 
     </span>
    </p>
   </div>
   <div class='ocr_carea' id='block_1_31' title="bbox 1837 1328 3424 1414">
    <p class='ocr_par' dir='ltr' id='par_1_31' title="bbox 1837 1328 3424 1414">
     <span class='ocr_line' id='line_1_31' title="bbox 1837 1328 3424 1414; baseline -0.01 -12"><span class='ocrx_word' id='word_1_192' title='bbox 1837 1361 1937 1402; x_wconf 89' lang='lat' dir='ltr'><strong>nos</strong></span> <span class='ocrx_word' id='word_1_193' title='bbox 1965 1346 2125 1400; x_wconf 85' lang='lat' dir='ltr'><strong>ducet</strong></span> <span class='ocrx_word' id='word_1_194' title='bbox 2152 1343 2411 1412; x_wconf 82' lang='lat' dir='ltr'><strong>Spiritum</strong></span> <span class='ocrx_word' id='word_1_195' title='bbox 2440 1328 2702 1414; x_wconf 52' lang='lat' dir='ltr'><strong>sanctum~</strong></span> <span class='ocrx_word' id='word_1_196' title='bbox 2720 1337 2963 1409; x_wconf 73' lang='lat' dir='ltr'><strong>posuisse</strong></span> <span class='ocrx_word' id='word_1_197' title='bbox 2988 1352 3093 1388; x_wconf 91' lang='lat' dir='ltr'><strong>non</strong></span> <span class='ocrx_word' id='word_1_198' title='bbox 3122 1350 3305 1398; x_wconf 87' lang='lat' dir='ltr'><strong>unum,</strong></span> <span class='ocrx_word' id='word_1_199' title='bbox 3328 1334 3424 1388; x_wconf 90' lang='lat' dir='ltr'><strong>sed</strong></span> 
     </span>
    </p>
   </div>
   <div class='ocr_carea' id='block_1_32' title="bbox 1838 1423 3424 1509">
    <p class='ocr_par' dir='ltr' id='par_1_32' title="bbox 1838 1423 3424 1509">
     <span class='ocr_line' id='line_1_32' title="bbox 1838 1423 3424 1509; baseline -0.009 -17"><span class='ocrx_word' id='word_1_200' title='bbox 1838 1439 2018 1509; x_wconf 87' lang='lat' dir='ltr'><strong>plures</strong></span> <span class='ocrx_word' id='word_1_201' title='bbox 2062 1436 2346 1506; x_wconf 89' lang='lat' dir='ltr'><strong>episcopos</strong></span> <span class='ocrx_word' id='word_1_202' title='bbox 2391 1446 2580 1501; x_wconf 84' lang='lat' dir='ltr'><strong>regere</strong></span> <span class='ocrx_word' id='word_1_203' title='bbox 2618 1428 2912 1485; x_wconf 89' lang='lat' dir='ltr'><strong>Ecclesiam</strong></span> <span class='ocrx_word' id='word_1_204' title='bbox 2962 1425 3075 1487; x_wconf 12' lang='lat' dir='ltr'><strong>Dei,</strong></span> <span class='ocrx_word' id='word_1_205' title='bbox 3114 1424 3261 1495; x_wconf 81' lang='lat' dir='ltr'><strong>(Act.</strong></span> <span class='ocrx_word' id='word_1_206' title='bbox 3298 1423 3424 1492; x_wconf 81' lang='lat' dir='ltr'><strong>xx).</strong></span> 
     </span>
    </p>
   </div>
   <div class='ocr_carea' id='block_1_33' title="bbox 1840 1513 3427 1599">
    <p class='ocr_par' dir='ltr' id='par_1_33' title="bbox 1840 1513 3427 1599">
     <span class='ocr_line' id='line_1_33' title="bbox 1840 1513 3427 1599; baseline -0.013 -12"><span class='ocrx_word' id='word_1_207' title='bbox 1840 1530 1989 1586; x_wconf 92' lang='lat' dir='ltr'><strong>Unus</strong></span> <span class='ocrx_word' id='word_1_208' title='bbox 2011 1529 2227 1599; x_wconf 89' lang='lat' dir='ltr'><strong>quidem</strong></span> <span class='ocrx_word' id='word_1_209' title='bbox 2249 1534 2331 1582; x_wconf 91' lang='lat' dir='ltr'><strong>est</strong></span> <span class='ocrx_word' id='word_1_210' title='bbox 2350 1540 2481 1594; x_wconf 88' lang='lat' dir='ltr'><strong>grex</strong></span> <span class='ocrx_word' id='word_1_211' title='bbox 2505 1522 2727 1590; x_wconf 88' lang='lat' dir='ltr'><strong>Christi,</strong></span> <span class='ocrx_word' id='word_1_212' title='bbox 2744 1519 2839 1576; x_wconf 89' lang='lat' dir='ltr'><strong>sed</strong></span> <span class='ocrx_word' id='word_1_213' title='bbox 2862 1519 3041 1588; x_wconf 90' lang='lat' dir='ltr'><strong>plures</strong></span> <span class='ocrx_word' id='word_1_214' title='bbox 3063 1515 3241 1584; x_wconf 81' lang='lat' dir='ltr'><strong>gregis</strong></span> <span class='ocrx_word' id='word_1_215' title='bbox 3267 1513 3427 1581; x_wconf 87' lang='lat' dir='ltr'><strong>hujus</strong></span> 
     </span>
    </p>
   </div>
   <div class='ocr_carea' id='block_1_34' title="bbox 1839 1605 3427 1693">
    <p class='ocr_par' dir='ltr' id='par_1_34' title="bbox 1839 1605 3427 1693">
     <span class='ocr_line' id='line_1_34' title="bbox 1839 1605 3427 1693; baseline -0.011 -17"><span class='ocrx_word' id='word_1_216' title='bbox 1839 1630 2087 1693; x_wconf 86' lang='lat' dir='ltr'><strong>pastores</strong></span> <span class='ocrx_word' id='word_1_217' title='bbox 2127 1628 2273 1685; x_wconf 90' lang='lat' dir='ltr'><strong>sunt,</strong></span> <span class='ocrx_word' id='word_1_218' title='bbox 2295 1617 2385 1686; x_wconf 91' lang='lat' dir='ltr'><strong>qui</strong></span> <span class='ocrx_word' id='word_1_219' title='bbox 2414 1614 2607 1683; x_wconf 77' lang='lat' dir='ltr'><strong>singuli</strong></span> <span class='ocrx_word' id='word_1_220' title='bbox 2638 1627 2799 1667; x_wconf 89' lang='lat' dir='ltr'><strong>unam</strong></span> <span class='ocrx_word' id='word_1_221' title='bbox 2828 1610 2985 1679; x_wconf 89' lang='lat' dir='ltr'><strong>hujus</strong></span> <span class='ocrx_word' id='word_1_222' title='bbox 3009 1608 3183 1677; x_wconf 82' lang='lat' dir='ltr'><strong>gregis</strong></span> <span class='ocrx_word' id='word_1_223' title='bbox 3221 1605 3427 1677; x_wconf 87' lang='lat' dir='ltr'><strong>portio-</strong></span> 
     </span>
    </p>
   </div>
   <div class='ocr_carea' id='block_1_35' title="bbox 1845 1703 3123 1781">
    <p class='ocr_par' dir='ltr' id='par_1_35' title="bbox 1845 1703 3123 1781">
     <span class='ocr_line' id='line_1_35' title="bbox 1845 1703 3123 1781; baseline -0.012 -15"><span class='ocrx_word' id='word_1_224' title='bbox 1845 1726 1967 1765; x_wconf 88' lang='lat' dir='ltr'><strong>nem</strong></span> <span class='ocrx_word' id='word_1_225' title='bbox 1994 1706 2321 1781; x_wconf 89' lang='lat' dir='ltr'><strong>pascendam</strong></span> <span class='ocrx_word' id='word_1_226' title='bbox 2351 1715 2406 1761; x_wconf 91' lang='lat' dir='ltr'><strong>et</strong></span> <span class='ocrx_word' id='word_1_227' title='bbox 2432 1703 2720 1772; x_wconf 73' lang='lat' dir='ltr'><strong>regendam</strong></span> <span class='ocrx_word' id='word_1_228' title='bbox 2750 1707 3123 1769; x_wconf 83' lang='lat' dir='ltr'><strong>susceperunt.</strong></span> 
     </span>
    </p>
   </div>
   <div class='ocr_carea' id='block_1_36' title="bbox 167 1766 3428 1862">
    <p class='ocr_par' dir='ltr' id='par_1_36' title="bbox 167 1766 3428 1862">
     <span class='ocr_line' id='line_1_36' title="bbox 167 1766 3428 1862; baseline -0.017 -15"><span class='ocrx_word' id='word_1_229' title='bbox 167 1787 625 1862; x_wconf 83' lang='lat' dir='ltr'><strong>prudentissimus,</strong></span> <span class='ocrx_word' id='word_1_230' title='bbox 654 1781 747 1853; x_wconf 90' lang='lat' dir='ltr'><strong>qui</strong></span> <span class='ocrx_word' id='word_1_231' title='bbox 775 1778 909 1835; x_wconf 89' lang='lat' dir='ltr'><strong>nihil</strong></span> <span class='ocrx_word' id='word_1_232' title='bbox 954 1776 1056 1831; x_wconf 90' lang='lat' dir='ltr'><strong>nisi</strong></span> <span class='ocrx_word' id='word_1_233' title='bbox 1105 1781 1318 1829; x_wconf 87' lang='lat' dir='ltr'><strong>maturo</strong></span> <span class='ocrx_word' id='word_1_234' title='bbox 1361 1784 1484 1859; x_wconf 79' lang='lat' dir='ltr'><strong>cum</strong></span> <span class='ocrx_word' id='word_1_235' title='bbox 1513 1766 1739 1823; x_wconf 87' lang='lat' dir='ltr'><strong>consilio</strong></span> <span class='ocrx_word' id='word_1_236' title='bbox 1771 1780 1818 1840; x_wconf 79' lang='grc' dir='ltr'><strong>Β</strong></span> <span class='ocrx_word' id='word_1_237' title='bbox 1916 1798 1968 1854; x_wconf 48' lang='grc'><strong>5.</strong></span> <span class='ocrx_word' id='word_1_238' title='bbox 1996 1766 2124 1854; x_wconf 69' lang='lat' dir='ltr'><strong>&#39;Non</strong></span> <span class='ocrx_word' id='word_1_239' title='bbox 2170 1795 2381 1852; x_wconf 53' lang='lat' dir='ltr'><strong>inﬁci“</strong></span> <span class='ocrx_word' id='word_1_240' title='bbox 2426 1766 2606 1862; x_wconf 43' lang='lat' dir='ltr'><strong>aliam)</strong></span> <span class='ocrx_word' id='word_1_241' title='bbox 2648 1806 2809 1847; x_wconf 64' lang='lat' dir='ltr'><strong>sensu</strong></span> <span class='ocrx_word' id='word_1_242' title='bbox 2856 1766 2958 1844; x_wconf 66' lang='lat' dir='ltr'><strong>ne&#39;c</strong></span> <span class='ocrx_word' id='word_1_243' title='bbox 2999 1804 3028 1841; x_wconf 45' lang='grc' dir='ltr'><strong>ἢ</strong></span> <span class='ocrx_word' id='word_1_244' title='bbox 3078 1785 3196 1841; x_wconf 64' lang='lat' dir='ltr'><strong>ﬁdei</strong></span> <span class='ocrx_word' id='word_1_245' title='bbox 3242 1785 3428 1854; x_wconf 49' lang='lat' dir='ltr'><strong>“gula</strong></span> 
     </span>
    </p>
   </div>
   <div class='ocr_carea' id='block_1_37' title="bbox 168 1876 635 1950">
    <p class='ocr_par' dir='ltr' id='par_1_37' title="bbox 168 1876 635 1950">
     <span class='ocr_line' id='line_1_37' title="bbox 168 1876 635 1950; baseline -0.019 -14"><span class='ocrx_word' id='word_1_246' title='bbox 168 1878 366 1950; x_wconf 84' lang='lat' dir='ltr'><strong>aggredi</strong></span> <span class='ocrx_word' id='word_1_247' title='bbox 396 1876 635 1931; x_wconf 91' lang='lat' dir='ltr'><strong>solebat.</strong></span> 
     </span>
    </p>
   </div>
   <div class='ocr_carea' id='block_1_38' title="bbox 221 1968 1738 2060">
    <p class='ocr_par' dir='ltr' id='par_1_38' title="bbox 221 1968 1738 2060">
     <span class='ocr_line' id='line_1_38' title="bbox 221 1968 1738 2060; baseline -0.019 -11"><span class='ocrx_word' id='word_1_248' title='bbox 221 1993 273 2048; x_wconf 75' lang='lat'><strong>2.</strong></span> <span class='ocrx_word' id='word_1_249' title='bbox 313 1990 468 2058; x_wconf 91' lang='lat' dir='ltr'><strong>Quod</strong></span> <span class='ocrx_word' id='word_1_250' title='bbox 518 1992 732 2060; x_wconf 90' lang='lat' dir='ltr'><strong>spectat</strong></span> <span class='ocrx_word' id='word_1_251' title='bbox 770 1982 838 2038; x_wconf 92' lang='lat' dir='ltr'><strong>ad</strong></span> <span class='ocrx_word' id='word_1_252' title='bbox 890 1981 1064 2051; x_wconf 89' lang='lat' dir='ltr'><strong>ipsum</strong></span> <span class='ocrx_word' id='word_1_253' title='bbox 1108 1970 1437 2033; x_wconf 72' lang='lat' dir='ltr'><strong>meumenici</strong></span> <span class='ocrx_word' id='word_1_254' title='bbox 1490 1968 1738 2033; x_wconf 87' lang='lat' dir='ltr'><strong>titulum,</strong></span> 
     </span>
    </p>
   </div>
   <div class='ocr_carea' id='block_1_39' title="bbox 169 2060 1745 2143">
    <p class='ocr_par' dir='ltr' id='par_1_39' title="bbox 169 2060 1745 2143">
     <span class='ocr_line' id='line_1_39' title="bbox 169 2060 1745 2143; baseline -0.018 -1"><span class='ocrx_word' id='word_1_255' title='bbox 169 2092 522 2143; x_wconf 68' lang='lat' dir='ltr'><strong>constateum</strong></span> <span class='ocrx_word' id='word_1_256' title='bbox 551 2078 779 2136; x_wconf 90' lang='lat' dir='ltr'><strong>concilia</strong></span> <span class='ocrx_word' id='word_1_257' title='bbox 825 2072 1095 2141; x_wconf 80' lang='lat' dir='ltr'><strong>generalia</strong></span> <span class='ocrx_word' id='word_1_258' title='bbox 1124 2069 1224 2124; x_wconf 92' lang='lat' dir='ltr'><strong>sibi</strong></span> <span class='ocrx_word' id='word_1_259' title='bbox 1261 2068 1421 2134; x_wconf 91' lang='lat' dir='ltr'><strong>longe</strong></span> <span class='ocrx_word' id='word_1_260' title='bbox 1446 2074 1605 2118; x_wconf 86' lang='lat' dir='ltr'><strong>antea</strong></span> <span class='ocrx_word' id='word_1_261' title='bbox 1638 2060 1745 2115; x_wconf 86' lang='lat' dir='ltr'><strong>tri-</strong></span> 
     </span>
    </p>
   </div>
   <div class='ocr_carea' id='block_1_40' title="bbox 169 2150 1743 2242">
    <p class='ocr_par' dir='ltr' id='par_1_40' title="bbox 169 2150 1743 2242">
     <span class='ocr_line' id='line_1_40' title="bbox 169 2150 1743 2242; baseline -0.019 -10"><span class='ocrx_word' id='word_1_262' title='bbox 169 2176 346 2232; x_wconf 81' lang='lat' dir='ltr'><strong>buisse.</strong></span> <span class='ocrx_word' id='word_1_263' title='bbox 372 2172 519 2233; x_wconf 60' lang='lat' dir='ltr'><strong>knte</strong></span> <span class='ocrx_word' id='word_1_264' title='bbox 545 2168 809 2242; x_wconf 75' lang='lat' dir='ltr'><strong>synodum</strong></span> <span class='ocrx_word' id='word_1_265' title='bbox 833 2172 1010 2218; x_wconf 85' lang='lat' dir='ltr'><strong>tamen</strong></span> <span class='ocrx_word' id='word_1_266' title='bbox 1028 2157 1520 2221; x_wconf 89' lang='lat' dir='ltr'><strong>Chalcedonensem</strong></span> <span class='ocrx_word' id='word_1_267' title='bbox 1545 2150 1743 2206; x_wconf 90' lang='lat' dir='ltr'><strong>nullam</strong></span> 
     </span>
    </p>
   </div>
   <div class='ocr_carea' id='block_1_41' title="bbox 170 2241 1744 2320">
    <p class='ocr_par' dir='ltr' id='par_1_41' title="bbox 170 2241 1744 2320">
     <span class='ocr_line' id='line_1_41' title="bbox 170 2241 1744 2320; baseline -0.019 0"><span class='ocrx_word' id='word_1_268' title='bbox 170 2266 310 2320; x_wconf 85' lang='lat' dir='ltr'><strong>aliam</strong></span> <span class='ocrx_word' id='word_1_269' title='bbox 356 2263 469 2317; x_wconf 89' lang='lat' dir='ltr'><strong>hoc</strong></span> <span class='ocrx_word' id='word_1_270' title='bbox 504 2241 663 2314; x_wconf 89' lang='lat' dir='ltr'><strong>titulo</strong></span> <span class='ocrx_word' id='word_1_271' title='bbox 712 2256 966 2311; x_wconf 86' lang='lat' dir='ltr'><strong>donatam</strong></span> <span class='ocrx_word' id='word_1_272' title='bbox 1014 2249 1178 2303; x_wconf 89' lang='lat' dir='ltr'><strong>fuisse</strong></span> <span class='ocrx_word' id='word_1_273' title='bbox 1216 2245 1380 2301; x_wconf 89' lang='lat' dir='ltr'><strong>tradit</strong></span> <span class='ocrx_word' id='word_1_274' title='bbox 1410 2242 1470 2298; x_wconf 84' lang='lat' dir='ltr'><strong>P.</strong></span> <span class='ocrx_word' id='word_1_275' title='bbox 1503 2241 1744 2296; x_wconf 87' lang='lat' dir='ltr'><strong>Gussan—</strong></span> 
     </span>
    </p>
   </div>
   <div class='ocr_carea' id='block_1_42' title="bbox 169 2329 1747 2425">
    <p class='ocr_par' dir='ltr' id='par_1_42' title="bbox 169 2329 1747 2425">
     <span class='ocr_line' id='line_1_42' title="bbox 169 2329 1747 2425; baseline -0.016 -14"><span class='ocrx_word' id='word_1_276' title='bbox 169 2357 351 2412; x_wconf 72' lang='lat' dir='ltr'><strong>villmus</strong></span> <span class='ocrx_word' id='word_1_277' title='bbox 374 2352 471 2425; x_wconf 83' lang='lat' dir='ltr'><strong>(In</strong></span> <span class='ocrx_word' id='word_1_278' title='bbox 494 2351 631 2405; x_wconf 86' lang='lat' dir='ltr'><strong>notis</strong></span> <span class='ocrx_word' id='word_1_279' title='bbox 652 2347 720 2401; x_wconf 87' lang='lat' dir='ltr'><strong>ad</strong></span> <span class='ocrx_word' id='word_1_280' title='bbox 741 2364 820 2416; x_wconf 85' lang='lat' dir='ltr'><strong>ep.</strong></span> <span class='ocrx_word' id='word_1_281' title='bbox 841 2343 912 2398; x_wconf 74' lang='lat'><strong>5‘2</strong></span> <span class='ocrx_word' id='word_1_282' title='bbox 935 2340 1027 2397; x_wconf 87' lang='lat' dir='ltr'><strong>lib.</strong></span> <span class='ocrx_word' id='word_1_283' title='bbox 1051 2344 1148 2410; x_wconf 87' lang='lat' dir='ltr'><strong>tv),</strong></span> <span class='ocrx_word' id='word_1_284' title='bbox 1167 2348 1223 2393; x_wconf 88' lang='lat' dir='ltr'><strong>et</strong></span> <span class='ocrx_word' id='word_1_285' title='bbox 1243 2337 1451 2406; x_wconf 85' lang='lat' dir='ltr'><strong>legatos</strong></span> <span class='ocrx_word' id='word_1_286' title='bbox 1466 2332 1525 2388; x_wconf 90' lang='lat' dir='ltr'><strong>S.</strong></span> <span class='ocrx_word' id='word_1_287' title='bbox 1550 2329 1747 2386; x_wconf 86' lang='lat' dir='ltr'><strong>Leonis</strong></span> 
     </span>
    </p>
   </div>
   <div class='ocr_carea' id='block_1_43' title="bbox 170 2422 1745 2520">
    <p class='ocr_par' dir='ltr' id='par_1_43' title="bbox 170 2422 1745 2520">
     <span class='ocr_line' id='line_1_43' title="bbox 170 2422 1745 2520; baseline -0.018 -18"><span class='ocrx_word' id='word_1_288' title='bbox 170 2462 303 2520; x_wconf 74' lang='lat' dir='ltr'><strong>papae</strong></span> <span class='ocrx_word' id='word_1_289' title='bbox 333 2446 499 2513; x_wconf 88' lang='lat' dir='ltr'><strong>hujus</strong></span> <span class='ocrx_word' id='word_1_290' title='bbox 537 2455 659 2497; x_wconf 88' lang='lat' dir='ltr'><strong>esse</strong></span> <span class='ocrx_word' id='word_1_291' title='bbox 697 2436 930 2493; x_wconf 88' lang='lat' dir='ltr'><strong>nominis</strong></span> <span class='ocrx_word' id='word_1_292' title='bbox 958 2440 1225 2487; x_wconf 87' lang='lat' dir='ltr'><strong>auctores.</strong></span> <span class='ocrx_word' id='word_1_293' title='bbox 1260 2428 1331 2481; x_wconf 87' lang='lat' dir='ltr'><strong>At</strong></span> <span class='ocrx_word' id='word_1_294' title='bbox 1373 2427 1487 2480; x_wconf 57' lang='lat' dir='ltr'><strong>hinc</strong></span> <span class='ocrx_word' id='word_1_295' title='bbox 1531 2422 1633 2492; x_wconf 87' lang='lat' dir='ltr'><strong>ipsi</strong></span> <span class='ocrx_word' id='word_1_296' title='bbox 1665 2422 1745 2475; x_wconf 90' lang='lat' dir='ltr'><strong>in-</strong></span> 
     </span>
    </p>
   </div>
   <div class='ocr_carea' id='block_1_44' title="bbox 140 2510 1746 2603">
    <p class='ocr_par' dir='ltr' id='par_1_44' title="bbox 140 2510 1746 2603">
     <span class='ocr_line' id='line_1_44' title="bbox 140 2510 1746 2603; baseline -0.017 -9"><span class='ocrx_word' id='word_1_297' title='bbox 140 2510 313 2595; x_wconf 64' lang='lat' dir='ltr'><strong>cauto</strong></span> <span class='ocrx_word' id='word_1_298' title='bbox 341 2510 604 2603; x_wconf 77' lang='lat' dir='ltr'><strong>aliudque</strong></span> <span class='ocrx_word' id='word_1_299' title='bbox 631 2528 812 2601; x_wconf 86' lang='lat' dir='ltr'><strong>agenti</strong></span> <span class='ocrx_word' id='word_1_300' title='bbox 860 2523 1125 2581; x_wconf 79' lang='lat' dir='ltr'><strong>excidisse</strong></span> <span class='ocrx_word' id='word_1_301' title='bbox 1175 2518 1461 2585; x_wconf 84' lang='lat' dir='ltr'><strong>fatebitur,</strong></span> <span class='ocrx_word' id='word_1_302' title='bbox 1506 2510 1746 2585; x_wconf 84' lang='lat' dir='ltr'><strong>quisquis</strong></span> 
     </span>
    </p>
   </div>
   <div class='ocr_carea' id='block_1_45' title="bbox 170 2608 1744 2699">
    <p class='ocr_par' dir='ltr' id='par_1_45' title="bbox 170 2608 1744 2699">
     <span class='ocr_line' id='line_1_45' title="bbox 170 2608 1744 2699; baseline -0.016 -15"><span class='ocrx_word' id='word_1_303' title='bbox 170 2628 484 2699; x_wconf 77' lang='lat' dir='ltr'><strong>Ephesinum</strong></span> <span class='ocrx_word' id='word_1_304' title='bbox 508 2621 795 2678; x_wconf 47' lang='lat' dir='ltr'><strong>concilium</strong></span> <span class='ocrx_word' id='word_1_305' title='bbox 813 2624 1020 2673; x_wconf 87' lang='lat' dir='ltr'><strong>attente</strong></span> <span class='ocrx_word' id='word_1_306' title='bbox 1046 2611 1239 2681; x_wconf 89' lang='lat' dir='ltr'><strong>legerit</strong></span> <span class='ocrx_word' id='word_1_307' title='bbox 1263 2628 1275 2663; x_wconf 88' lang='lat'><strong>:</strong></span> <span class='ocrx_word' id='word_1_308' title='bbox 1309 2608 1507 2664; x_wconf 86' lang='lat' dir='ltr'><strong>etenim</strong></span> <span class='ocrx_word' id='word_1_309' title='bbox 1530 2612 1670 2676; x_wconf 70' lang='lat' dir='ltr'><strong>part.</strong></span> <span class='ocrx_word' id='word_1_310' title='bbox 1687 2621 1744 2670; x_wconf 86' lang='lat' dir='ltr'><strong>ll,</strong></span> 
     </span>
    </p>
   </div>
   <div class='ocr_carea' id='block_1_46' title="bbox 169 2702 1748 2779">
    <p class='ocr_par' dir='ltr' id='par_1_46' title="bbox 169 2702 1748 2779">
     <span class='ocr_line' id='line_1_46' title="bbox 169 2702 1748 2779; baseline -0.017 -4"><span class='ocrx_word' id='word_1_311' title='bbox 169 2720 363 2777; x_wconf 87' lang='lat' dir='ltr'><strong>actione</strong></span> <span class='ocrx_word' id='word_1_312' title='bbox 389 2713 697 2779; x_wconf 78' lang='lat' dir='ltr'><strong>5,0ccurrit</strong></span> <span class='ocrx_word' id='word_1_313' title='bbox 723 2728 736 2763; x_wconf 91' lang='lat'><strong>:</strong></span> <span class='ocrx_word' id='word_1_314' title='bbox 771 2707 1080 2778; x_wconf 74' lang='lat' dir='ltr'><strong>Exemplum</strong></span> <span class='ocrx_word' id='word_1_315' title='bbox 1110 2702 1381 2773; x_wconf 78' lang='lat' dir='ltr'><strong>Epistolw,</strong></span> <span class='ocrx_word' id='word_1_316' title='bbox 1410 2706 1541 2763; x_wconf 91' lang='lat' dir='ltr'><strong>etc.,</strong></span> <span class='ocrx_word' id='word_1_317' title='bbox 1567 2704 1748 2752; x_wconf 84' lang='lat' dir='ltr'><strong>sancta</strong></span> 
     </span>
    </p>
   </div>
   <div class='ocr_carea' id='block_1_47' title="bbox 170 2785 1748 2881">
    <p class='ocr_par' dir='ltr' id='par_1_47' title="bbox 170 2785 1748 2881">
     <span class='ocr_line' id='line_1_47' title="bbox 170 2785 1748 2881; baseline -0.017 -15"><span class='ocrx_word' id='word_1_318' title='bbox 170 2823 209 2866; x_wconf 83' lang='lat' dir='ltr'><strong>et</strong></span> <span class='ocrx_word' id='word_1_319' title='bbox 234 2826 425 2881; x_wconf 82' lang='lat' dir='ltr'><strong>magna</strong></span> <span class='ocrx_word' id='word_1_320' title='bbox 478 2816 528 2860; x_wconf 90' lang='lat' dir='ltr'><strong>et</strong></span> <span class='ocrx_word' id='word_1_321' title='bbox 573 2802 886 2859; x_wconf 80' lang='lat' dir='ltr'><strong>cecumenica</strong></span> <span class='ocrx_word' id='word_1_322' title='bbox 940 2794 1187 2867; x_wconf 78' lang='lat' dir='ltr'><strong>synodus.</strong></span> <span class='ocrx_word' id='word_1_323' title='bbox 1221 2791 1339 2846; x_wconf 82' lang='lat' dir='ltr'><strong>Act.</strong></span> <span class='ocrx_word' id='word_1_324' title='bbox 1377 2788 1412 2841; x_wconf 77' lang='grc'>4</span> <span class='ocrx_word' id='word_1_325' title='bbox 1440 2789 1491 2842; x_wconf 90' lang='lat' dir='ltr'><strong>in</strong></span> <span class='ocrx_word' id='word_1_326' title='bbox 1520 2785 1748 2856; x_wconf 88' lang='lat' dir='ltr'><strong>epistola</strong></span> 
     </span>
    </p>
   </div>
   <div class='ocr_carea' id='block_1_48' title="bbox 171 2877 1746 2973">
    <p class='ocr_par' dir='ltr' id='par_1_48' title="bbox 171 2877 1746 2973">
     <span class='ocr_line' id='line_1_48' title="bbox 171 2877 1746 2973; baseline -0.021 -16"><span class='ocrx_word' id='word_1_327' title='bbox 171 2877 335 2973; x_wconf 81' lang='lat' dir='ltr'><strong>Cyrilli</strong></span> <span class='ocrx_word' id='word_1_328' title='bbox 362 2907 423 2954; x_wconf 86' lang='lat' dir='ltr'><strong>et</strong></span> <span class='ocrx_word' id='word_1_329' title='bbox 450 2892 752 2952; x_wconf 78' lang='lat' dir='ltr'><strong>Memnonis</strong></span> <span class='ocrx_word' id='word_1_330' title='bbox 779 2889 844 2944; x_wconf 88' lang='lat' dir='ltr'><strong>ad</strong></span> <span class='ocrx_word' id='word_1_331' title='bbox 870 2885 1134 2959; x_wconf 87' lang='lat' dir='ltr'><strong>synodum</strong></span> <span class='ocrx_word' id='word_1_332' title='bbox 1159 2900 1173 2935; x_wconf 86' lang='lat'><strong>:</strong></span> <span class='ocrx_word' id='word_1_333' title='bbox 1207 2880 1403 2936; x_wconf 83' lang='lat' dir='ltr'><strong>Contra</strong></span> <span class='ocrx_word' id='word_1_334' title='bbox 1428 2877 1578 2947; x_wconf 82' lang='lat' dir='ltr'><strong>hujus</strong></span> <span class='ocrx_word' id='word_1_335' title='bbox 1607 2890 1746 2929; x_wconf 78' lang='lat' dir='ltr'><strong>recu-</strong></span> 
     </span>
    </p>
   </div>
   <div class='ocr_carea' id='block_1_49' title="bbox 172 2964 1748 3058">
    <p class='ocr_par' dir='ltr' id='par_1_49' title="bbox 172 2964 1748 3058">
     <span class='ocr_line' id='line_1_49' title="bbox 172 2964 1748 3058; baseline -0.018 -13"><span class='ocrx_word' id='word_1_336' title='bbox 172 2964 364 3045; x_wconf 66' lang='lat' dir='ltr'><strong>menicre</strong></span> <span class='ocrx_word' id='word_1_337' title='bbox 392 2986 587 3058; x_wconf 82' lang='lat' dir='ltr'><strong>synodi</strong></span> <span class='ocrx_word' id='word_1_338' title='bbox 617 2979 883 3054; x_wconf 74' lang='lat' dir='ltr'><strong>prwsides.</strong></span> <span class='ocrx_word' id='word_1_339' title='bbox 917 2976 975 3030; x_wconf 89' lang='lat' dir='ltr'><strong>In</strong></span> <span class='ocrx_word' id='word_1_340' title='bbox 1002 2973 1265 3029; x_wconf 89' lang='lat' dir='ltr'><strong>relatione</strong></span> <span class='ocrx_word' id='word_1_341' title='bbox 1294 2968 1483 3041; x_wconf 82' lang='lat' dir='ltr'><strong>synodi</strong></span> <span class='ocrx_word' id='word_1_342' title='bbox 1512 2984 1525 3020; x_wconf 89' lang='lat'><strong>:</strong></span> <span class='ocrx_word' id='word_1_343' title='bbox 1562 2964 1748 3019; x_wconf 85' lang='lat' dir='ltr'><strong>Piissi—</strong></span> 
     </span>
    </p>
   </div>
   <div class='ocr_carea' id='block_1_50' title="bbox 172 3065 1747 3141">
    <p class='ocr_par' dir='ltr' id='par_1_50' title="bbox 172 3065 1747 3141">
     <span class='ocr_line' id='line_1_50' title="bbox 172 3065 1747 3141; baseline -0.018 -6"><span class='ocrx_word' id='word_1_344' title='bbox 172 3084 252 3134; x_wconf 85' lang='lat' dir='ltr'><strong>mis</strong></span> <span class='ocrx_word' id='word_1_345' title='bbox 274 3074 834 3141; x_wconf 83' lang='lat' dir='ltr'><strong>Christianissimisque</strong></span> <span class='ocrx_word' id='word_1_346' title='bbox 860 3065 1170 3127; x_wconf 82' lang='lat' dir='ltr'><strong>Theodosio,</strong></span> <span class='ocrx_word' id='word_1_347' title='bbox 1197 3069 1325 3127; x_wconf 88' lang='lat' dir='ltr'><strong>etc.,</strong></span> <span class='ocrx_word' id='word_1_348' title='bbox 1349 3076 1499 3113; x_wconf 84' lang='lat' dir='ltr'><strong>sacra</strong></span> <span class='ocrx_word' id='word_1_349' title='bbox 1528 3071 1747 3111; x_wconf 67' lang='grc' dir='ltr'><strong>σει-ωηε-</strong></span> 
     </span>
    </p>
   </div>
   <div class='ocr_carea' id='block_1_51' title="bbox 172 3147 1821 3240">
    <p class='ocr_par' dir='ltr' id='par_1_51' title="bbox 172 3147 1821 3240">
     <span class='ocr_line' id='line_1_51' title="bbox 172 3147 1821 3240; baseline -0.016 -16"><span class='ocrx_word' id='word_1_350' title='bbox 172 3173 273 3224; x_wconf 81' lang='lat' dir='ltr'><strong>nica</strong></span> <span class='ocrx_word' id='word_1_351' title='bbox 292 3167 543 3240; x_wconf 78' lang='lat' dir='ltr'><strong>synodus.</strong></span> <span class='ocrx_word' id='word_1_352' title='bbox 562 3164 620 3218; x_wconf 92' lang='lat' dir='ltr'><strong>ln</strong></span> <span class='ocrx_word' id='word_1_353' title='bbox 641 3160 902 3217; x_wconf 87' lang='lat' dir='ltr'><strong>relatione</strong></span> <span class='ocrx_word' id='word_1_354' title='bbox 921 3155 986 3211; x_wconf 90' lang='lat' dir='ltr'><strong>de</strong></span> <span class='ocrx_word' id='word_1_355' title='bbox 1011 3151 1408 3221; x_wconf 88' lang='lat' dir='ltr'><strong>subscriptione</strong></span> <span class='ocrx_word' id='word_1_356' title='bbox 1430 3165 1441 3201; x_wconf 93' lang='lat'><strong>:</strong></span> <span class='ocrx_word' id='word_1_357' title='bbox 1464 3147 1746 3208; x_wconf 85' lang='lat' dir='ltr'><strong>Piissimis,</strong></span> <span class='ocrx_word' id='word_1_358' title='bbox 1779 3149 1821 3209; x_wconf 69' lang='grc' dir='ltr'><strong><em>(ς</em></strong></span> 
     </span>
    </p>
   </div>
   <div class='ocr_carea' id='block_1_52' title="bbox 172 3239 1753 3327">
    <p class='ocr_par' dir='ltr' id='par_1_52' title="bbox 172 3239 1753 3327">
     <span class='ocr_line' id='line_1_52' title="bbox 172 3239 1753 3327; baseline -0.018 -10"><span class='ocrx_word' id='word_1_359' title='bbox 172 3269 488 3327; x_wconf 84' lang='lat' dir='ltr'><strong>ete.,sancta</strong></span> <span class='ocrx_word' id='word_1_360' title='bbox 510 3267 559 3311; x_wconf 87' lang='lat' dir='ltr'><strong>et</strong></span> <span class='ocrx_word' id='word_1_361' title='bbox 582 3252 893 3311; x_wconf 68' lang='lat' dir='ltr'><strong>aecumenica</strong></span> <span class='ocrx_word' id='word_1_362' title='bbox 910 3246 1160 3319; x_wconf 83' lang='lat' dir='ltr'><strong>synodus.</strong></span> <span class='ocrx_word' id='word_1_363' title='bbox 1186 3242 1319 3297; x_wconf 89' lang='lat' dir='ltr'><strong>Tam</strong></span> <span class='ocrx_word' id='word_1_364' title='bbox 1341 3240 1574 3311; x_wconf 85' lang='lat' dir='ltr'><strong>graviter</strong></span> <span class='ocrx_word' id='word_1_365' title='bbox 1596 3239 1753 3291; x_wconf 85' lang='lat' dir='ltr'><strong>aber-</strong></span> 
     </span>
    </p>
   </div>
   <div class='ocr_carea' id='block_1_53' title="bbox 172 3328 1754 3416">
    <p class='ocr_par' dir='ltr' id='par_1_53' title="bbox 172 3328 1754 3416">
     <span class='ocr_line' id='line_1_53' title="bbox 172 3328 1754 3416; baseline -0.017 -7"><span class='ocrx_word' id='word_1_366' title='bbox 172 3362 361 3408; x_wconf 87' lang='lat' dir='ltr'><strong>rantem</strong></span> <span class='ocrx_word' id='word_1_367' title='bbox 383 3347 831 3416; x_wconf 75' lang='lat' dir='ltr'><strong>Gussanvilhnum</strong></span> <span class='ocrx_word' id='word_1_368' title='bbox 854 3339 1200 3397; x_wconf 84' lang='lat' dir='ltr'><strong>nihilominus</strong></span> <span class='ocrx_word' id='word_1_369' title='bbox 1221 3342 1443 3390; x_wconf 88' lang='lat' dir='ltr'><strong>secutus</strong></span> <span class='ocrx_word' id='word_1_370' title='bbox 1467 3338 1550 3386; x_wconf 90' lang='lat' dir='ltr'><strong>est</strong></span> <span class='ocrx_word' id='word_1_371' title='bbox 1578 3328 1754 3383; x_wconf 89' lang='lat' dir='ltr'><strong>Ludo-</strong></span> 
     </span>
    </p>
   </div>
   <div class='ocr_carea' id='block_1_54' title="bbox 164 3419 1752 3506">
    <p class='ocr_par' dir='ltr' id='par_1_54' title="bbox 164 3419 1752 3506">
     <span class='ocr_line' id='line_1_54' title="bbox 164 3419 1752 3506; baseline -0.014 -9"><span class='ocrx_word' id='word_1_372' title='bbox 164 3445 306 3499; x_wconf 80' lang='lat' dir='ltr'><strong>vicus</strong></span> <span class='ocrx_word' id='word_1_373' title='bbox 350 3440 671 3506; x_wconf 82' lang='lat' dir='ltr'><strong>Membourg</strong></span> <span class='ocrx_word' id='word_1_374' title='bbox 718 3436 913 3491; x_wconf 81' lang='lat' dir='ltr'><strong>histor.</strong></span> <span class='ocrx_word' id='word_1_375' title='bbox 966 3426 1167 3486; x_wconf 78' lang='lat' dir='ltr'><strong>Pontif.</strong></span> <span class='ocrx_word' id='word_1_376' title='bbox 1210 3425 1268 3481; x_wconf 91' lang='lat' dir='ltr'><strong>S.</strong></span> <span class='ocrx_word' id='word_1_377' title='bbox 1300 3422 1551 3493; x_wconf 85' lang='lat' dir='ltr'><strong>Gregorii</strong></span> <span class='ocrx_word' id='word_1_378' title='bbox 1575 3419 1752 3489; x_wconf 62' lang='lat' dir='ltr'><strong>Magni</strong></span> 
     </span>
    </p>
   </div>
   <div class='ocr_carea' id='block_1_55' title="bbox 174 3535 341 3590">
    <p class='ocr_par' dir='ltr' id='par_1_55' title="bbox 174 3535 341 3590">
     <span class='ocr_line' id='line_1_55' title="bbox 174 3535 341 3590; baseline -0.006 -2"><span class='ocrx_word' id='word_1_379' title='bbox 174 3535 254 3590; x_wconf 87' lang='lat' dir='ltr'><strong>lib.</strong></span> <span class='ocrx_word' id='word_1_380' title='bbox 287 3551 341 3590; x_wconf 83' lang='lat' dir='ltr'><strong>ll.</strong></span> 
     </span>
    </p>
   </div>
   <div class='ocr_carea' id='block_1_56' title="bbox 233 3620 1754 3704">
    <p class='ocr_par' dir='ltr' id='par_1_56' title="bbox 233 3620 1754 3704">
     <span class='ocr_line' id='line_1_56' title="bbox 233 3620 1754 3704; baseline -0.018 -2"><span class='ocrx_word' id='word_1_381' title='bbox 233 3648 281 3702; x_wconf 73' lang='grc'><strong>5.</strong></span> <span class='ocrx_word' id='word_1_382' title='bbox 322 3644 581 3700; x_wconf 86' lang='lat' dir='ltr'><strong>Oblatum</strong></span> <span class='ocrx_word' id='word_1_383' title='bbox 611 3639 858 3694; x_wconf 83' lang='lat' dir='ltr'><strong>Romano</strong></span> <span class='ocrx_word' id='word_1_384' title='bbox 904 3630 1180 3704; x_wconf 86' lang='lat' dir='ltr'><strong>pontifici,</strong></span> <span class='ocrx_word' id='word_1_385' title='bbox 1211 3624 1465 3683; x_wconf 90' lang='lat' dir='ltr'><strong>nimirum</strong></span> <span class='ocrx_word' id='word_1_386' title='bbox 1493 3622 1552 3678; x_wconf 90' lang='lat' dir='ltr'><strong>S.</strong></span> <span class='ocrx_word' id='word_1_387' title='bbox 1587 3620 1754 3676; x_wconf 88' lang='lat' dir='ltr'><strong>Leoni</strong></span> 
     </span>
    </p>
   </div>
   <div class='ocr_carea' id='block_1_57' title="bbox 175 3713 1753 3809">
    <p class='ocr_par' dir='ltr' id='par_1_57' title="bbox 175 3713 1753 3809">
     <span class='ocr_line' id='line_1_57' title="bbox 175 3713 1753 3809; baseline -0.02 -14"><span class='ocrx_word' id='word_1_388' title='bbox 175 3739 371 3809; x_wconf 74' lang='lat' dir='ltr'><strong>Magno,</strong></span> <span class='ocrx_word' id='word_1_389' title='bbox 402 3752 504 3808; x_wconf 89' lang='lat' dir='ltr'><strong>pro</strong></span> <span class='ocrx_word' id='word_1_390' title='bbox 547 3732 685 3786; x_wconf 81' lang='lat' dir='ltr'><strong>beati</strong></span> <span class='ocrx_word' id='word_1_391' title='bbox 727 3727 870 3783; x_wconf 86' lang='lat' dir='ltr'><strong>Petri</strong></span> <span class='ocrx_word' id='word_1_392' title='bbox 898 3723 1251 3796; x_wconf 84' lang='lat' dir='ltr'><strong>apostolorum</strong></span> <span class='ocrx_word' id='word_1_393' title='bbox 1280 3716 1530 3789; x_wconf 82' lang='lat' dir='ltr'><strong>principis</strong></span> <span class='ocrx_word' id='word_1_394' title='bbox 1560 3713 1753 3766; x_wconf 82' lang='lat' dir='ltr'><strong>honore</strong></span> 
     </span>
    </p>
   </div>
   <div class='ocr_carea' id='block_1_58' title="bbox 176 3806 1758 3891">
    <p class='ocr_par' dir='ltr' id='par_1_58' title="bbox 176 3806 1758 3891">
     <span class='ocr_line' id='line_1_58' title="bbox 176 3806 1758 3891; baseline -0.02 -3"><span class='ocrx_word' id='word_1_395' title='bbox 176 3827 479 3888; x_wconf 75' lang='lat' dir='ltr'><strong>mcumenici</strong></span> <span class='ocrx_word' id='word_1_396' title='bbox 509 3824 725 3880; x_wconf 83' lang='lat' dir='ltr'><strong>titulum</strong></span> <span class='ocrx_word' id='word_1_397' title='bbox 773 3837 863 3891; x_wconf 87' lang='lat' dir='ltr'><strong>per</strong></span> <span class='ocrx_word' id='word_1_398' title='bbox 899 3813 1250 3872; x_wconf 78' lang='lat' dir='ltr'><strong>venerandam</strong></span> <span class='ocrx_word' id='word_1_399' title='bbox 1292 3806 1758 3863; x_wconf 79' lang='lat' dir='ltr'><strong>Chalcedonensem</strong></span> 
     </span>
    </p>
   </div>
   <div class='ocr_carea' id='block_1_59' title="bbox 176 3896 1755 3986">
    <p class='ocr_par' dir='ltr' id='par_1_59' title="bbox 176 3896 1755 3986">
     <span class='ocr_line' id='line_1_59' title="bbox 176 3896 1755 3986; baseline -0.018 -11"><span class='ocrx_word' id='word_1_400' title='bbox 176 3922 414 3986; x_wconf 60' lang='lat' dir='ltr'><strong>synodum</strong></span> <span class='ocrx_word' id='word_1_401' title='bbox 446 3923 680 3973; x_wconf 88' lang='lat' dir='ltr'><strong>testatur</strong></span> <span class='ocrx_word' id='word_1_402' title='bbox 716 3911 772 3967; x_wconf 88' lang='lat' dir='ltr'><strong>S.</strong></span> <span class='ocrx_word' id='word_1_403' title='bbox 804 3908 1130 3979; x_wconf 85' lang='lat' dir='ltr'><strong>Gregorius;</strong></span> <span class='ocrx_word' id='word_1_404' title='bbox 1178 3903 1269 3959; x_wconf 88' lang='lat' dir='ltr'><strong>sed</strong></span> <span class='ocrx_word' id='word_1_405' title='bbox 1318 3901 1524 3963; x_wconf 86' lang='lat' dir='ltr'><strong>nullus,</strong></span> <span class='ocrx_word' id='word_1_406' title='bbox 1563 3896 1755 3967; x_wconf 88' lang='lat' dir='ltr'><strong>inquit,</strong></span> 
     </span>
    </p>
   </div>
   <div class='ocr_carea' id='block_1_60' title="bbox 178 3987 1756 4078">
    <p class='ocr_par' dir='ltr' id='par_1_60' title="bbox 178 3987 1756 4078">
     <span class='ocr_line' id='line_1_60' title="bbox 178 3987 1756 4078; baseline -0.018 -14"><span class='ocrx_word' id='word_1_407' title='bbox 178 4027 336 4064; x_wconf 83' lang='lat' dir='ltr'><strong>eorum</strong></span> <span class='ocrx_word' id='word_1_408' title='bbox 379 4022 613 4078; x_wconf 85' lang='lat' dir='ltr'><strong>unquam</strong></span> <span class='ocrx_word' id='word_1_409' title='bbox 659 4003 752 4057; x_wconf 86' lang='lat' dir='ltr'><strong>hoc</strong></span> <span class='ocrx_word' id='word_1_410' title='bbox 801 3996 1183 4071; x_wconf 82' lang='lat' dir='ltr'><strong>singularitutis</strong></span> <span class='ocrx_word' id='word_1_411' title='bbox 1233 4008 1416 4046; x_wconf 87' lang='lat' dir='ltr'><strong>nomen</strong></span> <span class='ocrx_word' id='word_1_412' title='bbox 1448 3987 1756 4057; x_wconf 82' lang='lat' dir='ltr'><strong>assumpsit,</strong></span> 
     </span>
    </p>
   </div>
   <div class='ocr_carea' id='block_1_61' title="bbox 180 4073 1759 4163">
    <p class='ocr_par' dir='ltr' id='par_1_61' title="bbox 180 4073 1759 4163">
     <span class='ocr_line' id='line_1_61' title="bbox 180 4073 1759 4163; baseline -0.016 -11"><span class='ocrx_word' id='word_1_413' title='bbox 180 4118 257 4155; x_wconf 81' lang='lat' dir='ltr'><strong>nec</strong></span> <span class='ocrx_word' id='word_1_414' title='bbox 292 4101 364 4153; x_wconf 78' lang='lat' dir='ltr'><strong>uti</strong></span> <span class='ocrx_word' id='word_1_415' title='bbox 395 4073 659 4152; x_wconf 80' lang='lat' dir='ltr'><strong>consensit</strong></span> <span class='ocrx_word' id='word_1_416' title='bbox 689 4090 840 4163; x_wconf 86' lang='lat' dir='ltr'><strong>(Lib.</strong></span> <span class='ocrx_word' id='word_1_417' title='bbox 867 4105 918 4154; x_wconf 92' lang='lat' dir='ltr'><strong>v,</strong></span> <span class='ocrx_word' id='word_1_418' title='bbox 952 4105 1034 4157; x_wconf 87' lang='lat' dir='ltr'><strong>ep.</strong></span> <span class='ocrx_word' id='word_1_419' title='bbox 1063 4084 1184 4155; x_wconf 72' lang='lat'><strong>20).</strong></span> <span class='ocrx_word' id='word_1_420' title='bbox 1234 4082 1293 4136; x_wconf 91' lang='lat' dir='ltr'><strong>In</strong></span> <span class='ocrx_word' id='word_1_421' title='bbox 1334 4073 1759 4134; x_wconf 79' lang='lat' dir='ltr'><strong>Cbalcedonensi</strong></span> 
     </span>
    </p>
   </div>
   <div class='ocr_carea' id='block_1_62' title="bbox 178 4168 1760 4247">
    <p class='ocr_par' dir='ltr' id='par_1_62' title="bbox 178 4168 1760 4247">
     <span class='ocr_line' id='line_1_62' title="bbox 178 4168 1760 4247; baseline -0.02 0"><span class='ocrx_word' id='word_1_422' title='bbox 178 4208 293 4247; x_wconf 87' lang='lat' dir='ltr'><strong>sane</strong></span> <span class='ocrx_word' id='word_1_423' title='bbox 315 4190 555 4246; x_wconf 87' lang='lat' dir='ltr'><strong>concilio</strong></span> <span class='ocrx_word' id='word_1_424' title='bbox 572 4185 699 4240; x_wconf 89' lang='lat' dir='ltr'><strong>lecti</strong></span> <span class='ocrx_word' id='word_1_425' title='bbox 719 4188 845 4238; x_wconf 92' lang='lat' dir='ltr'><strong>sunt</strong></span> <span class='ocrx_word' id='word_1_426' title='bbox 866 4177 1112 4235; x_wconf 88' lang='lat' dir='ltr'><strong>nonnulli</strong></span> <span class='ocrx_word' id='word_1_427' title='bbox 1134 4172 1297 4229; x_wconf 91' lang='lat' dir='ltr'><strong>libelli</strong></span> <span class='ocrx_word' id='word_1_428' title='bbox 1321 4168 1588 4241; x_wconf 90' lang='lat' dir='ltr'><strong>supplices</strong></span> <span class='ocrx_word' id='word_1_429' title='bbox 1608 4178 1760 4235; x_wconf 80' lang='lat' dir='ltr'><strong>papa:</strong></span> 
     </span>
    </p>
   </div>
   <div class='ocr_carea' id='block_1_63' title="bbox 180 4259 1755 4350">
    <p class='ocr_par' dir='ltr' id='par_1_63' title="bbox 180 4259 1755 4350">
     <span class='ocr_line' id='line_1_63' title="bbox 180 4259 1755 4350; baseline -0.018 -12"><span class='ocrx_word' id='word_1_430' title='bbox 180 4283 351 4346; x_wconf 90' lang='lat' dir='ltr'><strong>oblati,</strong></span> <span class='ocrx_word' id='word_1_431' title='bbox 384 4282 441 4335; x_wconf 92' lang='lat' dir='ltr'><strong>in</strong></span> <span class='ocrx_word' id='word_1_432' title='bbox 468 4278 664 4350; x_wconf 87' lang='lat' dir='ltr'><strong>quibus</strong></span> <span class='ocrx_word' id='word_1_433' title='bbox 693 4277 798 4330; x_wconf 91' lang='lat' dir='ltr'><strong>hoc</strong></span> <span class='ocrx_word' id='word_1_434' title='bbox 826 4269 1131 4327; x_wconf 88' lang='lat' dir='ltr'><strong>honoriﬁco</strong></span> <span class='ocrx_word' id='word_1_435' title='bbox 1156 4264 1420 4321; x_wconf 88' lang='lat' dir='ltr'><strong>vocabulo</strong></span> <span class='ocrx_word' id='word_1_436' title='bbox 1451 4259 1755 4329; x_wconf 87' lang='lat' dir='ltr'><strong>insignitur.</strong></span> 
     </span>
    </p>
   </div>
   <div class='ocr_carea' id='block_1_64' title="bbox 180 4345 1756 4428">
    <p class='ocr_par' dir='ltr' id='par_1_64' title="bbox 180 4345 1756 4428">
     <span class='ocr_line' id='line_1_64' title="bbox 180 4345 1756 4428; baseline -0.019 1"><span class='ocrx_word' id='word_1_437' title='bbox 180 4372 240 4427; x_wconf 84' lang='lat' dir='ltr'><strong>Et</strong></span> <span class='ocrx_word' id='word_1_438' title='bbox 275 4374 325 4427; x_wconf 91' lang='lat' dir='ltr'><strong>in</strong></span> <span class='ocrx_word' id='word_1_439' title='bbox 366 4371 490 4426; x_wconf 84' lang='lat' dir='ltr'><strong>Act.</strong></span> <span class='ocrx_word' id='word_1_440' title='bbox 523 4378 676 4424; x_wconf 83' lang='lat' dir='ltr'><strong>sexta</strong></span> <span class='ocrx_word' id='word_1_441' title='bbox 723 4360 1082 4418; x_wconf 87' lang='lat' dir='ltr'><strong>Paschasinus</strong></span> <span class='ocrx_word' id='word_1_442' title='bbox 1121 4356 1407 4428; x_wconf 89' lang='lat' dir='ltr'><strong>episcopus</strong></span> <span class='ocrx_word' id='word_1_443' title='bbox 1435 4364 1573 4405; x_wconf 92' lang='lat' dir='ltr'><strong>unus</strong></span> <span class='ocrx_word' id='word_1_444' title='bbox 1601 4363 1667 4402; x_wconf 91' lang='lat' dir='ltr'><strong>ex</strong></span> <span class='ocrx_word' id='word_1_445' title='bbox 1697 4345 1756 4402; x_wconf 93' lang='lat' dir='ltr'><strong>S.</strong></span> 
     </span>
    </p>
   </div>
   <div class='ocr_carea' id='block_1_65' title="bbox 184 4440 1758 4529">
    <p class='ocr_par' dir='ltr' id='par_1_65' title="bbox 184 4440 1758 4529">
     <span class='ocr_line' id='line_1_65' title="bbox 184 4440 1758 4529; baseline -0.017 -11"><span class='ocrx_word' id='word_1_446' title='bbox 184 4463 360 4517; x_wconf 84' lang='lat' dir='ltr'><strong>Leonis</strong></span> <span class='ocrx_word' id='word_1_447' title='bbox 380 4458 596 4529; x_wconf 86' lang='lat' dir='ltr'><strong>legatis,</strong></span> <span class='ocrx_word' id='word_1_448' title='bbox 620 4454 802 4509; x_wconf 89' lang='lat' dir='ltr'><strong>habita</strong></span> <span class='ocrx_word' id='word_1_449' title='bbox 830 4465 1013 4507; x_wconf 88' lang='lat' dir='ltr'><strong>coram</strong></span> <span class='ocrx_word' id='word_1_450' title='bbox 1042 4454 1227 4502; x_wconf 91' lang='lat' dir='ltr'><strong>sancta</strong></span> <span class='ocrx_word' id='word_1_451' title='bbox 1250 4440 1462 4516; x_wconf 89' lang='lat' dir='ltr'><strong>synodo</strong></span> <span class='ocrx_word' id='word_1_452' title='bbox 1490 4440 1758 4506; x_wconf 88' lang='lat' dir='ltr'><strong>oratione,</strong></span> 
     </span>
    </p>
   </div>
   <div class='ocr_carea' id='block_1_66' title="bbox 1844 1878 3428 1955">
    <p class='ocr_par' dir='ltr' id='par_1_66' title="bbox 1844 1878 3428 1955">
     <span class='ocr_line' id='line_1_66' title="bbox 1844 1878 3428 1955; baseline -0.01 -7"><span class='ocrx_word' id='word_1_453' title='bbox 1844 1891 2214 1955; x_wconf 88' lang='lat' dir='ltr'><strong>exorbitante,</strong></span> <span class='ocrx_word' id='word_1_454' title='bbox 2255 1887 2533 1943; x_wconf 84' lang='lat' dir='ltr'><strong>Romanos</strong></span> <span class='ocrx_word' id='word_1_455' title='bbox 2580 1883 2864 1955; x_wconf 81' lang='lat' dir='ltr'><strong>pontifices</strong></span> <span class='ocrx_word' id='word_1_456' title='bbox 2911 1880 3278 1938; x_wconf 67' lang='lat' dir='ltr'><strong>meumenieos</strong></span> <span class='ocrx_word' id='word_1_457' title='bbox 3323 1878 3428 1933; x_wconf 92' lang='lat' dir='ltr'><strong>dici</strong></span> 
     </span>
    </p>
   </div>
   <div class='ocr_carea' id='block_1_67' title="bbox 1845 1970 3429 2055">
    <p class='ocr_par' dir='ltr' id='par_1_67' title="bbox 1845 1970 3429 2055">
     <span class='ocr_line' id='line_1_67' title="bbox 1845 1970 3429 2055; baseline -0.01 -16"><span class='ocrx_word' id='word_1_458' title='bbox 1845 1984 2100 2055; x_wconf 88' lang='lat' dir='ltr'><strong>potuisse,</strong></span> <span class='ocrx_word' id='word_1_459' title='bbox 2130 1989 2353 2051; x_wconf 89' lang='lat' dir='ltr'><strong>propter</strong></span> <span class='ocrx_word' id='word_1_460' title='bbox 2382 1978 2709 2047; x_wconf 86' lang='lat' dir='ltr'><strong>singularem</strong></span> <span class='ocrx_word' id='word_1_461' title='bbox 2752 1989 2914 2044; x_wconf 89' lang='lat' dir='ltr'><strong>quam</strong></span> <span class='ocrx_word' id='word_1_462' title='bbox 2953 1971 3200 2027; x_wconf 89' lang='lat' dir='ltr'><strong>obtinent</strong></span> <span class='ocrx_word' id='word_1_463' title='bbox 3230 1970 3285 2024; x_wconf 90' lang='lat' dir='ltr'><strong>in</strong></span> <span class='ocrx_word' id='word_1_464' title='bbox 3314 1976 3429 2024; x_wconf 91' lang='lat' dir='ltr'><strong>tota</strong></span> 
     </span>
    </p>
   </div>
   <div class='ocr_carea' id='block_1_68' title="bbox 1844 2060 3432 2144">
    <p class='ocr_par' dir='ltr' id='par_1_68' title="bbox 1844 2060 3432 2144">
     <span class='ocr_line' id='line_1_68' title="bbox 1844 2060 3432 2144; baseline -0.011 -13"><span class='ocrx_word' id='word_1_465' title='bbox 1844 2075 2083 2133; x_wconf 86' lang='lat' dir='ltr'><strong>Ecclesia</strong></span> <span class='ocrx_word' id='word_1_466' title='bbox 2098 2074 2559 2144; x_wconf 76' lang='lat' dir='ltr'><strong>jurisdictionem;</strong></span> <span class='ocrx_word' id='word_1_467' title='bbox 2581 2067 2667 2124; x_wconf 91' lang='lat' dir='ltr'><strong>cui</strong></span> <span class='ocrx_word' id='word_1_468' title='bbox 2688 2066 2879 2137; x_wconf 84' lang='lat' dir='ltr'><strong>singuli</strong></span> <span class='ocrx_word' id='word_1_469' title='bbox 2896 2063 3254 2133; x_wconf 87' lang='lat' dir='ltr'><strong>subjiciuntur</strong></span> <span class='ocrx_word' id='word_1_470' title='bbox 3269 2060 3432 2116; x_wconf 91' lang='lat' dir='ltr'><strong>etiam</strong></span> 
     </span>
    </p>
   </div>
   <div class='ocr_carea' id='block_1_69' title="bbox 1844 2151 3434 2238">
    <p class='ocr_par' dir='ltr' id='par_1_69' title="bbox 1844 2151 3434 2238">
     <span class='ocr_line' id='line_1_69' title="bbox 1844 2151 3434 2238; baseline -0.013 -14"><span class='ocrx_word' id='word_1_471' title='bbox 1844 2169 2103 2238; x_wconf 86' lang='lat' dir='ltr'><strong>episcopi.</strong></span> <span class='ocrx_word' id='word_1_472' title='bbox 2151 2165 2221 2220; x_wconf 86' lang='lat' dir='ltr'><strong>At</strong></span> <span class='ocrx_word' id='word_1_473' title='bbox 2268 2179 2390 2219; x_wconf 93' lang='lat' dir='ltr'><strong>cum</strong></span> <span class='ocrx_word' id='word_1_474' title='bbox 2431 2164 2498 2217; x_wconf 91' lang='lat' dir='ltr'><strong>ab</strong></span> <span class='ocrx_word' id='word_1_475' title='bbox 2528 2161 2619 2215; x_wconf 88' lang='lat' dir='ltr'><strong>illo</strong></span> <span class='ocrx_word' id='word_1_476' title='bbox 2667 2157 2825 2213; x_wconf 86' lang='lat' dir='ltr'><strong>t&#39;tulo</strong></span> <span class='ocrx_word' id='word_1_477' title='bbox 2870 2155 3116 2209; x_wconf 89' lang='lat' dir='ltr'><strong>modeste</strong></span> <span class='ocrx_word' id='word_1_478' title='bbox 3161 2151 3434 2207; x_wconf 86' lang='lat' dir='ltr'><strong>abstinere</strong></span> 
     </span>
    </p>
   </div>
   <div class='ocr_carea' id='block_1_70' title="bbox 1845 2243 3436 2327">
    <p class='ocr_par' dir='ltr' id='par_1_70' title="bbox 1845 2243 3436 2327">
     <span class='ocr_line' id='line_1_70' title="bbox 1845 2243 3436 2327; baseline -0.013 -12"><span class='ocrx_word' id='word_1_479' title='bbox 1845 2260 2181 2327; x_wconf 72' lang='lat' dir='ltr'><strong>voluissent,</strong></span> <span class='ocrx_word' id='word_1_480' title='bbox 2239 2271 2347 2326; x_wconf 87' lang='lat' dir='ltr'><strong>qua</strong></span> <span class='ocrx_word' id='word_1_481' title='bbox 2404 2253 2582 2309; x_wconf 86' lang='lat' dir='ltr'><strong>fronte</strong></span> <span class='ocrx_word' id='word_1_482' title='bbox 2631 2245 3213 2317; x_wconf 87' lang='lat' dir='ltr'><strong>Constantinopolitani</strong></span> <span class='ocrx_word' id='word_1_483' title='bbox 3272 2243 3436 2313; x_wconf 61' lang='lat'><strong>2&amp;9</strong></span> 
     </span>
    </p>
   </div>
   <div class='ocr_carea' id='block_1_71' title="bbox 1847 2332 3471 2422">
    <p class='ocr_par' dir='ltr' id='par_1_71' title="bbox 1847 2332 3471 2422">
     <span class='ocr_line' id='line_1_71' title="bbox 1847 2332 3471 2422; baseline -0.014 -14"><span class='ocrx_word' id='word_1_484' title='bbox 1847 2351 2088 2422; x_wconf 70' lang='lat' dir='ltr'><strong>epist-cpi</strong></span> <span class='ocrx_word' id='word_1_485' title='bbox 2132 2348 2380 2407; x_wconf 86' lang='lat' dir='ltr'><strong>eumdem</strong></span> <span class='ocrx_word' id='word_1_486' title='bbox 2438 2344 2540 2402; x_wconf 88' lang='lat' dir='ltr'><strong>sibi</strong></span> <span class='ocrx_word' id='word_1_487' title='bbox 2587 2342 2860 2398; x_wconf 85' lang='lat' dir='ltr'><strong>vindicare</strong></span> <span class='ocrx_word' id='word_1_488' title='bbox 2912 2354 3023 2393; x_wconf 92' lang='lat' dir='ltr'><strong>non</strong></span> <span class='ocrx_word' id='word_1_489' title='bbox 3065 2332 3471 2401; x_wconf 46' lang='lat' dir='ltr'><strong>verebantur‘t.</strong></span> 
     </span>
    </p>
   </div>
   <div class='ocr_carea' id='block_1_72' title="bbox 1847 2426 3437 2514">
    <p class='ocr_par' dir='ltr' id='par_1_72' title="bbox 1847 2426 3437 2514">
     <span class='ocr_line' id='line_1_72' title="bbox 1847 2426 3437 2514; baseline -0.016 -12"><span class='ocrx_word' id='word_1_490' title='bbox 1847 2438 2011 2514; x_wconf 41' lang='lat' dir='ltr'><strong>Quasi</strong></span> <span class='ocrx_word' id='word_1_491' title='bbox 2058 2458 2188 2497; x_wconf 84' lang='lat' dir='ltr'><strong>vero</strong></span> <span class='ocrx_word' id='word_1_492' title='bbox 2235 2448 2390 2497; x_wconf 82' lang='lat' dir='ltr'><strong>extra</strong></span> <span class='ocrx_word' id='word_1_493' title='bbox 2438 2438 2523 2493; x_wconf 92' lang='lat' dir='ltr'><strong>sui</strong></span> <span class='ocrx_word' id='word_1_494' title='bbox 2574 2428 2974 2506; x_wconf 72' lang='lat' dir='ltr'><strong>patriarchatus</strong></span> <span class='ocrx_word' id='word_1_495' title='bbox 3023 2427 3158 2483; x_wconf 88' lang='lat' dir='ltr'><strong>ﬁnes</strong></span> <span class='ocrx_word' id='word_1_496' title='bbox 3203 2426 3437 2494; x_wconf 89' lang='lat' dir='ltr'><strong>aliquam</strong></span> 
     </span>
    </p>
   </div>
   <div class='ocr_carea' id='block_1_73' title="bbox 1848 2528 3438 2608">
    <p class='ocr_par' dir='ltr' id='par_1_73' title="bbox 1848 2528 3438 2608">
     <span class='ocr_line' id='line_1_73' title="bbox 1848 2528 3438 2608; baseline -0.015 -16"><span class='ocrx_word' id='word_1_497' title='bbox 1848 2534 2207 2608; x_wconf 74' lang='lat' dir='ltr'><strong>episeopalem</strong></span> <span class='ocrx_word' id='word_1_498' title='bbox 2240 2530 2616 2587; x_wconf 86' lang='lat' dir='ltr'><strong>auctoritatem</strong></span> <span class='ocrx_word' id='word_1_499' title='bbox 2646 2538 2901 2581; x_wconf 85' lang='lat' dir='ltr'><strong>exercere</strong></span> <span class='ocrx_word' id='word_1_500' title='bbox 2940 2528 3183 2592; x_wconf 77' lang='lat' dir='ltr'><strong>possent,</strong></span> <span class='ocrx_word' id='word_1_501' title='bbox 3215 2528 3310 2572; x_wconf 90' lang='lat' dir='ltr'><strong>aut</strong></span> <span class='ocrx_word' id='word_1_502' title='bbox 3340 2531 3438 2586; x_wconf 90' lang='lat' dir='ltr'><strong>pa-</strong></span> 
     </span>
    </p>
   </div>
   <div class='ocr_carea' id='block_1_74' title="bbox 1851 2605 3439 2686">
    <p class='ocr_par' dir='ltr' id='par_1_74' title="bbox 1851 2605 3439 2686">
     <span class='ocr_line' id='line_1_74' title="bbox 1851 2605 3439 2686; baseline -0.014 -6"><span class='ocrx_word' id='word_1_503' title='bbox 1851 2605 2171 2683; x_wconf 77' lang='lat' dir='ltr'><strong>triarchatus</strong></span> <span class='ocrx_word' id='word_1_504' title='bbox 2193 2616 2823 2686; x_wconf 85' lang='lat' dir='ltr'><strong>ConstantinOpolitanus</strong></span> <span class='ocrx_word' id='word_1_505' title='bbox 2850 2628 2950 2683; x_wconf 89' lang='lat' dir='ltr'><strong>pro</strong></span> <span class='ocrx_word' id='word_1_506' title='bbox 2992 2619 3105 2665; x_wconf 92' lang='lat' dir='ltr'><strong>toto</strong></span> <span class='ocrx_word' id='word_1_507' title='bbox 3130 2608 3263 2664; x_wconf 87' lang='lat' dir='ltr'><strong>orbe</strong></span> <span class='ocrx_word' id='word_1_508' title='bbox 3291 2605 3439 2661; x_wconf 86' lang='lat' dir='ltr'><strong>chri-</strong></span> 
     </span>
    </p>
   </div>
   <div class='ocr_carea' id='block_1_75' title="bbox 1848 2700 3442 2779">
    <p class='ocr_par' dir='ltr' id='par_1_75' title="bbox 1848 2700 3442 2779">
     <span class='ocr_line' id='line_1_75' title="bbox 1848 2700 3442 2779; baseline -0.013 -6"><span class='ocrx_word' id='word_1_509' title='bbox 1848 2720 2025 2774; x_wconf 86' lang='lat' dir='ltr'><strong>stiano</strong></span> <span class='ocrx_word' id='word_1_510' title='bbox 2054 2732 2159 2773; x_wconf 89' lang='lat' dir='ltr'><strong>non</strong></span> <span class='ocrx_word' id='word_1_511' title='bbox 2192 2715 2393 2771; x_wconf 81' lang='lat' dir='ltr'><strong>insulse</strong></span> <span class='ocrx_word' id='word_1_512' title='bbox 2422 2711 2809 2779; x_wconf 86' lang='lat' dir='ltr'><strong>intelligeretur</strong></span> <span class='ocrx_word' id='word_1_513' title='bbox 2836 2716 2892 2763; x_wconf 89' lang='lat' dir='ltr'><strong>et</strong></span> <span class='ocrx_word' id='word_1_514' title='bbox 2917 2703 3259 2762; x_wconf 84' lang='lat' dir='ltr'><strong>sumeretur?</strong></span> <span class='ocrx_word' id='word_1_515' title='bbox 3296 2700 3442 2755; x_wconf 87' lang='lat' dir='ltr'><strong>Satis</strong></span> 
     </span>
    </p>
   </div>
   <div class='ocr_carea' id='block_1_76' title="bbox 1850 2789 3443 2879">
    <p class='ocr_par' dir='ltr' id='par_1_76' title="bbox 1850 2789 3443 2879">
     <span class='ocr_line' id='line_1_76' title="bbox 1850 2789 3443 2879; baseline -0.016 -13"><span class='ocrx_word' id='word_1_516' title='bbox 1850 2826 1979 2879; x_wconf 89' lang='lat' dir='ltr'><strong>ergo</strong></span> <span class='ocrx_word' id='word_1_517' title='bbox 2010 2808 2193 2863; x_wconf 91' lang='lat' dir='ltr'><strong>mirari</strong></span> <span class='ocrx_word' id='word_1_518' title='bbox 2243 2820 2349 2860; x_wconf 92' lang='lat' dir='ltr'><strong>non</strong></span> <span class='ocrx_word' id='word_1_519' title='bbox 2381 2817 2597 2873; x_wconf 88' lang='lat' dir='ltr'><strong>possum</strong></span> <span class='ocrx_word' id='word_1_520' title='bbox 2640 2798 2904 2869; x_wconf 88' lang='lat' dir='ltr'><strong>quosdam</strong></span> <span class='ocrx_word' id='word_1_521' title='bbox 2953 2795 3280 2864; x_wconf 86' lang='lat' dir='ltr'><strong>scriptores,</strong></span> <span class='ocrx_word' id='word_1_522' title='bbox 3315 2789 3443 2844; x_wconf 85' lang='lat' dir='ltr'><strong>licet</strong></span> 
     </span>
    </p>
   </div>
   <div class='ocr_carea' id='block_1_77' title="bbox 1851 2881 3445 2962">
    <p class='ocr_par' dir='ltr' id='par_1_77' title="bbox 1851 2881 3445 2962">
     <span class='ocr_line' id='line_1_77' title="bbox 1851 2881 3445 2962; baseline -0.016 -5"><span class='ocrx_word' id='word_1_523' title='bbox 1851 2900 2211 2957; x_wconf 80' lang='lat' dir='ltr'><strong>orthodoxam</strong></span> <span class='ocrx_word' id='word_1_524' title='bbox 2265 2894 2424 2949; x_wconf 90' lang='lat' dir='ltr'><strong>ﬁdem</strong></span> <span class='ocrx_word' id='word_1_525' title='bbox 2472 2889 2810 2962; x_wconf 88' lang='lat' dir='ltr'><strong>proﬁtentes,</strong></span> <span class='ocrx_word' id='word_1_526' title='bbox 2839 2884 3083 2955; x_wconf 89' lang='lat' dir='ltr'><strong>Gregorii</strong></span> <span class='ocrx_word' id='word_1_527' title='bbox 3122 2881 3300 2951; x_wconf 87' lang='lat' dir='ltr'><strong>Magni</strong></span> <span class='ocrx_word' id='word_1_528' title='bbox 3328 2888 3445 2935; x_wconf 82' lang='lat' dir='ltr'><strong>stu-</strong></span> 
     </span>
    </p>
   </div>
   <div class='ocr_carea' id='block_1_78' title="bbox 1852 2973 3440 3059">
    <p class='ocr_par' dir='ltr' id='par_1_78' title="bbox 1852 2973 3440 3059">
     <span class='ocr_line' id='line_1_78' title="bbox 1852 2973 3440 3059; baseline -0.016 -10"><span class='ocrx_word' id='word_1_529' title='bbox 1852 2994 1999 3049; x_wconf 89' lang='lat' dir='ltr'><strong>dium</strong></span> <span class='ocrx_word' id='word_1_530' title='bbox 2048 2992 2102 3046; x_wconf 93' lang='lat' dir='ltr'><strong>in</strong></span> <span class='ocrx_word' id='word_1_531' title='bbox 2147 2985 2511 3059; x_wconf 87' lang='lat' dir='ltr'><strong>oppugnando</strong></span> <span class='ocrx_word' id='word_1_532' title='bbox 2558 2984 2662 3038; x_wconf 91' lang='lat' dir='ltr'><strong>hoc</strong></span> <span class='ocrx_word' id='word_1_533' title='bbox 2688 2979 2922 3049; x_wconf 82' lang='lat' dir='ltr'><strong>superbo</strong></span> <span class='ocrx_word' id='word_1_534' title='bbox 2952 2975 3106 3031; x_wconf 89' lang='lat' dir='ltr'><strong>titulo</strong></span> <span class='ocrx_word' id='word_1_535' title='bbox 3134 2973 3440 3035; x_wconf 86' lang='lat' dir='ltr'><strong>vellicasse,</strong></span> 
     </span>
    </p>
   </div>
   <div class='ocr_carea' id='block_1_79' title="bbox 1852 3065 3443 3150">
    <p class='ocr_par' dir='ltr' id='par_1_79' title="bbox 1852 3065 3443 3150">
     <span class='ocr_line' id='line_1_79' title="bbox 1852 3065 3443 3150; baseline -0.016 -12"><span class='ocrx_word' id='word_1_536' title='bbox 1852 3084 1938 3138; x_wconf 87' lang='lat' dir='ltr'><strong>vel</strong></span> <span class='ocrx_word' id='word_1_537' title='bbox 1962 3082 2123 3139; x_wconf 90' lang='lat' dir='ltr'><strong>etiam</strong></span> <span class='ocrx_word' id='word_1_538' title='bbox 2149 3088 2336 3150; x_wconf 89' lang='lat' dir='ltr'><strong>aperte</strong></span> <span class='ocrx_word' id='word_1_539' title='bbox 2358 3077 2643 3131; x_wconf 89' lang='lat' dir='ltr'><strong>damnasse</strong></span> <span class='ocrx_word' id='word_1_540' title='bbox 2668 3090 2681 3124; x_wconf 88' lang='lat'><strong>:</strong></span> <span class='ocrx_word' id='word_1_541' title='bbox 2706 3069 2860 3142; x_wconf 91' lang='lat' dir='ltr'><strong>quasi</strong></span> <span class='ocrx_word' id='word_1_542' title='bbox 2888 3068 2954 3123; x_wconf 90' lang='lat' dir='ltr'><strong>de</strong></span> <span class='ocrx_word' id='word_1_543' title='bbox 2983 3065 3203 3121; x_wconf 89' lang='lat' dir='ltr'><strong>nomine</strong></span> <span class='ocrx_word' id='word_1_544' title='bbox 3232 3069 3443 3116; x_wconf 90' lang='lat' dir='ltr'><strong>tantum</strong></span> 
     </span>
    </p>
   </div>
   <div class='ocr_carea' id='block_1_80' title="bbox 1854 3157 3447 3238">
    <p class='ocr_par' dir='ltr' id='par_1_80' title="bbox 1854 3157 3447 3238">
     <span class='ocr_line' id='line_1_80' title="bbox 1854 3157 3447 3238; baseline -0.017 -7"><span class='ocrx_word' id='word_1_545' title='bbox 1854 3184 1909 3232; x_wconf 88' lang='lat' dir='ltr'><strong>et</strong></span> <span class='ocrx_word' id='word_1_546' title='bbox 1934 3190 2043 3230; x_wconf 91' lang='lat' dir='ltr'><strong>non</strong></span> <span class='ocrx_word' id='word_1_547' title='bbox 2085 3174 2153 3227; x_wconf 91' lang='lat' dir='ltr'><strong>de</strong></span> <span class='ocrx_word' id='word_1_548' title='bbox 2181 3186 2243 3226; x_wconf 91' lang='lat' dir='ltr'><strong>re</strong></span> <span class='ocrx_word' id='word_1_549' title='bbox 2270 3168 2448 3238; x_wconf 86' lang='lat' dir='ltr'><strong>gravis</strong></span> <span class='ocrx_word' id='word_1_550' title='bbox 2490 3163 2749 3220; x_wconf 89' lang='lat' dir='ltr'><strong>momenti</strong></span> <span class='ocrx_word' id='word_1_551' title='bbox 2780 3160 2955 3215; x_wconf 89' lang='lat' dir='ltr'><strong>acrius</strong></span> <span class='ocrx_word' id='word_1_552' title='bbox 3000 3171 3159 3225; x_wconf 90' lang='lat' dir='ltr'><strong>quam</strong></span> <span class='ocrx_word' id='word_1_553' title='bbox 3199 3168 3299 3224; x_wconf 89' lang='lat' dir='ltr'><strong>par</strong></span> <span class='ocrx_word' id='word_1_554' title='bbox 3326 3157 3447 3206; x_wconf 85' lang='lat' dir='ltr'><strong>erat</strong></span> 
     </span>
    </p>
   </div>
   <div class='ocr_carea' id='block_1_81' title="bbox 1853 3254 3446 3346">
    <p class='ocr_par' dir='ltr' id='par_1_81' title="bbox 1853 3254 3446 3346">
     <span class='ocr_line' id='line_1_81' title="bbox 1853 3254 3446 3346; baseline -0.018 -22"><span class='ocrx_word' id='word_1_555' title='bbox 1853 3256 2235 3346; x_wconf 85' lang='lat' dir='ltr'><strong>decertaverit.</strong></span> <span class='ocrx_word' id='word_1_556' title='bbox 2272 3261 2408 3332; x_wconf 88' lang='lat' dir='ltr'><strong>Ipsis</strong></span> <span class='ocrx_word' id='word_1_557' title='bbox 2446 3258 2694 3328; x_wconf 86' lang='lat' dir='ltr'><strong>equidem</strong></span> <span class='ocrx_word' id='word_1_558' title='bbox 2723 3254 2865 3308; x_wconf 91' lang='lat' dir='ltr'><strong>ultro</strong></span> <span class='ocrx_word' id='word_1_559' title='bbox 2902 3261 3261 3306; x_wconf 87' lang='lat' dir='ltr'><strong>concessurus</strong></span> <span class='ocrx_word' id='word_1_560' title='bbox 3301 3258 3446 3311; x_wconf 91' lang='lat' dir='ltr'><strong>sum,</strong></span> 
     </span>
    </p>
   </div>
   <div class='ocr_carea' id='block_1_82' title="bbox 1852 3341 3447 3419">
    <p class='ocr_par' dir='ltr' id='par_1_82' title="bbox 1852 3341 3447 3419">
     <span class='ocr_line' id='line_1_82' title="bbox 1852 3341 3447 3419; baseline -0.019 1"><span class='ocrx_word' id='word_1_561' title='bbox 1852 3365 1978 3419; x_wconf 89' lang='lat' dir='ltr'><strong>huic</strong></span> <span class='ocrx_word' id='word_1_562' title='bbox 1991 3342 2114 3417; x_wconf 87' lang='lat' dir='ltr'><strong>voci</strong></span> <span class='ocrx_word' id='word_1_563' title='bbox 2134 3367 2189 3415; x_wconf 92' lang='lat' dir='ltr'><strong>et</strong></span> <span class='ocrx_word' id='word_1_564' title='bbox 2206 3354 2623 3414; x_wconf 82' lang='lat' dir='ltr'><strong>nomenclatura:</strong></span> <span class='ocrx_word' id='word_1_565' title='bbox 2651 3346 2938 3404; x_wconf 87' lang='lat' dir='ltr'><strong>nonnullos</strong></span> <span class='ocrx_word' id='word_1_566' title='bbox 2958 3341 3139 3411; x_wconf 78' lang='lat' dir='ltr'><strong>attingi</strong></span> <span class='ocrx_word' id='word_1_567' title='bbox 3159 3348 3215 3394; x_wconf 89' lang='lat' dir='ltr'><strong>et</strong></span> <span class='ocrx_word' id='word_1_568' title='bbox 3233 3351 3447 3393; x_wconf 87' lang='lat' dir='ltr'><strong>accom-</strong></span> 
     </span>
    </p>
   </div>
   <div class='ocr_carea' id='block_1_83' title="bbox 1854 3426 3452 3521">
    <p class='ocr_par' dir='ltr' id='par_1_83' title="bbox 1854 3426 3452 3521">
     <span class='ocr_line' id='line_1_83' title="bbox 1854 3426 3452 3521; baseline -0.019 -11"><span class='ocrx_word' id='word_1_569' title='bbox 1854 3452 2062 3510; x_wconf 89' lang='lat' dir='ltr'><strong>modari</strong></span> <span class='ocrx_word' id='word_1_570' title='bbox 2092 3449 2336 3521; x_wconf 89' lang='lat' dir='ltr'><strong>potuisse</strong></span> <span class='ocrx_word' id='word_1_571' title='bbox 2361 3458 2551 3505; x_wconf 87' lang='lat' dir='ltr'><strong>sensus</strong></span> <span class='ocrx_word' id='word_1_572' title='bbox 2576 3443 2859 3499; x_wconf 88' lang='lat' dir='ltr'><strong>innocuos.</strong></span> <span class='ocrx_word' id='word_1_573' title='bbox 2894 3434 2965 3489; x_wconf 85' lang='lat' dir='ltr'><strong>At</strong></span> <span class='ocrx_word' id='word_1_574' title='bbox 2990 3449 3112 3488; x_wconf 92' lang='lat' dir='ltr'><strong>cum</strong></span> <span class='ocrx_word' id='word_1_575' title='bbox 3142 3431 3302 3499; x_wconf 84' lang='lat' dir='ltr'><strong>longe</strong></span> <span class='ocrx_word' id='word_1_576' title='bbox 3329 3426 3452 3497; x_wconf 83' lang='lat' dir='ltr'><strong>plu-</strong></span> 
     </span>
    </p>
   </div>
   <div class='ocr_carea' id='block_1_84' title="bbox 1855 3517 3447 3613">
    <p class='ocr_par' dir='ltr' id='par_1_84' title="bbox 1855 3517 3447 3613">
     <span class='ocr_line' id='line_1_84' title="bbox 1855 3517 3447 3613; baseline -0.02 -12"><span class='ocrx_word' id='word_1_577' title='bbox 1855 3546 2004 3613; x_wconf 89' lang='lat' dir='ltr'><strong>ribus</strong></span> <span class='ocrx_word' id='word_1_578' title='bbox 2029 3542 2206 3598; x_wconf 85' lang='lat' dir='ltr'><strong>noxiis</strong></span> <span class='ocrx_word' id='word_1_579' title='bbox 2226 3547 2281 3595; x_wconf 92' lang='lat' dir='ltr'><strong>et</strong></span> <span class='ocrx_word' id='word_1_580' title='bbox 2307 3554 2339 3593; x_wconf 93' lang='lat' dir='ltr'><strong>a</strong></span> <span class='ocrx_word' id='word_1_581' title='bbox 2369 3535 2475 3589; x_wconf 90' lang='lat' dir='ltr'><strong>tide</strong></span> <span class='ocrx_word' id='word_1_582' title='bbox 2500 3531 2690 3587; x_wconf 89' lang='lat' dir='ltr'><strong>alienis</strong></span> <span class='ocrx_word' id='word_1_583' title='bbox 2718 3526 3020 3596; x_wconf 86' lang='lat' dir='ltr'><strong>subjacent,</strong></span> <span class='ocrx_word' id='word_1_584' title='bbox 3049 3523 3222 3589; x_wconf 84' lang='lat' dir='ltr'><strong>iisque</strong></span> <span class='ocrx_word' id='word_1_585' title='bbox 3251 3517 3447 3582; x_wconf 88' lang='lat' dir='ltr'><strong>obviis,</strong></span> 
     </span>
    </p>
   </div>
   <div class='ocr_carea' id='block_1_85' title="bbox 1855 3608 3449 3700">
    <p class='ocr_par' dir='ltr' id='par_1_85' title="bbox 1855 3608 3449 3700">
     <span class='ocr_line' id='line_1_85' title="bbox 1855 3608 3449 3700; baseline -0.022 -5"><span class='ocrx_word' id='word_1_586' title='bbox 1855 3639 1983 3693; x_wconf 90' lang='lat' dir='ltr'><strong>dum</strong></span> <span class='ocrx_word' id='word_1_587' title='bbox 2026 3632 2334 3692; x_wconf 90' lang='lat' dir='ltr'><strong>econtrario</strong></span> <span class='ocrx_word' id='word_1_588' title='bbox 2364 3629 2455 3700; x_wconf 90' lang='lat' dir='ltr'><strong>qui</strong></span> <span class='ocrx_word' id='word_1_589' title='bbox 2492 3624 2608 3681; x_wconf 90' lang='lat' dir='ltr'><strong>sani</strong></span> <span class='ocrx_word' id='word_1_590' title='bbox 2653 3629 2807 3684; x_wconf 90' lang='lat' dir='ltr'><strong>sunt,</strong></span> <span class='ocrx_word' id='word_1_591' title='bbox 2837 3615 3053 3672; x_wconf 90' lang='lat' dir='ltr'><strong>aliunde</strong></span> <span class='ocrx_word' id='word_1_592' title='bbox 3095 3609 3343 3668; x_wconf 90' lang='lat' dir='ltr'><strong>accersiti</strong></span> <span class='ocrx_word' id='word_1_593' title='bbox 3372 3608 3449 3661; x_wconf 82' lang='lat' dir='ltr'><strong>vi-</strong></span> 
     </span>
    </p>
   </div>
   <div class='ocr_carea' id='block_1_86' title="bbox 1856 3701 3449 3794">
    <p class='ocr_par' dir='ltr' id='par_1_86' title="bbox 1856 3701 3449 3794">
     <span class='ocr_line' id='line_1_86' title="bbox 1856 3701 3449 3794; baseline -0.024 -9"><span class='ocrx_word' id='word_1_594' title='bbox 1856 3730 2072 3792; x_wconf 86' lang='lat' dir='ltr'><strong>dentur,</strong></span> <span class='ocrx_word' id='word_1_595' title='bbox 2099 3725 2221 3794; x_wconf 89' lang='lat' dir='ltr'><strong>quis</strong></span> <span class='ocrx_word' id='word_1_596' title='bbox 2261 3721 2361 3775; x_wconf 90' lang='lat' dir='ltr'><strong>nisi</strong></span> <span class='ocrx_word' id='word_1_597' title='bbox 2412 3725 2617 3772; x_wconf 89' lang='lat' dir='ltr'><strong>temere</strong></span> <span class='ocrx_word' id='word_1_598' title='bbox 2662 3707 2967 3778; x_wconf 89' lang='lat' dir='ltr'><strong>improbare</strong></span> <span class='ocrx_word' id='word_1_599' title='bbox 3004 3701 3205 3756; x_wconf 86' lang='lat' dir='ltr'><strong>audeat</strong></span> <span class='ocrx_word' id='word_1_600' title='bbox 3241 3706 3449 3751; x_wconf 89' lang='lat' dir='ltr'><strong>tantum</strong></span> 
     </span>
    </p>
   </div>
   <div class='ocr_carea' id='block_1_87' title="bbox 1860 3793 3452 3891">
    <p class='ocr_par' dir='ltr' id='par_1_87' title="bbox 1860 3793 3452 3891">
     <span class='ocr_line' id='line_1_87' title="bbox 1860 3793 3452 3891; baseline -0.021 -18"><span class='ocrx_word' id='word_1_601' title='bbox 1860 3818 2169 3891; x_wconf 82' lang='lat' dir='ltr'><strong>pontiﬁcem</strong></span> <span class='ocrx_word' id='word_1_602' title='bbox 2219 3815 2287 3868; x_wconf 89' lang='lat' dir='ltr'><strong>de</strong></span> <span class='ocrx_word' id='word_1_603' title='bbox 2331 3826 2475 3866; x_wconf 89' lang='lat' dir='ltr'><strong>novo</strong></span> <span class='ocrx_word' id='word_1_604' title='bbox 2505 3794 2866 3868; x_wconf 74' lang='lat' dir='ltr'><strong>insolentiqui:</strong></span> <span class='ocrx_word' id='word_1_605' title='bbox 2896 3793 3160 3851; x_wconf 88' lang='lat' dir='ltr'><strong>vocabulo</strong></span> <span class='ocrx_word' id='word_1_606' title='bbox 3189 3798 3244 3845; x_wconf 91' lang='lat' dir='ltr'><strong>et</strong></span> <span class='ocrx_word' id='word_1_607' title='bbox 3272 3804 3302 3842; x_wconf 92' lang='lat' dir='ltr'><strong>a</strong></span> <span class='ocrx_word' id='word_1_608' title='bbox 3333 3803 3452 3842; x_wconf 85' lang='lat' dir='ltr'><strong>mo-</strong></span> 
     </span>
    </p>
   </div>
   <div class='ocr_carea' id='block_1_88' title="bbox 1860 3877 3453 3977">
    <p class='ocr_par' dir='ltr' id='par_1_88' title="bbox 1860 3877 3453 3977">
     <span class='ocr_line' id='line_1_88' title="bbox 1860 3877 3453 3977; baseline -0.023 -10"><span class='ocrx_word' id='word_1_609' title='bbox 1860 3877 2031 3967; x_wconf 77' lang='lat' dir='ltr'><strong>destia</strong></span> <span class='ocrx_word' id='word_1_610' title='bbox 2074 3901 2367 3977; x_wconf 86' lang='lat' dir='ltr'><strong>episcopali</strong></span> <span class='ocrx_word' id='word_1_611' title='bbox 2412 3910 2636 3969; x_wconf 81' lang='lat' dir='ltr'><strong>prorsus</strong></span> <span class='ocrx_word' id='word_1_612' title='bbox 2684 3891 2864 3946; x_wconf 83' lang='lat' dir='ltr'><strong>alieno</strong></span> <span class='ocrx_word' id='word_1_613' title='bbox 2914 3881 3252 3956; x_wconf 87' lang='lat' dir='ltr'><strong>prolligando</strong></span> <span class='ocrx_word' id='word_1_614' title='bbox 3297 3877 3453 3934; x_wconf 85' lang='lat' dir='ltr'><strong>solli-</strong></span> 
     </span>
    </p>
   </div>
   <div class='ocr_carea' id='block_1_89' title="bbox 1860 4001 2074 4057">
    <p class='ocr_par' dir='ltr' id='par_1_89' title="bbox 1860 4001 2074 4057">
     <span class='ocr_line' id='line_1_89' title="bbox 1860 4001 2074 4057; baseline -0.023 0"><span class='ocrx_word' id='word_1_615' title='bbox 1860 4004 2028 4057; x_wconf 88' lang='lat' dir='ltr'><strong>citum</strong></span> <span class='ocrx_word' id='word_1_616' title='bbox 2050 4001 2074 4053; x_wconf 87' lang='lat'><strong>?</strong></span> 
     </span>
    </p>
   </div>
   <div class='ocr_carea' id='block_1_90' title="bbox 1934 4062 3451 4149">
    <p class='ocr_par' dir='ltr' id='par_1_90' title="bbox 1934 4062 3451 4149">
     <span class='ocr_line' id='line_1_90' title="bbox 1934 4062 3451 4149; baseline -0.023 0"><span class='ocrx_word' id='word_1_617' title='bbox 1934 4094 2098 4149; x_wconf 88' lang='lat' dir='ltr'><strong>Aiunt</strong></span> <span class='ocrx_word' id='word_1_618' title='bbox 2124 4084 2420 4143; x_wconf 83' lang='lat' dir='ltr'><strong>Aristarchi</strong></span> <span class='ocrx_word' id='word_1_619' title='bbox 2450 4078 2618 4136; x_wconf 88' lang='lat' dir='ltr'><strong>nostri</strong></span> <span class='ocrx_word' id='word_1_620' title='bbox 2642 4074 2884 4132; x_wconf 88' lang='lat' dir='ltr'><strong>eamdem</strong></span> <span class='ocrx_word' id='word_1_621' title='bbox 2909 4084 3027 4125; x_wconf 90' lang='lat' dir='ltr'><strong>esse</strong></span> <span class='ocrx_word' id='word_1_622' title='bbox 3047 4064 3345 4121; x_wconf 67' lang='lat' dir='ltr'><strong>mortmenici</strong></span> <span class='ocrx_word' id='word_1_623' title='bbox 3374 4062 3451 4117; x_wconf 85' lang='lat' dir='ltr'><strong>si-</strong></span> 
     </span>
    </p>
   </div>
   <div class='ocr_carea' id='block_1_91' title="bbox 1860 4153 3449 4258">
    <p class='ocr_par' dir='ltr' id='par_1_91' title="bbox 1860 4153 3449 4258">
     <span class='ocr_line' id='line_1_91' title="bbox 1860 4153 3449 4258; baseline -0.023 -18"><span class='ocrx_word' id='word_1_624' title='bbox 1860 4182 2258 4258; x_wconf 66' lang='lat' dir='ltr'><strong>gniﬁcationem</strong></span> <span class='ocrx_word' id='word_1_625' title='bbox 2285 4192 2349 4231; x_wconf 91' lang='lat' dir='ltr'><strong>ac</strong></span> <span class='ocrx_word' id='word_1_626' title='bbox 2372 4170 2653 4244; x_wconf 79' lang='lat' dir='ltr'><strong>generalis,</strong></span> <span class='ocrx_word' id='word_1_627' title='bbox 2675 4165 2826 4235; x_wconf 85' lang='lat' dir='ltr'><strong>cujus</strong></span> <span class='ocrx_word' id='word_1_628' title='bbox 2846 4161 3031 4216; x_wconf 90' lang='lat' dir='ltr'><strong>titulus</strong></span> <span class='ocrx_word' id='word_1_629' title='bbox 3055 4165 3131 4212; x_wconf 90' lang='lat' dir='ltr'><strong>tol</strong></span> <span class='ocrx_word' id='word_1_630' title='bbox 3157 4153 3449 4225; x_wconf 71' lang='lat' dir='ltr'><strong>pratlectis,</strong></span> 
     </span>
    </p>
   </div>
   <div class='ocr_carea' id='block_1_92' title="bbox 1861 4246 3453 4335">
    <p class='ocr_par' dir='ltr' id='par_1_92' title="bbox 1861 4246 3453 4335">
     <span class='ocr_line' id='line_1_92' title="bbox 1861 4246 3453 4335; baseline -0.023 -1"><span class='ocrx_word' id='word_1_631' title='bbox 1861 4280 1975 4335; x_wconf 88' lang='lat' dir='ltr'><strong>sive</strong></span> <span class='ocrx_word' id='word_1_632' title='bbox 2005 4271 2346 4335; x_wconf 86' lang='lat' dir='ltr'><strong>militaribus,</strong></span> <span class='ocrx_word' id='word_1_633' title='bbox 2377 4267 2491 4322; x_wconf 90' lang='lat' dir='ltr'><strong>sive</strong></span> <span class='ocrx_word' id='word_1_634' title='bbox 2518 4259 2761 4318; x_wconf 81' lang='lat' dir='ltr'><strong>civilibus</strong></span> <span class='ocrx_word' id='word_1_635' title='bbox 2783 4263 2838 4310; x_wconf 91' lang='lat' dir='ltr'><strong>et</strong></span> <span class='ocrx_word' id='word_1_636' title='bbox 2868 4251 3121 4324; x_wconf 85' lang='lat' dir='ltr'><strong>politicis,</strong></span> <span class='ocrx_word' id='word_1_637' title='bbox 3146 4249 3259 4305; x_wconf 87' lang='lat' dir='ltr'><strong>sive</strong></span> <span class='ocrx_word' id='word_1_638' title='bbox 3288 4246 3453 4301; x_wconf 87' lang='lat' dir='ltr'><strong>etiam</strong></span> 
     </span>
    </p>
   </div>
   <div class='ocr_carea' id='block_1_93' title="bbox 1862 4337 3456 4425">
    <p class='ocr_par' dir='ltr' id='par_1_93' title="bbox 1862 4337 3456 4425">
     <span class='ocr_line' id='line_1_93' title="bbox 1862 4337 3456 4425; baseline -0.023 1"><span class='ocrx_word' id='word_1_639' title='bbox 1862 4363 2243 4425; x_wconf 87' lang='lat' dir='ltr'><strong>ecclesiasticis</strong></span> <span class='ocrx_word' id='word_1_640' title='bbox 2265 4375 2328 4415; x_wconf 92' lang='lat' dir='ltr'><strong>ac</strong></span> <span class='ocrx_word' id='word_1_641' title='bbox 2350 4353 2684 4413; x_wconf 82' lang='lat' dir='ltr'><strong>monasticis,</strong></span> <span class='ocrx_word' id='word_1_642' title='bbox 2717 4346 2988 4404; x_wconf 91' lang='lat' dir='ltr'><strong>tribuitur.</strong></span> <span class='ocrx_word' id='word_1_643' title='bbox 3019 4343 3085 4395; x_wconf 83' lang='lat' dir='ltr'><strong>At</strong></span> <span class='ocrx_word' id='word_1_644' title='bbox 3108 4341 3265 4408; x_wconf 90' lang='lat' dir='ltr'><strong>longe</strong></span> <span class='ocrx_word' id='word_1_645' title='bbox 3292 4337 3456 4392; x_wconf 87' lang='lat' dir='ltr'><strong>latius</strong></span> 
     </span>
    </p>
   </div>
   <div class='ocr_carea' id='block_1_94' title="bbox 1864 4430 3457 4533">
    <p class='ocr_par' dir='ltr' id='par_1_94' title="bbox 1864 4430 3457 4533">
     <span class='ocr_line' id='line_1_94' title="bbox 1864 4430 3457 4533; baseline -0.022 -16"><span class='ocrx_word' id='word_1_646' title='bbox 1864 4469 2017 4533; x_wconf 90' lang='lat' dir='ltr'><strong>patet</strong></span> <span class='ocrx_word' id='word_1_647' title='bbox 2037 4452 2359 4514; x_wconf 77' lang='lat' dir='ltr'><strong>(ecumenici</strong></span> <span class='ocrx_word' id='word_1_648' title='bbox 2403 4445 2749 4518; x_wconf 84' lang='lat' dir='ltr'><strong>signiﬁcatus.</strong></span> <span class='ocrx_word' id='word_1_649' title='bbox 2783 4438 2861 4493; x_wconf 92' lang='lat' dir='ltr'><strong>llli</strong></span> <span class='ocrx_word' id='word_1_650' title='bbox 2892 4445 3071 4491; x_wconf 88' lang='lat' dir='ltr'><strong>autem</strong></span> <span class='ocrx_word' id='word_1_651' title='bbox 3102 4430 3331 4486; x_wconf 88' lang='lat' dir='ltr'><strong>ministri</strong></span> <span class='ocrx_word' id='word_1_652' title='bbox 3362 4436 3457 4483; x_wconf 89' lang='lat' dir='ltr'><strong>aut</strong></span> 
     </span>
    </p>
   </div>
   <div class='ocr_carea' id='block_1_95' title="bbox 182 4512 3523 4624">
    <p class='ocr_par' dir='ltr' id='par_1_95' title="bbox 182 4512 3523 4624">
     <span class='ocr_line' id='line_1_95' title="bbox 182 4512 3523 4624; baseline -0.016 -13"><span class='ocrx_word' id='word_1_653' title='bbox 182 4570 433 4611; x_wconf 84' lang='lat' dir='ltr'><strong>summum</strong></span> <span class='ocrx_word' id='word_1_654' title='bbox 466 4549 771 4623; x_wconf 82' lang='lat' dir='ltr'><strong>pontiﬁcem</strong></span> <span class='ocrx_word' id='word_1_655' title='bbox 803 4541 1167 4599; x_wconf 74' lang='lat' dir='ltr'><strong>mcumenicum</strong></span> <span class='ocrx_word' id='word_1_656' title='bbox 1194 4534 1483 4607; x_wconf 87' lang='lat' dir='ltr'><strong>appellavit</strong></span> <span class='ocrx_word' id='word_1_657' title='bbox 1507 4550 1521 4599; x_wconf 88' lang='lat'><strong>;</strong></span> <span class='ocrx_word' id='word_1_658' title='bbox 1565 4532 1760 4600; x_wconf 90' lang='lat' dir='ltr'><strong>quibus</strong></span> <span class='ocrx_word' id='word_1_659' title='bbox 1793 4512 1840 4572; x_wconf 84' lang='lat' dir='ltr'><strong>D</strong></span> <span class='ocrx_word' id='word_1_660' title='bbox 1865 4512 2104 4624; x_wconf 53' lang='lat' dir='ltr'><strong>Bmfecli</strong></span> <span class='ocrx_word' id='word_1_661' title='bbox 2130 4547 2181 4601; x_wconf 71' lang='lat' dir='ltr'><strong>in</strong></span> <span class='ocrx_word' id='word_1_662' title='bbox 2203 4512 2508 4611; x_wconf 61' lang='grc' dir='ltr'><strong>εχθωριιιξη</strong></span> <span class='ocrx_word' id='word_1_663' title='bbox 2530 4530 2765 4595; x_wconf 49' lang='lat' dir='ltr'><strong>adducti,</strong></span> <span class='ocrx_word' id='word_1_664' title='bbox 2796 4525 3074 4598; x_wconf 60' lang='lat' dir='ltr'><strong>generales</strong></span> <span class='ocrx_word' id='word_1_665' title='bbox 3102 4522 3375 4584; x_wconf 54' lang='lat' dir='ltr'><strong>dicuntur,</strong></span> <span class='ocrx_word' id='word_1_666' title='bbox 3397 4525 3457 4571; x_wconf 75' lang='grc' dir='ltr'><strong>ιιι</strong></span> <span class='ocrx_word' id='word_1_667' title='bbox 3522 4568 3523 4571; x_wconf 20' lang='grc' dir='ltr'><strong>η</strong></span> 
     </span>
    </p>
   </div>
   <div class='ocr_carea' id='block_1_96' title="bbox 184 4624 1759 4705">
    <p class='ocr_par' dir='ltr' id='par_1_96' title="bbox 184 4624 1759 4705">
     <span class='ocr_line' id='line_1_96' title="bbox 184 4624 1759 4705; baseline -0.017 -4"><span class='ocrx_word' id='word_1_668' title='bbox 184 4665 289 4702; x_wconf 87' lang='lat' dir='ltr'><strong>cum</strong></span> <span class='ocrx_word' id='word_1_669' title='bbox 317 4662 425 4701; x_wconf 90' lang='lat' dir='ltr'><strong>non</strong></span> <span class='ocrx_word' id='word_1_670' title='bbox 453 4637 859 4699; x_wconf 82' lang='lat' dir='ltr'><strong>intercesserint</strong></span> <span class='ocrx_word' id='word_1_671' title='bbox 887 4631 1078 4705; x_wconf 91' lang='lat' dir='ltr'><strong>synodi</strong></span> <span class='ocrx_word' id='word_1_672' title='bbox 1110 4629 1317 4696; x_wconf 83' lang='lat' dir='ltr'><strong>Patres,</strong></span> <span class='ocrx_word' id='word_1_673' title='bbox 1348 4641 1412 4680; x_wconf 90' lang='lat' dir='ltr'><strong>ea</strong></span> <span class='ocrx_word' id='word_1_674' title='bbox 1442 4624 1675 4694; x_wconf 90' lang='lat' dir='ltr'><strong>probare</strong></span> <span class='ocrx_word' id='word_1_675' title='bbox 1703 4628 1759 4675; x_wconf 91' lang='lat' dir='ltr'><strong>et</strong></span> 
     </span>
    </p>
   </div>
   <div class='ocr_carea' id='block_1_97' title="bbox 182 4715 1757 4793">
    <p class='ocr_par' dir='ltr' id='par_1_97' title="bbox 182 4715 1757 4793">
     <span class='ocr_line' id='line_1_97' title="bbox 182 4715 1757 4793; baseline -0.018 2"><span class='ocrx_word' id='word_1_676' title='bbox 182 4747 286 4793; x_wconf 86' lang='lat' dir='ltr'><strong>rata</strong></span> <span class='ocrx_word' id='word_1_677' title='bbox 310 4739 513 4793; x_wconf 90' lang='lat' dir='ltr'><strong>habere</strong></span> <span class='ocrx_word' id='word_1_678' title='bbox 542 4733 643 4788; x_wconf 91' lang='lat' dir='ltr'><strong>visi</strong></span> <span class='ocrx_word' id='word_1_679' title='bbox 673 4738 835 4785; x_wconf 88' lang='lat' dir='ltr'><strong>sunt:</strong></span> <span class='ocrx_word' id='word_1_680' title='bbox 869 4724 1103 4781; x_wconf 85' lang='lat' dir='ltr'><strong>maxime</strong></span> <span class='ocrx_word' id='word_1_681' title='bbox 1131 4737 1252 4777; x_wconf 91' lang='lat' dir='ltr'><strong>cum</strong></span> <span class='ocrx_word' id='word_1_682' title='bbox 1287 4720 1404 4774; x_wconf 62' lang='lat' dir='ltr'><strong>haec</strong></span> <span class='ocrx_word' id='word_1_683' title='bbox 1432 4724 1551 4771; x_wconf 89' lang='lat' dir='ltr'><strong>acta</strong></span> <span class='ocrx_word' id='word_1_684' title='bbox 1581 4715 1635 4770; x_wconf 91' lang='lat' dir='ltr'><strong>in</strong></span> <span class='ocrx_word' id='word_1_685' title='bbox 1665 4729 1757 4786; x_wconf 87' lang='lat' dir='ltr'><strong>sy-</strong></span> 
     </span>
    </p>
   </div>
   <div class='ocr_carea' id='block_1_98' title="bbox 184 4818 989 4885">
    <p class='ocr_par' dir='ltr' id='par_1_98' title="bbox 184 4818 989 4885">
     <span class='ocr_line' id='line_1_98' title="bbox 184 4818 989 4885; baseline -0.019 0"><span class='ocrx_word' id='word_1_686' title='bbox 184 4831 299 4885; x_wconf 86' lang='lat' dir='ltr'><strong>nodi</strong></span> <span class='ocrx_word' id='word_1_687' title='bbox 325 4828 537 4884; x_wconf 89' lang='lat' dir='ltr'><strong>tabulas</strong></span> <span class='ocrx_word' id='word_1_688' title='bbox 564 4824 737 4880; x_wconf 86' lang='lat' dir='ltr'><strong>relata</strong></span> <span class='ocrx_word' id='word_1_689' title='bbox 766 4818 989 4875; x_wconf 84' lang='lat' dir='ltr'><strong>fuerint.</strong></span> 
     </span>
    </p>
   </div>
   <div class='ocr_carea' id='block_1_99' title="bbox 245 4919 1756 5009">
    <p class='ocr_par' dir='ltr' id='par_1_99' title="bbox 245 4919 1756 5009">
     <span class='ocr_line' id='line_1_99' title="bbox 245 4919 1756 5009; baseline -0.015 -13"><span class='ocrx_word' id='word_1_690' title='bbox 245 4942 298 4998; x_wconf 76' lang='grc'><strong>4.</strong></span> <span class='ocrx_word' id='word_1_691' title='bbox 336 4941 486 5009; x_wconf 88' lang='lat' dir='ltr'><strong>Quod</strong></span> <span class='ocrx_word' id='word_1_692' title='bbox 541 4941 752 5007; x_wconf 87' lang='lat' dir='ltr'><strong>spectat</strong></span> <span class='ocrx_word' id='word_1_693' title='bbox 800 4931 869 4988; x_wconf 89' lang='lat' dir='ltr'><strong>ad</strong></span> <span class='ocrx_word' id='word_1_694' title='bbox 892 4929 1045 4986; x_wconf 87' lang='lat' dir='ltr'><strong>vocis</strong></span> <span class='ocrx_word' id='word_1_695' title='bbox 1088 4925 1248 4997; x_wconf 89' lang='lat' dir='ltr'><strong>hujus</strong></span> <span class='ocrx_word' id='word_1_696' title='bbox 1276 4919 1756 4993; x_wconf 87' lang='lat' dir='ltr'><strong>signiﬁcationem,</strong></span> 
     </span>
    </p>
   </div>
   <div class='ocr_carea' id='block_1_100' title="bbox 187 5013 1760 5093">
    <p class='ocr_par' dir='ltr' id='par_1_100' title="bbox 187 5013 1760 5093">
     <span class='ocr_line' id='line_1_100' title="bbox 187 5013 1760 5093; baseline -0.017 0"><span class='ocrx_word' id='word_1_697' title='bbox 187 5039 321 5093; x_wconf 88' lang='lat' dir='ltr'><strong>idem</strong></span> <span class='ocrx_word' id='word_1_698' title='bbox 348 5045 432 5093; x_wconf 86' lang='lat' dir='ltr'><strong>est</strong></span> <span class='ocrx_word' id='word_1_699' title='bbox 471 5030 867 5092; x_wconf 77' lang='lat' dir='ltr'><strong>recumenicum</strong></span> <span class='ocrx_word' id='word_1_700' title='bbox 895 5041 959 5081; x_wconf 90' lang='lat' dir='ltr'><strong>ac</strong></span> <span class='ocrx_word' id='word_1_701' title='bbox 987 5020 1324 5085; x_wconf 88' lang='lat' dir='ltr'><strong>universale;</strong></span> <span class='ocrx_word' id='word_1_702' title='bbox 1369 5026 1427 5074; x_wconf 92' lang='lat' dir='ltr'><strong>et</strong></span> <span class='ocrx_word' id='word_1_703' title='bbox 1471 5013 1760 5072; x_wconf 89' lang='lat' dir='ltr'><strong>concilium</strong></span> 
     </span>
    </p>
   </div>
   <div class='ocr_carea' id='block_1_101' title="bbox 185 5105 1763 5190">
    <p class='ocr_par' dir='ltr' id='par_1_101' title="bbox 185 5105 1763 5190">
     <span class='ocr_line' id='line_1_101' title="bbox 185 5105 1763 5190; baseline -0.019 -2"><span class='ocrx_word' id='word_1_704' title='bbox 185 5129 568 5187; x_wconf 77' lang='lat' dir='ltr'><strong>tecumenicum</strong></span> <span class='ocrx_word' id='word_1_705' title='bbox 597 5123 811 5186; x_wconf 89' lang='lat' dir='ltr'><strong>dicitur,</strong></span> <span class='ocrx_word' id='word_1_706' title='bbox 840 5118 985 5190; x_wconf 89' lang='lat' dir='ltr'><strong>quod</strong></span> <span class='ocrx_word' id='word_1_707' title='bbox 1014 5131 1080 5173; x_wconf 89' lang='lat' dir='ltr'><strong>ex</strong></span> <span class='ocrx_word' id='word_1_708' title='bbox 1110 5113 1359 5171; x_wconf 90' lang='lat' dir='ltr'><strong>omnibus</strong></span> <span class='ocrx_word' id='word_1_709' title='bbox 1385 5108 1569 5165; x_wconf 90' lang='lat' dir='ltr'><strong>mundi</strong></span> <span class='ocrx_word' id='word_1_710' title='bbox 1594 5105 1763 5177; x_wconf 79' lang='lat' dir='ltr'><strong>parti-</strong></span> 
     </span>
    </p>
   </div>
   <div class='ocr_carea' id='block_1_102' title="bbox 186 5199 1761 5279">
    <p class='ocr_par' dir='ltr' id='par_1_102' title="bbox 186 5199 1761 5279">
     <span class='ocr_line' id='line_1_102' title="bbox 186 5199 1761 5279; baseline -0.016 -4"><span class='ocrx_word' id='word_1_711' title='bbox 186 5220 276 5276; x_wconf 87' lang='lat' dir='ltr'><strong>bus</strong></span> <span class='ocrx_word' id='word_1_712' title='bbox 318 5216 699 5275; x_wconf 87' lang='lat' dir='ltr'><strong>habitabilibus</strong></span> <span class='ocrx_word' id='word_1_713' title='bbox 744 5212 812 5268; x_wconf 85' lang='lat' dir='ltr'><strong>ad</strong></span> <span class='ocrx_word' id='word_1_714' title='bbox 858 5224 993 5279; x_wconf 87' lang='lat' dir='ltr'><strong>quas</strong></span> <span class='ocrx_word' id='word_1_715' title='bbox 1042 5205 1359 5275; x_wconf 88' lang='lat' dir='ltr'><strong>religionem</strong></span> <span class='ocrx_word' id='word_1_716' title='bbox 1401 5199 1761 5256; x_wconf 86' lang='lat' dir='ltr'><strong>Christianam</strong></span> 
     </span>
    </p>
   </div>
   <div class='ocr_carea' id='block_1_103' title="bbox 186 5288 1767 5379">
    <p class='ocr_par' dir='ltr' id='par_1_103' title="bbox 186 5288 1767 5379">
     <span class='ocr_line' id='line_1_103' title="bbox 186 5288 1767 5379; baseline -0.018 -11"><span class='ocrx_word' id='word_1_717' title='bbox 186 5310 442 5367; x_wconf 87' lang='lat' dir='ltr'><strong>credimus</strong></span> <span class='ocrx_word' id='word_1_718' title='bbox 478 5306 794 5379; x_wconf 89' lang='lat' dir='ltr'><strong>pervenisse</strong></span> <span class='ocrx_word' id='word_1_719' title='bbox 821 5308 1151 5358; x_wconf 87' lang='lat' dir='ltr'><strong>convocatur</strong></span> <span class='ocrx_word' id='word_1_720' title='bbox 1190 5304 1246 5351; x_wconf 89' lang='lat' dir='ltr'><strong>et</strong></span> <span class='ocrx_word' id='word_1_721' title='bbox 1286 5298 1663 5362; x_wconf 87' lang='lat' dir='ltr'><strong>congregatur.</strong></span> <span class='ocrx_word' id='word_1_722' title='bbox 1698 5288 1767 5341; x_wconf 89' lang='lat' dir='ltr'><strong>Et</strong></span> 
     </span>
    </p>
   </div>
   <div class='ocr_carea' id='block_1_104' title="bbox 190 5381 1768 5471">
    <p class='ocr_par' dir='ltr' id='par_1_104' title="bbox 190 5381 1768 5471">
     <span class='ocr_line' id='line_1_104' title="bbox 190 5381 1768 5471; baseline -0.013 -15"><span class='ocrx_word' id='word_1_723' title='bbox 190 5403 422 5471; x_wconf 87' lang='lat' dir='ltr'><strong>quamvis</strong></span> <span class='ocrx_word' id='word_1_724' title='bbox 463 5402 559 5456; x_wconf 90' lang='lat' dir='ltr'><strong>has</strong></span> <span class='ocrx_word' id='word_1_725' title='bbox 607 5398 675 5453; x_wconf 88' lang='lat' dir='ltr'><strong>ad</strong></span> <span class='ocrx_word' id='word_1_726' title='bbox 713 5395 950 5468; x_wconf 84' lang='lat' dir='ltr'><strong>synodos</strong></span> <span class='ocrx_word' id='word_1_727' title='bbox 996 5407 1064 5446; x_wconf 85' lang='lat' dir='ltr'><strong>ex</strong></span> <span class='ocrx_word' id='word_1_728' title='bbox 1094 5388 1239 5446; x_wconf 91' lang='lat' dir='ltr'><strong>omni</strong></span> <span class='ocrx_word' id='word_1_729' title='bbox 1283 5386 1416 5442; x_wconf 91' lang='lat' dir='ltr'><strong>orbe</strong></span> <span class='ocrx_word' id='word_1_730' title='bbox 1461 5381 1768 5437; x_wconf 90' lang='lat' dir='ltr'><strong>Christiano</strong></span> 
     </span>
    </p>
   </div>
   <div class='ocr_carea' id='block_1_105' title="bbox 190 5470 1765 5561">
    <p class='ocr_par' dir='ltr' id='par_1_105' title="bbox 190 5470 1765 5561">
     <span class='ocr_line' id='line_1_105' title="bbox 190 5470 1765 5561; baseline -0.015 -14"><span class='ocrx_word' id='word_1_731' title='bbox 190 5470 421 5561; x_wconf 85' lang='lat' dir='ltr'><strong>episcopi</strong></span> <span class='ocrx_word' id='word_1_732' title='bbox 458 5498 551 5545; x_wconf 90' lang='lat' dir='ltr'><strong>aut</strong></span> <span class='ocrx_word' id='word_1_733' title='bbox 593 5502 779 5543; x_wconf 90' lang='lat' dir='ltr'><strong>eorum</strong></span> <span class='ocrx_word' id='word_1_734' title='bbox 809 5482 970 5552; x_wconf 86' lang='lat' dir='ltr'><strong>legati</strong></span> <span class='ocrx_word' id='word_1_735' title='bbox 1000 5481 1231 5537; x_wconf 88' lang='lat' dir='ltr'><strong>fortasse</strong></span> <span class='ocrx_word' id='word_1_736' title='bbox 1261 5491 1368 5531; x_wconf 91' lang='lat' dir='ltr'><strong>non</strong></span> <span class='ocrx_word' id='word_1_737' title='bbox 1391 5470 1765 5533; x_wconf 85' lang='lat' dir='ltr'><strong>convenerint,</strong></span> 
     </span>
    </p>
   </div>
   <div class='ocr_carea' id='block_1_106' title="bbox 192 5563 1771 5653">
    <p class='ocr_par' dir='ltr' id='par_1_106' title="bbox 192 5563 1771 5653">
     <span class='ocr_line' id='line_1_106' title="bbox 192 5563 1771 5653; baseline -0.015 -16"><span class='ocrx_word' id='word_1_738' title='bbox 192 5583 468 5653; x_wconf 78' lang='lat' dir='ltr'><strong>aliquando</strong></span> <span class='ocrx_word' id='word_1_739' title='bbox 492 5595 614 5652; x_wconf 78' lang='lat' dir='ltr'><strong>qua:</strong></span> <span class='ocrx_word' id='word_1_740' title='bbox 636 5580 689 5633; x_wconf 92' lang='lat' dir='ltr'><strong>in</strong></span> <span class='ocrx_word' id='word_1_741' title='bbox 718 5574 1109 5634; x_wconf 89' lang='lat' dir='ltr'><strong>convocatione</strong></span> <span class='ocrx_word' id='word_1_742' title='bbox 1137 5577 1194 5626; x_wconf 91' lang='lat' dir='ltr'><strong>et</strong></span> <span class='ocrx_word' id='word_1_743' title='bbox 1214 5563 1637 5638; x_wconf 85' lang='lat' dir='ltr'><strong>congregatione</strong></span> <span class='ocrx_word' id='word_1_744' title='bbox 1663 5577 1771 5615; x_wconf 86' lang='lat' dir='ltr'><strong>non</strong></span> 
     </span>
    </p>
   </div>
   <div class='ocr_carea' id='block_1_107' title="bbox 195 5657 1769 5749">
    <p class='ocr_par' dir='ltr' id='par_1_107' title="bbox 195 5657 1769 5749">
     <span class='ocr_line' id='line_1_107' title="bbox 195 5657 1769 5749; baseline -0.018 -15"><span class='ocrx_word' id='word_1_745' title='bbox 195 5684 306 5733; x_wconf 77' lang='lat' dir='ltr'><strong>erat</strong></span> <span class='ocrx_word' id='word_1_746' title='bbox 328 5675 564 5749; x_wconf 85' lang='lat' dir='ltr'><strong>synodus</strong></span> <span class='ocrx_word' id='word_1_747' title='bbox 591 5670 928 5736; x_wconf 87' lang='lat' dir='ltr'><strong>universalis,</strong></span> <span class='ocrx_word' id='word_1_748' title='bbox 958 5668 1096 5723; x_wconf 85' lang='lat' dir='ltr'><strong>facta</strong></span> <span class='ocrx_word' id='word_1_749' title='bbox 1135 5670 1218 5721; x_wconf 87' lang='lat' dir='ltr'><strong>est</strong></span> <span class='ocrx_word' id='word_1_750' title='bbox 1245 5657 1511 5733; x_wconf 87' lang='lat' dir='ltr'><strong>generalis</strong></span> <span class='ocrx_word' id='word_1_751' title='bbox 1537 5661 1593 5712; x_wconf 88' lang='lat' dir='ltr'><strong>et</strong></span> <span class='ocrx_word' id='word_1_752' title='bbox 1621 5667 1769 5710; x_wconf 80' lang='lat' dir='ltr'><strong>oecu-</strong></span> 
     </span>
    </p>
   </div>
   <div class='ocr_carea' id='block_1_108' title="bbox 1866 4608 3455 4713">
    <p class='ocr_par' dir='ltr' id='par_1_108' title="bbox 1866 4608 3455 4713">
     <span class='ocr_line' id='line_1_108' title="bbox 1866 4608 3455 4713; baseline -0.026 -15"><span class='ocrx_word' id='word_1_753' title='bbox 1866 4608 1897 4698; x_wconf 61' lang='grc' dir='ltr'><strong>ξι</strong></span> <span class='ocrx_word' id='word_1_754' title='bbox 1920 4635 2352 4713; x_wconf 88' lang='lat' dir='ltr'><strong>particularibus,</strong></span> <span class='ocrx_word' id='word_1_755' title='bbox 2369 4640 2597 4699; x_wconf 88' lang='lat' dir='ltr'><strong>quorum</strong></span> <span class='ocrx_word' id='word_1_756' title='bbox 2618 4622 2797 4677; x_wconf 88' lang='lat' dir='ltr'><strong>minor</strong></span> <span class='ocrx_word' id='word_1_757' title='bbox 2818 4625 2902 4672; x_wconf 91' lang='lat' dir='ltr'><strong>cst</strong></span> <span class='ocrx_word' id='word_1_758' title='bbox 2922 4611 3234 4673; x_wconf 87' lang='lat' dir='ltr'><strong>auctoritas,</strong></span> <span class='ocrx_word' id='word_1_759' title='bbox 3259 4608 3455 4661; x_wconf 90' lang='lat' dir='ltr'><strong>discer-</strong></span> 
     </span>
    </p>
   </div>
   <div class='ocr_carea' id='block_1_109' title="bbox 1867 4698 3458 4790">
    <p class='ocr_par' dir='ltr' id='par_1_109' title="bbox 1867 4698 3458 4790">
     <span class='ocr_line' id='line_1_109' title="bbox 1867 4698 3458 4790; baseline -0.023 -1"><span class='ocrx_word' id='word_1_760' title='bbox 1867 4698 2080 4790; x_wconf 71' lang='lat' dir='ltr'><strong>nantur.</strong></span> <span class='ocrx_word' id='word_1_761' title='bbox 2106 4727 2304 4783; x_wconf 79' lang='lat' dir='ltr'><strong>Verum</strong></span> <span class='ocrx_word' id='word_1_762' title='bbox 2330 4698 2436 4776; x_wconf 84' lang='lat' dir='ltr'><strong>hoc</strong></span> <span class='ocrx_word' id='word_1_763' title='bbox 2465 4730 2625 4773; x_wconf 86' lang='lat' dir='ltr'><strong>sensu</strong></span> <span class='ocrx_word' id='word_1_764' title='bbox 2652 4707 2973 4783; x_wconf 78' lang='lat' dir='ltr'><strong>patriarcha:</strong></span> <span class='ocrx_word' id='word_1_765' title='bbox 3002 4698 3458 4766; x_wconf 88' lang='lat' dir='ltr'><strong>Constantinopo-</strong></span> 
     </span>
    </p>
   </div>
   <div class='ocr_carea' id='block_1_110' title="bbox 1864 4786 3456 4888">
    <p class='ocr_par' dir='ltr' id='par_1_110' title="bbox 1864 4786 3456 4888">
     <span class='ocr_line' id='line_1_110' title="bbox 1864 4786 3456 4888; baseline -0.028 -7"><span class='ocrx_word' id='word_1_766' title='bbox 1864 4786 2017 4880; x_wconf 78' lang='lat' dir='ltr'><strong>litani</strong></span> <span class='ocrx_word' id='word_1_767' title='bbox 2048 4827 2387 4888; x_wconf 90' lang='lat' dir='ltr'><strong>nequaquam</strong></span> <span class='ocrx_word' id='word_1_768' title='bbox 2417 4804 2694 4878; x_wconf 89' lang='lat' dir='ltr'><strong>generales</strong></span> <span class='ocrx_word' id='word_1_769' title='bbox 2715 4799 2819 4855; x_wconf 92' lang='lat' dir='ltr'><strong>dici</strong></span> <span class='ocrx_word' id='word_1_770' title='bbox 2850 4799 3119 4867; x_wconf 88' lang='lat' dir='ltr'><strong>poterant.</strong></span> <span class='ocrx_word' id='word_1_771' title='bbox 3152 4788 3286 4843; x_wconf 88' lang='lat' dir='ltr'><strong>Peto</strong></span> <span class='ocrx_word' id='word_1_772' title='bbox 3310 4786 3456 4841; x_wconf 88' lang='lat' dir='ltr'><strong>enim</strong></span> 
     </span>
    </p>
   </div>
   <div class='ocr_carea' id='block_1_111' title="bbox 1866 4876 3458 4984">
    <p class='ocr_par' dir='ltr' id='par_1_111' title="bbox 1866 4876 3458 4984">
     <span class='ocr_line' id='line_1_111' title="bbox 1866 4876 3458 4984; baseline -0.026 -13"><span class='ocrx_word' id='word_1_773' title='bbox 1866 4915 1958 4984; x_wconf 90' lang='lat' dir='ltr'><strong>qui</strong></span> <span class='ocrx_word' id='word_1_774' title='bbox 1987 4876 2185 4967; x_wconf 76' lang='lat' dir='ltr'><strong>iuerint</strong></span> <span class='ocrx_word' id='word_1_775' title='bbox 2216 4876 2291 4961; x_wconf 76' lang='lat' dir='ltr'><strong>illi</strong></span> <span class='ocrx_word' id='word_1_776' title='bbox 2319 4876 2637 4973; x_wconf 76' lang='lat' dir='ltr'><strong>patriarcha:</strong></span> <span class='ocrx_word' id='word_1_777' title='bbox 2692 4888 3042 4963; x_wconf 90' lang='lat' dir='ltr'><strong>particulares</strong></span> <span class='ocrx_word' id='word_1_778' title='bbox 3070 4897 3101 4937; x_wconf 89' lang='lat' dir='ltr'><strong>a</strong></span> <span class='ocrx_word' id='word_1_779' title='bbox 3129 4880 3324 4951; x_wconf 88' lang='lat' dir='ltr'><strong>quibus</strong></span> <span class='ocrx_word' id='word_1_780' title='bbox 3350 4876 3458 4931; x_wconf 89' lang='lat' dir='ltr'><strong>hoc</strong></span> 
     </span>
    </p>
   </div>
   <div class='ocr_carea' id='block_1_112' title="bbox 1866 4988 2726 5065">
    <p class='ocr_par' dir='ltr' id='par_1_112' title="bbox 1866 4988 2726 5065">
     <span class='ocr_line' id='line_1_112' title="bbox 1866 4988 2726 5065; baseline -0.033 1"><span class='ocrx_word' id='word_1_781' title='bbox 1866 5005 2131 5065; x_wconf 82' lang='lat' dir='ltr'><strong>vocabulo</strong></span> <span class='ocrx_word' id='word_1_782' title='bbox 2160 4996 2371 5057; x_wconf 88' lang='lat' dir='ltr'><strong>secerni</strong></span> <span class='ocrx_word' id='word_1_783' title='bbox 2403 4988 2726 5048; x_wconf 89' lang='lat' dir='ltr'><strong>debuerint?</strong></span> 
     </span>
    </p>
   </div>
   <div class='ocr_carea' id='block_1_113' title="bbox 1941 5074 3461 5153">
    <p class='ocr_par' dir='ltr' id='par_1_113' title="bbox 1941 5074 3461 5153">
     <span class='ocr_line' id='line_1_113' title="bbox 1941 5074 3461 5153; baseline -0.027 0"><span class='ocrx_word' id='word_1_784' title='bbox 1941 5098 2209 5153; x_wconf 69' lang='lat' dir='ltr'><strong>Prmterea</strong></span> <span class='ocrx_word' id='word_1_785' title='bbox 2236 5102 2358 5144; x_wconf 93' lang='lat' dir='ltr'><strong>cum</strong></span> <span class='ocrx_word' id='word_1_786' title='bbox 2385 5085 2438 5139; x_wconf 92' lang='lat' dir='ltr'><strong>in</strong></span> <span class='ocrx_word' id='word_1_787' title='bbox 2470 5076 2689 5149; x_wconf 90' lang='lat' dir='ltr'><strong>ancipiti</strong></span> <span class='ocrx_word' id='word_1_788' title='bbox 2713 5074 2874 5134; x_wconf 87' lang='lat' dir='ltr'><strong>foret,</strong></span> <span class='ocrx_word' id='word_1_789' title='bbox 2898 5083 3007 5140; x_wconf 91' lang='lat' dir='ltr'><strong>quo</strong></span> <span class='ocrx_word' id='word_1_790' title='bbox 3028 5074 3192 5122; x_wconf 90' lang='lat' dir='ltr'><strong>sensu</strong></span> <span class='ocrx_word' id='word_1_791' title='bbox 3218 5074 3461 5118; x_wconf 77' lang='lat' dir='ltr'><strong>meumr:-</strong></span> 
     </span>
    </p>
   </div>
   <div class='ocr_carea' id='block_1_114' title="bbox 1872 5153 3459 5248">
    <p class='ocr_par' dir='ltr' id='par_1_114' title="bbox 1872 5153 3459 5248">
     <span class='ocr_line' id='line_1_114' title="bbox 1872 5153 3459 5248; baseline -0.028 -1"><span class='ocrx_word' id='word_1_792' title='bbox 1872 5192 2022 5246; x_wconf 90' lang='lat' dir='ltr'><strong>nicos</strong></span> <span class='ocrx_word' id='word_1_793' title='bbox 2048 5198 2169 5240; x_wconf 85' lang='lat' dir='ltr'><strong>esse</strong></span> <span class='ocrx_word' id='word_1_794' title='bbox 2195 5197 2254 5236; x_wconf 90' lang='lat' dir='ltr'><strong>se</strong></span> <span class='ocrx_word' id='word_1_795' title='bbox 2274 5178 2568 5248; x_wconf 90' lang='lat' dir='ltr'><strong>jactarent,</strong></span> <span class='ocrx_word' id='word_1_796' title='bbox 2599 5161 2950 5222; x_wconf 89' lang='lat' dir='ltr'><strong>metuendum</strong></span> <span class='ocrx_word' id='word_1_797' title='bbox 2978 5164 3097 5213; x_wconf 90' lang='lat' dir='ltr'><strong>erat</strong></span> <span class='ocrx_word' id='word_1_798' title='bbox 3123 5169 3192 5209; x_wconf 91' lang='lat' dir='ltr'><strong>ne</strong></span> <span class='ocrx_word' id='word_1_799' title='bbox 3218 5153 3459 5221; x_wconf 86' lang='lat' dir='ltr'><strong>ipsorum</strong></span> 
     </span>
    </p>
   </div>
   <div class='ocr_carea' id='block_1_115' title="bbox 1873 5243 3461 5336">
    <p class='ocr_par' dir='ltr' id='par_1_115' title="bbox 1873 5243 3461 5336">
     <span class='ocr_line' id='line_1_115' title="bbox 1873 5243 3461 5336; baseline -0.028 1"><span class='ocrx_word' id='word_1_800' title='bbox 1873 5243 2095 5336; x_wconf 71' lang='lat' dir='ltr'><strong>ambitio</strong></span> <span class='ocrx_word' id='word_1_801' title='bbox 2124 5272 2256 5329; x_wconf 89' lang='lat' dir='ltr'><strong>satis</strong></span> <span class='ocrx_word' id='word_1_802' title='bbox 2275 5243 2434 5330; x_wconf 70' lang='lat' dir='ltr'><strong>uota,</strong></span> <span class='ocrx_word' id='word_1_803' title='bbox 2468 5263 2615 5316; x_wconf 91' lang='lat' dir='ltr'><strong>illum</strong></span> <span class='ocrx_word' id='word_1_804' title='bbox 2642 5257 2733 5326; x_wconf 90' lang='lat' dir='ltr'><strong>qui</strong></span> <span class='ocrx_word' id='word_1_805' title='bbox 2770 5252 2930 5307; x_wconf 90' lang='lat' dir='ltr'><strong>latius</strong></span> <span class='ocrx_word' id='word_1_806' title='bbox 2973 5253 3205 5319; x_wconf 87' lang='lat' dir='ltr'><strong>pateret,</strong></span> <span class='ocrx_word' id='word_1_807' title='bbox 3237 5243 3347 5296; x_wconf 88' lang='lat' dir='ltr'><strong>hoc</strong></span> <span class='ocrx_word' id='word_1_808' title='bbox 3375 5245 3461 5294; x_wconf 87' lang='lat' dir='ltr'><strong>est</strong></span> 
     </span>
    </p>
   </div>
   <div class='ocr_carea' id='block_1_116' title="bbox 1872 5333 3461 5445">
    <p class='ocr_par' dir='ltr' id='par_1_116' title="bbox 1872 5333 3461 5445">
     <span class='ocr_line' id='line_1_116' title="bbox 1872 5333 3461 5445; baseline -0.028 -16"><span class='ocrx_word' id='word_1_809' title='bbox 1872 5370 2161 5445; x_wconf 89' lang='lat' dir='ltr'><strong>pessimum</strong></span> <span class='ocrx_word' id='word_1_810' title='bbox 2186 5370 2241 5417; x_wconf 90' lang='lat' dir='ltr'><strong>et</strong></span> <span class='ocrx_word' id='word_1_811' title='bbox 2262 5355 2569 5414; x_wconf 80' lang='lat' dir='ltr'><strong>luereticum</strong></span> <span class='ocrx_word' id='word_1_812' title='bbox 2591 5350 2891 5403; x_wconf 89' lang='lat' dir='ltr'><strong>assumeret</strong></span> <span class='ocrx_word' id='word_1_813' title='bbox 2914 5358 2928 5394; x_wconf 88' lang='lat'><strong>:</strong></span> <span class='ocrx_word' id='word_1_814' title='bbox 2951 5338 3072 5408; x_wconf 90' lang='lat' dir='ltr'><strong>quis</strong></span> <span class='ocrx_word' id='word_1_815' title='bbox 3106 5333 3268 5390; x_wconf 89' lang='lat' dir='ltr'><strong>modo</strong></span> <span class='ocrx_word' id='word_1_816' title='bbox 3295 5344 3461 5386; x_wconf 87' lang='lat' dir='ltr'><strong>sanus</strong></span> 
     </span>
    </p>
   </div>
   <div class='ocr_carea' id='block_1_117' title="bbox 1867 5428 3462 5532">
    <p class='ocr_par' dir='ltr' id='par_1_117' title="bbox 1867 5428 3462 5532">
     <span class='ocr_line' id='line_1_117' title="bbox 1867 5428 3462 5532; baseline -0.029 -12"><span class='ocrx_word' id='word_1_817' title='bbox 1867 5428 2139 5532; x_wconf 71' lang='lat' dir='ltr'><strong>vituperet</strong></span> <span class='ocrx_word' id='word_1_818' title='bbox 2159 5459 2403 5511; x_wconf 88' lang='lat' dir='ltr'><strong>sanctum</strong></span> <span class='ocrx_word' id='word_1_819' title='bbox 2431 5447 2625 5506; x_wconf 87' lang='lat' dir='ltr'><strong>virum,</strong></span> <span class='ocrx_word' id='word_1_820' title='bbox 2647 5435 2793 5508; x_wconf 89' lang='lat' dir='ltr'><strong>quod</strong></span> <span class='ocrx_word' id='word_1_821' title='bbox 2823 5446 2944 5489; x_wconf 89' lang='lat' dir='ltr'><strong>cum</strong></span> <span class='ocrx_word' id='word_1_822' title='bbox 2974 5431 3090 5501; x_wconf 89' lang='lat' dir='ltr'><strong>ipse</strong></span> <span class='ocrx_word' id='word_1_823' title='bbox 3117 5428 3171 5482; x_wconf 88' lang='lat' dir='ltr'><strong>in</strong></span> <span class='ocrx_word' id='word_1_824' title='bbox 3198 5429 3462 5497; x_wconf 69' lang='lat' dir='ltr'><strong>prmstan-</strong></span> 
     </span>
    </p>
   </div>
   <div class='ocr_carea' id='block_1_118' title="bbox 1872 5515 3460 5614">
    <p class='ocr_par' dir='ltr' id='par_1_118' title="bbox 1872 5515 3460 5614">
     <span class='ocr_line' id='line_1_118' title="bbox 1872 5515 3460 5614; baseline -0.031 -1"><span class='ocrx_word' id='word_1_825' title='bbox 1872 5515 2077 5614; x_wconf 65' lang='lat' dir='ltr'><strong>tissiina</strong></span> <span class='ocrx_word' id='word_1_826' title='bbox 2126 5554 2444 5613; x_wconf 91' lang='lat' dir='ltr'><strong>summaque</strong></span> <span class='ocrx_word' id='word_1_827' title='bbox 2494 5530 2746 5590; x_wconf 79' lang='lat' dir='ltr'><strong>Ecclesia:</strong></span> <span class='ocrx_word' id='word_1_828' title='bbox 2790 5524 3052 5594; x_wconf 87' lang='lat' dir='ltr'><strong>dignitate</strong></span> <span class='ocrx_word' id='word_1_829' title='bbox 3096 5515 3460 5577; x_wconf 89' lang='lat' dir='ltr'><strong>humilitatem</strong></span> 
     </span>
    </p>
   </div>
   <div class='ocr_carea' id='block_1_119' title="bbox 1874 5607 3463 5708">
    <p class='ocr_par' dir='ltr' id='par_1_119' title="bbox 1874 5607 3463 5708">
     <span class='ocr_line' id='line_1_119' title="bbox 1874 5607 3463 5708; baseline -0.031 0"><span class='ocrx_word' id='word_1_830' title='bbox 1874 5607 2010 5706; x_wconf 73' lang='lat' dir='ltr'><strong>adeo</strong></span> <span class='ocrx_word' id='word_1_831' title='bbox 2039 5644 2262 5708; x_wconf 85' lang='lat' dir='ltr'><strong>coleret,</strong></span> <span class='ocrx_word' id='word_1_832' title='bbox 2286 5607 2658 5706; x_wconf 76' lang='lat' dir='ltr'><strong>supcrbicntes</strong></span> <span class='ocrx_word' id='word_1_833' title='bbox 2672 5620 2957 5695; x_wconf 87' lang='lat' dir='ltr'><strong>episcopos</strong></span> <span class='ocrx_word' id='word_1_834' title='bbox 2976 5613 3044 5672; x_wconf 88' lang='lat' dir='ltr'><strong>ad</strong></span> <span class='ocrx_word' id='word_1_835' title='bbox 3062 5622 3183 5671; x_wconf 59' lang='lat' dir='ltr'><strong>ean</strong></span> <span class='ocrx_word' id='word_1_836' title='bbox 3205 5607 3463 5665; x_wconf 76' lang='lat' dir='ltr'><strong>virtutem</strong></span> 
     </span>
    </p>
   </div>
  </div>
