3992 6298
494 369 597 426 347

984 368 1045 424 s.
1086 365 1413 425 CREGORII
1448 362 1657 419 suos:
1699 359 1878 427 vm,
1922 355 2015 411 ex
2056 353 2220 412 EJUS
2257 358 2561 418 SCRIPTIS
2600 359 2997 417 Apertum.
3039 361 3163 417 un.
3207 362 3291 419 tu.
3332 322 3335 323 ί

3648 367 3745 424 3i8

492 499 655 555 quam
692 482 937 540 Christus
970 496 1001 535 a
1030 496 1089 536 se
1113 496 1211 534 nos
1247 479 1456 533 discere
1496 473 1832 544 potissimum
1874 470 2073 532 voluit,
2104 470 2154 527 Α
2179 480 2473 537 gnomento
2514 471 2860 543 Jejunatoris.
2893 475 3123 532 Additur
3159 493 3283 533 eum
3325 478 3614 550 Liturgiam
3640 500 3753 555 quae

494 590 791 647 provocare
818 584 874 629 et
898 587 1156 628 revocare
1184 568 1510 626 conaretur?

564 669 618 722 6.
637 668 734 723 liic
755 682 933 739 opera:
953 665 1183 734 pretium
1204 670 1286 716 est
1300 662 1588 714 observare
1603 656 1793 728 quibus
1821 654 2075 725 gradibus

492 754 1117 825 Constantinopolitanus
1164 751 1446 821 episcopus
1494 748 1561 803 ad
1604 756 1763 802 tanta:
1802 745 2077 814 dignitatis

494 851 759 913 fastigium
807 844 1165 915 pervenisset,
1206 851 1265 896 ut
1312 841 1442 895 nulli
1490 839 1579 893 alii
1625 854 1784 907 quam
1828 838 2074 891 Romano

495 937 733 1008 pontifici
758 936 1050 990 haberetur
1071 932 1312 988 inferior.
1344 930 1581 986 Primum
1613 931 1793 999 itaque
1817 929 2073 999 episcopo
2110 936 2113 939 ‘

490 1025 835 1085 lleracleeusi
880 1024 1157 1091 subditus,
1199 1031 1386 1093 postea
1423 1022 1509 1090 jus
1539 1020 1991 1089 metropoliticum
2021 1024 2076 1071 et

492 1117 835 1171 exarchicum
867 1116 920 1169 in
947 1114 1357 1169 Heracleensem
1380 1113 1619 1179 aliosque
1643 1110 1901 1181 plurimos
1930 1108 2075 1177 epis-

493 1223 658 1279 copos
687 1208 945 1263 exercuit.
980 1207 1179 1262 Deinde
1209 1206 1441 1274 antiquis
1478 1202 1797 1273 patriarchis
1825 1214 2078 1255 annume-

495 1308 644 1354 ratus
677 1307 794 1365 est;
840 1313 905 1353 ac
957 1313 1066 1352 non
1110 1298 1281 1353 multo
1326 1304 1449 1367 post
1489 1295 1651 1349 fultus
1692 1296 2075 1363 imperatorum

494 1398 792 1458 potestate,
835 1388 1251 1455 consentireque
1298 1385 1503 1441 coactis
1548 1384 1815 1454 episcopis
1859 1389 1914 1436 et
1947 1381 2077 1450 ipsis

494 1477 659 1533 etiam
706 1476 1058 1547 patriarchis,
1102 1476 1195 1544 qui
1240 1474 1354 1543 ejus
1392 1488 1555 1543 opera
1610 1479 1666 1527 et
1714 1472 1885 1539 gratia
1932 1469 2075 1539 apud

494 1566 782 1634 Augustos,
806 1565 859 1618 in
881 1565 1041 1619 variis
1070 1564 1416 1619 ecclesiarum
1447 1578 1663 1616 suarum
1689 1561 1916 1629 negotiis
1938 1559 2075 1615 indi-

493 1656 711 1722 gebant,
742 1653 792 1707 id
819 1662 1137 1709 consecutus
1165 1662 1247 1707 est
1276 1654 1329 1707 in
1354 1654 1581 1708 concilio
1611 1652 2067 1721 Constantinopo-

494 1745 664 1799 litano
709 1746 944 1798 secundo
992 1743 1272 1813 generali,
1310 1750 1365 1798 et
1406 1744 1458 1797 in
1506 1742 1963 1810 Chalcedonensi,
2018 1751 2076 1798 ut

2178 561 2548 634 Chrysostomi
2600 567 2841 622 creditur
2894 570 3104 626 meliori
3158 572 3348 628 ordine
3400 574 3753 646 disposuisse,

2178 663 2341 724 atque
2371 657 2422 710 in
2454 672 2517 712 ea
2546 674 2605 713 se
2635 661 2855 715 nomine
2891 662 3027 716 sacri
3074 665 3324 719 monachi
3355 674 3448 720 aut
3473 669 3757 723 sacerdotis

2178 747 2425 800 monachi
2457 749 2859 825 ἱερομονάζοντος
2904 752 3233 820 designasse.
3266 754 3336 808 At
3374 756 3465 810 illa
3506 759 3679 812 oratio
3708 761 3756 813 in

2178 852 2281 906 qua
2309 841 2623 893 vocabulum
2654 842 2756 895 hoc
2784 842 2999 910 legitur,
3023 845 3175 900 abest
3196 860 3225 898 a
3249 845 3487 917 Liturgia
3514 849 3571 902 S.
3596 849 3758 919 Chry-

2179 931 2401 984 sostomi
2448 947 2605 998 quam
2658 932 2877 987 exhibet
2924 934 3271 989 doctissimus
3314 934 3548 992 Jacobus
3593 936 3750 993 Goar.

2180 1016 2365 1086 Neque
2392 1029 2603 1074 constat
2651 1020 2940 1089 Liturgiam
2988 1023 3128 1079 hanc
3174 1023 3398 1081 Joannis
3440 1026 3755 1093 Jejunatoris

2179 1124 2342 1178 opera
2374 1110 2535 1166 fuisse
2562 1112 2885 1168 ordinatam.
2916 1114 3153 1169 Fuerunt
3178 1124 3356 1170 autem
3388 1117 3601 1186 plurimi
3624 1122 3755 1188 cpis-

2179 1201 2300 1269 copi
2330 1199 2435 1255 CP.
2464 1202 2555 1269 qui
2600 1217 2721 1256 cum
2768 1204 2916 1271 prius
2952 1204 3117 1259 vitam
3171 1207 3524 1261 monasticam
3582 1219 3795 1265 essent.

2178 1290 2431 1359 amplexi,
2461 1294 2867 1366 ἱερσμονάζοντος
2895 1303 2987 1349 aut
3014 1295 3150 1350 sacri
3175 1296 3421 1350 monachi
3438 1296 3540 1352 dici
3566 1308 3749 1367 potue-

2178 1389 2320 1433 runt.
2346 1378 2423 1434 Ex
2449 1379 2755 1437 Graecorum
2785 1383 3001 1440 Menteis
3028 1385 3263 1441 Joannes
3289 1385 3571 1455 Jejunator
3594 1390 3753 1446 Cons-

2179 1471 2497 1541 tantinopoli
2549 1482 2700 1528 ortus
2744 1472 2771 1513 ι)
2818 1483 2964 1541 erat,
3023 1476 3112 1529 ubi
3160 1476 3391 1545 primum
3442 1480 3749 1535 statuariam

2180 1558 2400 1628 (melius
2444 1563 2717 1638 χαρὰκτης
2761 1563 3143 1635 sculptoriam)
3175 1573 3346 1620 artem
3396 1567 3656 1622 exercuit.
3688 1570 3752 1622 At

2179 1651 2249 1706 ob
2295 1662 2612 1722 praestantes
2640 1656 2865 1709 virtutes
2892 1671 2922 1709 a
2970 1657 3271 1726 patriarcha
3321 1658 3477 1726 hujus
3532 1660 3678 1715 urbis
3703 1660 3790 1731 in.

2179 1742 2381 1798 clerum
2429 1744 2527 1799 fuit
2570 1755 2856 1816 cooptatus
2899 1756 2954 1801 et
3001 1747 3259 1803 diaconus
3308 1748 3498 1804 factus.
3549 1748 3754 1805 Mortuo

492 1834 727 1893 secundo
769 1841 893 1905 post
932 1833 1233 1889 Romanum
1290 1834 1597 1905 pontificem
1653 1836 1773 1890 loco
1820 1835 2070 1901 sederet;
2105 1834 2153 1893 B
2183 1832 2395 1887 tandem
2440 1832 2740 1905 Eutychio,
2788 1835 2854 1889 ad
2900 1837 3293 1906 suscipiendam
3345 1839 3753 1908 patriarchalem

492 1937 826 2000 repugnante
844 1930 968 1985 licet
986 1929 1043 1985 S.
1058 1918 1259 1998 Leone,
1274 1929 1364 1999 qui
1385 1945 1647 1984 canonem
1665 1928 2071 1986 Chalcedonen-

493 2036 609 2077 sem
638 2036 699 2076 ea
723 2021 790 2076 de
819 2038 876 2077 re
902 2021 1324 2091 promulgatum,
1363 2031 1615 2091 tanquam
1638 2020 2066 2092 supposititium,

494 2122 549 2165 et
579 2111 825 2166 absoluto
870 2110 979 2180 jam
1022 2112 1254 2167 concilio
1284 2126 1379 2182 per
1417 2110 1655 2166 fraudem
1686 2111 1955 2181 adjectum
1984 2125 2074 2166 re-

494 2203 761 2272 probavit.
815 2206 997 2274 Neque
1047 2204 1150 2258 hoc
1198 2204 1253 2257 in
1298 2203 1466 2273 gradu
1509 2212 1654 2258 stare
1708 2211 1763 2257 et
1802 2204 2077 2272 quiescere

495 2294 671 2363 potuit
717 2295 948 2349 ambitus
997 2294 1152 2363 hujus
1197 2294 1438 2365 praesulis
1480 2294 1547 2349 de
1585 2294 1842 2348 cathedra
1889 2310 1984 2348 sua
2024 2294 2078 2348 in

494 2384 642 2452 regia
673 2385 803 2439 urbe
833 2401 950 2455 qua:
992 2400 1129 2440 nova
1180 2384 1351 2440 Ruina
1403 2385 1696 2449 dicebatur,
1744 2383 2034 2439 constituta
2061 2425 2077 2452 ,

496 2475 635 2529 ultra
682 2476 899 2529 modum
942 2476 1043 2530 sibi
1089 2476 1409 2530 blandientis
1447 2484 1500 2530 et
1528 2474 2078 2544 superbientisznam

493 2568 815 2623 (Boumenici
846 2567 1056 2621 titulum
1085 2576 1178 2622 aut
1210 2574 1404 2637 sponte
1431 2573 1853 2636 assumpserunt,
1879 2575 1972 2619 aut
2012 2566 2078 2621 ab

500 2660 869 2715 adulatoribus
910 2660 1147 2714 oblatum
1195 2658 1452 2713 ambabus
1481 2658 1726 2713 manibus
1755 2665 2080 2726 acceperunt

496 2752 944 2819 retinueruntque
989 2749 1224 2805 Joannes
1270 2750 1372 2815 Ill,
1419 2748 1783 2818 Epiphanius,
1825 2748 2075 2812 Meunas,

495 2844 860 2898 oecumenicus
880 2842 1184 2911 patriarcha
1211 2854 1355 2911 saepe
1382 2855 1412 2894 a
1433 2837 1641 2911 synodo
1663 2839 2076 2909 Constantinop.

494 2934 594 2989 sub
624 2935 740 3003 ipso
778 2932 959 2988 habita
988 2941 1210 2989 vocatus
1235 2975 1251 3001 ,
1289 2932 1489 3003 aliique
1536 2931 1791 3002 deinceps
1838 2930 2078 3000 ejusdem

496 3026 643 3081 urbis
671 3026 937 3097 episcopi,
980 3025 1339 3082 universalem
1367 3025 1740 3096 praefecturam
1771 3024 1993 3080 forsitan
2024 3024 2078 3079 in

496 3126 667 3173 totum
709 3118 897 3173 orbem
942 3117 1305 3172 Christianum
1351 3124 1407 3171 et
1450 3116 1505 3171 in
1557 3116 1729 3185 ipsam
1782 3113 2078 3169 Romanam

2177 1924 2489 1992 dignitatem
2536 1926 2734 1981 invitus
2776 1928 3009 1996 cogitur,
3038 1944 3197 1995 quam
3238 1929 3369 1983 mira
3402 1930 3751 1995 abstinentia,

2176 2015 2339 2084 largis
2367 2017 2741 2089 eleemosynis,
2773 2019 2997 2088 aliisque
3037 2019 3136 2089 piis
3180 2021 3433 2089 operibus
3461 2020 3752 2076 decoravit.

2178 2109 2308 2178 Ejus
2330 2111 2452 2165 vita:
2478 2112 2733 2166 sanctitas
2760 2112 2875 2166 sive
2902 2112 3110 2167 sincera
3143 2110 3321 2177 fuerit,
3346 2121 3403 2165 ut
3426 2110 3598 2167 Grzeci
3630 2129 3752 2169 con-

2179 2202 2441 2266 tendunt,
2489 2201 2603 2257 sive
2650 2201 2858 2267 fucata,
2894 2210 2951 2257 ut
2978 2202 3251 2272 plerisque
3298 2201 3500 2255 Latinis
3548 2202 3753 2272 placet,

2179 2293 2321 2362 quod
2360 2294 2631 2348 humilitas
2665 2295 2923 2348 virtutum
2975 2294 3214 2348 omnium
3264 2292 3667 2349 fundamentum
3709 2297 3754 2350 ci

2179 2384 2410 2439 defuisse
2435 2384 2708 2449 videatur;
2738 2385 2873 2451 lucc,
2901 2386 3135 2455 inquam,
3168 2387 3425 2440 sanctitas
3448 2395 3540 2439 aut
3568 2388 3757 2442 sancti-

2181 2477 2301 2530 tatis
2329 2476 2556 2545 species,
2590 2491 2696 2529 nou
2727 2491 2912 2545 parum
2942 2477 3170 2532 contulit
3197 2476 3266 2530 ad
3291 2476 3683 2531 conciliandum
3714 2478 3758 2531 ci

2180 2566 2494 2621 Mauricium
2538 2567 2939 2637 imperatorem,
2972 2582 3131 2636 quem
3159 2568 3211 2621 in
3242 2575 3354 2622 tota
3393 2567 3482 2621 illa
3510 2568 3582 2622 de
3619 2583 3761 2623 mcu-

2181 2659 2374 2713 menici
2404 2660 2559 2713 titulo
2581 2661 2945 2716 controversia
2965 2659 3379 2715 infensissimum
3408 2670 3665 2731 expertus
3684 2670 3762 2717 est

2181 2748 2239 2805 S.
2270 2748 2576 2819 Gregorius.

2251 2836 2305 2892 9.
2347 2839 2401 2894 lu
2434 2841 2603 2910 prima
2625 2854 2785 2909 quam
2810 2840 2878 2897 de
2905 2842 3009 2897 hoc
3034 2849 3353 2913 argumento
3373 2842 3593 2912 scripsit
3621 2842 3759 2912 epis-

2183 2932 2291 2987 tola
2310 2974 2328 3001 ,
2356 2934 2498 3003 apud
2526 2932 2838 2987 Mauricium
2887 2932 3183 3003 Augustum
3230 2944 3559 3004 conquestus
3590 2943 3671 2989 est
3696 2932 3762 2989 de

2180 3018 2403 3077 Joannis
2430 3022 2700 3092 superbia,
2724 3038 2830 3093 qua
2858 3038 2966 3093 pax
2990 3023 3129 3081 inter
3156 3024 3442 3094 episcopos
3472 3025 3685 3079 turbata
3712 3033 3763 3079 et

2182 3114 2503 3171 labefactata
2542 3114 2747 3180 fuerat,
2779 3130 2952 3185 quave
2988 3117 3116 3173 dicit
3160 3116 3513 3173 barbarorum
3560 3117 3764 3186 gladios

495 3205 789 3262 Ecclesiam
820 3206 921 3261 sibi
946 3205 1287 3273 vindieaturi,
1320 3206 1420 3261 nisi
1458 3220 1646 3260 eorum
1672 3204 1935 3274 superbia:
1963 3219 2082 3275 qua:
2108 3195 2157 3259 C
2189 3207 2240 3260 in
2261 3206 2648 3277 rempublicam
2690 3206 2901 3261 exacui.
2951 3206 3086 3261 Eum
3124 3223 3254 3263 vero
3293 3208 3377 3264 his
3405 3208 3590 3263 verbis
3635 3209 3763 3262 mire

495 3312 710 3367 semper
734 3295 1058 3351 ascendebat
1086 3296 1313 3351 Romani
1342 3294 1628 3366 pontifices
1650 3294 2002 3352 obstitissent.

570 3389 623 3442 7.
638 3388 717 3442 Ex
738 3387 985 3443 omnibus
999 3394 1177 3441 autem
1189 3384 1798 3455 Constantinopolitanis
1813 3386 2081 3455 episcopis

500 3484 676 3538 nullus
699 3491 846 3537 tanta
875 3482 1168 3552 cupiditate
1197 3483 1452 3552 aucupari
1481 3483 1625 3538 visus
1652 3490 1735 3539 est
1760 3483 2081 3539 meurnenici

502 3574 1012 3637 nomenclationem,
1044 3580 1244 3641 quanta
1292 3571 1525 3627 Joannes
1551 3581 1909 3642 cognomento
1935 3572 2082 3642 Jeju-

500 3674 676 3729 nator,
699 3666 788 3735 qui
817 3681 879 3720 ea
902 3665 968 3720 de
996 3680 1175 3729 causa,
1209 3664 1338 3719 licet
1378 3664 1538 3718 aliam
1587 3664 1952 3733 simularetur,
1992 3681 2079 3738 sy-

498 3755 694 3811 nodum
748 3755 910 3810 totius
960 3753 1193 3809 Orientis
1248 3754 1432 3808 habuit
1482 3754 1975 3825 Constantinopoli,
2022 3765 2082 3810 ut

499 3846 695 3901 docent
746 3861 845 3900 nos
900 3846 1190 3914 scriptores
1248 3862 1357 3899 non
1425 3847 1618 3915 pauci,
1674 3848 2080 3916 prmsertimquc

495 3937 554 3992 S.
587 3938 894 4007 Gregorius.
930 3935 1079 4001 Quod
1110 3955 1271 4009 mox,
1293 3938 1485 4008 inquit,
1506 3937 1644 3992 idem
1673 3938 1908 3993 decessor
1936 3955 2077 3993 meas

502 4029 793 4102 (Pelagius)
824 4040 879 4081 ut
920 4031 1144 4100 agnovit,
1181 4030 1389 4083 directis
1438 4030 1621 4083 litteris
1662 4044 1727 4082 ea:
1770 4032 2079 4083 auctoritate

499 4122 560 4177 S.
595 4120 736 4175 Petri
765 4122 983 4192 apostoli
1007 4121 1236 4191 ejusdem
1259 4119 1442 4190 synodi
1470 4130 1495 4156 λ
1519 4130 1633 4173 acta
1659 4121 1901 4173 cessavit.
1935 4118 2077 4182 Qua—

496 4232 611 4269 rum
641 4214 871 4268 videlicet
899 4214 1236 4282 epistolarum
1264 4213 1527 4265 sanctitati
1548 4222 1730 4265 vestra:
1757 4211 2077 4282 exemplaria

496 4304 671 4359 studui
693 4304 973 4357 destinare.
1007 4301 1296 4355 Diaconum
1337 4318 1454 4354 vero
1480 4302 1565 4370 qui
1581 4306 1737 4371 juxta
1766 4317 1957 4354 morem
1981 4318 2076 4371 pro

495 4394 760 4461 responsis
789 4390 1037 4444 Ecclesia:
1081 4390 1334 4460 faciendis
1362 4372 1709 4459 piissimorum
1751 4389 2076 4443 dominorum

499 4484 723 4556 vestigiis
753 4480 1070 4549 adhwrebat,
1100 4497 1212 4535 cum
1237 4482 1458 4551 prwfato
1501 4481 1868 4535 consacerdote
1897 4492 2073 4538 nostra

2184 3299 2424 3369 depingit
2449 3317 2460 3352 :
2495 3298 2628 3353 Ossa
2645 3299 2864 3371 jejuniis
2886 3310 3193 3368 atteruntur,
3216 3310 3266 3355 et
3294 3310 3461 3356 mente
3482 3309 3761 3372 turgemus.

2183 3390 2380 3461 Corpus
2436 3391 2686 3458 despectis
2734 3391 2955 3446 vestibus
2998 3393 3205 3462 tegitur,
3237 3402 3286 3446 et
3323 3394 3546 3447 elatione
3599 3393 3763 3447 cordis
3828 3438 3831 3439 ν

2181 3498 2463 3553 purpuram
2509 3498 2830 3552 superamus.
2886 3482 3128 3537 Jacemus
3174 3485 3226 3537 in
3276 3484 3475 3549 cinere,
3522 3492 3573 3537 et
3608 3486 3763 3556 250

2181 3576 2385 3626 excelsa
2423 3572 2753 3642 despicimus.
2786 3572 3033 3628 Doctores
3064 3573 3354 3640 humilium,
3386 3575 3540 3628 duces
3583 3593 3760 3642 super-

2181 3663 2296 3727 biae,
2327 3664 2478 3717 ovina
2508 3664 2641 3735 facie
2669 3664 2871 3733 lupinos
2893 3665 3070 3719 dentes
3095 3664 3472 3720 abscondimus.
3505 3666 3573 3720 Et
3598 3667 3763 3721 multo

2180 3754 2511 3809 manifestius
2526 3753 2595 3807 de
2609 3752 2798 3807 eodem
2823 3753 3047 3824 loquens
3073 3752 3207 3807 infra
3230 3772 3242 3806 :
3268 3753 3367 3808 Ille
3390 3772 3532 3826 ergo,
3566 3756 3756 3823 inquit,

2180 3848 2344 3918 magis
2367 3859 2442 3900 est
2463 3847 2810 3915 piissimorum
2838 3847 3164 3900 dominorum
3190 3848 3532 3917 prwceptione
3559 3848 3763 3916 ﬂecten-

2180 3937 2303 3999 dus,
2322 3937 2409 4008 qui
2436 3937 2703 4006 prwceptis
2733 3937 2998 3991 canonicis
3019 3935 3359 3991 obedientiam
3387 3936 3617 4006 prwbere
3638 3953 3779 3997 cons

2179 4032 2379 4083 temnit.
2442 4027 2542 4083 Ille
2586 4028 2897 4083 coercendus
2943 4037 3053 4094 est,
3101 4030 3185 4100 qui
3235 4038 3427 4083 sancta:
3481 4031 3762 4084 universali

2179 4121 2430 4175 Ecclesia:
2458 4121 2709 4191 injuriam
2736 4122 2882 4191 facit,
2908 4121 2992 4192 qui
3021 4120 3174 4175 corde
3204 4129 3378 4184 tuntet,
3410 4121 3497 4190 qui
3538 4121 3763 4191 gaudere

2180 4213 2243 4267 de
2280 4213 2489 4267 nomine
2534 4211 2914 4282 singularitatis
2959 4211 3170 4281 appetit,
3203 4213 3287 4279 qui
3330 4211 3513 4265 ltonori
3566 4229 3762 4282 quoque

2178 4304 2379 4372 intperii
2430 4303 2582 4355 vestri
2620 4318 2673 4355 se
2702 4318 2792 4371 per
2817 4302 3073 4371 privatum
3115 4300 3417 4355 vocabulum
3462 4304 3761 4371 superponit

2181 4392 2332 4463 (Lib.
2366 4408 2421 4457 v,
2452 4409 2533 4462 ep.
2557 4392 2683 4461 20).
2716 4390 2912 4460 Objicit
2945 4390 3167 4446 Joannis
3206 4391 3362 4445 fastui
3392 4392 3758 4460 apostolorum

2179 4483 2437 4556 principis
2465 4482 2812 4546 modestiam,
2838 4482 2931 4551 qui
2953 4483 3057 4537 etsi
3087 4481 3253 4537 totius
3296 4480 3549 4536 Ecclesia:
3575 4497 3759 4537 curam

497 4580 776 4633 missarum
798 4576 1047 4631 solemnia
1074 4574 1333 4628 celebrare
1350 4572 1609 4643 prohibuit
1631 4572 2073 4645 (Lib.v,ep.45).
2108 4570 2158 4630 D
2182 4591 2214 4631 a
2258 4574 2473 4631 Christo
2518 4573 2844 4643 accepisset,
2895 4587 3187 4642 numquam
3236 4580 3414 4627 tamen
3443 4571 3759 4627 universalis

495 4669 623 4725 llzec
667 4667 988 4737 Gregorius,
1021 4666 1110 4737 qui
1163 4681 1285 4720 cum
1334 4664 1549 4734 Pelagio
1595 4678 1877 4720 successor
1918 4664 2076 4723 datus

493 4761 703 4827 fuisset,
730 4760 989 4816 Joannem
1022 4775 1116 4829 per
1155 4756 1502 4812 Sabinianum
1532 4756 1765 4825 legatum
1793 4771 1949 4812 suum
1979 4774 2072 4813 ro-

494 4856 641 4927 gavit
667 4865 724 4910 ut
752 4856 820 4910 ab
840 4855 945 4909 hoc
967 4852 1118 4908 titulo
1140 4852 1452 4907 abstineret.
1475 4850 1540 4905 At
1569 4850 1700 4905 nihil
1724 4849 1807 4907 his
1827 4852 2073 4921 precibus

494 4950 755 5013 lucratus,
781 4946 884 4999 alia
916 4944 1142 4999 tentavit
1169 4942 1427 4996 remedia.

563 5042 616 5095 8.
660 5040 958 5109 Antequam
988 5038 1055 5094 de
1083 5035 1323 5107 epistolis
1360 5036 1414 5091 in
1460 5034 1599 5089 hanc
1643 5049 1757 5089 rem
1800 5048 1831 5089 a
1878 5044 2069 5099 sancto

494 5132 748 5205 pontifice
786 5132 1001 5203 scriptis
1033 5131 1337 5197 loijuamur,
1366 5126 1608 5196 quisnam
1650 5124 1809 5180 fuerit
1836 5125 2071 5181 Joannes

490 5226 792 5297 Jejunator,
822 5220 1205 5294 explorandum
1234 5228 1334 5274 est.
1362 5216 1607 5286 Vulgaris
1626 5222 1710 5270 est
1734 5214 1917 5284 opinio
1946 5231 2069 5271 eum

489 5317 652 5373 fuisse
695 5317 1045 5378 monachum,
1096 5312 1389 5380 nititurque
1427 5315 1536 5361 tum
1587 5303 1809 5359 Joannis
1850 5303 2069 5359 Diaconi

491 5412 803 5470 testimonio
824 5408 961 5480 (Lib.
986 5423 1060 5473 in,
1086 5423 1132 5461 c.
1154 5404 1264 5476 51),
1290 5412 1401 5458 tum
1427 5398 1772 5469 inscriptione
1794 5395 2067 5465 cujusdam

490 5504 757 5565 sermonis
777 5502 844 5557 de
864 5498 1201 5571 poenitentia,
1224 5495 1312 5566 qui
1346 5492 1445 5563 ipsi
1472 5491 1738 5553 tribuitur,
1761 5488 1891 5543 etin
1916 5484 2070 5541 titulo

492 5596 709 5670 praefert
737 5608 932 5650 nomen
953 5588 1177 5646 Joannis
1218 5584 1465 5641 monachi
1495 5580 1813 5654 patriarcha:
1833 5576 1936 5633 (ΞΡ.
1971 5592 2069 5633 co-

564 5740 590 5768 ἰ
630 5726 878 5796 Exceptis
906 5731 1083 5797 tamen
1115 5723 1197 5797 his
1221 5736 1339 5797 qua:
1387 5719 1440 5797 in
1491 5731 1655 5797 causa
1683 5712 1925 5797 Gregorii
1958 5711 2068 5797 Anf-

493 5798 727 5861 tiocheui
777 5791 877 5851 hac
925 5794 975 5847 in
1023 5796 1228 5865 synodo
1275 5791 1504 5847 absoluti
1546 5797 1598 5842 et
1637 5791 1867 5843 restituti
1918 5791 2067 5852 gesta

494 5877 726 5934 fuerant,
751 5878 806 5924 ut
829 5874 975 5938 patet
1005 5883 1068 5923 ex
1093 5881 1178 5935 cp.
1212 5866 1277 5919 U8
1308 5865 1396 5920 lib.
1426 5881 1497 5929 ts,

2179 4664 2461 4735 apostolus
2485 4662 2666 4718 vocari
2698 4661 2897 4727 voluit;
2945 4662 3098 4731 cujus
3126 4661 3376 4731 exemplo
3418 4661 3759 4716 adhaeserunt

2176 4756 2295 4825 ejus
2330 4755 2606 4823 dignitatis
2659 4754 2897 4810 hzcredes
2945 4753 3169 4809 Romani
3210 4752 3523 4823 pontifices;
3567 4761 3755 4823 postea

2175 4845 2477 4902 exclamat:
2512 4844 2556 4897 0
2582 4854 2837 4910 tempora,
2865 4861 2896 4899 ο
2923 4861 3091 4899 mores
3118 4844 3138 4898 !
3177 4842 3314 4898 Ecce
3342 4856 3528 4898 cuncta
3565 4847 3619 4899 in
3648 4844 3758 4898 Eu-

2175 4953 2318 5007 ropa:
2337 4934 2569 5008 partibus
2595 4935 2947 4991 Barbarorum
2962 4936 3075 5006 juri
3094 4943 3212 4989 sunt
3236 4936 3454 5003 tradita,
3483 4936 3757 4991 destructa:

2179 5027 2363 5095 urbes,
2390 5042 2567 5081 euersa
2615 5035 2787 5080 castra
2807 5068 2822 5092 ,
2868 5026 3196 5095 depopulata:
3239 5027 3549 5094 provinciis,
3583 5028 3755 5081 nullus

2179 5130 2373 5174 terram
2399 5118 2567 5172 cultor
2592 5116 2888 5181 inhabitat;
2936 5116 3152 5170 steviunt
3188 5125 3238 5168 et
3265 5116 3602 5169 dominantur
3628 5134 3755 5186 quo-

2180 5212 2303 5267 tidie
2330 5212 2385 5265 in
2413 5225 2587 5264 necem
2632 5207 2863 5278 ﬁdelium
2907 5207 3129 5261 cultores
3175 5205 3466 5271 idolorum;
3505 5217 3555 5261 et
3583 5217 3754 5263 tamen

2177 5302 2495 5369 sacerdotes,
2526 5300 2614 5371 qui
2657 5302 2712 5353 in
2757 5300 3048 5368 pavimento
3086 5308 3135 5353 et
3164 5300 3333 5352 cinere
3359 5302 3539 5369 ﬂentes
3573 5301 3755 5371 jacere

2179 5394 2496 5461 debuerunt,
2527 5391 2774 5446 vanitatis
2823 5390 2919 5445 sibi
2970 5393 3182 5445 nomina
3222 5400 3485 5461 expetunt,
3530 5401 3580 5446 et
3608 5395 3754 5448 noris

2176 5502 2237 5539 ac
2265 5486 2504 5555 profanis
2534 5483 2797 5539 vocabulis
2826 5483 3143 5554 gloriantur.

2245 5576 2483 5635 Tandem
2514 5577 2657 5632 hunc
2679 5577 2891 5631 titulum
2917 5577 3112 5632 arietat
3140 5576 3321 5633 multis
3348 5578 3613 5633 rationum
3637 5593 3755 5634 mo-

2244 5713 2271 5751 b
2311 5712 2368 5766 S.
2402 5710 2636 5765 lsidorus
2665 5711 2755 5764 lib.
2782 5710 2847 5764 de
2864 5710 3002 5767 Viris
3022 5710 3189 5767 lllust.
3214 5726 3263 5766 c.
3295 5711 3363 5766 ‘26
3390 5711 3543 5769 docet
3572 5709 3748 5768 tamen

2177 5802 2300 5844 eum
2322 5781 2479 5839 fuisse
2509 5781 2899 5853 Cappadocem.
