3992 6322
226 379 367 437 ω’

219 592 499 660 Pracipua
525 588 721 658 quibus
747 585 1012 642 Joannem
1052 594 1206 654 urget
1253 593 1590 653 argumenta,
1617 594 1727 640 tum
1759 586 1812 640 in

220 683 322 737 hac
349 678 581 750 epistola
609 686 723 732 tum
753 677 807 732 in
835 676 976 744 aliis,
1012 691 1076 731 ea
1116 686 1276 730 sunt:
1308 684 1569 745 repugnat
1598 675 1813 730 humili-

218 774 315 828 tati
336 770 661 826 Christianam
688 783 809 837 qua:
833 769 884 822 in
910 768 1182 838 episcopis
1208 769 1376 837 magis
1405 768 1608 835 fulgere
1627 768 1807 834 debet,

218 878 416 920 novum
439 861 761 917 (ecunienici
791 875 1021 925 nomen;
1049 859 1364 914 charitatem
1396 860 1597 926 turbat,
1629 860 1811 913 unita-

217 964 325 1010 tem
350 951 573 1018 scindit,
604 960 833 1007 cancros
866 950 1148 1019 episcopos
1185 964 1279 1003 sua
1303 948 1560 1017 dignitate
1590 949 1805 1017 spoliat,

217 1054 276 1099 nt
299 1061 462 1099 unum
492 1052 703 1099 tantum
752 1042 917 1097 faciat
961 1041 1304 1111 episcoDum,
1336 1056 1442 1107 quo
1473 1048 1664 1094 ruente
1695 1047 1805 1094 tota

214 1137 323 1192 ruit
350 1134 615 1190 Ecclesia.
638 1132 880 1201 Cumque
902 1131 1163 1203 plurimos
1183 1130 1807 1198 Constantinopolitanos

212 1228 502 1297 episcopos
545 1224 599 1278 in
627 1222 874 1278 haeresim
903 1222 1086 1292 lapsos
1114 1236 1233 1275 esse
1270 1221 1531 1288 legamus,
1562 1220 1686 1274 inde
1714 1235 1804 1275 se-

214 1324 479 1386 queretur
529 1329 561 1368 a
600 1328 729 1368 vera
780 1312 881 1367 tide
925 1312 1119 1381 saepius
1171 1310 1435 1366 excidisse
1484 1310 1799 1366 Ecclesiam.

209 1407 459 1477 Denique
500 1404 727 1460 Romani
772 1401 1040 1473 pontificis
1088 1400 1301 1455 titulum
1348 1401 1489 1456 hunc
1518 1401 1657 1456 ultro
1699 1401 1802 1456 sibi

207 1499 451 1554 oblatum
482 1501 824 1564 respuerunt.

282 1586 487 1655 Papam
536 1585 781 1638 hortatus
812 1584 986 1637 fuerat
1036 1582 1330 1652 imperator
1358 1588 1418 1635 ut
1444 1596 1563 1635 cum
1592 1578 1799 1635 Joanne

206 1676 437 1745 paciiice
466 1682 678 1743 ageret;
707 1672 775 1726 ad
800 1672 941 1741 quod
970 1671 1245 1741 respondit
1269 1688 1284 1724 :
1315 1671 1396 1723 Ad
1424 1672 1581 1724 vitam
1605 1679 1797 1723 rectam

201 1772 495 1817 revertatur
522 1771 702 1816 auctor
728 1760 983 1826 scandali,
1009 1769 1058 1814 et
1079 1760 1253 1814 omnia
1275 1759 1599 1813 sacerdotum
1614 1758 1795 1829 jurgia

712 382 770 439 8.
810 380 1140 439 GREGOBH
1179 380 1392 437 MAGNI
1436 381 1613 449 Vl'l'A,
1658 381 1749 436 EX
1793 376 1953 439 EJUS
1986 384 2294 443 SGRII'TIS
2328 385 2726 445 ADORNATA.
2767 389 2894 444 LIB.
2936 390 3023 449 ΙΙΙ.

221 499 437 563 mentis,
455 497 838 569 pmsertimex
858 509 1027 565 pravo
1045 509 1207 551 sensu
1227 495 1313 550 cui
1334 494 1541 560 subest,
1556 494 1815 550 deductis.
1850 503 1894 559 Α

3406 402 3513 459 850

1997 495 2082 550 ll.
2123 496 2457 568 Responsura
2485 499 2693 570 Eulogii
2719 502 2809 557 diu
2830 506 3170 573 exspectavit
3192 506 3508 578 Gregorius,

1913 586 2004 654 qui
2035 586 2103 641 de
2152 596 2296 641 tanta
2342 606 2494 645 mora
2532 608 2652 647 cum
2693 609 2760 649 co
2804 598 3165 664 expostulavit
3194 602 3372 656 amice
3405 605 3511 658 alia

1914 673 1967 727 in
2018 675 2246 743 epistola
2299 678 2387 732 ubi
2436 692 2829 737 commemorat
2876 682 3079 739 beatum
3135 690 3511 760 evangelistam

1911 760 2151 817 Marcum
2175 782 2206 817 α
2226 776 2406 822 sancto
2430 769 2587 825 Petro
2610 775 2846 843 apostolo
2885 780 3135 847 magistro
3159 796 3251 834 suo
3272 782 3507 835 Alexan-

1910 849 2078 904 driam
2127 854 2288 921 fuisse
2331 860 2689 913 transmissum
2740 861 2888 931 (Lib.
2936 879 3016 927 v1,
3066 882 3150 934 ep.
3179 865 3313 937 60)‘,
3362 868 3507 924 unde

1911 937 2069 992 infert
2094 939 2387 997 Ecclesiam
2421 944 2842 1003 Alexandrinam
2867 953 3070 1007 arctius
3100 954 3357 1010 Romanae
3384 972 3505 1012 esse

1907 1029 2236 1086 adstrictam.
2271 1032 2465 1087 Postea
2507 1046 2686 1092 tamen
2726 1040 2983 1109 Eulogius
3012 1060 3165 1113 papa:
3187 1048 3498 1116 respondit:

1910 1138 1969 1178 se
1993 1131 2048 1176 ut
2070 1123 2252 1191 jussus
2275 1126 2464 1189 fuerat,
2492 1130 2780 1184 scribendo
2804 1133 2868 1185 ad
2896 1133 3156 1189 Joannem
3180 1138 3501 1194 abstinuisse

1905 1227 1935 1266 a
1956 1213 2201 1284 superbis
2234 1214 2528 1280 vocabulis,
2553 1233 2672 1285 qua:
2699 1234 2767 1272 ex
2797 1223 3047 1277 vanitatis
3076 1227 3255 1282 radice
3276 1230 3494 1297 prodic-

1903 1314 2044 1370 rant,
2073 1320 2245 1373 eaque
2266 1321 2325 1360 se
2347 1308 2578 1376 amplius
2600 1325 2707 1362 non
2732 1321 3133 1380 usurpaturum.
3157 1317 3224 1369 At
3248 1319 3494 1381 laeserunt

1902 1407 2166 1448 summam
2209 1393 2454 1463 Gregorii
2485 1398 2803 1453 modestiam
2841 1402 3004 1456 verba
3035 1403 3180 1469 hcce,
3211 1406 3345 1457 sicut
3371 1409 3485 1477 .jus-

1901 1486 2083 1540 sistis:
2118 1484 2267 1549 Quod
2309 1486 2513 1540 verbum
2559 1489 2847 1559 jussionis,
2901 1492 3105 1561 inquit,
3153 1503 3270 1563 peto
3310 1513 3343 1548 a
3382 1514 3496 1550 meo

1901 1580 2081 1633 auditu
2100 1592 2381 1645 removete;
2407 1583 2528 1653 quia
2544 1585 2650 1638 scio
2669 1586 2756 1655 qui
2769 1602 2902 1652 sum,
2920 1589 3006 1657 qui
3028 1590 3173 1643 estis.
3191 1588 3331 1644 Loco
3355 1594 3493 1647 enim

1897 1671 2025 1725 milii
2055 1672 2242 1741 fratres
2271 1673 2413 1735 estis,
2450 1676 2673 1729 moribus
2702 1686 2877 1746 patres
2927 1677 3074 1749 (Lib.
3102 1696 3217 1744 vnl,
3243 1698 3325 1750 ep.
3352 1683 3420 1739 50
3440 1683 3480 1753 ).

1898 1760 2065 1831 Magis
2092 1775 2233 1829 aegre
2280 1764 2401 1817 tulit
2446 1780 2506 1819 se
2553 1766 2620 1820 ab
2669 1768 2761 1821 illo
2809 1769 3165 1825 universalem
3210 1787 3403 1841 papam
3437 1774 3491 1827 in

200 1856 498 1911 cessabunt.
548 1853 666 1925 Ego
714 1853 853 1907 enim
900 1860 1199 1905 cunctorum
1243 1851 1569 1905 sacerdotum
1617 1867 1790 1904 servus
1822 1861 1868 1920 Β
1895 1852 2136 1920 epistola:
2174 1854 2527 1924 inscriptione
2555 1857 2902 1925 appellatum.
2944 1859 3247 1930 Recedant,
3281 1863 3486 1933 inquit,

198 1967 341 2015 sum,
372 1951 680 2020 inquantnm
725 1947 827 2017 ipsi
866 1946 1256 2000 sacerdotaliter
1291 1946 1504 2001 vivunt:
1535 1962 1658 1998 nam
1702 1945 1789 2016 qui

197 2051 389 2097 contra
439 2040 839 2108 omnipotentem
897 2035 1174 2091 Dominum
1233 2052 1327 2106 per
1379 2037 1555 2090 inanis
1603 2037 1789 2106 gloria:

198 2142 473 2195 tumorem,
498 2138 651 2199 atque
679 2137 861 2182 contra
890 2134 1087 2181 statuta
1119 2126 1338 2180 Patrum
1365 2142 1512 2180 suam
1543 2127 1788 2181 cervicem

196 2222 375 2292 erigit,
404 2222 456 2273 in
484 2220 820 2287 omnipotenti
841 2216 1066 2272 Domino
1096 2216 1323 2286 confido,
1343 2217 1464 2287 quia
1492 2233 1659 2271 meam
1689 2218 1787 2271 sibi

195 2328 296 2365 ec
324 2328 439 2365 cum
465 2310 659 2381 gladiis
680 2310 861 2379 ﬂectit.

270 2402 418 2456 Idem
449 2400 561 2455 fere
590 2408 673 2454 est
711 2406 1087 2466 argumentum
1116 2397 1357 2467 epistola:
1387 2398 1454 2453 ad
1481 2398 1787 2453 Constanti-

192 2508 323 2547 nam
347 2493 647 2560 Augustam
676 2489 889 2557 scripta:
920 2487 1115 2558 (Ibid.,
1134 2504 1215 2558 ep.
1241 2487 1353 2558 2i).
1403 2486 1787 2544 Vehementius

191 2597 380 2642 tamen
411 2584 639 2653 insurgit
662 2583 715 2637 in
742 2580 1026 2646 Joannem,
1058 2581 1210 2649 cujus
1238 2580 1554 2634 immensam
1594 2595 1784 2650 super-

189 2681 341 2734 biam
364 2678 441 2732 ait
460 2674 826 2747 prasnuntiare
855 2672 1152 2742 propinqua
1176 2671 1488 2727 Antichristi
1514 2680 1783 2742 tempora;

190 2772 349 2826 illum
394 2770 593 2841 quippe
643 2770 901 2831 imitatur,
933 2765 1020 2835 qui
1062 2764 1248 2832 spretis
1296 2765 1351 2817 in
1387 2763 1566 2816 sociati
1597 2763 1787 2832 gaudio

188 2865 503 2932 angelorum
529 2855 834 2929 legionibus,
866 2854 935 2907 ad
968 2853 1167 2907 culmen
1194 2861 1410 2906 conatus
1436 2860 1511 2904 est
1552 2852 1787 2921 singula-

186 2953 369 3006 ritatis
416 2966 713 3020 erumpere,
757 2948 968 3001 dicens:
1003 2945 1171 3022 super
1212 2955 1357 3000 astra
1397 2945 1510 3000 caeli
1546 2944 1785 3001 exaltabo

186 3043 387 3097 solium
411 3056 579 3094 meum
610 3037 756 3111 (Isa.
787 3052 896 3101 λιν,
926 3035 1045 3107 15).

269 3134 358 3187 tu.
400 3132 534 3187 Cum
565 3130 946 3201 episcoporum
984 3126 1244 3191 omnium,
1275 3126 1507 3180 maxime
1534 3139 1660 3181 vero
1689 3140 1784 3195 pa-

188 3222 592 3287 triarcharum,
651 3221 827 3274 honor
881 3218 981 3272 hac
1035 3216 1379 3285 usurpatione
1440 3215 1781 3285 pulsarctur,

187 3322 419 3372 sanctus
448 3309 740 3379 Gregorius
769 3306 838 3362 ad
861 3305 1144 3377 Eulogium
1174 3304 1612 3370 Alexandrinum,
1636 3314 1690 3358 et
1719 3303 1783 3358 ad

188 3405 543 3462 Anastasium
562 3391 965 3456 ‘Antiochenum
1012 3396 1375 3467 patriarcham
1397 3433 1413 3460 ,
1443 3409 1783 3449 communem

186 3498 324 3565 seri;
344 3497 418 3550 sit
436 3492 721 3564 epistolam
751 3488 945 3561 (Ibid.,
968 3505 1051 3558 ep.
1072 3488 1195 3557 45),
1219 3487 1301 3541 cui
1333 3485 1576 3554 adjunxit
1604 3484 1784 3539 omnia

187 3592 302 3645 litis
324 3589 491 3659 hujus
513 3588 894 3652 instrumenta,
910 3590 966 3637 et
986 3580 1315 3650 exemplaria
1338 3579 1639 3633 litterarum
1672 3586 1782 3631 tum

188 3698 218 3735 a
251 3680 480 3748 Pelagio
508 3677 580 3741 ll,
614 3686 726 3731 tum
756 3691 787 3729 a
816 3690 874 3729 se
919 3671 986 3726 ad
1027 3670 1287 3726 Joannem
1327 3670 1683 3739 scriptarum;
1726 3674 1783 3720 ut

188 3772 560 3840 intelligerent
589 3767 658 3822 de
685 3779 894 3821 summa
937 3762 1281 3832 episcopatus
1299 3800 1314 3823 .
1347 3758 1590 3826 adeoque
1619 3757 1783 3812 totius

188 3861 470 3924 Ecclesiaa,
499 3857 584 3926 agi
609 3853 711 3911 bac
748 3855 803 3908 in
832 3852 1219 3909 controversia.
1251 3848 1385 3903 Tum
1414 3862 1509 3903 eos
1536 3847 1784 3901 hortatur

188 3961 249 4007 ut
296 3948 571 4005 nemiuem
617 3958 855 4014 unquam
895 3942 1008 3997 suis
1047 3941 1099 3994 in
1139 3938 1386 4009 epistolis
1425 3934 1781 3991 universalem

190 4040 480 4096 nominent
500 4036 836 4107 episcopum,
863 4046 929 4087 ne
949 4030 1049 4086 sibi
1070 4028 1307 4084 debitum
1330 4026 1631 4090 detrahant,
1658 4037 1797 4111 cum.

188 4131 353 4187 alteri
382 4130 647 4183 honorem
695 4123 927 4178 offerunt
966 4120 1282 4175 indebitum.
1313 4115 1447 4183 Quia
1478 4130 1606 4169 vero
1636 4112 1782 4184 pacis

184 4233 241 4280 et
262 4221 492 4278 unitatis
513 4233 668 4275 amor
690 4215 1026 4270 intercedere
1044 4217 1256 4281 poterat
1274 4208 1562 4277 quominus
1588 4203 1780 4260 Joanui

187 4319 542 4377 resisterent,
573 4311 737 4366 docet
763 4322 869 4377 qua
910 4304 1119 4360 ratione
1165 4302 1395 4356 fovenda
1431 4298 1501 4355 sit
1544 4312 1680 4368 pax,
1710 4310 1778 4349 ex

188 4408 453 4478 Apostolo
474 4403 688 4458 dicente
709 4417 724 4454 :
751 4398 814 4454 Si
834 4398 948 4467 ﬁeri
969 4400 1154 4466 potest,
1170 4391 1306 4464 quod
1322 4408 1387 4445 ex
1402 4389 1539 4445 vobis
1555 4398 1649 4454 est,
1666 4404 1779 4442 eum

188 4498 429 4552 omnibus
459 4491 751 4548 hominibus
780 4505 958 4560 pacem
992 4486 1229 4539 habentes
1260 4484 1277 4553 (
1304 4483 1451 4538 Rom.
1493 4498 1562 4536 xu
1583 4522 1596 4548 ,
1634 4481 1733 4551 18)
1760 4498 1773 4532 :

1891 1946 2042 1999 verba
2070 1963 2185 2016 qua:
2210 1949 2488 2002 vanitatem
2518 1950 2728 2020 inﬂant,
2758 1960 2809 2005 et
2839 1953 3145 2008 cliaritatem
3176 1957 3470 2013 vulnerant.

1893 2035 2095 2107 una.)

1963 2125 2050 2180 12.
2089 2126 2245 2193 Quod
2272 2137 2481 2197 spectat
2508 2130 2573 2184 ad
2602 2130 2963 2200 Anastasium,
2988 2151 3094 2191 non
3129 2138 3379 2206 probavit
3402 2138 3486 2193 vir

1889 2218 2010 2288 pius
2040 2228 2242 2274 tantam
2267 2237 2367 2291 pro
2390 2225 2709 2279 mcuinenici
2742 2226 2900 2281 titulo
2930 2238 3130 2282 motam
3166 2240 3485 2287 controver-

1887 2310 2063 2378 siam,
2111 2321 2169 2366 ut
2218 2322 2367 2382 patet
2406 2330 2471 2369 ex
2502 2315 2604 2368 alia
2652 2316 2719 2369 ad
2762 2316 2933 2386 ipsum
2980 2320 3181 2387 scripta
3229 2321 3479 2390 epistola.

1888 2399 2020 2454 Mira
2064 2409 2244 2456 autem
2275 2403 2443 2457 eluxit
2479 2402 2724 2473 Gregorii
2756 2406 3017 2460 modestia
3046 2416 3098 2462 et
3129 2409 3400 2465 humili'as
3426 2412 3480 2466 in

1888 2493 2199 2562 excipienda
2230 2495 2393 2551 libera
2425 2497 2525 2552 hac
2553 2497 2709 2552 amici
2745 2498 3136 2567 admonitione,
3161 2516 3299 2569 pene
3327 2502 3482 2558 dixe-

1886 2583 1986 2637 rim
2010 2584 2405 2654 increpatione;
2437 2587 2520 2641 his
2543 2588 2686 2641 enim
2714 2588 2893 2642 verbis
2923 2589 3241 2644 charitatem
3271 2591 3483 2659 spiran-

1889 2674 2029 2728 tibus
2067 2675 2278 2729 orditur
2319 2676 2603 2745 epistolam
2636 2692 2739 2747 qua
2768 2675 3052 2732 Anastasio
3096 2681 3333 2733 monenti
3363 2696 3479 2735 res-

1887 2762 2089 2832 pondet
2127 2781 2140 2816 :
2194 2763 2557 2819 Desideratum
2600 2768 2918 2821 suavissima:
2958 2780 3138 2822 vestra:
3178 2772 3475 2838 sanctitatis

1886 2857 2156 2925 epistolam
2188 2859 2444 2911 communi
2494 2858 2606 2927 ﬁlio
2636 2857 2927 2912 Sabiniano
2968 2858 3186 2912 diacono
3217 2861 3479 2931 deferente

1886 2945 2109 3014 suscepi,
2139 2946 2194 2998 in
2223 2961 2325 3015 qua
2354 2961 2457 2999 non
2488 2945 2698 3015 linguw,
2731 2945 2821 2998 sed
2846 2948 3039 3001 animm
3070 2947 3219 3002 verba
3250 2951 3475 3019 proﬂue-

1886 3030 2030 3087 baut.
2059 3031 2130 3085 Et
2159 3036 2261 3087 non
2290 3034 2478 3087 mirum
2506 3034 2552 3087 si
2580 3032 2707 3087 bene
2731 3035 2959 3105 loquitur
2986 3037 3074 3106 qui
3102 3039 3326 3108 perfecte
3357 3039 3476 3092 vivit

1890 3118 2040 3191 (Lib.
2071 3136 2164 3189 vu,
2188 3138 2266 3192 ep.
2283 3120 2409 3191 27).

1810 3224 1857 3285 c
1960 3212 2027 3267 Et
2074 3214 2316 3284 quamvis
2363 3215 2431 3269 ab
2480 3215 2796 3271 insectando
2838 3217 3158 3272 occumenici
3206 3219 3472 3276 vocabulo

1888 3320 2159 3375 nunquam
2187 3307 2494 3371 cessaverit,
2519 3308 2660 3377 quod
2699 3308 2829 3363 illud
2856 3309 3159 3378 profanum,
3184 3319 3240 3366 et
3260 3311 3473 3381 episco-

1885 3396 1969 3467 pis
1994 3397 2247 3451 omnibus
2274 3397 2588 3467 injuriosum
2613 3407 2856 3468 putaret;
2888 3400 3234 3456 nihilominus
3262 3418 3291 3455 a
3320 3417 3473 3457 com-

1886 3489 2141 3543 munione
2187 3490 2505 3557 patriarcha:
2549 3489 2654 3545 CP.
2697 3507 2803 3545 non
2853 3492 3125 3547 recessit:
3159 3500 3213 3546 et
3259 3502 3473 3548 mortuo

1883 3577 2345 3650 Joanuc,Cyriaci
2393 3580 2512 3649 ejus
2559 3581 2888 3637 successoris
2917 3582 3203 3650 epistolam
3248 3581 3471 3651 synodi-

1885 3686 2023 3736 cam,
2056 3672 2109 3725 in
2159 3687 2263 3740 qua
2291 3672 2683 3727 mcumenicum
2722 3687 2781 3727 se
2822 3666 3177 3741 patriarcham
3217 3674 3471 3741 praefatus

1882 3761 2096 3829 fuerat,
2144 3762 2418 3831 suscepit,
2470 3777 2539 3816 ne
2584 3762 2842 3817 unitatem
2890 3759 3141 3815 Ecclesiae
3178 3761 3469 3817 scinderet.

1883 3855 1999 3922 Qua
2035 3872 2165 3911 vero
2193 3856 2261 3912 de
2287 3871 2451 3912 causa
2482 3856 2751 3925 patienter
2791 3855 3067 3909 ferendum
3098 3854 3203 3908 hoc
3228 3854 3467 3908 vocabu-

1883 3946 1992 3999 lum
2015 3946 2245 4001 senserit
2267 3945 2597 4010 Anastasius,
2616 3943 2762 3997 haud
2783 3942 3000 3997 diflicile
3023 3951 3106 3997 est
3125 3942 3465 3997 subodorari.

1882 4034 2062 4105 Nuper
2106 4034 2280 4098 enim,
2324 4048 2355 4087 e
2382 4033 2515 4089 vivis
2556 4032 2768 4088 sublato
2815 4032 3076 4101 Gregorio
3125 4032 3466 4089 Antiocheno

1883 4125 2208 4196 patriarcha,
2233 4123 2299 4179 ab
2325 4123 2513 4179 exsilio
2541 4130 2824 4177 revocatus
2849 4122 3023 4176 fuerat
3051 4121 3384 4189 Anastasius,
3411 4130 3466 4177 et

1881 4216 2123 4286 pristinm
2150 4214 2265 4269 sedi
2295 4213 2609 4280 restitutus;
2639 4228 2743 4281 qua
2773 4212 2840 4268 de
2866 4229 2924 4267 re
2944 4213 3239 4282 gratulatus
3268 4214 3317 4267 ei
3349 4214 3464 4268 lue-

1881 4316 1967 4361 rat
1994 4314 2179 4363 nostcr
2224 4306 2516 4375 Gregorius
2569 4304 2720 4377 (Lib.
2753 4321 2808 4373 ν,
2837 4322 2920 4374 ep.
2954 4302 3076 4371 '59).
3124 4304 3257 4359 Cum
3304 4305 3467 4375 igitur

1882 4404 2004 4467 post
2044 4397 2201 4466 longa
2236 4395 2395 4461 bella,
2427 4410 2562 4465 pace
2593 4393 2805 4449 tandem
2835 4393 3124 4459 frueretur,
3157 4403 3318 4463 atque
3361 4392 3464 4448 im-

1881 4486 2147 4555 peratoris
2176 4482 2460 4550 beneﬁcio,
2493 4483 2771 4538 annitente
2797 4497 3012 4551 quoque
3050 4483 3228 4537 forsan
3256 4481 3466 4537 Joanne

200 4587 346 4641 Vidit
375 4587 545 4653 enim,
572 4583 779 4650 inquit,
814 4595 992 4651 pacem
1039 4576 1196 4631 bonos
1236 4592 1349 4628 cum
1394 4575 1543 4628 malis
1592 4571 1779 4625 habere
1804 4593 1854 4652 ι)
1879 4577 1986 4634 CP,
2032 4577 2359 4650 patriarcha,
2402 4591 2562 4645 quem
2610 4574 2878 4645 Augustus
2922 4574 2991 4628 de
3035 4574 3262 4641 negotiis
3288 4574 3465 4627 cccle.

189 4695 295 4734 non
322 4693 503 4749 posse;
533 4683 582 4730 et
618 4674 841 4737 idcirco,
882 4672 1011 4725 sicut
1044 4669 1237 4730 nostis,
1268 4665 1538 4734 prtemisit,
1583 4661 1628 4715 si
1657 4659 1773 4717 fieri

187 4776 462 4838 potest....
491 4764 661 4830 Quam
687 4762 919 4818 videlicet
937 4776 1116 4828 pacem
1146 4768 1262 4811 tunc
1283 4756 1527 4810 veraciter
1549 4762 1774 4806 tenemus

187 4875 305 4913 cum
331 4855 669 4928 superborum
718 4852 892 4921 culpas
919 4850 1170 4903 cltaritate
1199 4845 1352 4900 simul
1385 4852 1431 4898 et
1452 4844 1659 4915 justitia
1686 4843 1771 4895 in-

184 4951 401 5004 sistente
426 4944 801 5017 prosequimur,
833 4957 945 4994 cum
976 4956 1064 4994 eos
1093 4938 1351 5007 diligimus
1382 4944 1625 4989 eteorum
1648 4933 1773 4987 vilia

186 5044 312 5099 odio
339 5041 603 5094 habemus.
637 5034 751 5089 Hoc
779 5032 959 5086 animo
988 5030 1060 5084 ait
1090 5028 1288 5084 bellum
1316 5025 1579 5095 superbia:
1607 5023 1769 5079 Joan-

186 5135 273 5189 nis
294 5129 639 5186 indicendum
666 5140 804 5190 esse,
833 5132 888 5177 et
912 5137 1010 5192 pro
1038 5121 1237 5175 tuendo
1265 5134 1480 5174 suarum
1509 5115 1772 5171 Ecclesia-

186 5238 308 5276 rum
355 5221 586 5284 honore,
636 5230 735 5284 per
765 5213 902 5268 hanc
930 5210 1233 5281 superbiam
1283 5205 1623 5277 pcssnmdato
1669 5204 1774 5259 illis

188 5326 311 5367 esse
338 5306 726 5365 decertandum
751 5322 765 5358 :
798 5304 966 5367 State,
992 5302 1194 5371 inquit,
1223 5302 1399 5369 fortes,
1427 5306 1557 5351 state
1584 5298 1767 5351 securi.
1799 5348 1803 5352 .

188 5400 400 5470 Scripta
449 5413 564 5451 cum
610 5393 921 5450 universalis
968 5392 1192 5446 nominis
1230 5390 1480 5459 falsitate,
1511 5403 1602 5440 nec
1646 5387 1773 5441 dare

182 5506 453 5562 umquam,
502 5504 596 5543 nec
640 5488 864 5557 recipere
905 5484 1321 5555 prazsumatis....
1368 5481 1559 5550 Siqua
1604 5489 1772 5533 autem

189 5582 406 5636 adversa
434 5578 828 5649 subsequantur,
860 5575 1175 5629 unanimiter
1220 5572 1572 5639 persistentes,
1619 5570 1773 5623 etiam

190 5674 457 5729 moriendo
484 5672 723 5725 debemus
753 5668 1016 5723 ostendere
1058 5666 1177 5734 quia
1206 5664 1259 5716 in
1288 5662 1589 5715 damnando
1620 5677 1773 5729 gene-

180 5764 421 5848 Lalitatis
450 5763 674 5831 nomine,
702 5770 928 5819 nostrum
956 5758 1245 5831 specialiter
1270 5755 1465 5827 aliquid
1492 5772 1591 5808 non
1624 5772 1768 5807 mntt~

172 5864 335 5909 ἀνι.

1880 4668 2108 4724 siasticis
2128 4668 2408 4724 consulere
2428 4666 2660 4733 solebat,
2689 4679 2839 4719 suam
2861 4662 3042 4718 sedem
3067 4669 3461 4729 recuperasset,

1880 4760 2073 4815 iterum
2098 4759 2248 4815 adire
2266 4757 2505 4829 pericula
2533 4743 2801 4822 metuens,
2826 4768 2857 4808 e
2886 4768 2945 4807 re
2985 4751 3153 4819 magis
3182 4763 3299 4804 esse
3319 4748 3462 4817 judi-

1880 4851 2024 4907 cavit
2050 4851 2279 4918 benigne
2305 4848 2621 4905 (ecumenici
2656 4846 2868 4901 titulum
2908 4842 3270 4913 interpretari,
3297 4855 3459 4910 quam

1880 4955 1979 5010 pro
2002 4939 2094 4995 illo
2124 4946 2381 5008 usurpato
2406 4936 2714 4993 tumultuari
2744 4943 2799 4989 et
2826 4933 3173 4991 contendere.

1950 5031 2107 5099 251
2156 5028 2242 5082 15.
2285 5027 2397 5083 Hac
2436 5028 2490 5082 in
2537 5025 2767 5097 epistola
2818 5024 3195 5079 observatione
3237 5021 3457 5089 dignum

1874 5117 2116 5182 videtur,
2143 5119 2257 5172 haec
2306 5118 2471 5171 verba
2497 5118 2660 5171 Amen
2691 5114 2898 5185 gratia,
2948 5112 3153 5167 laudari
3203 5123 3457 5180 tanquam

1875 5205 2048 5261 sancti
2077 5205 2325 5276 martyris
2356 5204 2545 5273 lgnatii
2568 5201 2887 5257 Antiocheni
2912 5201 3171 5269 episcopi,
3204 5201 3460 5270 priusque

1876 5308 2125 5367 usurpata
2155 5298 2318 5353 etiam
2358 5296 2424 5350 ab
2459 5294 2741 5350 Anastasio
2771 5293 2933 5348 fuisse
2969 5297 3116 5352 velut
3144 5292 3211 5346 ab
3251 5292 3460 5360 lgnatio

1873 5389 1984 5445 suis
2012 5389 2209 5442 inserta
2232 5384 2474 5457 epistolis
2501 5403 2514 5438 :
2548 5400 2612 5440 ea
2641 5392 2821 5438 tamen
2867 5383 2922 5437 in
2967 5382 3237 5451 germanis
3263 5390 3316 5437 et
3344 5382 3459 5438 sin-

1876 5480 2016 5537 ceris
2036 5478 2271 5547 ejusdem
2303 5477 2554 5547 martyris
2576 5476 2821 5545 epistolis
2845 5475 3065 5530 minime
3093 5475 3341 5544 reperiri,
3365 5474 3461 5538 sed

1875 5572 2137 5625 duntaxat
2174 5568 2228 5624 in
2258 5567 2555 5636 corruptis;
2601 5566 2742 5621 unde
2778 5574 2992 5622 constat
3044 5581 3138 5622 eas
3184 5564 3294 5635 jam
3333 5573 3459 5622 tunc

1878 5662 2041 5717 fuisse
2071 5660 2411 5729 depravatas.

1950 5752 2033 5805 lt.
2076 5751 2131 5804 In
2162 5748 2509 5803 discuticnclis
2539 5749 2745 5804 caeteris
2791 5747 3036 5818 Gregorii
3077 5764 3196 5803 eam
3243 5750 3313 5804 ob
3343 5764 3455 5802 rem

1878 5844 2090 5914 scriptis
2122 5841 2359 5912 epistolis
2407 5857 2513 5897 non
2564 5842 2943 5910 immorantur;
2979 5855 3029 5898 at
3069 5842 3281 5899 silentio
3321 5857 3455 5909 pne.
