3992 6296
503 315 602 369 551

977 318 1037 375 S.
1078 316 1400 373 UllEGOllll
1441 316 1654 371 MAGNI
1699 315 1880 381 VITA,
1923 315 2012 370 EX
2055 316 2214 372 EJUS
2252 316 2557 373 SCRIPTIS
2596 315 2992 371 ADOllNATA.
3034 312 3159 370 LIB.
3200 318 3288 371 ΙΙΙ.

3676 323 3793 376 352

503 430 764 486 tercuuda
785 446 893 487 non
919 440 1003 488 est
1031 448 1094 489 ea
1115 449 1217 503 qua
1244 434 1415 504 ipsum
1438 432 1698 488 Joannem
1718 431 1788 486 ad
1813 430 2084 486 saniorem
2116 434 2165 493 Α
2188 441 2283 487 aut
2330 429 2559 487 s'imilem
2609 431 2819 485 titulum
2866 446 3021 501 seque
3070 431 3391 486 insolentem
3429 432 3693 488 ambienti
3727 441 3792 491 et

500 532 736 579 mentem
777 540 1034 582 revocare
1062 525 1304 580 tentavit.
1336 523 1392 577 In
1423 538 1485 577 ea
1515 523 1697 577 statim
1727 522 1794 577 de
1822 537 1955 592 pace
1980 521 2085 577 Ec-

498 614 676 670 clesim
706 616 774 671 ab
799 616 916 686 ipso
944 616 1153 669 turbata
1177 613 1552 682 conqueritur,
1584 613 1917 683 miraturque
1944 612 2090 683 quod

496 723 619 761 cum
647 706 714 761 ad
737 708 1112 777 episcopatum
1142 706 1342 760 invitus
1372 705 1685 770 accesserit,
1716 705 1768 759 in
1792 720 1860 760 eo
1885 712 2085 768 tamen,

496 806 776 865 postquam
817 796 1043 865 adeptus
1084 804 1189 859 est,
1216 796 1290 850 ita
1331 812 1392 852 se
1420 811 1611 866 gerere
1656 796 1919 861 videatur,
1951 812 2014 853 ac
2040 797 2089 851 si

496 889 787 943 ambitione
825 889 892 943 ad
930 904 1143 945 sacram
1174 890 1321 945 illam
1348 890 1663 959 dignitatem
1692 889 1833 943 viam
1861 888 1962 943 sibi
1990 902 2087 957 pa-

494 985 681 1031 rasset.
719 975 910 1032 Omnia
940 986 1130 1033 contra
1160 994 1285 1034 eum
1333 986 1485 1048 gesta
1525 986 1773 1049 tempore
1810 977 2012 1045 Pelagii
2040 974 2085 1030 ll

490 1068 558 1121 ad
587 1076 820 1122 mentem
849 1077 1088 1134 revocat,
1112 1084 1342 1139 quaeque
1373 1070 1489 1138 ipse
1518 1069 1915 1139 ingravescenti
1941 1067 2083 1123 malo

489 1160 627 1214 lenia
676 1160 907 1229 primum
937 1175 1035 1229 per
1061 1160 1268 1228 legatos
1314 1176 1443 1215 suos
1472 1160 1711 1214 remedia
1753 1167 1980 1215 conatus
2015 1158 2085 1214 sit

490 1250 769 1312 adhibere,
791 1259 1079 1318 antequam
1103 1251 1173 1303 ad
1194 1250 1433 1303 districta
1453 1258 1503 1302 et
1524 1248 1777 1303 canonica
1803 1247 2083 1317 pervenire

486 1348 789 1409 cogeretur.
844 1339 912 1393 Et
957 1342 1116 1411 quia,
1148 1340 1349 1408 inquit,
1386 1339 1670 1393 resecanda
1700 1339 1912 1391 vulnera
1938 1338 2082 1406 prius

486 1431 589 1483 leui
634 1446 792 1483 manu
846 1430 1111 1500 palpanda
1156 1440 1316 1496 sunt,
1343 1444 1490 1499 rogo,
1519 1426 1766 1495 deprecor
1809 1435 1857 1479 et
1885 1434 2080 1495 quanta

484 1536 692 1588 possunt
717 1519 988 1573 dulcedine
1006 1535 1247 1589 exposco,
1280 1526 1335 1571 ut
1361 1518 1663 1587 fraternitas
1690 1526 1859 1569 vestra
1881 1518 2077 1569 cunctis

482 1607 578 1661 sibi
604 1608 939 1661 adulantibus
972 1615 1126 1678 atque
1153 1608 1344 1662 erroris
1366 1624 1551 1662 nomen
1580 1605 1931 1677 deferentibus
1952 1622 2076 1660 con-

482 1700 727 1765 tradicat,
752 1715 844 1752 nec
866 1698 1024 1753 stulto
1052 1715 1114 1752 ac
1143 1697 1364 1769 superbo
1387 1696 1635 1753 vocabulo
1666 1697 1922 1768 appellari
1950 1713 2075 1751 con-

2191 522 2423 577 sectanti
2451 522 2578 578 totis
2598 521 2800 575 viribus
2830 522 3242 590 intercessisset,
3274 529 3440 594 utque
3466 523 3791 594 dignitatem

2191 610 2556 681 episcopalem
2610 618 2868 675 tueretur,
2901 610 3095 667 lubens
3136 611 3387 668 omnibus
3424 628 3486 669 se
3531 615 3795 686 periculis

2190 704 2527 773 exposuisset
2544 704 2567 757 ‘l

2262 792 2348 846 17.
2410 792 2684 849 immerito
2721 809 2853 849 vero
2902 794 3223 851 heterodoxi
3276 796 3589 866 apostolicae
3637 800 3794 855 sedis

2186 883 2372 939 hostes
2397 883 2745 939 iufensissimi
2784 884 2849 938 ad
2900 900 2960 940 se
2988 885 3207 940 trahunt
3234 886 3376 956 quod
3403 897 3621 943 sanctus
3649 887 3797 945 Gre-

2184 975 2369 1044 gorius
2397 975 2576 1041 docet,
2609 975 2932 1031 meumenici
2960 991 3157 1031 nomen
3187 992 3256 1032 ne
3291 977 3536 1035 Romano
3563 980 3792 1049 quidem

2184 1066 2428 1135 pontiﬁci
2456 1065 2680 1121 concedi
2729 1081 2892 1135 posse
2913 1107 2929 1132 ,
2959 1067 3115 1136 cujus
3150 1067 3437 1137 primatum
3465 1078 3521 1124 et
3559 1071 3793 1141 amplis-

2182 1158 2372 1211 simam
2401 1159 2453 1212 in
2483 1158 2657 1212 omnis
2686 1158 2942 1213 Ecclesia:
2968 1159 3401 1228 jurisdictionem
3432 1163 3533 1220 hac
3556 1174 3790 1221 senten-

2183 1247 2255 1300 tia
2285 1247 2487 1316 pulsari
2516 1249 2870 1305 contendunt.
2897 1248 2987 1305 Sic
3009 1265 3076 1305 ex
3097 1252 3269 1307 sancti
3290 1254 3392 1308 viri
3422 1256 3690 1311 modestia
3727 1268 3790 1312 et

2181 1336 2481 1393 humilitate
2510 1338 2865 1407 fragrantibus
2888 1340 2990 1395 illis
3019 1340 3241 1398 ﬁoribus
3267 1359 3373 1398 non
3402 1346 3507 1399 mel
3537 1355 3594 1400 ut
3615 1363 3783 1418 apes,

2180 1426 2274 1482 sed
2300 1443 2565 1482 venenum
2593 1428 2886 1483 conﬁciunt
2915 1438 2973 1485 ut
3001 1446 3232 1486 araneze.
3261 1433 3331 1487 At
3353 1451 3457 1488 non
3481 1438 3785 1494 attendunt

2179 1519 2568 1573 mcumenicum
2599 1534 2666 1574 eo
2694 1534 2857 1575 sensu
2879 1535 2987 1590 quo
3016 1532 3234 1578 sanctus
3259 1523 3549 1594 Gregorius
3582 1544 3785 1584 vocem

2178 1611 2318 1667 hanc
2349 1612 2753 1682 interpretatur,
2784 1612 3086 1682 signiﬁcare
3115 1615 3329 1670 unicum
3362 1618 3413 1671 in
3446 1626 3555 1673 tota
3580 1617 3785 1677 Eccle-

2176 1702 2255 1756 sia
2293 1703 2604 1773 episcopum
2630 1743 2646 1771 ,
2689 1703 2835 1774 quod
2875 1704 3016 1758 ultro
3047 1704 3279 1760 fatemur
3307 1722 3457 1777 papa:
3500 1725 3609 1764 non
3637 1727 3787 1766 con-

478 1790 668 1845 sentiat
717 1788 870 1861 (Lib.
895 1805 949 1855 v,
974 1806 1057 1861 ep.
1083 1788 1204 1860 l8).
1256 1788 1406 1845 Sileo
1453 1789 1694 1844 rationes
1737 1788 1933 1858 quibus
1969 1788 2075 1844 hoc
2104 1791 2151 1852 B
2177 1805 2387 1860 gruere,
2418 1800 2472 1847 et
2501 1792 2569 1847 ad
2598 1806 2904 1862 supremam
2932 1793 3049 1863 ejus
3077 1793 3394 1863 dignitatem
3434 1812 3499 1853 ac
3526 1807 3781 1868 potesta-

479 1881 797 1935 vocabulum
828 1881 1133 1951 impugnat;
1180 1880 1385 1937 eiedem
1424 1880 1568 1937 enim
1615 1887 1741 1936 sunt
1783 1894 1921 1950 quas
1957 1878 2071 1949 jam

477 1972 776 2040 attigimus.
1157 2013 1163 2017 -

548 2064 637 2119 15.
676 2065 817 2120 lrriti
866 2064 1082 2121 fuerunt
1122 2072 1206 2122 tot
1252 2073 1509 2132 conatus;
1548 2062 1787 2119 Joannes
1814 2063 1958 2119 enim
1984 2078 2070 2121 ss-

475 2165 749 2226 sumptum
797 2156 1010 2211 titulum
1058 2171 1228 2225 usque
1272 2156 1341 2212 ad
1382 2163 1616 2211 mortem
1654 2156 1909 2221 retinuit,
1951 2170 2071 2225 qua:

474 2246 637 2316 paulo
665 2255 788 2315 post
815 2255 1093 2315 acceptam
1142 2247 1283 2302 hanc
1328 2246 1610 2316 epistolam
1647 2246 1894 2317 contigit.
1936 2246 2069 2302 Data

474 2345 559 2392 est
586 2339 729 2392 enim
772 2336 1029 2393 Kalendis
1075 2337 1317 2393 Januarii
1368 2337 1677 2395 indictionis
1718 2338 1818 2404 l3,
1862 2338 2071 2396 scilicet

472 2429 601 2483 anui
631 2426 765 2497 595,
796 2444 906 2499 quo
936 2444 1079 2484 anno
1126 2428 1392 2484 Joannem
1418 2444 1450 2484 e
1478 2429 1613 2483 vivis
1643 2430 1938 2486 excessisse
1965 2431 2065 2486 do-

471 2529 597 2575 cent
644 2520 736 2590 qui
784 2520 853 2575 de
902 2521 1020 2590 ipso
1062 2520 1347 2591 scripsere.
1398 2520 1609 2591 Cyriaci
1653 2522 1987 2578 successoris
2016 2522 2068 2577 ei

470 2615 582 2668 dati
630 2614 945 2686 synodicam
984 2615 1268 2686 epistolam
1299 2615 1503 2685 recepit
1532 2614 1748 2685 quidem
1776 2613 2064 2683 sapientis-

469 2710 637 2779 simus
663 2724 835 2779 papa;
867 2724 991 2765 eum
1020 2716 1201 2765 tamen
1231 2709 1513 2764 admonuit
1541 2706 1702 2781 (Lib.
1733 2724 1827 2773 vn,
1856 2724 1939 2775 ep.
1973 2703 2061 2777 4),

470 2806 529 2852 ut
554 2796 838 2869 profanum
867 2812 1064 2853 nomen
1105 2798 1408 2869 deponeret
1454 2808 1537 2855 tot
1573 2798 1948 2855 seandalorum
1978 2812 2064 2853 se-

468 2886 775 2944 minarium.
822 2888 881 2944 1n
920 2890 1153 2960 epistola
1181 2890 1248 2944 ad
1280 2889 1595 2945 Mauricium
1626 2892 1826 2961 scripta
1860 2888 2057 2960 (Ibid.,

466 2997 548 3049 ep.
574 2979 658 3050 6),
682 2980 735 3035 in
757 2996 863 3050 qua
893 2981 958 3036 de
978 2980 1189 3053 Cyriaci
1212 2982 1478 3038 electione
1504 2984 1705 3052 gratias
1734 2982 1863 3051 agit,
1887 2980 2055 3036 Joan-

468 3088 587 3125 nem
616 3081 818 3127 sanctm
840 3075 1116 3129 memoria:
1138 3073 1453 3145 episcopum
1482 3074 1733 3145 appellat,
1757 3072 1901 3142 quod
1927 3072 2059 3129 satis

464 3164 659 3233 probat
677 3179 801 3218 eum
824 3178 1094 3233 nunquam
1117 3180 1149 3218 a
1185 3165 1329 3219 sedis
1348 3165 1661 3235 apostolica:
1680 3164 2059 3219 communione

465 3254 634 3309 fuisse
659 3265 686 3291 ι
716 3254 1001 3324 reiectum.
1034 3255 1333 3325 Imperator
1379 3258 1447 3312 de
1491 3272 1807 3319 successore
1834 3255 2059 3313 Joannis

462 3344 555 3400 diu
586 3345 1015 3412 deliberaverat;
1070 3347 1214 3403 unde
1256 3364 1366 3403 non
1409 3349 1603 3404 mirum
1652 3356 1737 3403 est
1772 3348 2058 3420 Cyriacum

465 3435 708 3505 tardius,
755 3436 965 3505 integro
1018 3438 1182 3493 etiam
1238 3454 1381 3495 anno
1430 3439 1645 3510 elapso,
1687 3439 1851 3495 fuisse
1905 3436 2056 3495 ordi-

466 3532 676 3581 natum.

536 3615 625 3670 16.
668 3615 836 3673 Paulo
885 3626 1011 3688 post
1058 3619 1230 3675 sancti
1276 3619 1521 3689 Gregorii
1551 3619 1833 3675 transitum
1863 3620 1931 3674 ad
1959 3634 2055 3675 su-

460 3722 652 3778 peros,
692 3708 999 3766 Bonifacius
1046 3711 1238 3766 tertius
1284 3712 1375 3781 qui
1416 3712 1484 3767 ab
1526 3711 1644 3781 ipso
1693 3711 1765 3765 ad
1813 3712 2051 3768 Phoeam

458 3799 841 3868 imperatorem
896 3802 1279 3871 apocrisiarius
1324 3801 1499 3857 fuerat
1544 3802 1773 3865 missus.
1818 3817 2052 3873 eumque

458 3889 561 3944 sibi
592 3890 953 3958 demeruerat,
978 3891 1003 3930 δ
1026 3892 1095 3947 ab
1124 3907 1191 3947 eo
1220 3892 1526 3963 impetravit
1553 3894 1912 3963 sanctionem,
1942 3909 2051 3964 qua

454 3982 745 4038 cavebatur
774 4000 842 4039 ne
872 3984 926 4039 in
970 3993 1245 4055 posterum
1287 3985 1564 4057 Cyriacus,
1595 3986 1683 4041 cui
1712 3984 1921 4042 Phocas
1969 3986 2051 4040 in-

454 4072 638 4129 fensus
666 4083 804 4142 erat,
840 4084 932 4130 aut
961 4077 1051 4130 alii
1093 4076 1346 4147 deinceps
1389 4076 1495 4132 CP.
1524 4076 1864 4147 patriarchae,
1897 4093 2049 4133 mcu-

453 4164 695 4219 menicos
715 4165 855 4219 ultra
869 4180 928 4221 se
942 4166 1343 4235 proﬁterentur.
1371 4168 1469 4221 Diu
1492 4176 1671 4223 tamen
1693 4169 1808 4224 hmo
1828 4169 1913 4224 lex
1939 4184 2047 4224 non

452 4254 654 4322 viguit;
686 4270 811 4311 nam
841 4257 897 4310 in
927 4258 1145 4327 synodis
1173 4259 1513 4327 generalibus
1552 4268 1705 4313 sexta
1735 4268 1791 4315 et
1817 4261 2044 4331 septima

454 4344 560 4398 hoc
603 4344 762 4400 titulo
787 4386 803 4412 ,
835 4361 946 4400 non
992 4361 1149 4403 secus
1191 4362 1254 4403 ac
1285 4347 1513 4402 Romani
1556 4350 1874 4417 pontiﬁces,
1914 4351 2044 4407 insi-

453 4434 731 4502 gniuntur,
756 4434 958 4505 illoque
986 4437 1181 4507 gaudet
1208 4437 1383 4494 adhuc
1412 4437 2040 4509 Constantinopolitanus

453 4526 705 4582 antistes.

521 4615 600 4670 De
640 4616 730 4670 illa
758 4631 895 4673 voce
938 4618 1190 4689 contigit,
1230 4619 1376 4689 quod
1421 4620 1490 4675 de
1528 4618 1710 4674 multis
1752 4619 1871 4675 aliis
1920 4635 2038 4689 qua:

446 4706 629 4763 statim
659 4707 729 4762 ob
758 4708 1053 4764 novitatem
1093 4710 1407 4779 periculosae
1432 4710 1559 4765 visae
1600 4719 1727 4765 sunt
1753 4718 1806 4766 et
1837 4711 2037 4768 idcirco

448 4797 788 4866 rejieicndzn,
830 4798 1086 4869 paulatim
1116 4814 1279 4865 vero,
1320 4815 1441 4855 cum
1485 4815 1578 4858 eas
1604 4817 1812 4858 veneno
1851 4818 2039 4859 carere

446 4896 503 4940 et
549 4888 616 4941 ad
660 4888 956 4957 legitimum
1004 4905 1221 4946 sensum
1266 4889 1466 4947 inﬂecti
1509 4906 1665 4962 posse
1692 4894 2038 4963 exploratum

447 4978 565 5045 luit,
598 4979 663 5036 iis
689 4979 964 5037 assueﬁeri
994 4991 1252 5053 emptum.
1310 4983 1494 5054 Neque
1536 4992 1716 5040 tamen
1742 4986 2035 5056 vituperari

444 5072 607 5127 debet
635 5072 765 5129 illud
793 5073 1039 5145 Gregorii
1075 5076 1311 5132 studium
1342 5092 1450 5147 quo
1476 5078 1596 5133 voci
1625 5078 1830 5144 dubize,
1861 5093 2032 5145 novae,

444 5166 773 5237 peregrina},
804 5167 998 5224 fastum
1040 5171 1335 5240 redolenti,
1365 5170 1655 5239 multisque
1693 5171 1875 5240 pravis
1910 5186 2039 5227 sena

443 5254 591 5310 sibus
634 5264 691 5311 et
728 5256 1114 5326 signiﬁcatibus
1151 5260 1399 5315 obnoxia:
1443 5258 1671 5315 obstitit.
1717 5259 1877 5316 Certe
1916 5275 2036 5316 mo.

444 5347 551 5400 rosi
576 5347 649 5401 illi
671 5363 948 5419 censores,
964 5351 1055 5422 qui
1076 5367 1198 5407 eum
1218 5367 1316 5421 pro
1342 5353 1528 5408 vocula
1550 5352 1751 5408 tamdiu
1771 5352 2029 5424 digladia-

446 5444 557 5490 tum
589 5453 709 5494 esse
737 5440 1111 5509 criminantur,
1149 5443 1366 5512 quantis
1409 5443 1657 5499 laudibus
1704 5445 2033 5503 extollercnt

442 5529 755 5601 episcopum
796 5532 1103 5603 quempiam
1147 5534 1240 5604 qui
1282 5533 1527 5590 Romano
1574 5534 1847 5607 pontiﬁci,
1887 5535 2027 5593 hunc

515 5690 537 5717 ⁸
583 5680 626 5735 Α
653 5688 842 5736 sancto
871 5680 1074 5737 Isidoro
1104 5682 1330 5739 multum
1359 5684 1608 5738 laudatur
1642 5684 1879 5741 Joannes
1905 5704 1917 5738 :
1949 5699 2030 5741 sc-

444 5767 536 5811 cus
584 5760 765 5807 autem
796 5749 1009 5808 fecisset
1052 5753 1097 5808 si
1126 5752 1179 5807 in
1226 5753 1515 5809 schismate
1562 5754 1705 5810 diem
1750 5756 2027 5814 clausisset

2177 1892 2287 1938 tem
2328 1883 2548 1938 minime
2594 1884 2906 1940 convenire.
2957 1884 3259 1941 Gtceutiunt
3305 1895 3485 1943 autem
3521 1891 3611 1959 qui
3653 1907 3781 1947 non

2174 1975 2355 2033 vident
2397 1976 2717 2047 Gregorium
2765 1980 2938 2050 ipsum
2980 1980 3047 2036 de
3094 1996 3155 2037 se
3190 1996 3395 2051 suaque
3440 1987 3781 2043 auctoritate

2175 2076 2282 2123 tam
2329 2069 2574 2125 modeste
2617 2070 2969 2139 sentientem,
3002 2071 3430 2140 iurisdictionem
3477 2083 3658 2132 tamen
3713 2079 3778 2133 in

2172 2168 2285 2217 tota
2308 2161 2545 2219 Ecclesia
2585 2164 2925 2232 exercuisse;
2956 2163 3009 2219 in
3053 2164 3262 2231 Africa,
3308 2165 3563 2238 .‘Egypto,
3596 2168 3729 2224 Asia
3749 2210 3767 2234 ,

2172 2250 2310 2306 intra
2339 2252 2485 2322 ipsos
2515 2250 2618 2307 GP.
2650 2253 3051 2323 patriarchatus
3083 2254 3237 2321 ﬁnes,
3269 2263 3325 2309 ut
3353 2272 3421 2311 ex
3451 2272 3611 2313 causa
3642 2275 3777 2313 mo-

2171 2345 2464 2400 nachorum
2517 2343 2735 2399 Isauriae
2789 2344 2980 2414 liquet.
3035 2344 3197 2401 Libro
3241 2361 3330 2412 ιιι,
3371 2362 3457 2416 ep.
3509 2348 3608 2414 50,
3641 2350 3769 2403 ait:

2168 2434 2465 2501 Apostolica
2486 2432 2653 2498 sedes,
2686 2432 2798 2489 Deo
2820 2443 3050 2502 auctore,
3082 2436 3281 2490 cunctis
3309 2438 3528 2506 praelata
3554 2448 3773 2494 constat

2168 2520 2438 2575 Ecclesiis.
2473 2521 2633 2577 Libro
2662 2538 2714 2585 γ,
2744 2538 2831 2592 ep.
2866 2524 2974 2577 13:
3008 2523 3190 2591 Curar,
3222 2525 3415 2595 inquit,
3446 2528 3590 2583 nobis
3620 2530 3727 2599 fuit
3748 2571 3769 2597 ,

2167 2629 2280 2683 qua:
2306 2613 2558 2667 unirersis
2586 2610 2833 2667 Ecclesiis
2863 2630 2895 2666 α
2924 2613 3069 2669 nobis
3112 2617 3449 2687 impenditur.
3500 2618 3618 2673 Lib.
3650 2636 3769 2687 vn,

2166 2720 2254 2774 cp.
2304 2704 2371 2757 19
2399 2722 2411 2758 :
2442 2702 2576 2769 Quia
2624 2713 2925 2759 cunctarum
2970 2705 3324 2762 Ecclesiarum
3370 2710 3602 2773 iniuncta
3657 2728 3767 2765 nos

2165 2796 2530 2850 sollicitudinis
2559 2812 2685 2849 cura
2713 2798 3042 2867 constringit,
3092 2806 3197 2851 etc.
3246 2796 3363 2853 Lib.
3414 2815 3486 2865 rx,
3516 2816 3605 2871 ep.
3650 2800 3765 2869 59,

2164 2888 2453 2945 occasione
2477 2888 2719 2958 primatis
2744 2887 3010 2959 Byzaceni
3039 2888 3093 2942 in
3116 2888 3315 2954 Africa,
3340 2890 3429 2957 qui
3448 2906 3507 2945 se
3532 2900 3767 2961 aposto-

2162 2977 2281 3034 lica:
2325 2979 2441 3035 sedi
2485 2978 2757 3034 subditum
2799 2978 3172 3049 proﬁtebatur,
3204 2980 3319 3035 inec
3345 2980 3529 3036 scribit
3555 2979 3763 3036 Joanni

2164 3069 2503 3143 Syracusano
2540 3089 2552 3124 :
2598 3069 2659 3126 Si
2706 3087 2809 3141 qua
2859 3070 3011 3140 culpa
3055 3070 3110 3124 in
3160 3072 3410 3141 episcopis
3456 3072 3759 3141 invenitur,

2086 3135 2132 3198 ε
2163 3162 2334 3215 nescio
2350 3161 2460 3231 quis
2481 3162 2528 3215 ei
2549 3160 2817 3230 episcopus
2838 3159 3095 3230 subjectus
3118 3177 3220 3215 non
3244 3161 3329 3214 sit.
3355 3159 3468 3216 Hoc
3479 3162 3597 3229 jure
3620 3179 3762 3220 usus

2163 3250 2325 3307 estin
2356 3251 2658 3321 episcopos,
2692 3267 2813 3305 cum
2846 3247 3009 3314 Petri,
3043 3250 3278 3306 Africani
3326 3252 3583 3322 episcopi,
3617 3270 3760 3307 cau-

2159 3357 2275 3397 sam
2323 3340 2624 3407 Columbo,
2677 3341 2730 3395 in
2770 3340 3015 3395 Numidia
3060 3343 3355 3413 episcopo,
3400 3340 3755 3408 iudicandam

2157 3437 2427 3493 commisit
2476 3435 2630 3508 (Lib.
2662 3453 2738 3505 vr,
2768 3452 2849 3506 ep.
2883 3434 3007 3504 57);
3037 3432 3295 3503 Ursicini,
3324 3433 3569 3488 Taurina:
3612 3435 3753 3489 civi-

2156 3531 2283 3584 tat's
2337 3529 2615 3598 episcopi,
2645 3527 2870 3599 Syagrio
2920 3525 3388 3597 Augustodunensi
3438 3524 3594 3597 (Lib.
3646 3542 3702 3581 ix
3731 3568 3747 3591 ,

2154 3634 2237 3688 ep.
2264 3617 2387 3689 115)
2409 3635 2423 3683 ;
2446 3625 2503 3673 et
2521 3616 2782 3683 Januarii,
2805 3616 3110 3673 Malacitani
3136 3616 3399 3687 episcopi,
3417 3616 3750 3687 alteriusque

2153 3708 2391 3779 episcopi
2414 3708 2629 3763 nomine
2646 3706 2923 3778 Stephani,
2942 3706 3135 3761 Joanni
3164 3706 3441 3762 Defensori
3465 3706 3605 3772 (Lib.
3627 3724 3746 3773 sui,

2153 3816 2234 3871 ep.
2284 3800 2397 3871 45).
2450 3800 2675 3856 Paulum
2724 3801 2777 3855 in
2818 3800 2996 3854 Africa
3036 3800 3343 3871 episcopum
3388 3815 3419 3853 a
3458 3798 3746 3857 Geunadio

2151 3890 2381 3960 patricio
2427 3900 2776 3957 accusatum,
2806 3903 2928 3943 cum
2979 3888 3095 3959 ipse
3137 3898 3197 3943 ut
3232 3889 3435 3959 judicio
3478 3905 3632 3961 papae
3682 3907 3748 3947 se

2151 3980 2386 4044 sisteret,
2410 3979 2645 4034 venisset
2674 3979 2918 4044 Romam,
2945 3994 3045 4034 nec
3072 3976 3368 4034 adfuissent
3392 3988 3742 4035 accusatores

2149 4070 2361 4135 idonei,
2406 4071 2616 4125 remisit
2662 4069 2802 4138 (Lib.
2852 4085 2943 4139 vn,
2973 4086 3054 4141 ep.
3080 4070 3158 4142 Ξ).
3190 4069 3448 4141 Joannis,
3496 4072 3741 4142 episcopi

2149 4161 2333 4231 prima:
2383 4158 2695 4214 Justinianm
2743 4159 2796 4214 in
2845 4158 3056 4231 Illyrico
3105 4159 3341 4230 episcopi
3369 4169 3425 4215 et
3451 4160 3736 4229 primatis,

2148 4252 2579 4316 ordinationem,
2625 4251 2928 4316 petentibus
2980 4251 3272 4322 provincia:
3317 4252 3603 4322 episcopis,
3635 4267 3735 4307 sua

2147 4341 2474 4395 auctoritate
2540 4339 2915 4406 conﬁrmavit,
2970 4354 3203 4408 eumque
3272 4340 3436 4410 pallio
3511 4340 3738 4395 donavit

2150 4428 2309 4500 (Lib.
2344 4446 2413 4495 ιι,
2448 4446 2527 4499 ep.
2558 4427 2628 4481 22
2662 4437 2709 4482 et
2748 4427 2874 4498 25).
2922 4426 3161 4483 Plurima
3203 4429 3306 4483 alia
3344 4428 3735 4497 jurisdictionis

2066 4505 2119 4567 Ι)
2147 4520 2305 4589 hujus
2335 4518 2582 4589 exempla
2604 4518 2716 4588 jam
2756 4518 3119 4585 exhibuimus,
3149 4526 3205 4573 et
3253 4518 3390 4573 infra
3420 4528 3732 4576 occurrent.

2680 4651 2843 4722 252
2878 4648 3105 4706 CAPUT
3128 4648 3192 4704 ιι.

2141 4762 2336 4814 Ancon.
2360 4787 2421 4800 —-
2445 4761 2487 4812 1.
2512 4760 2737 4823 Gregorii
2767 4773 2854 4823 pro
2878 4759 3255 4823 pacenfacienda
3287 4760 3580 4811 sollicitudo.
3604 4788 3665 4797 -—
3686 4764 3728 4811 2.

2204 4827 2310 4874 Non
2333 4826 2524 4875 auditur
2548 4822 2949 4883 ab’imperatore.
2995 4822 3145 4870 Falsis
3169 4829 3337 4871 contra
3363 4836 3476 4883 eum
3500 4824 3729 4871 crimina-

2203 4890 2382 4937 tiones.
2408 4913 2466 4921 —
2489 4888 2540 4934 5.
2564 4882 2727 4945 Luget
2748 4883 2801 4932 S.
2827 4884 3173 4933 Maximianum
3198 4886 3292 4933 vita
3315 4882 3619 4932 defunctum.
3646 4883 3729 4933 Cu"

2205 4960 2538 4998 successorem
2580 4944 2664 4994 dat
2704 4944 2944 4993 Joannem
2988 4947 3145 4993 virum
3189 4946 3646 4994 sanctissimum.—
3683 4946 3717 4994 ι

2203 5010 2417 5058 Joannes
2443 5009 2698 5058 llavenuas
2728 5008 2952 5055 mor'itur.
2977 5008 3105 5066 —,5.
3133 5005 3255 5056 Cura
3302 5007 3355 5057 S.
3375 5006 3606 5065 Gregorii
3648 5017 3731 5066 pro

2202 5072 2531 5121 monasteriis.
2556 5096 2618 5106 —
2641 5068 2690 5117 6.
2718 5068 3015 5117 Marinianus
3038 5065 3280 5129 Ravenna)
3304 5067 3355 5117 ﬁt
3379 5065 3729 5129 episcopus.—

2201 5135 2247 5183 7.
2277 5131 2501 5181 Romanae
2525 5131 3070 5194 synodidecreta.-~A8.
3099 5126 3174 5178 De
3199 5126 3465 5194 blariniauo
3486 5126 3731 5194 querela}.

2198 5222 2259 5232 —
2278 5197 2327 5245 9.
2355 5189 2566 5243 Maxime
2588 5193 2715 5252 quod
2757 5192 3048 5241 monasteria
3073 5192 3244 5239 vexari
3268 5189 3543 5252 pateretur.
3563 5215 3627 5252 5—-
3649 5189 3732 5241 10.

2199 5255 2522 5317 Privilegium
2546 5251 2791 5303 menachis
2812 5264 3113 5306 concessum.
3136 5252 3252 5313 (An.
3270 5251 3369 5303 B94
3393 5260 3448 5301 et
3470 5251 3605 5313 595.)

2206 5361 2260 5415 1.
2302 5358 2407 5416 Pro
2452 5372 2588 5429 pace
2628 5356 2903 5412 Romanos
2946 5354 3089 5411 inter
3127 5362 3183 5410 et
3225 5352 3608 5424 Langobardos
3645 5352 3734 5408 fa-

2135 5452 2326 5511 cienda
2352 5458 2408 5506 et
2434 5448 2881 5519 eoagmentanda,
2914 5449 3019 5504 hoe
3038 5461 3179 5503 anno
3200 5445 3491 5516 Gregorius
3513 5443 3736 5501 adlabo-

2135 5543 2294 5599 ravit.
2327 5540 2409 5595 Ab
2428 5554 2493 5595 ea
2515 5553 2624 5595 non
2653 5538 2980 5595 abhorrebat
3001 5534 3264 5607 Agilullus
3285 5550 3417 5603 rex;
3450 5541 3508 5589 at
3532 5542 3735 5607 postu-

2136 5691 2726 5812 exbreblili‘l‘bnllaronium
2749 5747 2815 5804 ad
2842 5758 3042 5803 annum
3067 5741 3197 5814 606,
3226 5742 3255 5817 ᾗ
3286 5742 3343 5800 9-
