3992 6304
232 292 342 349 555

710 281 771 338 S.
810 272 1135 334 GREGOBII
1175 268 1389 326 MAGNI
1422 267 1604 333 VITA,
1651 263 1741 319 EX
1778 258 1941 317 EJUS
1976 254 2281 315 SCRIPTIS
2320 252 2713 312 ADURNATA.
2753 250 2879 306 LIB.
2921 247 3008 304 ΙΙΙ.

3408 244 3513 302 554

232 406 381 460 labat
427 410 487 455 ut
521 409 640 467 qua:
677 403 916 461 tempore
954 385 1101 456 pacis
1142 382 1320 437 ablata
1362 378 1464 433 sibi
1510 390 1606 446 per
1641 372 1823 427 dolum
1857 376 1895 430 Α
1928 368 2305 423 Maximianum
2334 366 2475 421 diem
2504 362 2761 420 clausisse
2801 368 3100 418 extremum
3129 372 3317 414 mense
3358 358 3517 413 circi-

232 496 472 554 fuerant,
494 485 935 541 restituerentur;
965 474 1304 540 vicissimque
1323 487 1377 523 se
1403 469 1568 523 modis
1590 464 1823 521 omnibus

231 587 647 655 satisfacturum
667 571 1024 645 pollicebatur,
1045 569 1088 620 si
1113 565 1232 637 quid
1262 582 1293 615 a
1319 559 1549 631 partibus
1571 560 1676 612 suis
1704 573 1825 609 con-

230 646 425 735 stiterit
467 689 581 727 esse
636 660 1118 732 commissum(Lib.
1145 675 1206 720 v,
1249 673 1330 725 ep.
1363 653 1472 721 56).
1504 651 1561 705 ld
1588 646 1827 718 :equitati

233 774 662 825 consentaneum
693 771 813 812 esse
837 751 1093 823 judicavit
1127 758 1344 802 sanctus
1372 741 1611 814 pontifex
1634 781 1648 804 ,
1678 747 1734 793 et
1760 752 1829 792 ne

233 860 306 913 ab
332 854 572 911 exarclm
621 853 993 918 respueretur,
1025 840 1091 895 ad
1120 840 1377 894 Severum
1408 833 1644 903 ejusdem
1672 828 1830 883 scho-

234 948 488 1003 lasticam
530 915 780 1009 scripsit,
836 943 893 988 ut
935 932 1034 1002 ipsi
1074 927 1425 1001 persuaderet
1461 922 1670 976 oblatas
1708 915 1829 971 illas

235 1039 386 1111 pacis
433 1032 773 1090 conditiones
845 1041 952 1080 non
1008 1020 1309 1090 repudiare.
1362 1014 1547 1069 Romm
1589 1009 1827 1079 quidem,

235 1147 481 1202 agroque
507 1127 756 1182 Romano
783 1133 971 1191 pacem
995 1113 1243 1187 privatim
1267 1123 1558 1176 procurare
1578 1106 1632 1159 in
1659 1117 1833 1173 prom-

233 1234 334 1294 ptu
370 1195 517 1287 erat,
555 1219 623 1273 ad
665 1230 784 1269 eam
830 1210 972 1267 enim
1020 1202 1416 1263 concedendam
1467 1195 1834 1268 pr0pendcbat

235 1288 527 1387 hgilulfus.
570 1312 639 1365 At
658 1305 966 1375 Gregorius,
996 1307 1057 1355 ut
1085 1293 1383 1353 communis
1404 1299 1573 1361 pater,
1604 1288 1670 1342 de
1699 1299 1833 1355 pace

232 1406 481 1478 generali
510 1396 840 1459 conficienda
884 1390 1149 1448 sollicitus
1184 1392 1331 1452 erat,
1358 1382 1483 1452 quia
1506 1379 1604 1433 nisi
1633 1378 1833 1431 bellum

231 1514 361 1555 cum
414 1488 780 1562 Langobardis
820 1485 1266 1552 componeretur,
1319 1473 1532 1527 diversa:
1556 1467 1741 1523 insula:
1788 1476 1836 1519 et

234 1590 356 1645 loca
399 1588 504 1641 alia
550 1578 884 1654 proculdubio
921 1571 1149 1642 peritura
1195 1575 1364 1621 erant.

310 1680 367 1732 ‘2.
402 1679 470 1731 At
500 1650 565 1728 de
589 1686 721 1743 pace
749 1668 970 1723 min’me
998 1659 1267 1729 cogitabat
1298 1655 1581 1720 exarclius,
1605 1652 1695 1720 qui
1722 1650 1836 1704 bel-

234 1771 353 1823 lum
386 1766 483 1821 toti
511 1760 815 1832 republica:
848 1754 1167 1814 exitiosum,
1194 1747 1296 1802 sibi
1335 1744 1672 1799 utilissimum
1715 1755 1836 1795 esse
1872 1751 1908 1807 ῃ

236 1854 589 1923 futurumque
633 1845 993 1920 perspiciebat
1024 1861 1036 1896 :
1070 1858 1135 1896 ex
1170 1835 1507 1895 detrimentis
1534 1834 1678 1888 enim
1706 1833 1834 1886 alle-

237 1952 328 2006 nis
361 1950 508 2002 lucra
563 1949 787 2011 captare
824 1952 933 1992 non
969 1933 1277 1989 verebatur.
1317 1928 1463 1981 lliius
1492 1926 1675 1996 itaque
1702 1922 1833 1976 alio-

236 2051 472 2108 rumque
513 2034 767 2089 similium
816 2026 1041 2098 publica:
1069 2022 1147 2077 rei
1192 2017 1683 2074 administratorum
1713 2028 1835 2066 sua-

235 2130 487 2187 sionibus
532 2134 589 2181 et
633 2120 872 2179 consiliis
901 2117 1159 2184 deceptus
1185 2108 1494 2169 Mauricius,
1526 2122 1635 2160 non
1661 2104 1836 2158 solum

237 2222 394 2278 bello
424 2220 584 2273 linem
630 2216 910 2283 imponere
945 2206 1164 2261 minime
1204 2198 1508 2266 consensit,
1552 2194 1649 2251 scd
1676 2193 1838 2249 etiam

237 2311 564 2383 Gregorium
607 2306 677 2362 ad
712 2282 837 2360 odia
877 2296 1194 2369 deponenda
1237 2301 1292 2348 et
1334 2289 1622 2346 ineundum
1668 2282 1841 2342 fmdus

236 2379 577 2468 hortantem,
608 2398 785 2453 nimia:
811 2390 1159 2463 simplicitatis
1187 2386 1398 2455 arguit,
1441 2382 1674 2438 maxime
1696 2379 1839 2449 quod

237 2501 315 2557 de
342 2498 580 2561 Ariulfo,
635 2491 928 2564 Spolctano
966 2485 1132 2547 duce,
1184 2480 1516 2549 scripsisset,
1568 2489 1689 2529 eum
1738 2481 1840 2526 toto

244 2591 410 2647 corde
451 2590 627 2644 venire
671 2562 740 2639 ad
790 2578 1157 2651 rempublicam
1199 2579 1439 2643 paratum
1492 2583 1603 2621 esse
1649 2562 1839 2634 (Ibid.,

240 2679 359 2751 Ep.
386 2680 512 2750 40),
542 2676 648 2732 hoc
676 2681 788 2740 est,
838 2650 907 2724 ad
932 2681 1117 2739 pacem
1144 2670 1200 2719 et
1226 2659 1542 2715 societatem
1582 2667 1703 2707 cum
1730 2650 1844 2704 Ro-

240 2773 431 2829 manis
456 2768 756 2825 faciendam
785 2775 1034 2834 pronum.
1066 2756 1262 2823 Sicque
1290 2751 1417 2805 dum
1445 2761 1593 2818 papm
1617 2742 1847 2799 saniori-

240 2866 351 2921 bus
380 2860 617 2918 consiliis
646 2874 751 2913 non
781 2852 1118 2915 credebatur,
1164 2846 1306 2899 vires
1334 2840 1565 2895 hostium
1595 2833 1845 2890 immani-

244 2966 341 3012 ter
368 2951 772 3015 excrescebant,
811 2955 866 3002 et
890 2944 1040 2999 Italia
1068 2938 1219 3010 quoti
1240 2936 1307 2990 tie
1334 2934 1435 2988 sub
1463 2926 1845 2998 Langobardo-

246 3063 380 3103 rum
432 3046 561 3114 jugo
599 3040 814 3110 captiva
880 3033 1196 3090 ducebatur.
1257 3025 1381 3080 llmc
1435 3020 1681 3091 deplorat
1726 3018 1847 3087 pius

246 3109 479 3213 pastor,
497 3109 562 3192 et
587 3109 768 3190 clades
796 3139 908 3185 tum
934 3124 1130 3188 ltalize,
1180 3128 1292 3174 tum
1318 3113 1614 3187 praesertim
1664 3109 1850 3163 Romae
1881 3119 1925 3181 ρ

252 3234 440 3290 illatas
480 3229 782 3284 enumerat.
832 3217 1075 3287 Cumque
1118 3208 1467 3267 nihilominus
1502 3218 1533 3257 a
1575 3198 1849 3257 suadenda

250 3321 604 3397 peteudaque
614 3329 747 3388 pace
767 3326 874 3368 non
894 3311 1151 3368 cessaret,
1183 3298 1419 3355 adhibita
1441 3290 1671 3348 Castorii
1696 3296 1822 3343 nota
1837 3315 1852 3326 -

251 3377 542 3485 :ii-operal,
565 3377 726 3481 quem
746 3405 1018 3460 Ravenna:
1046 3391 1416 3465 responsalem
1442 3384 1678 3441 habebat
1713 3377 1856 3449 apud

252 3473 559 3567 exarcbttm
638 3497 864 3566 Quidam
892 3491 1105 3563 maligni
1130 3487 1341 3557 spiritus
1369 3478 1585 3535 consilio
1609 3473 1855 3545 repletus,

252 3607 451 3656 contra
474 3596 607 3649 hunc
628 3598 882 3647 nocturno
906 3582 1131 3645 silentio,
1153 3580 1207 3632 in
1226 3574 1447 3631 civitatis
1472 3571 1583 3626 loco
1601 3575 1858 3622 contesta-

254 3698 458 3751 tionem
484 3687 655 3759 posuit
682 3687 737 3740 in
778 3683 889 3755 ejus
931 3676 1143 3732 crimine
1184 3673 1497 3741 loquentem,
1540 3672 1587 3717 et
1611 3658 1859 3731 Gregorio

254 3788 425 3846 etiam
447 3751 510 3837 de
530 3776 771 3855 facienda
792 3751 918 3845 pace
934 3767 1123 3824 callide
1155 3760 1593 3819 contradicentem
1625 3751 1760 3822 (Lib.
1786 3764 1857 3812 γι,

262 3844 348 3953 ἐρ.
382 3878 499 3947 δι).
530 3844 801 3929 λάνετειιέ
826 3861 990 3921 libelli
1030 3858 1189 3929 hujus
1218 3850 1408 3911 famosi
1454 3844 1735 3905 auctorem
1768 3855 1863 3897 ex-

264 3934 779 4026 cbmmunicationis
796 3952 1122 4013 sententiam
1146 3949 1267 4003 tulit
1272 3958 1443 4025 papa,
1468 3938 1569 3994 nisi
1598 3934 1864 4007 prodiret,

266 4077 334 4117 ac
361 4073 431 4116 ea
455 4070 577 4128 qua:
598 4054 652 4108 in
680 4048 1078 4108 contestatione
1116 4037 1544 4109 objicicbantur,
1576 4026 1863 4098 prnbaret;

266 4162 367 4210 aut
397 4127 526 4206 laeti
554 4146 856 4218 paenitens,
898 4136 1112 4209 publica
1139 4127 1478 4189 confessione
1514 4135 1666 4177 suam
1695 4131 1865 4187 agno-

268 4248 454 4299 sceret
499 4212 748 4308 culpam,
797 4237 1123 4302 pmnamque
1174 4220 1414 4275 debitam
1462 4212 1867 4282 deprecaretur.

273 4332 482 4388 Eadem
528 4317 1089 4384 excommunicatione
1133 4308 1412 4367 mulctavit
1459 4319 1582 4369 eos,
1629 4298 1723 4370 qui
1747 4313 1873 4352 con-

274 4440 488 4482 sensum
536 4422 593 4475 in
627 4423 789 4471 tanta:
832 4404 1121 4481 iniquitatis
1157 4399 1370 4455 consilio
1404 4390 1762 4466 praebuissent.

351 4517 409 4571 5.
438 4508 685 4581 Gregorii
706 4460 948 4561 dolorem
972 4498 1039 4552 de
1068 4490 1295 4565 publicis
1322 4460 1716 4543 calamitatibus
1743 4491 1872 4533 con-
1904 4487 1952 4548 ι)
1975 4460 2028 4516 di

280 4618 534 4678 ceptum,
580 4597 733 4655 auxit
780 4595 957 4648 luctus
997 4587 1067 4641 de
1095 4582 1252 4639 amici
1299 4587 1503 4643 morte,
1537 4571 1788 4626 nimirum
1811 4564 1870 4620 S.

1119 4677 1122 4678 '
1365 4669 1377 4678 “
1401 4669 1412 4678 -
1476 4674 1484 4678 -
1550 4663 1581 4678 ﬁ
1663 4660 1680 4678 Δ
1717 4654 1721 4678 ξ
1744 4657 1870 4678 j_‘,_.

283 4654 626 4758 Mitrximiani,
672 4688 763 4758 qui
814 4700 880 4739 ex
918 4677 1184 4734 monacho
1228 4680 1285 4728 et
1330 4669 1525 4723 abbate
1550 4663 1607 4718 S.
1649 4654 1877 4715 Andreae

280 4798 505 4847 creatus
535 4783 707 4838 fuerat
731 4776 1016 4847 episcopus
1044 4767 1434 4838 Syracusanus.
1469 4754 1642 4809 Tanto
1668 4751 1784 4805 viro
1811 4746 1878 4801 de

278 4896 344 4937 se
369 4868 579 4948 optime
607 4846 800 4925 merito
820 4863 905 4918 his
929 4858 1107 4915 verbis
1126 4854 1269 4925 justa
1297 4846 1572 4921 persolvit,
1604 4848 1659 4898 et
1682 4852 1877 4911 paren-

284 4932 426 5024 tavii
471 4958 844 5018 sanctissimus
885 4960 1071 5021 pater,
1119 4943 1186 5000 ad
1227 4940 1552 5011 Cyprianum
1590 4932 1877 4986 diaconum

284 5059 535 5118 scribens
577 5070 590 5106 :
636 5046 1008 5104 Amarissimas
1056 5050 1154 5092 tua:
1201 5031 1489 5089 dilectionis
1529 5022 1774 5097 epistolas
1821 5019 1883 5072 de

288 5149 470 5207 damni
508 5139 820 5199 Maximiani
842 5134 981 5190 obitu
1004 5144 1175 5184 mense
1205 5120 1510 5180 Novembris
1549 5114 1769 5184 suscepi.
1817 5107 1887 5162 Et

289 5242 501 5311 quidem
529 5237 616 5290 ille
645 5233 713 5287 ad
740 5227 953 5300 prwmia
984 5221 1276 5276 desiderata
1302 5212 1557 5286 pervenit,
1587 5205 1675 5260 sed
1703 5201 1889 5273 infelix

290 5298 515 5405 populus
560 5298 908 5397 Syracusana:
935 5314 1151 5370 civitatis
1199 5305 1445 5379 lugendus
1473 5311 1567 5365 est,
1600 5298 1687 5369 qui
1715 5302 1894 5365 pasto-

294 5386 372 5405 ι-τ.
607 5386 629 5397 υ

294 5439 406 5478 rem
449 5424 607 5474 talem
634 5414 722 5467 diu
742 5409 928 5464 habere
956 5422 1057 5460 non
1084 5400 1286 5456 meruit.
1319 5392 1549 5449 Proinde
1572 5386 1777 5443 dilectio
1801 5392 1889 5436 tua

298 5508 697 5569 sollicitudinem
720 5510 885 5575 gerat,
905 5510 958 5551 ut
996 5498 1050 5551 in
1077 5492 1256 5548 eadem
1288 5485 1519 5541 Ecclesia
1550 5479 1667 5534 talis
1712 5475 1891 5531 debeat

301 5605 370 5658 ad
396 5597 747 5657 ordinandum
769 5589 926 5662 eligi,
966 5589 1049 5661 qui
1074 5595 1191 5657 post
1234 5584 1479 5636 damnum
1510 5572 1893 5630 Maximianum

303 5695 537 5768 ejusdem
574 5684 840 5761 regiminis
885 5682 1051 5738 locum
1081 5694 1182 5733 non
1220 5674 1452 5729 rideatur
1495 5663 1750 5721 immerito
1780 5675 1895 5713 sor-

310 5754 397 5843 tiri
426 5783 580 5859 (Lib.
610 5754 677 5849 ί,
706 5797 788 5850 ep.
821 5776 944 5848 l7).
1004 5772 1083 5827 Ex
1139 5771 1241 5825 hac
1286 5762 1512 5837 cpistola
1556 5754 1898 5824 intelligimus

1928 474 2011 518 ter
2042 457 2328 512 Novembri
2359 471 2448 510 an.
2482 454 2605 510 594.
2633 452 2849 510 Nobiles
2894 448 3218 523 Syracusani
3253 448 3517 503 electionis

1925 563 2083 600 onera
2120 549 2382 617 sapienter
2408 546 2720 599 declinantes
2766 542 2963 615 (Ibid.,
3000 558 3082 612 ep.
3114 539 3204 610 εξ)
3226 580 3242 607 ,
3271 536 3518 606 Gregorii

1926 636 2150 692 arbitrio
2195 636 2611 701 commiserant,
2642 634 2835 704 quibus
2870 632 3070 701 gratias
3096 643 3260 698 agens
3281 626 3519 696 scripsit,

1925 739 1985 781 se
2031 741 2193 795 quem
2236 726 2368 796 ipsis
2404 726 2559 781 daret
2603 734 2877 797 pastorem
2924 721 3248 776 Maximiano
3289 716 3520 773 similem

1928 831 2035 870 non
2066 816 2285 873 habere.
2315 815 2587 887 Cypriano
2614 816 2845 871 diacono
2878 822 3059 868 tamen
3089 806 3523 865 indicavitJoan-

1932 920 2052 961 nem
2099 906 2416 963 Catanensis
2460 904 2715 960 Ecclesiae
2758 901 3197 959 archidiaconum
3265 907 3523 966 tanquam

1930 999 2102 1068 magis
2144 995 2579 1063 idoneum;cui,
2608 995 2655 1049 si
2682 995 3005 1063 eligeretur,
3047 992 3218 1048 voluit
3261 1005 3291 1044 a
3341 987 3526 1045 Leone

1930 1089 2219 1145 Catanensi
2238 1088 2498 1157 episcopo
2519 1085 2824 1151 cessionem,
2844 1083 2959 1137 sive
2985 1090 3045 1136 ut
3061 1081 3219 1136 modo
3235 1080 3525 1148 loquimur,

1932 1178 2260 1235 dimissorias
2277 1177 2482 1232 litteras
2494 1174 2630 1239 dari,
2644 1182 2933 1241 antequam
2947 1172 3309 1227 ordinaretur.
3327 1168 3528 1225 Deinde

1932 1268 2110 1324 electo
2133 1276 2190 1323 et
2222 1266 2473 1323 ordinato
2517 1263 2738 1333 pallium
2782 1261 2951 1316 misit.

2004 1357 2241 1413 Joannes
2278 1358 2334 1412 in
2385 1356 2698 1427 episcopatu
2734 1350 3023 1408 virtutibus
3072 1348 3321 1404 omnibus
3361 1346 3529 1415 fulsit,

1934 1450 2230 1522 praesertim
2266 1447 2432 1504 effusa
2476 1447 2531 1501 iu
2571 1458 2837 1516 pauperes
2865 1440 3216 1506 liberalitate,
3250 1440 3323 1493 ita
3370 1448 3453 1503 ut,
3480 1448 3532 1492 et

1937 1545 1981 1599 si
2009 1544 2306 1597 innumeros
2328 1539 2468 1611 apud
2506 1555 2562 1594 se
2593 1552 2843 1610 pauperes
2874 1534 3115 1598 haberet,
3144 1547 3243 1602 pro
3266 1530 3531 1601 explenda

1936 1642 2119 1689 tamen
2145 1631 2392 1700 largitate
2418 1625 2822 1692 misericordias,
2844 1623 3007 1680 etiam
3031 1623 3147 1677 loca
3168 1621 3271 1675 alia
3298 1628 3352 1675 et
3373 1620 3534 1687 longe

1938 1724 2115 1795 posita
2162 1722 2494 1792 requireret,
2558 1716 2733 1786 inquit
2781 1722 2998 1770 sanctus
3050 1709 3373 1780 Gregorius,
3430 1708 3531 1777 ipsi

1937 1815 2136 1886 gratias
2155 1812 2395 1868 referens
2411 1823 2511 1879 pro
2531 1804 2890 1875 eleemosynis
2910 1800 2979 1856 ad
3004 1816 3063 1856 se
3087 1800 3266 1855 missis
3289 1796 3430 1869 (Lib.
3457 1813 3529 1861 vi,

1935 1923 2017 1978 ep.
2069 1904 2179 1974 18).
2225 1902 2352 1958 lJeo
2398 1900 2627 1956 fortasse
2667 1896 2722 1951 in
2769 1907 2972 1963 egenos
3013 1892 3089 1947 ita
3136 1887 3441 1945 beneﬁcum
3470 1901 3532 1940 se

1938 1997 2193 2068 ptmbuit,
2223 1992 2367 2063 quod
2398 1990 2466 2046 ad
2493 1987 2822 2046 sanctissimi
2850 1983 3092 2041 doctoris
3124 1988 3391 2052 praecepta
3416 1994 3537 2033 sese

1938 2093 2322 2157 componeret,
2351 2096 2526 2151 eaque
2550 2078 2769 2135 assidua
2797 2075 3122 2144 scriptorum
3156 2072 3273 2141 ejus
3299 2064 3560 2125 lectione'

1940 2180 2200 2235 imbibere
2228 2182 2462 2232 curaret.
2486 2171 2639 2226 Hanc
2667 2169 2954 2225 lectionem
2983 2181 3093 2222 suae
3114 2178 3335 2229 mensae,
3367 2162 3531 2216 etiam

1941 2287 2116 2325 coram
2145 2268 2407 2322 extraneis
2436 2261 2748 2327 adhibebat,
2777 2273 2884 2328 qua
2930 2256 3083 2313 cibos
3121 2250 3527 2323 quodammodo

1941 2360 2207 2417 condiret.
2247 2356 2303 2411 ld
2331 2368 2473 2424 aegre
2502 2350 2724 2408 omnino
2752 2348 2873 2402 tulit
2902 2346 2983 2402 vir
3010 2357 3234 2399 summae
3264 2340 3541 2396 humilita-

1943 2453 2012 2507 tis
2036 2460 2092 2506 et
2120 2447 2418 2513 modestiae,
2444 2449 2743 2511 auctorque
2762 2438 2863 2493 fuit
2886 2444 2947 2494 ut
2965 2436 3155 2492 saltem
3178 2448 3361 2490 coram
3383 2444 3542 2501 pere—

1943 2540 2109 2610 grinis
2139 2537 2208 2593 ab
2234 2538 2336 2590 hac
2366 2534 2597 2589 lectione
2635 2528 2872 2585 Joannes
2919 2526 3245 2588 abstineret,
3290 2536 3356 2576 ac
3400 2520 3543 2574 anti-

1944 2631 2178 2700 quiorum
2208 2626 2427 2680 Patrum
2454 2624 2594 2677 dicta
2620 2619 2725 2688 legi
2757 2618 3002 2687 juberet,
3032 2631 3096 2670 ex
3124 2629 3339 2686 quorum
3364 2620 3545 2667 aucto-

1946 2723 2102 2775 ritate
2128 2720 2355 2774 valerent
2379 2713 2655 2786 informari
2686 2708 2824 2782 (Lib.
2858 2723 2966 2775 vn,
2993 2722 3076 2776 ep.
3107 2706 3184 2774 9).

2018 2812 2072 2866 4.
2115 2810 2317 2864 Eodem
2369 2819 2586 2875 quoque
2634 2817 2778 2856 anno
2816 2814 2926 2870 quo
2974 2795 3331 2851 Maximianus
3373 2790 3542 2845 Joan-

1946 2916 2080 2970 nes,
2108 2901 2481 2955 Ravennatum
2540 2890 3005 2959 archiepiscopus,
3049 2900 3080 2940 e
3120 2884 3229 2939 vita
3275 2881 3544 2950 migravit,

1952 2992 2189 3048 nondum
2216 2988 2388 3059 sopita
2417 2985 2485 3041 de
2508 2998 2606 3039 usu
2632 2979 2781 3052 pallii
2802 2975 3194 3038 controversia,
3226 2981 3284 3028 ut
3309 2988 3377 3027 ex
3409 2986 3545 3025 non-

1956 3082 2117 3138 nullis
2163 3076 2411 3148 Gregorii
2439 3071 2681 3143 epistolis
2707 3069 2774 3124 ad
2803 3082 2927 3123 eum
2956 3064 3117 3134 paulo
3146 3070 3306 3118 antea
3335 3059 3551 3130 scriptis

1959 3174 2099 3245 (Lib.
2128 3189 2181 3239 v,
2206 3187 2285 3241 ep.
2316 3167 2407 3233 ‘25,
2433 3165 2524 3233 48,
2542 3163 2660 3233 56),
2686 3159 3027 3231 perspicuum
3047 3165 3149 3211 est.
3173 3151 3548 3208 [inminentem

1956 3274 2192 3321 mortem
2225 3262 2272 3317 ei
2300 3254 2693 3330 pramunliasse
2738 3250 2885 3304 visus
2920 3252 3002 3304 est
3046 3242 3413 3301 sanctissimus
3451 3240 3551 3295 Pa-

1954 3366 2038 3411 ter
2076 3354 2160 3408 his
2203 3350 2413 3414 verbis,
2464 3360 2553 3415 ep.
2603 3340 2671 3395 15
2703 3358 2715 3394 :
2748 3337 2875 3393 Hazc
2906 3350 3030 3407 ergo
3076 3333 3280 3397 omnia,
3311 3347 3426 3401 qum
3459 3345 3550 3382 su-

1958 3449 2127 3520 perius
2157 3444 2296 3506 dixi,
2328 3443 2491 3512 frater
2516 3433 2847 3498 charissime,
2876 3429 3126 3499 recogita.
3154 3425 3304 3479 Diem
3328 3433 3427 3477 tua:
3465 3437 3557 3477 vo-

1958 3537 2178 3591 cationis
2216 3534 2450 3595 attende,
2498 3544 2624 3599 quas
2654 3526 2882 3580 rationes
2912 3520 2976 3575 de
2997 3518 3205 3573 sarcina
3233 3516 3563 3585 episcopatus

1956 3627 2252 3682 redditurus
2292 3640 2380 3689 es,
2417 3620 2706 3674 considera.
2739 3613 2977 3667 Emenda
3005 3609 3122 3663 illos
3152 3622 3319 3661 mores
3344 3604 3560 3658 notarii.

1970 3716 2102 3773 Vide
2129 3715 2252 3788 quid
2279 3715 2331 3767 in
2354 3713 2559 3783 lingua,
2591 3708 2715 3780 quid
2761 3707 2817 3759 in
2857 3712 2975 3756 actu
3021 3700 3315 3771 episcopum
3358 3696 3557 3749 deceat.

1961 3809 2092 3867 Esto
2118 3817 2252 3866 totus
2281 3820 2435 3875 purus
2467 3799 2714 3876 fratribus
2742 3797 2862 3851 tuis.
2898 3791 3022 3849 Non
3050 3789 3195 3846 aliud
3218 3788 3477 3860 loquaris,
3509 3797 3559 3841 et

1965 3906 2108 3962 aliud
2135 3907 2190 3959 in
2220 3900 2375 3957 corde
2405 3896 2614 3951 habeas.
2648 3890 2760 3946 Nec
2804 3896 3020 3958 appetas
3046 3885 3185 3938 ultra
3209 3882 3371 3936 videri
3406 3897 3561 3951 quam

1966 4017 2055 4065 es,
2102 4005 2158 4050 ut
2204 3993 2371 4063 possis
2413 3989 2552 4043 ultra
2597 3999 2708 4039 esse
2750 3997 2903 4054 quam
2926 3977 3113 4055 videris
3151 3973 3352 4047 (Ibid.,
3382 3982 3465 4044 ep.‘
3498 3970 3558 4024 ll

1967 4101 2018 4147 et
2048 4089 2157 4158 l5).
2196 4085 2350 4141 Prius
2393 4096 2517 4137 eum
2565 4078 2935 4146 increpaverat
2977 4068 3121 4141 quod
3162 4065 3415 4123 irrisoriis
3446 4079 3567 4119 ver-

1967 4181 2051 4237 bis
2086 4183 2363 4241 uteretur;
2413 4169 2556 4242 quod
2608 4168 2778 4223 servis
2826 4164 2969 4228 suis,
3015 4174 3138 4215 cum
3178 4157 3409 4223 fureret,
3454 4163 3567 4209 tur-

1969 4275 2059 4347 pia
2107 4272 2409 4341 imponeret
2468 4261 2728 4325 crimina;
2798 4254 2942 4328 quod
2996 4268 3057 4309 se
3117 4249 3398 4307 dominum
3452 4255 3572 4302 tan—

1972 4346 2251 4426 tummodo
2296 4360 2508 4419 clericis
2552 4357 2865 4419 exhiberet,
2907 4365 3044 4422 quos
3090 4347 3236 4405 nulla
3282 4346 3569 4403 coercebat

2031 4457 2276 4529 sciplina.

2051 4522 2126 4603 5.’
2147 4543 2396 4616 Ejusdem
2438 4537 2703 4596 socordiae
2749 4532 2969 4589 forsitan
3010 4528 3168 4584 tribui
3209 4526 3397 4589 debet,
3429 4522 3573 4594 quod

1980 4641 2163 4698 clerici
2195 4638 2361 4693 multa
2407 4629 2734 4690 monasteria
2766 4625 3149 4699 pervasissent.
3180 4620 3437 4673 Nimirum
3468 4617 3574 4686 ﬁn-

1982 4742 2154 4806 gentes
2194 4729 2428 4799 religiose
2477 4726 2677 4789 uivere,
2733 4715 3057 4773 monasteriis
3107 4709 3339 4780 prwponi
3368 4715 3576 4775 appete—

1985 4825 2135 4888 bant;
2171 4835 2341 4875 rerum
2368 4834 2459 4885 per
2487 4830 2661 4869 eorum
2691 4812 2845 4864 vitam
2893 4802 3208 4860 monasteria
3243 4796 3577 4852 destrueban-

1987 4885 2306 4984 tur,'253
2355 4907 2527 4976 inquit
2565 4904 2623 4959 S.
2664 4900 2954 4968 Gregorius
2987 4913 3000 4948 :
3033 4892 3123 4963 qui
3161 4889 3303 4945 enim
3334 4888 3386 4942 in
3417 4885 3576 4941 cleri-

1987 5016 2111 5063 catu
2156 5002 2383 5066 militat,
2438 5003 2642 5051 arctam
2688 4986 3000 5045 monasterii
3074 4979 3409 5049 disciplinam
3463 4977 3579 5046 ipse

1985 5114 2202 5158 servare
2226 5111 2334 5151 non
2356 5097 2555 5164 potest.
2575 5089 2692 5155 Qua
2721 5085 2903 5151 itaque
2923 5085 3084 5149 pacto
3110 5074 3200 5144 qui
3222 5071 3575 5127 monasticam

1988 5190 2230 5262 regulam
2260 5162 2373 5241 non
2389 5181 2609 5261 implet,
2642 5177 2707 5231 ad
2739 5187 2856 5228 cam
2896 5167 3132 5225 strictius
3185 5162 3572 5220 observandam

1993 5253 2130 5339 alios
2155 5291 2350 5349 cogere
2374 5253 2607 5345 poterit?
2633 5263 2866 5322 Proinde
2895 5276 3003 5317 non
3034 5256 3302 5313 immerito
3332 5253 3583 5326 providus

1991 5378 2153 5433 Pater
2170 5378 2317 5428 tanto
2339 5367 2481 5422 malo
2502 5360 2707 5419 mederi
2722 5354 3041 5427 quantocius
3062 5350 3289 5416 curavit,
3303 5348 3418 5403 loca
3433 5361 3582 5400 sacra

1992 5487 2083 5543 per
2102 5466 2403 5522 clericorum
2423 5455 2670 5513 ambitum
2691 5450 2885 5507 destrui
2910 5446 3129 5502 minime
3150 5443 3358 5515 patiens
3372 5437 3577 5512 (Lilm',

1997 5580 2079 5634 ep.
2105 5559 2179 5628 l).

2068 5646 2319 5708 Nonnulli
2344 5646 2447 5702 hac
2484 5639 2565 5697 usi
2593 5644 2719 5695 sunt
2759 5632 3019 5706 cpistola,
3048 5639 3107 5686 ut
3143 5628 3435 5701 probarent
3465 5636 3573 5676 mo-

2004 5744 2221 5803 nastic-ac
2245 5741 2366 5797 vita:
2386 5744 2582 5794 statum
2606 5747 2635 5787 a
2658 5729 2912 5787 clericatu
2937 5740 3154 5799 prorsus
3183 5738 3300 5779 esse
3327 5718 3577 5774 alienum.
