3992 6298
597 255 663 309 ἑό
1022 257 1080 311 S.
1124 254 1454 312 οδες-πω
1500 257 1716 313 MAGNI
1762 257 1939 330 VITA,
1984 259 2071 313 EX
2113 257 2137 311 Ε

2244 259 2269 313 5
2308 256 2615 315 SCRIPTIS
2657 260 3052 326 ADSRNATA,
3098 262 3227 319 [ΑΒ.
3265 265 3351 320 ιιι,

3734 271 3831 327 556

558 372 755 427 Verum
782 379 1041 439 quantum
1087 372 1138 426 id
1170 388 1197 425 a
1223 381 1403 427 mente
1441 374 1498 428 S.
1550 373 1796 429 Doctoris
1835 376 2141 435 abho'rcat.
2182 376 2223 431 A
2251 369 2531 438 Epistolas.
2581 370 2852 441 Prmcipua
2891 382 3018 426 sunt
3055 372 3124 427 de
3160 374 3508 430 diaconorum
3540 378 3753 447 οηῖρίο,
3780 384 3842 439 do

556 462 673 531 ipse
717 462 999 517 manifeste
1027 463 1259 517 ostendit
1284 478 1404 517 cum
1433 462 1497 516 ad
1528 478 1712 517 sacros
1749 465 1968 519 ordines
1994 504 2012 529 ,
2044 464 2151 518 imo

557 554 626 607 ad
654 552 1021 622 episcopatum
1053 552 1346 606 monachos
1371 551 1807 621 quamplurimos
1829 561 1941 607 tum
1974 568 2005 607 e
2051 568 2151 608 suo

560 649 670 695 tum
718 656 786 695 ex
835 641 951 694 aliis
998 640 1338 694 monasteriis
1376 641 1691 710 assumpsit,
1741 649 1797 695 et
1837 642 2152 711 apostolicis

557 734 720 787 etiam
751 732 987 802 prmfecit
1030 732 1244 785 muniis.
1276 731 1414 797 Quid
1456 733 1599 800 quod
1628 736 2009 789 monachatnm
2049 734 2151 788 ali-

558 822 771 890 quando
798 822 1034 887 assignat
1056 830 1107 873 ct
1137 820 1358 888 gradum
1382 829 1437 875 et
1457 822 1865 893 dispositionem
1897 825 2149 893 prmviam

557 912 623 963 ad
654 910 1062 978 episcopatum?
1084 908 1391 965 Ilortandus
1418 922 1523 978 est,
1560 914 1761 984 inquit,
1796 911 2150 985 Opportunus,

552 1009 607 1051 ut
638 1000 713 1053 vel
742 1000 1023 1052 monachus
1058 1002 1134 1054 vel
1163 1018 1196 1054 a
1237 999 1376 1055 vobis
1406 1002 1750 1058 subdiaconus
1787 1004 1882 1073 ﬁat
1898 1022 1916 1070 ;
1948 1014 2004 1058 ut
2039 1014 2153 1075 post

553 1088 929 1159 aliquantulum
958 1092 1223 1159 temporis,
1247 1093 1291 1145 si
1312 1090 1421 1146 Deo
1442 1094 1713 1162 placuerit,
1743 1095 1854 1164 ipse
1882 1096 1952 1148 ad
1978 1106 2154 1165 pasto-

552 1182 716 1235 ralem
746 1198 924 1235 curam
950 1182 1131 1236 debeat
1160 1186 1448 1253 promoveri
1478 1185 1616 1259 (Lib.
1657 1202 1730 1241 ιιι
1749 1228 1764 1252 ,
1796 1206 1877 1258 ep.
1925 1189 2039 1259 η).
2086 1190 2154 1242 At

552 1273 913 1329 consulendus
927 1281 1011 1328 est
1031 1274 1375 1336 doctissimus
1397 1276 1735 1333 Mabillonius
1762 1287 1871 1333 tum
1893 1280 2069 1334 surculi
2100 1296 2153 1334 tv

554 1360 887 1416 Benedictini
937 1371 1083 1419 tomo
1130 1364 1149 1417 l
1201 1380 1254 1418 tn
1293 1364 1541 1432 Praefat.,
1573 1376 1684 1421 tum
1725 1369 1779 1423 in
1833 1368 2147 1429 Annalibus.

553 1450 705 1507 Mens
730 1452 888 1521 igitur
914 1454 1084 1509 sancti
1116 1455 1362 1509 Doetoris
1387 1456 1484 1510 fuit
1507 1466 1530 1493 ει
1555 1466 1817 1525 quantum
1845 1473 1912 1514 ex
1937 1459 2152 1514 laudata

558 1543 684 1598 libri
713 1544 881 1612 quinti
910 1545 1080 1613 prima
1106 1545 1261 1614 epist.
1288 1555 1343 1599 et
1361 1561 1426 1600 ex
1455 1547 1573 1603 aliis
1601 1550 1811 1619 assequi
1842 1565 2148 1620 possumus,

555 1635 1002 1688 monasteriorum
1055 1635 1424 1703 prmlecturam
1481 1639 1703 1694 minime
1762 1642 1975 1697 clericis
2027 1657 2147 1698 esse

2255 461 2568 514 amovendis
2616 476 2645 514 a
2702 461 3027 530 pontificalis
3072 464 3304 518 cubiculi
3354 466 3654 523 ministerio
3702 470 3841 530 laicis

2253 551 2455 619 pueris,
2485 551 2552 604 de
2579 551 2895 606 coercendis
2919 560 3191 607 rectorum
3213 554 3565 611 ecclesiastici
3592 562 3841 625 patrimo-

2253 640 2326 693 nii
2364 640 2878 709 deprtcdationibus,
2936 643 3004 698 de
3052 645 3220 698 sacris
3266 645 3542 701 ordinibus
3577 649 3843 720 pallioque

2252 731 2418 800 gratis
2458 739 2512 785 et
2541 732 2745 802 absque
2777 734 2888 788 ullo
2918 736 3092 803 pretio
3121 735 3494 800 conferendis,
3523 747 3633 795 etc.
3664 739 3720 795 In
3750 743 3841 797 hac

2257 822 2466 891 synodo
2494 822 2701 875 sancita
2740 825 2976 877 unanimi
3024 841 3290 881 consensu
3333 829 3752 886 corroborarunt
3793 844 3842 890 et

2252 913 2738 983 subscriptionibus
2771 917 3081 972 munierunt
3120 919 3302 987 viginti
3356 930 3464 976 tres
3498 924 3733 993 episcopi
3784 942 3842 982 ac

2258 1004 2470 1073 plurimi
2500 1008 2797 1079 presbyteri
2826 1010 2916 1076 qui
2940 1008 3220 1080 praecipuis
3253 1011 3408 1067 Urbis
3438 1016 3608 1070 titulis
3632 1032 3727 1071 seu
3754 1031 3842 1075 ec-

2253 1096 2433 1151 clesiis
2454 1108 2741 1167 prmerant,
2774 1116 2880 1155 non
2903 1110 3079 1157 autem
3106 1103 3318 1159 diaconi
3346 1114 3399 1161 et
3430 1109 3611 1163 caeteri
3640 1109 3836 1167 clerici.

2252 1185 2311 1241 In
2352 1188 2838 1258 subseriptionibus
2883 1193 3121 1247 secundo
3168 1193 3291 1250 loco
3333 1195 3527 1264 legitur
3570 1199 3841 1258 Mariniani

2260 1293 2486 1343 nomen,
2516 1282 2724 1335 scilicet
2753 1290 2877 1351 post
2914 1282 3257 1352 Gregorium.
3291 1286 3367 1342 De
3404 1289 3507 1344 hoc
3538 1302 3679 1346 cortu
3706 1292 3839 1362 loqui

2252 1370 2489 1425 creditur
2502 1379 2718 1426 sanctus
2736 1387 2891 1442 papa,
2910 1373 3001 1428 ubi
3024 1374 3266 1443 plurimis
3282 1376 3333 1431 in
3353 1379 3595 1447 epistolis
3617 1380 3751 1450 (Lib.
3771 1402 3836 1447 vt,

2250 1474 2367 1527 epp.
2393 1458 2480 1526 14,
2512 1457 2597 1525 15,
2634 1460 2720 1527 l6,
2746 1460 2835 1528 l7)
2880 1468 3109 1518 testatur
3130 1462 3391 1521 Joannem
3413 1466 3665 1524 Ecclesia:
3690 1473 3839 1529 Chal-

2250 1549 2572 1606 cedonensis
2614 1552 2989 1624 presbyterum
3029 1554 3097 1610 de
3124 1570 3234 1625 quo
3279 1557 3390 1626 jam
3421 1558 3625 1615 dictum
3658 1563 3835 1634 (Sup.,

2253 1640 2343 1695 lib.
2376 1658 2431 1703 ll,
2464 1658 2511 1695 c.
2537 1641 2588 1708 9,
2615 1660 2757 1697 num.
2778 1643 2855 1713 5),
2888 1643 2941 1699 in
2970 1646 3203 1716 synodo,
3236 1648 3617 1720 episcoporum
3645 1651 3834 1720 judicio

560 1725 1071 1792 commendandam;
1094 1726 1217 1794 quia
1244 1743 1363 1781 cum
1377 1728 1668 1798 disciplima
1687 1731 1877 1787 laxiori
1896 1735 2152 1804 serviant,
2186 1747 2230 1805 Β
2260 1729 2421 1786 fuisse
2449 1732 2517 1786 ab
2539 1732 2759 1788 ltzcresis
2784 1734 3009 1790 crimine
3038 1735 3345 1791 liberatum.

553 1830 653 1871 nec
677 1817 1035 1872 sevcrioribus
1058 1817 1445 1875 monachorum
1486 1824 1727 1880 moribus
1752 1826 1859 1880 sint
1880 1828 2145 1895 innutriti,

551 1907 619 1960 de
644 1908 840 1976 regula:
869 1910 1177 1965 monastiete
1198 1912 1535 1969 observantia
1565 1917 1742 1973 minus
1762 1919 1976 1973 solliciti
1997 1929 2143 1974 sunt.

554 1997 816 2054 I’rmterea
844 2000 1277 2070 quandoquidem
1326 2012 1419 2058 aut
1460 2006 1724 2073 ambitus,
1765 2018 1859 2062 aut
1897 2009 2143 2070 avaritia.

506 2068 509 2073 I
553 2098 647 2142 aut
680 2106 878 2159 pravus
917 2092 1183 2161 quispiam
1223 2093 1359 2148 alius
1397 2094 1651 2161 allectus,
1684 2098 1748 2152 iis
1776 2098 1987 2154 clericis
2014 2113 2148 2168 quos

553 2178 844 2248 Gregorius
871 2181 1185 2247 insectatur,
1215 2185 1353 2238 viam
1383 2186 1450 2239 ad
1478 2188 1804 2244 abbatialem
1832 2189 2147 2258 dignitatem

553 2270 848 2337 munierat,
879 2271 1213 2325 saecularium
1249 2275 1463 2329 vivendi
1517 2278 1734 2332 modum
1773 2280 2143 2347 sectabantur,

555 2361 606 2412 in
638 2360 842 2429 epulis,
882 2361 933 2415 in
971 2363 1358 2431 suppellectili,
1402 2367 1456 2420 in
1495 2369 1764 2436 vestibus,
1805 2371 2000 2440 quibus
2045 2372 2148 2427 sibi

552 2450 906 2516 procurandis
932 2458 991 2506 ut
1031 2466 1189 2522 pares
1214 2469 1335 2511 esse
1362 2466 1606 2526 possent,
1632 2461 1961 2516 monasteria
1988 2462 2112 2532 expi
2129 2493 2145 2504 -

551 2538 758 2595 labant.

618 2648 672 2702 6.
704 2650 915 2707 Mortuo
943 2653 1174 2719 Joanne,
1213 2655 1281 2711 de
1313 2656 1563 2727 eligendo
1592 2674 1909 2716 successore
1937 2662 2143 2717 sollici-

547 2742 784 2798 tudinem
815 2746 979 2813 gessit
1000 2757 1216 2803 sanctus
1242 2753 1501 2818 pontifex.
1528 2753 1792 2809 Donatum
1815 2757 2148 2812 arrhidiaco-

548 2849 674 2887 num
705 2836 1010 2903 postulabat
1055 2841 1353 2905 exarchus;
1386 2857 1508 2897 cum
1540 2845 1683 2898 enim
1727 2847 1993 2915 designari
2024 2865 2145 2904 crc-

545 2925 720 2978 dimus
745 2926 826 2979 his
858 2928 1035 2983 \erbis
1066 2932 1084 2983 Δε
1116 2928 1557 2989 Excellentissimi
1588 2938 1682 2990 viri
1724 2938 1919 2995 domini
1938 2940 2145 3009 patricii

542 3014 855 3069 uoluntatem
902 3019 958 3070 in
1013 3036 1234 3089 persona
1289 3022 1479 3078 Donati
1533 3027 1886 3082 archidiacom
1935 3030 2142 3101 impleri

2321 1820 2374 1875 8.
2407 1822 2673 1878 Czcterum
2695 1840 2804 1878 non
2834 1824 3007 1880 multo
3036 1834 3189 1896 post,
3236 1828 3472 1898 suscepti
3492 1831 3832 1902 episcopatus

2250 1923 2305 1969 et
2324 1916 2532 1970 amissaa
2552 1916 2863 1972 monasticae
2879 1918 3280 1987 tranquillitatis
3303 1921 3555 1990 pmnituit
3602 1922 3835 1979 Marinia-

2251 2021 2377 2059 num
2398 2046 2413 2073 ,
2442 2006 2895 2062 calumniantibus
2938 2009 3297 2066 schismaticis
3322 2026 3445 2065 eum
3478 2013 3658 2068 minus
3685 2028 3832 2083 quam

2251 2093 2473 2149 deceret
2516 2096 2803 2151 concilium
2847 2092 3293 2155 Chalcedonense
3336 2104 3606 2156 venerari.
3635 2103 3744 2170 Qua
3768 2106 3830 2160 de

2249 2202 2307 2241 re
2335 2187 2549 2257 scripsit
2569 2187 2624 2242 S.
2654 2185 2944 2256 Gregorius
2970 2189 3035 2242 ad
3064 2189 3268 2244 clerum
3298 2199 3354 2246 et
3382 2191 3597 2262 plebem
3645 2193 3831 2249 Raven~

2249 2286 2462 2339 natem,
2505 2292 2752 2331 asserens
2800 2276 3152 2333 Marinianum
3190 2296 3222 2333 a
3258 2280 3523 2336 cunabulis
3569 2285 3625 2336 in
3657 2296 3835 2339 sancta

2246 2368 2552 2422 universalis
2568 2367 2817 2422 Ecclesia:
2846 2370 3041 2439 gremio
3074 2371 3343 2438 nutritum,
3375 2382 3571 2427 rectam
3582 2374 3706 2444 ﬁdei
3722 2393 3836 2445 pra:-

2246 2456 2553 2510 dica:ionem
2585 2458 2806 2510 tenuisse
2831 2456 2969 2527 (Lib.
2998 2474 3081 2525 Vl,
3127 2475 3207 2530 ep.
3237 2460 3322 2531 2),
3356 2477 3457 2516 nec
3499 2463 3663 2517 aliter
3688 2479 3834 2532 quam

2248 2563 2347 2617 par
2371 2556 2515 2602 esset
2540 2549 2607 2603 de
2632 2548 3056 2604 Chalcedonensi
3086 2551 3288 2607 sentire
3334 2553 3565 2624 synodo.
3602 2554 3833 2622 Proinde,

2247 2640 2440 2706 inq’uit,
2469 2640 2880 2710 satisfactionem
2904 2642 3255 2711 plenissimam
3284 2647 3622 2714 recipientcs,
3666 2650 3831 2704 citari-

2248 2737 2353 2782 tate
2374 2731 2575 2799 integra
2594 2770 2608 2795 ,
2643 2747 2771 2797 puro
2801 2732 2985 2797 corde,
3016 2744 3274 2802 pastorem
3296 2746 3515 2791 uestrum
3543 2739 3758 2811 diligite,
3786 2752 3835 2795 ut

2246 2820 2386 2888 apud
2418 2819 2577 2872 Deum
2599 2823 2777 2889 purius
2808 2824 2924 2891 fusa
2950 2824 3182 2894 ejusdem
3210 2825 3350 2881 vobis
3395 2829 3567 2883 valeat
3608 2832 3834 2900 prodesse

2245 2912 2544 2967 intercessio
2573 2914 2795 2983 pastoris
2832 2913 3048 2986 (lbid.).
3081 2914 3207 2972 llaec
3237 2934 3335 2988 pro
3383 2919 3685 2979 Mariniano
3710 2921 3832 2981 Grc-

2246 3018 2454 3073 genus.

547 3106 796 3160 voluimus
831 3107 984 3179 (Lib.
1013 3128 1073 3177 ν,
1118 3129 1199 3179 ep.
1245 3113 1314 3167 48
1335 3115 1377 3185 ).
1426 3115 1568 3171 Sane
1613 3119 1972 3186 periculosum
2023 3131 2140 3175 erat
2171 3113 2215 3176 C
2318 3115 2511 3173 Postea
2542 3136 2663 3175 cum
2694 3125 2991 3194 accepisset
3016 3143 3139 3184 cum
3168 3130 3220 3184 in
3249 3145 3514 3202 pauperes
3542 3149 3665 3192 esse
3688 3137 3832 3193 nimis

543 3198 737 3250 summi
756 3198 912 3265 hujus
932 3200 1170 3269 praefecti
1199 3205 1547 3272 postulationi
1572 3221 1776 3261 morem
1792 3224 1899 3262 non
1922 3224 2140 3278 gerere;

541 3285 636 3354 qui
663 3300 784 3339 cum
815 3286 1086 3343 Ravenna:
1115 3292 1298 3346 sedem
1329 3294 1582 3361 haberet,
1634 3295 1687 3350 in
1722 3298 1960 3369 episcopi
2003 3297 2144 3355 illius

549 3376 698 3430 urbis
756 3375 1019 3432 electione
1065 3379 1355 3449 plurimum
1418 3384 1518 3440 sibi
1566 3386 1890 3442 vindicabat.
1940 3389 2139 3445 Verum

542 3483 663 3522 cum
691 3483 798 3523 non
849 3485 1013 3538 pauca
1043 3472 1405 3530 innotuissent
1447 3477 1499 3531 in
1538 3478 1642 3532 vita
1673 3486 1729 3535 et
1770 3481 2009 3536 moribus
2030 3481 2139 3537 Do-

541 3559 649 3614 nati
679 3576 797 3630 qucc
826 3561 893 3616 ab
934 3564 1245 3634 episcopatu
1276 3569 1645 3638 repellendum
1677 3586 1798 3627 eum
1828 3574 2136 3641 suaderent,

539 3650 655 3716 ejus
680 3652 1002 3709 ordinationi
1052 3671 1377 3713 consensum
1410 3676 1515 3715 non
1549 3663 1893 3731 praebendum
1930 3667 2139 3720 censuit

541 3739 849 3811 Gregorius.
889 3744 1152 3803 Joannem
1180 3764 1398 3821 quoque
1426 3755 1800 3826 presbyterum
1830 3756 1896 3811 ad
1922 3758 2136 3827 episco-

538 3832 715 3901 palem
759 3834 1073 3904 dignitatem
1113 3843 1422 3909 promoveri
1470 3860 1578 3899 non
1608 3852 1692 3901 est
1741 3861 1961 3916 passus,
1991 3850 2135 3918 quod

541 3920 873 3979 Psalmorum
891 3928 1107 3984 nescius
1131 3928 1292 4000 foret,
1310 3947 1375 3987 ac
1400 3933 1455 3986 in
1482 3933 1663 3989 officio
1678 3936 1998 3991 sacerdotali
2029 3937 2133 3992 mi-

537 4031 635 4069 nus
674 4024 948 4073 strenuus.
979 4019 1218 4077 Tandem
1242 4025 1479 4079 unanimi
1507 4042 1771 4083 consensu
1808 4029 2014 4086 electus
2051 4040 2135 4087 est

533 4104 881 4175 Marinianus,
914 4110 1115 4166 invitus
1137 4120 1192 4168 et
1216 4115 1504 4171 reluctans.
1539 4117 1633 4172 llic
1658 4118 1749 4173 diu
1777 4119 1830 4172 in
1859 4130 2134 4177 monaste-

534 4195 615 4248 rio
645 4211 764 4251 cum
793 4198 1054 4268 Gregorio
1093 4203 1336 4272 vixerat;
1374 4206 1465 4276 qui
1503 4221 1624 4262 eum
1655 4209 1883 4267 Andreas
1910 4212 2130 4268 schola-

534 4287 671 4341 stico
697 4288 797 4343 sibi
844 4289 1091 4346 familiari
1142 4297 1556 4352 commendavit.
2036 4289 2050 4297 ’

606 4375 829 4430 Gratum
865 4392 989 4447 erga
1021 4396 1177 4437 suum
1220 4386 1654 4455 archiprznsulem
1699 4394 1935 4447 animum
1966 4401 2128 4451 testa-

537 4474 687 4520 turus
713 4466 986 4536 Andreas,
1019 4472 1159 4541 apud
1186 4472 1243 4528 S.
1282 4473 1599 4545 Gregorium
1647 4492 1836 4551 postea
1880 4485 2128 4555 precibus
2159 4481 2210 4540 D

533 4556 664 4624 egit,
693 4558 755 4611 de
781 4575 876 4611 usu
913 4561 1061 4629 pallii
1102 4566 1379 4621 secundum
1425 4572 1691 4642 antiquam
1711 4578 2127 4635 consuetudinem

534 4645 588 4735 in
639 4645 922 4703 Ravennati
962 4650 1197 4709 Ecclesia
1226 4659 1538 4716 restituendo
1574 4662 1723 4735 (Lib.
1748 4682 1828 4734 vr,
1872 4686 1953 4740 cp.
1998 4670 2124 4745 61).

536 4731 733 4792 Verum
760 4749 1045 4810 antequam
1076 4756 1368 4813 annueret,
1399 4758 1459 4805 ut
1486 4753 1802 4823 quibusdam
1836 4759 1888 4812 in
1928 4731 2128 4819 litaniis

531 4836 587 4881 et
614 4826 801 4884 diebus
830 4832 1157 4890 solemnibus
1182 4837 1345 4906 pallio
1367 4849 1611 4898 uteretur
1631 4844 1977 4915 Marinianus,
2006 4852 2126 4921 jus-

530 4917 601 4970 sit
630 4920 845 4990 sapiens
882 4922 1123 4992 pontifex
1152 4942 1215 4982 ea
1262 4929 1330 4985 de
1367 4945 1427 4986 re
1465 4934 1733 5004 explorari
1763 4917 2124 4999 archidiaconi

532 5017 586 5061 et
609 5012 881 5068 seniorum
899 5016 1045 5073 urbis
1073 5019 1397 5091 testimonia,
1424 5028 1663 5096 praestito
1684 5031 1835 5101 prius
1854 5034 1884 5086 s
1902 5033 2125 5106 singulis

529 5113 889 5160 sacramento.

600 5209 652 5265 7.
684 5212 1051 5276 Ravennatem
1078 5222 1376 5282 Ecclesiam
1396 5243 1584 5300 regere
1604 5235 1769 5306 coepit
1794 5235 2121 5296 Marinianus

529 5312 655 5358 ante
682 5308 923 5375 quintam
961 5311 1085 5369 Julii
1122 5317 1263 5373 diem
1302 5320 1528 5391 hujusce
1559 5327 1684 5382 anni
1723 5342 1831 5397 quo
1878 5329 2119 5387 interfuit

529 5399 735 5465 synodo
774 5400 958 5460 Roma:
996 5422 1025 5461 a
1067 5406 1329 5481 Gregorio
1373 5415 1681 5474 celebratzc.
1722 5418 1891 5489 llujus
1937 5432 2118 5478 autem

528 5492 719 5583 synodi
758 5503 906 5564 gesta
962 5507 1018 5554 et
1055 5500 1270 5559 decreta
1309 5520 1428 5574 quae
1478 5511 1626 5579 prius
1667 5511 1719 5567 in
1759 5511 2118 5583 Epistolarum

530 5581 670 5635 serie
697 5582 1065 5656 habebantur,
1097 5608 1240 5650 nunc
1263 5595 1444 5664 legere
1479 5599 1602 5657 licet
1636 5602 1689 5660 in
1732 5581 2024 5674 appendicc
2055 5608 2120 5665 ad

604 5752 627 5779 ³
657 5742 788 5799 Vide
811 5762 968 5817 supra
1002 5750 1090 5806 lib.
1128 5771 1189 5821 ll,
1220 5771 1337 5827 cap.
1373 5757 1579 5816 ultimo.

2243 3220 2489 3275 parcum,
2512 3219 2567 3264 et
2588 3211 2781 3267 litteris
2807 3216 2919 3270 suis
2939 3218 3057 3287 ejus
3078 3222 3423 3277 tenacitatem
3450 3225 3765 3297 increpavit,
3784 3238 3833 3283 et

2241 3309 2339 3364 per
2359 3297 2662 3355 Secundum
2690 3302 2796 3375 (Al.
2822 3303 3206 3382 Secundinum]
3229 3315 3629 3371 sanctissimum
3654 3334 3827 3374 mona-

2241 3388 2399 3441 chum
2426 3389 2541 3445 lucc
2569 3392 2635 3445 ad
2667 3408 2790 3448 eum
2816 3406 3028 3455 secreto
3058 3403 3258 3458 monita
3289 3404 3582 3462 deferenda
3613 3412 3824 3465 curavit.

2240 3473 2367 3531 Non
2394 3478 2491 3533 sibi
2517 3482 2694 3535 credat
2722 3486 2885 3540 solam
2908 3488 3179 3547 lectionem
3199 3503 3248 3547 et
3267 3497 3554 3552 orationem
3582 3501 3829 3571 sufﬁcere,

2237 3576 2294 3620 ut
2313 3577 2537 3623 remotus
2564 3574 2769 3627 studeat
2806 3577 3012 3646 sedere,
3050 3592 3100 3635 et
3128 3584 3191 3637 de
3217 3601 3377 3638 manu
3406 3590 3625 3644 minime
3662 3595 3831 3663 fructi-

2236 3662 2425 3730 ficare;
2447 3665 2539 3718 sed
2565 3666 2765 3738 largam
2786 3687 2996 3727 manum
3021 3675 3223 3746 habeat,
3247 3683 3610 3739 necessitatem
3638 3684 3827 3755 patien-

2235 3754 2372 3809 tibus
2400 3769 2700 3827 concurrat,
2727 3762 2952 3819 alienam
2974 3767 3204 3836 inopiam
3227 3789 3375 3828 suam
3396 3779 3579 3831 credat
3604 3794 3627 3835 :
3649 3781 3763 3849 quia
3788 3780 3828 3835 si

2235 3845 2345 3900 Itan:
2368 3864 2471 3903 non
2499 3848 2674 3917 habet,
2699 3869 2913 3909 vacuum
2943 3858 3170 3930 episcopi
3196 3878 3383 3917 nomen
3406 3874 3565 3921 tenet.

2305 3959 2358 4015 9.
2400 3962 2533 4019 Alite
2570 3964 2798 4022 luerunt
2816 3978 3004 4039 postea
3033 3972 3103 4028 de
3130 3973 3426 4033 Mariniano
3456 3979 3716 4048 querendi
3739 3994 3825 4035 oo-

2232 4054 2509 4123 casiones,
2550 4059 2784 4114 maxime
2833 4063 2977 4131 quod
3043 4068 3327 4123 monachis
3372 4070 3489 4140 ipse
3535 4074 3823 4129 monachus

2232 4146 2553 4218 iniquiorem
2581 4164 2641 4206 se
2676 4154 2968 4223 prteberet;
2998 4159 3138 4215 unde
3176 4161 3242 4216 ad
3284 4164 3457 4232 ipsum
3506 4168 3743 4238 scripsit.
3768 4168 3821 4224 S.

2230 4241 2521 4311 Gregorius
2554 4264 2567 4299 :
2599 4246 2856 4303 Miramur
2884 4267 2975 4305 cur
3002 4254 3077 4307 sic
3106 4256 3160 4309 in
3193 4254 3330 4312 brevi
3352 4261 3702 4330 fraternitatis
3728 4272 3820 4317 tua:

2231 4338 2388 4408 fuerit
2435 4340 2709 4395 immutata
2762 4344 3035 4412 discretio,
3079 4358 3135 4400 ut
3172 4365 3233 4403 ea
3265 4367 3379 4422 qua:
3424 4354 3682 4422 postulat,
3728 4371 3820 4409 non

2230 4429 2496 4485 advertat:
2526 4448 2592 4486 ea:
2617 4450 2719 4504 qua
2746 4450 2801 4487 re
2839 4435 3099 4504 dolemus,
3130 4440 3249 4510 quia
3277 4443 3610 4512 manifestum
3639 4444 3822 4513 prwbcs

2232 4518 2511 4585 indicium,
2536 4522 2651 4590 plus
2673 4525 2813 4592 apud
2850 4534 2898 4579 te
2918 4527 3070 4581 verba
3102 4531 3235 4584 male
3262 4533 3589 4587 suadentium
3612 4535 3820 4588 valuisse

2229 4625 2383 4679 quam
2410 4611 2597 4666 divina:
2621 4614 2852 4670 lectionis
2886 4618 3113 4672 studium
3143 4622 3444 4692 profecisse.
3476 4623 3700 4696 Cumque
3722 4642 3818 4678 nta-

2230 4702 2457 4755 nasteria
2487 4710 2534 4756 te
2554 4714 2788 4774 oporteat
2818 4707 3089 4778 defensare
3110 4720 3159 4764 et
3178 4714 3446 4783 religiosos
3466 4715 3575 4769 illic
3596 4733 3815 4772 summo-

2227 4808 2349 4862 pere
2368 4809 2702 4866 congregare,
2726 4808 2780 4850 ut
2804 4800 2999 4854 lucrum
3022 4802 3085 4855 de
3107 4802 3398 4860 animarum
3426 4811 3818 4881 congregatione

2226 4885 2395 4950 possis
2424 4886 2631 4955 efficere
2648 4928 2663 4951 ,
2694 4888 2749 4941 in
2776 4906 2952 4943 eorum
2976 4901 3022 4944 te
3047 4909 3075 4945 e
3112 4894 3311 4950 diverso
3335 4900 3670 4967 gravamina,
3696 4901 3816 4951 sicut

2231 4972 2417 5029 littera:
2444 4987 2543 5030 tua?
2572 4984 2845 5046 testantur,
2878 4981 3140 5037 desideras
3162 5002 3433 5052 exercere;
3459 4998 3536 5053 et,
3587 4991 3721 5060 quod
3750 5001 3816 5043 est

2232 5061 2453 5119 deterius
2471 5104 2486 5130 ,
2532 5082 2628 5120 nos
2661 5075 2763 5121 tua:
2785 5070 2947 5138 culpa:
2967 5071 3140 5125 studes
3174 5073 3289 5142 ﬁeri
3313 5074 3497 5129 debere
3524 5077 3811 5145 participes,

2229 5154 2449 5220 scilicet,
2486 5156 2607 5211 dum
2634 5175 2746 5212 cum
2789 5169 2966 5215 nostro
3006 5179 3256 5219 consensu
3288 5170 3654 5222 monasterium
3691 5166 3815 5238 quod

2228 5243 2464 5300 decessor
2505 5256 2620 5301 tuus
2668 5250 2901 5304 condidit
2945 5255 3088 5324 cupis
3130 5255 3221 5309 sub
3267 5260 3618 5313 curaudarum
3653 5274 3813 5312 rerum

2224 5343 2376 5405 atque
2402 5353 2676 5392 causarum
2705 5342 2912 5395 nomine
2932 5360 3278 5413 prcegravare.
3318 5346 3485 5403 Debes
3512 5350 3648 5402 enim
3680 5348 3847 5412 recc-4

2227 5426 2356 5492 lere,
2401 5428 2522 5497 quia
2573 5438 2621 5483 te
2659 5440 2942 5501 pra’sente,
2983 5434 3195 5491 diversis
3229 5440 3383 5492 etiam
3424 5438 3733 5511 presbyteris
3768 5446 3813 5492 et

2227 5515 2479 5583 diaconis,
2511 5519 2808 5591 clericisque
2836 5525 2935 5578 tuis
2957 5526 3312 5593 prwsentibus,
3342 5538 3521 5584 contra
3546 5538 3812 5584 testamen-

2230 5615 2332 5661 tum
2364 5609 2524 5678 ipsius
2552 5622 2860 5685 prwceplttm
2912 5616 3042 5671 sicut
3070 5617 3420 5689 postulavere,
3452 5621 3802 5677 concessimus.
