3992 6310
171 276 267 334 557

587 264 644 320 S.
685 261 1021 320 GREGORII
1058 263 1272 320 MAGNI
1313 266 1490 339 VITA,
1534 275 1628 331 EX
1667 276 1834 338 EJUS
1873 271 2178 335 SCRIPTIS
2217 273 2610 335 ADORNATA.
2649 279 2778 336 LIB.
2821 283 2910 340 Ill.

3313 293 3424 355 558

152 389 242 447 (lbi
265 395 430 441 tamen
457 377 694 452 ejusdem
724 377 1007 433 decessoris
1041 380 1115 435 tui
1144 380 1450 452 dispositio,
1476 401 1628 456 quam
1659 388 1727 456 fe-
1761 398 1808 450 Α
1842 389 2154 444 monialium
2202 391 2468 448 cmnobia.
2515 394 2645 460 Quis
2681 405 2863 453 autem
2913 399 2969 455 S.
3027 401 3186 474 Papae
3228 423 3430 480 scapus

150 491 270 537 cerat
289 481 346 532 de
371 483 696 531 monasterio
718 474 860 544 ipso,
883 473 1094 542 firmata
1117 483 1193 529 est
1208 491 1228 539 ;
1251 485 1303 529 tu
1330 493 1464 530 nunc
1491 479 1592 532 ista
1619 479 1732 532 dis-

165 571 385 627 simulans
405 606 420 631 ,
449 563 717 620 contraria
739 580 835 618 nos
864 564 1026 634 254.
1050 567 1220 636 poscis
1249 566 1432 621 debere
1457 570 1737 638 pracipere

169 661 288 734 (Lib.
321 675 388 723 vi,
414 674 495 727 ep.
527 654 637 723 29).
673 653 838 723 Cujus
879 655 1197 710 monasterii
1235 656 1603 714 defensionem
1632 660 1736 715 bac

171 757 212 804 in
238 745 454 817 epistola
490 742 781 813 Gregorius
808 744 1137 813 susceperit,
1178 761 1286 800 non
1315 745 1462 802 clare
1499 756 1734 804 constat.

168 839 312 910 Loqui
367 847 545 891 tamen
605 835 869 905 optimum
914 835 1308 891 monachorum
1359 848 1568 908 patrem
1636 857 1736 910 pro

164 926 401 984 Classensi
431 925 488 979 S.
517 924 844 994 Apollinaris
877 927 1207 980 monasterio
1235 943 1265 981 a
1293 928 1574 984 Mariniaui
1599 945 1738 1000 pra:-

165 1024 419 1078 decessore
443 1025 758 1072 constructo
782 1015 1121 1085 conjicinius.
1152 1017 1261 1073 Nec
1281 1019 1385 1073 alia
1408 1023 1734 1077 monasteria

164 1115 209 1168 in
246 1109 534 1164 Ravennati
573 1108 795 1163 dimcesi
836 1108 1010 1176 posita
1063 1110 1530 1182 artliiepiscopum
1564 1114 1735 1182 magis

164 1201 430 1259 beneﬁcum
460 1199 900 1269 experiebantur,
924 1208 984 1253 ut
1005 1214 1072 1255 ex
1104 1200 1210 1256 line
1236 1202 1465 1258 laudata:
1491 1204 1734 1273 epistola:

162 1297 324 1364 liquet.
357 1290 640 1357 Prteterea,
672 1289 864 1359 inquit,
887 1292 1115 1358 pervenit
1145 1291 1212 1345 ad
1259 1309 1375 1361 nos,
1399 1295 1523 1365 quia
1550 1302 1744 1350 mona-‘

163 1387 295 1441 steria
319 1399 429 1455 qua:
453 1382 549 1435 sub
578 1383 908 1453 fraternitate
937 1390 1026 1434 tua
1057 1393 1177 1435 sunt
1202 1385 1500 1450 constituta,
1523 1387 1735 1441 clerico-

163 1496 256 1532 rum
280 1473 777 1546 importunitatibus,
801 1483 851 1528 et
877 1474 1091 1529 dirersis
1111 1491 1288 1530 eorum
1325 1477 1573 1532 molestiis
1603 1493 1735 1548 pra:-

161 1582 432 1644 graventur;
462 1570 603 1641 quod
629 1587 693 1624 ne
720 1570 784 1624 de
807 1580 990 1624 caztero
1019 1571 1145 1640 ﬁat,
1179 1572 1418 1626 districta
1453 1574 1549 1628 hoc
1571 1577 1733 1629 inter-

161 1663 410 1716 minatiene
424 1683 435 1712 l
451 1676 718 1732 ompesce:
735 1668 985 1732 quatenus
1000 1663 1267 1716 monac/tis
1283 1664 1392 1717 illic
1409 1664 1726 1736 degentibus,

160 1753 292 1806 libere
311 1754 358 1806 in
391 1751 489 1806 Dei
517 1753 681 1806 nostri
711 1751 950 1806 laudibus
979 1752 1132 1806 liceat
1161 1754 1440 1809 exsultare.

216 1863 440 1930 Cumque
489 1863 615 1932 pius
653 1863 816 1918 Pater
857 1864 1125 1930 audisset,
1174 1865 1393 1935 insuper
1420 1868 1604 1923 habita
1633 1885 1730 1925 sua

163 1952 533 2018 admonitione,
565 1951 863 2007 monachos
893 1953 1071 2007 adhuc
1099 1970 1128 2008 a
1154 1954 1554 2012 Ravennatibus
1582 1958 1732 2014 cleri-

163 2047 248 2112 cis,
273 2045 639 2101 dissimulante
686 2046 1118 2117 archiepisc0po,
1154 2064 1260 2102 non
1291 2064 1446 2104 secus
1476 2065 1539 2105 ac
1567 2061 1729 2107 antea

165 2135 341 2202 vexari,
371 2135 568 2188 iterum
609 2135 950 2190 scribendum
991 2138 1220 2205 putavit,
1264 2146 1319 2191 et
1359 2141 1730 2196 vehementius

164 2227 456 2281 instandum.
491 2226 791 2296 Epistulam
834 2243 984 2282 suam
1015 2229 1307 2283 his.verbis
1331 2229 1530 2284 claudit
1561 2249 1573 2283 :
1601 2231 1730 2286 llrec

160 2319 305 2389 itaque
324 2317 494 2371 omnia
522 2318 760 2388 vigilanti
778 2333 903 2371 cura
923 2317 1199 2371 emendare
1211 2318 1324 2388 jam
1346 2318 1571 2373 secundo
1591 2336 1730 2373 cont-

160 2411 325 2463 monita
343 2410 598 2463 sanctitas
619 2418 788 2463 vestra
813 2425 917 2462 non
943 2409 1188 2478 diﬁ'erat;
1215 2426 1279 2463 ne
1299 2411 1343 2463 si
1365 2419 1482 2480 post
1503 2411 1613 2464 [nec
1634 2428 1728 2464 ne-

162 2500 376 2570 gligentes
396 2515 484 2553 vos
512 2515 642 2564 esse,
666 2498 803 2570 quod
824 2515 926 2552 non
951 2497 1224 2563 credimus,
1249 2500 1590 2565 senserimus,
1629 2501 1726 2553 ali-

166 2598 227 2640 ter
239 2589 662 2643 monasteriorum
685 2589 840 2660 quieti
861 2589 1156 2660 prospicere
1175 2590 1562 2659 compellantur.
1587 2589 1728 2646 Nam

159 2679 274 2733 vobis
299 2687 467 2732 notum
504 2679 600 2749 sit,
644 2681 767 2751 quia
809 2686 968 2734 tanta:
1008 2680 1301 2734 necessitati
1329 2696 1591 2735 servorum
1631 2665 1729 2737 Dei

159 2768 580 2838 congregationem
607 2768 832 2839 amplius
864 2766 1136 2839 subjacere
1177 2786 1282 2824 non
1327 2770 1556 2839 patimur
1585 2771 1724 2844 (Lib.

163 2873 240 2925 vn,
262 2875 339 2929 ep.
366 2858 480 2930 45).

214 2972 292 3027 10.
321 2972 450 3027 Dum
483 2974 600 3029 [nec
627 2972 890 3028 scriberet
917 2972 975 3028 S.
1009 2973 1322 3043 Gregorius,
1363 2973 1473 3046 jam
1499 2973 1729 3031 fortasse

165 3065 495 3120 meditabatur
529 3065 902 3132 tranquillitati
920 3065 1368 3120 monasteriorum
1394 3065 1724 3134 prospicere.

162 3155 332 3212 celebri
378 3157 468 3211 illo
504 3166 530 3193 ι
562 3156 876 3226 privilegio,
927 3155 1072 3226 quod
1121 3157 1174 3210 in
1223 3156 1455 3211 concilio
1481 3155 1728 3212 Romano
1758 3138 1802 3197 (ἶ

165 3246 301 3299 tertio
329 3245 714 3315 promulgavit.
747 3243 936 3299 Simile
952 3245 1064 3313 jam
1090 3254 1437 3301 concesserat
1459 3254 1732 3301 monaste-

162 3335 230 3388 rio
252 3345 555 3390 sanctorum
576 3332 799 3389 Joannis
819 3343 876 3389 et
899 3333 1158 3404 Stephani
1178 3335 1230 3388 in
1257 3335 1388 3390 urbe
1410 3335 1727 3403 Classitana,

162 3425 294 3495 cujus
326 3436 438 3480 erat
468 3425 644 3482 abbas
670 3425 924 3480 Claudius
950 3424 1008 3480 S.
1039 3423 1283 3496 Gregorii
1308 3428 1615 3498 discipulus.
1646 3428 1731 3484 ln-

164 3527 230 3572 ter
245 3519 673 3589 areltiepiseopos
695 3518 1037 3575 Ravennates
1063 3527 1118 3575 et
1147 3521 1396 3576 abbatem
1428 3521 1570 3576 hunc
1601 3537 1720 3576 mo-

170 3619 256 3662 tam
277 3610 414 3665 litem
444 3609 642 3666 Bomut
665 3610 896 3678 iudicari
923 3609 1166 3665 voluerat
1193 3611 1564 3667 sanctissimus
1592 3628 1731 3682 pon-

169 3699 294 3754 tifex.
323 3700 566 3770 Cumque
606 3701 846 3756 nonnulli
868 3715 937 3756 ex
959 3701 1105 3758 clero
1132 3712 1187 3758 et
1213 3718 1281 3757 ex
1318 3705 1518 3772 populo
1542 3713 1731 3759 contra

143 3825 145 3828 ι
165 3790 511 3856 clamitassent,
531 3791 583 3846 id
606 3792 813 3861 legibus
827 3799 884 3846 et
904 3792 1199 3847 canonibus
1219 3793 1515 3859 adversari,
1540 3794 1734 3850 rescri-

166 3882 251 3948 psit
267 3898 391 3952 papa
411 3902 424 3936 :
446 3882 499 3936 11
508 3899 569 3937 oc
582 3893 784 3953 poterat
797 3885 1036 3955 fortassis
1057 3885 1266 3955 opponi,
1289 3886 1333 3938 si
1354 3902 1456 3939 non
1479 3886 1547 3939 ad
1567 3885 1735 3955 majo-

165 3987 252 4025 rem
276 3983 577 4038 recurreret,
611 3973 832 4044 etapud
869 3991 983 4028 eum
1013 3990 1187 4028 causa:
1227 3990 1338 4030 sua?
1365 3985 1556 4046 peteret
1583 3977 1735 4030 nteri-

167 4072 254 4129 tum
297 4065 584 4120 terminari.
631 4063 887 4136 Nunquid
944 4083 1048 4120 non
1088 4067 1198 4137 ipse
1237 4068 1376 4121 nosti
1419 4068 1537 4138 quit
1575 4084 1733 4122 causa

166 4170 259 4221 qua:
274 4171 302 4206 α
327 4155 534 4211 Joanne
557 4155 856 4228 presbytero
883 4165 1064 4212 contra
1087 4156 1347 4212 Joannem
1371 4157 1734 4213 Constantino-

167 4243 421 4306 politanum
463 4247 682 4316 fratrem
733 4255 780 4301 et
823 4249 1181 4319 coepiscOpum
1229 4259 1463 4304 nostrum
1493 4259 1606 4304 orta
1635 4259 1730 4313 est,

167 4335 412 4389 secundum
438 4353 669 4391 canones
706 4338 776 4390 ad
823 4339 994 4393 sedem
1036 4341 1377 4410 apostolicam
1422 4342 1657 4408 recurrit,
1687 4352 1736 4396 et

172 4432 323 4476 nostra
349 4436 420 4479 est
449 4428 714 4480 sententia
755 4428 1014 4498 definita?
1051 4432 1111 4484 Si
1149 4448 1272 4502 ergo
1303 4432 1366 4486 de
1393 4433 1487 4486 illa
1531 4434 1736 4488 civitate

1840 488 1986 532 esset
2007 479 2103 534 has
2129 480 2494 537 immunitates
2515 486 2888 556 concedendo,
2911 505 3018 545 non
3046 494 3273 551 obscure
3299 479 3428 570 ape-

1838 569 1909 624 rit
1937 571 2002 624 ad
2033 570 2380 628 aninosum
2409 575 2656 632 abbatem
2685 580 2928 637 scribens
2962 600 2975 636 :
3008 583 3111 639 llis
3141 593 3312 642 autem
3340 569 3426 645 ita

1836 661 2096 731 perfectis,
2123 663 2177 715 in
2206 662 2304 717 Dei
2317 681 2468 734 opere
2489 677 2650 721 estote
2669 670 2901 741 solliciti,
2924 683 2973 726 et
2993 675 3199 730 assidue
3217 695 3429 749 cperam

1837 749 2060 803 orationi
2082 751 2220 814 date,
2245 769 2311 806 ne
2327 769 2431 806 non
2449 755 2683 810 videatur
2701 761 2866 830 magis
2887 761 3026 816 vobis
3047 767 3262 834 qutesita
3285 784 3431 821 men-

1837 839 1904 891 tis
1931 840 1984 892 in
2013 842 2248 895 oratione
2277 845 2544 909 securitas,
2573 847 2663 900 sed
2691 851 2845 914 male,
2885 853 3022 921 quod
3049 854 3200 921 absit,
3233 857 3426 928 degen-

1836 923 1970 978 tibus
1994 927 2306 998 episcopalis
2331 931 2526 985 evitata
2550 933 2805 992 districtio
2836 937 2975 1008 (Lib.
3003 955 3062 1007 ll,
3093 958 3174 1010 ep.
3205 923 3316 1016 42).

2459 1024 2690 1082 CAPUT
2728 1030 2814 1084 Ill.

1835 1101 2152 1185 An_eun.:i.
2304 1113 2526 1185 rggorius
2545 1115 3268 1185 simoniam,_et_neophytorum
3294 1126 3431 1176 ordi-

1898 1171 2125 1248 nationes
2164 1171 2212 1217 in
2236 1170 2855 1248 Galliis-insegatprz—T‘
2883 1170 3176 1248 Arelatensi

1896 1238 2008 1296 suas
2046 1231 2180 1296 vices
2215 1235 2492 1296 committit.
2535 1233 2664 1282 Eccl.
2693 1236 2936 1287 Gallicana
2970 1231 3427 1296 Romaumﬁlrlliar-r—v

1971 1288 2046 1361 De
2074 1293 2282 1353 primatu
2295 1293 2761 1361 ArelatensiL—fl.
2787 1298 2840 1361 S.
2867 1287 3192 1361 Gregorii—de
3210 1287 3426 1358 lira-liene

1899 1347 2119 1426 {ig-galli]?
2135 1355 2494 1426 oraculqml—
2515 1359 2562 1426 5.
2591 1355 2664 1406 De
2680 1347 2923 1426 laudibus
2943 1347 3045 1412 5‘s;
3063 1347 3425 1426 fGFegllI—rinii:

1895 1410 2052 1488 ghitl‘di
2068 1413 2211 1486 datis.
2234 1441 2296 1488 τςὶ
2317 1417 2363 1463 6.
2387 1418 2628 1488 Quantum
2649 1420 2710 1467 ah
2732 1410 3016 1488 adulatione,
3033 1410 3428 1488 abboﬁuErit:;

1897 1471 1945 1547 Ξ.
1966 1473 2237 1547 Gregorius
2259 1471 2534 1547 'furonicus
2567 1491 2736 1540 papam
2762 1481 2943 1547 invisit.
2970 1485 3079 1547 Quo
3101 1471 3428 1547 terriﬁco:—

1895 1532 1941 1608 βε
1963 1532 2220 1608 'Quoinodo
2241 1539 2301 1608 ab
2337 1540 2446 1608 ipso_
2465 1532 2720 1608 excepius.
2745 1567 2805 1608 τ-
2828 1545 2876 1593 9.
2898 1532 3425 1608 Quasdam—probiona-

1897 1595 2002 1662 citis
2041 1602 2318 1662 constituta.
2343 1595 2403 1636 -ῖ-
2428 1599 2520 1650 1υ.‹
2547 1595 2610 1650 Εἰ
2649 1615 2734 1662 pro
2757 1595 3233 1658 Sancti‘tnonialib'tts:
3258 1595 3422 1662 :ii.

1898 1655 2402 1734 Erga‘l‘tple‘rodgsps
2441 1655 2682 1724 quomodo
2724 1677 2779 1713 se
2803 1669 3018 1726 gesserit
3056 1655 3424 1734 Silii-egeries:

1761 1755 1806 1812 Β
1901 1718 2016 1775 (An.
2039 1720 2130 1767 ἕλω
2153 1728 2204 1770 ιι
2227 1722 2359 1780 595.)

1909 1825 1961 1880 1.
1988 1827 2156 1884 Paulo
2187 1837 2311 1899 post
2348 1829 2684 1902 profligatam
2736 1833 2788 1888 in
2837 1820 3046 1906 synodo
3091 1836 3276 1893 Roma:
3321 1840 3426 1897 hoc

1833 1932 1977 1973 anno
2000 1918 2181 1972 habita
2211 1919 2516 1987 simoniam,
2559 1938 2682 1976 cum
2731 1925 3040 1981 inaudiisset
3077 1929 3421 1998 vigilantissi-

1831 2021 1952 2061 mus
1971 2015 2157 2076 pastor
2180 2008 2234 2061 in
2263 2005 2551 2064 Galliarum
2578 2012 2655 2066 uel
2679 2010 2702 2047 ά
2729 2013 3020 2069 Germania:
3047 2017 3282 2086 partibus
3304 2021 3421 2089 ple-

1831 2112 2030 2166 rosque
2055 2097 2342 2168 episcopos
2371 2098 2612 2168 ejusdem
2643 2116 2761 2156 esse
2783 2119 2926 2168 reos,
2950 2107 3258 2176 nullumque
3281 2109 3345 2164 iis
3366 2109 3419 2164 in

1831 2189 2120 2259 provinciis
2151 2189 2221 2242 ad
2249 2205 2452 2243 sacrum
2477 2191 2727 2245 ordinem
2767 2193 2879 2247 sine
2919 2198 3174 2251 commodi
3214 2199 3424 2256 datione

1830 2279 2114 2347 pervenire,
2149 2287 2298 2333 tanto
2337 2277 2593 2334 Ecclesia:
2645 2279 2937 2337 Gallicana:
2979 2287 3169 2342 morbo
3219 2291 3422 2346 mederi

1829 2370 2036 2433 volens,
2066 2370 2132 2423 ad
2166 2369 2464 2438 Virgilium,
2498 2369 2865 2429 Arelatensem
2896 2376 3232 2447 episcopum,
3261 2388 3315 2434 et
3354 2383 3421 2436 ad

1832 2459 2112 2513 universos
2146 2459 2197 2512 in
2235 2473 2405 2527 regno
2443 2455 2770 2516 Childeberti
2796 2465 3070 2532 prmsules,
3115 2482 3322 2523 necnon
3354 2470 3422 2524 ad

1831 2548 2006 2618 ipsum
2029 2549 2434 2606 Childebertum
2463 2566 2644 2620 regem
2671 2555 2884 2625 scripsit
2923 2555 3063 2625 (Lib.
3088 2574 3142 2626 ν,
3183 2577 3300 2630 epp.
3328 2559 3417 2625 55,

1832 2637 1921 2705 5'5,
1945 2638 2056 2709 55),
2082 2641 2396 2710 rogavitque
2417 2649 2475 2696 ut
2495 2642 2561 2700 de
2583 2644 2683 2696 hac
2699 2647 3004 2717 corruptela
3027 2652 3423 2719 quamprimum

1830 2727 2156 2782 elimiuanda
2184 2729 2400 2785 solliciti
2432 2731 2631 2786 forent.
2665 2732 2836 2789 lnhis
2864 2737 3025 2790 etiam
3055 2739 3298 2807 epistolis
3324 2740 3423 2795 lai-

1830 2832 2015 2872 corum
2038 2826 2094 2873 et
2120 2821 2518 2891 neophytorum
2541 2825 2844 2894 praecipites
2865 2841 2928 2881 ac
2954 2828 3268 2884 immaturas
3293 2842 3316 2869 ο
3333 2848 3426 2886 or-

1829 2909 2134 2967 dinationes
2174 2910 2414 2979 damnat,
2448 2921 2701 2983 tanquam
2735 2932 2765 2970 a
2813 2929 2960 2974 recto
2989 2921 3177 2978 ordine
3206 2939 3426 2993 prorsus

1829 3001 2219 3058 dissentaneas.
2251 2992 2387 3069 Quid
2411 3006 2591 3059 enim?
2624 3007 2725 3071 Qui
2751 3009 3034 3082 dz'scipulns
3058 3031 3162 3068 non
3193 2992 3312 3085 fuit,
3341 3019 3426 3073 in-

1831 3091 2164 3146 considerata
2188 3092 2467 3148 ambitione
2493 3099 2738 3167 magister
2758 3101 2994 3169 efficitur,
3020 3104 3190 3173 inquit
3218 3106 3426 3164 S.Gre-

1833 3184 2047 3252 gorius;
2087 3195 2136 3238 et
2181 3187 2422 3256 quoniam
2462 3189 2597 3258 quod
2645 3192 2809 3258 possit
2844 3193 3029 3247 docere
3068 3212 3170 3249 non
3201 3197 3421 3268 didicit,

1833 3274 2179 3329 sacerdotium
2220 3284 2421 3329 tantum
2446 3279 2572 3346 gerit
2596 3279 2650 3331 in
2701 3281 2930 3335 nomine.
2990 3281 3258 3346 Quomodo
3295 3302 3427 3343 vero

1833 3384 1927 3436 pro
1955 3366 2178 3420 aliorum
2220 3369 2442 3438 peccatis
2470 3371 2845 3427 intercessurus
2874 3380 2970 3436 est,
3003 3376 3090 3446 qui
3117 3394 3211 3431 sua
3239 3380 3426 3446 primi-

1836 3463 1913 3509 tus
1939 3471 2041 3509 non
2074 3455 2312 3521 deﬂevit?

1906 3545 2062 3611 Quod
2088 3560 2248 3616 supra
2272 3547 2340 3603 de
2371 3549 2597 3604 simonia
2622 3551 2673 3606 in
2702 3552 2886 3608 Galliis
2917 3567 3193 3624 grassante
3222 3553 3428 3628 Gregoc

1836 3635 1972 3690 rium
2003 3646 2318 3705 querentem
2366 3642 2685 3706 audivimus,
2739 3644 3026 3702 confirmat
3062 3649 3198 3704 alter
3225 3649 3430 3722 Grego-

1836 3727 1968 3791 rius,
1995 3727 2296 3784 Turonicus
2328 3731 2597 3796 videlicet,
2627 3733 2695 3787 de
2721 3749 2781 3788 re
2823 3736 2922 3790 sibi
2970 3747 3094 3791 nota
3125 3743 3349 3809 loquens
3374 3745 3427 3799 in

1836 3813 1972 3869 Vilis
2000 3814 2214 3869 Patrum
2247 3834 2296 3870 c.
2329 3822 2358 3867 ti
2393 3836 2405 3870 :
2437 3819 2558 3872 .lam
2609 3833 2747 3886 tunc,
2801 3823 2992 3892 inquit,
3045 3845 3250 3896 germen
3297 3833 3430 3886 illud

1834 3906 2066 3975 iniquum
2107 3915 2330 3977 cwperat
2359 3909 2699 3978 fructi/icere,
2739 3920 2793 3964 ut
2819 3915 3162 3970 sacerdotium
3193 3929 3282 3972 aut
3305 3939 3428 3975 ven-

1837 3997 2044 4051 deretur
2065 4014 2096 4050 a
2121 3997 2344 4068 regibus,
2378 4006 2468 4051 aut
2506 4012 2892 4070 compararetur
2919 4023 2952 4058 a
2992 4005 3212 4062 clericis.
3247 4009 3432 4080 Neque

1838 4087 1906 4142 ad
1956 4095 2160 4142 tantum
2215 4088 2415 4142 malum
2463 4093 2922 4147 averruncandum
2961 4098 3092 4152 satis
3119 4098 3217 4153 fuit
3245 4110 3432 4156 sancto

1838 4175 2111 4247 pontifici,
2161 4179 2328 4233 semel
2379 4188 2472 4233 aut
2526 4180 2721 4236 iterum
2749 4185 3006 4241 scribere.
3048 4186 3160 4244 imo
3190 4190 3433 4260 plurimis

1837 4267 2094 4336 deinceps
2139 4268 2382 4338 epistolis
2411 4269 2493 4323 vel
2526 4269 2592 4324 ad
2624 4270 3021 4330 Brunichildem
3051 4280 3316 4347 reginam,
3345 4281 3432 4336 vel

1838 4357 1907 4411 ad
1937 4372 2090 4438 rcges
2113 4368 2169 4413 et
2197 4357 2266 4412 ad
2315 4359 2601 4429 episcopos
2632 4362 2828 4429 missis,
2877 4365 2967 4420 vix
2996 4366 3068 4421 ita
3097 4371 3342 4438 profecit,
3375 4382 3434 4426 ut

1841 4462 1872 4501 a
1897 4435 2049 4502 tanta
2075 4449 2192 4503 labe
2217 4447 2551 4504 Gallicanam
2581 4453 2824 4508 nonnihil
2853 4435 3146 4511 Ecclesiam
3176 4435 3434 4530 repurga-

171 4514 239 4567 ubi
262 4518 491 4588 princeps
513 4527 589 4571 est
611 4519 680 4571 ad
703 4529 930 4573 nostram
959 4537 1116 4574 causa
1143 4523 1485 4593 cognitionem
1512 4523 1734 4578 deducta
1771 4516 1815 4574 D
1840 4546 1943 4592 ι-ρι,
1975 4537 2133 4594 Tales
2161 4540 2306 4594 enim
2336 4549 2461 4595 ευηι
2490 4541 2795 4611 hujusmodi
2839 4546 3159 4615 corruptela;
3183 4514 3254 4602 ex.
3278 4514 3432 4619 cuBi-

168 4615 250 4671 est,
269 4618 452 4676 quanto
475 4611 645 4680 magis
668 4613 931 4680 negotium
964 4611 1103 4681 quod
1135 4613 1275 4666 intra
1306 4630 1393 4668 ros
1433 4623 1529 4678 est,
1554 4616 1635 4668 hic
1657 4627 1733 4670 est

170 4695 350 4750 reritate
395 4701 608 4770 cognita
659 4700 1082 4755 terminandum?
1111 4701 1249 4772 (Lib.
1284 4719 1356 4770 vr,
1387 4721 1470 4773 ep.
1503 4703 1620 4776 24.)
1666 4704 1736 4760 Ut

171 4788 308 4855 igitur
321 4794 747 4848 controversiam
761 4795 900 4850 hanc
913 4795 1166 4850 radicitus
1179 4805 1737 4867 amputaretomnem—

170 4893 256 4944 que
285 4879 525 4950 litigandi
557 4885 926 4953 occasionem,
954 4885 1171 4955 sapiens
1198 4888 1440 4956 pontifex
1466 4900 1738 4947 monaste-

172 4983 287 5022 num
315 4970 413 5026 hoc
446 4973 628 5044 amplo
658 4973 886 5029 munivit
909 4975 936 5013 δ
967 4975 1267 5046 privilegio,
1300 4978 1444 5046 quod
1487 4981 1560 5034 ita
1599 4983 1740 5038 inci-

172 5056 236 5122 pit
264 5075 277 5111 :
307 5058 468 5124 Quam
506 5066 574 5118 sit
603 5067 952 5120 necessarium
980 5070 1409 5123 monasteriorum
1437 5072 1592 5138 quieti
1617 5091 1740 5143 pro-

170 5149 370 5217 spicere,
401 5161 506 5208 etc.
563 5155 839 5211 Similibus
883 5171 1100 5228 quoque
1143 5160 1370 5216 munivit
1401 5171 1424 5201 ε
1455 5162 1744 5234 privilegiis

233 5312 254 5380 ξ
283 5304 415 5380 _Vide
438 5308 564 5364 illud
591 5311 642 5365 in
675 5311 1006 5380 Appendicct

230 5373 256 5414 ι’
280 5374 493 5450 Legitur
523 5381 616 5435 lib.
653 5373 775 5445 vni;
794 5397 880 5450 ep.
915 5373 1003 5437 15.

233 5451 254 5525 ξ
294 5444 525 5525 Lib._vn,
555 5465 644 5520 ep.
671 5444 762 5525 1‘2;
787 5444 842 5506 ei
863 5453 954 5525 lib.
989 5470 1101 5521 xm,
1135 5469 1222 5525 ep.
1256 5455 1310 5511 9.

233 5509 256 5596 εξ
292 5513 464 5573 Gallia
485 5509 691 5596 e'st_'seu
726 5509 972 5596 Eran_cia.
1005 5509 1533 5594 quam'Germaniam
1564 5539 1742 5596 vocat,

175 5579 381 5642 fortasse
408 5591 547 5655 quod
566 5589 813 5647 Franci‘e
840 5579 1124 5650 Germa'nia
1147 5579 1741 5656 sint.oriundiiEodem

177 5657 317 5737 modo
343 5672 484 5737 saepe
505 5661 750 5737 loquitur
767 5661 924 5737 Joan.
959 5663 1107 5737 Diae.
1151 5667 1201 5720 in
1225 5667 1345 5722 Vita
1375 5668 1431 5721 S.
1464 5668 1623 5737 Greg.
1650 5687 1742 5726 su-

178 5725 337 5790 perius
367 5725 522 5784 edita.
575 5725 899 5802 Apollinaris
951 5735 1201 5792 Sidonius
1232 5725 1742 5809 provinciamvlmg-

1834 4628 2000 4684 ditate
2021 4639 2185 4697 ortas,
2213 4639 2272 4687 ut
2299 4633 2570 4692 continuis
2604 4641 2862 4691 curentur
2882 4637 3151 4702 remediis,
3173 4648 3434 4698 sanentur

1835 4737 2128 4791 nunquam.
2414 4714 2420 4718 ’

1911 4813 1967 4866 2.
2002 4814 2224 4883 Virgilio
2251 4818 2432 4886 probis
2453 4819 2690 4873 moribus
2710 4828 2764 4874 et
2785 4821 3068 4877 virtutibus
3089 4825 3432 4881 ornatissimo

1843 4917 1969 4956 suas
1996 4903 2162 4969 vices,
2212 4904 2365 4972 juxta
2422 4906 2701 4974 antiquum
2744 4923 2950 4963 morem
2977 4908 3267 4978 Gregorius
3297 4929 3432 4968 con-

1849 4993 2013 5049 cessit
2043 4993 2180 5050 intra
2212 4997 2360 5064 regni
2399 4993 2729 5052 Childeberti
2769 4997 2921 5066 lines,
2966 5008 3021 5054 et
3061 5001 3207 5071 pallii
3255 5020 3432 5074 usum,

1848 5083 1916 5136 ab
1940 5083 2054 5152 ipso
2084 5100 2212 5154 rege
2254 5096 2323 5140 et-
2350 5087 2418 5142 ab
2461 5087 2867 5159 archiepiscopo
2895 5099 3135 5160 rogatus.
3162 5093 3270 5160 Qua
3305 5111 3435 5152 vero

1849 5173 2006 5244 255
2056 5172 2109 5228 in
2161 5174 2436 5243 subjectos
2487 5177 2773 5246 episcopos
2818 5179 3138 5235 auctoritate
3182 5189 3434 5252 tanquam

1845 5325 2160 5402 dunensgm,
2193 5325 2428 5395 appellat
2458 5327 3236 5402 Lugilunensem‘Germaniam
3256 5335 3350 5390 lib.
3379 5352 3434 5402 v,

1846 5393 2362 5476 e'p.n7.__l‘3tiamhnn’t
2389 5393 2824 5476 archiepiscopus
2853 5400 3182 5476 S_enAoncnsis
3230 5393 3434 5476 prima;

1846 5465 1914 5519 tis
1935 5465 2304 5539 Galliarunret
2324 5465 2623 5539 Germanim
2648 5465 2804 5539 titt_ilo
2833 5470 3112 5539 gloriatur.

1922 5545 1946 5573 ο
1985 5535 2118 5589 Vide
2147 5536 2386 5591 codicem
2410 5537 2686 5592 Canonum
2709 5535 2858 5594 Eccl:
2886 5541 3142 5598 Romamn
3167 5559 3288 5600 can.
3315 5545 3385 5600 36
3419 5562 3436 5603 :

1848 5602 1934 5685 IXe
1962 5605 2205 5685 ttqop/tyli
2233 5606 2516 5685 presbyteri
2562 5609 2639 5664 vel
2679 5610 2906 5683 episcOpi
2946 5614 3099 5685 ﬁant.
3145 5613 3211 5671 Et
3237 5630 3285 5672 c.
3317 5615 3390 5671 39
3419 5633 3435 5670 :

1851 5673 1936 5728 Ne
1957 5673 2078 5731 laici
2099 5673 2500 5748 ﬁant‘episcbpi.
