3992 6300
563 254 675 309 559

1064 254 1121 311 8.
1163 252 1490 310 GREGORII
1527 246 1740 304 MAGNI
1782 243 1959 315 VITA,
2002 239 2094 294 EX
2135 236 2296 293 Ε]υὸ
2334 234 2640 291 SCRII’TIS
2682 230 3075 288 ADORNATA.
3118 228 3249 285 [ΛΒ.
3285 228 3367 285 ΙΙΙ.

3738 231 3839 292 331)

563 374 767 425 sanch
793 367 940 427 sedis
960 366 1191 424 vicarius
1213 365 1462 435 polleret,
1501 360 1801 430 esplieatur
1840 355 1894 411 in
1922 350 2146 424 cpistola
2177 356 2224 413 Α
2252 348 2433 419 risque
2478 347 2765 402 virtutibus
2816 344 3057 401 colendis
3097 344 3553 399 adhortationem.
3618 343 3687 399 Ut
3725 362 3847 415 ergo

569 459 770 527 tibiam
798 459 1032 515 laudata.
1056 459 1135 513 Ad
1183 459 1355 527 ipsum
1382 466 1555 510 causa:
1601 462 1812 513 omnes,
1864 443 1966 499 nisi
2011 440 2150 496 forte

571 552 804 620 majores
828 559 921 603 aut
940 548 1007 603 de
1031 548 1133 602 lide
1161 547 1356 607 forent,
1401 556 1519 611 qua:
1544 555 1647 609 pro
1672 538 1756 592 sui
1785 532 2153 603 magnitudine

567 639 771 709 judicio
796 638 939 694 sedis
962 635 1270 706 apostolicae
1296 631 1625 700 indigebant,
1652 624 1898 681 ﬁniendae
1927 630 1985 678 et
2006 620 2152 691 judi~

573 731 756 785 candae
778 729 1163 784 referebantur.
1187 723 1425 779 Concilia
1451 722 1682 791 cogebat
1709 726 1765 775 et
1791 716 1991 773 coactis
2019 729 2157 785 pra:-

574 832 712 887 erat,
740 821 909 874 nullus
931 820 1283 889 episcoporum
1304 815 1374 869 ad
1392 813 1753 885 longinquiora
1774 810 1889 866 loca
1913 808 2026 862 sine
2047 804 2159 876 ejus

575 914 883 969 auctoritate
906 910 1164 981 proﬁcisci
1186 916 1420 979 poterat.

649 1003 767 1058 Non
790 1002 1219 1071 prastereundum
1249 996 1393 1069 Quod
1413 996 1703 1067 Gregorius
1723 993 1883 1049 docet
1908 992 1962 1046 in
1982 1005 2069 1061 ep.
2094 988 2162 1043 ad

578 1093 858 1163 Virgilium
884 1092 1021 1163 (Lib.
1053 1108 1109 1160 v,
1137 1109 1219 1163 ep.
1247 1090 1363 1161 55),
1386 1090 1677 1145 Ecclesiam
1698 1084 2028 1140 Gallicanam
2052 1081 2163 1136 Ro-

580 1200 753 1238 mana:
777 1199 896 1239 esse
916 1183 1193 1248 sobolem;
1217 1191 1271 1237 et
1296 1182 1531 1251 quidem,
1556 1179 1622 1234 ad
1646 1185 1878 1232 mentem
1900 1176 2165 1229 innocen-

584 1276 644 1329 tii
673 1274 693 1328 l
732 1273 1017 1329 scribentis
1046 1272 1113 1326 ad
1144 1272 1455 1326 Decentium
1489 1268 1848 1337 Eugubinum,
1872 1266 1927 1319 in
1965 1261 2166 1319 omnem

586 1366 820 1430 Italiam,
850 1362 1073 1429 Gallias,
1104 1362 1414 1433 Hispanias,
1437 1362 1690 1432 Africam,
1733 1368 1884 1428 atque
1906 1355 2163 1419 Siciliam,

584 1457 880 1527 insulasque
899 1454 1279 1524 interjacentes,
1316 1452 1514 1505 nullum
1552 1450 1839 1504 instituisse
1878 1444 2166 1511 Ecclesias,

584 1548 685 1600 nisi
713 1564 800 1600 eos
821 1561 945 1616 quos
974 1542 1276 1597 venerabilis
1299 1539 1560 1615 apostolus
1592 1537 1777 1591 Petrus
1804 1544 1895 1589 aut
1922 1535 2031 1604 ejus
2055 1550 2169 1587 suc-

587 1653 810 1693 cessores
840 1635 1209 1689 constituerunt
1244 1630 1535 1687 sacerdotes
1565 1628 1753 1701 (lbid.,
1779 1643 1861 1694 ep.
1894 1624 2006 1695 5:5);
2036 1624 2169 1678 Are-

2253 442 2385 494 sicut
2435 440 2562 509 fide,
2610 440 2685 492 ita
2713 446 2764 491 et
2817 438 3020 491 actione
3072 437 3341 491 vincantur
3377 436 3596 509 (exteri
3648 444 3846 505 reges),

2255 535 2527 605 benignam
2573 549 2628 586 se
2674 530 2981 607 excellentia
3039 538 3209 584 uestra
3256 530 3361 582 suis
3408 528 3656 599 subjectis
3721 545 3844 581 scm-

2256 642 2348 694 per
2368 624 2627 677 ex-Iiibeat.
2650 620 2719 675 Et
2738 622 2782 675 si
2804 638 2904 692 qua
2924 629 3044 674 sunt
3066 636 3179 690 qua:
3199 636 3311 690 ejus
3338 620 3569 676 animum
3592 618 3853 687 offendere

2258 712 2483 779 caleant,
2512 730 2571 766 ea
2593 715 2884 766 indiscussa
2910 728 3011 766 non
3034 709 3235 781 runiat.
3263 709 3405 763 Tunc
3427 710 3567 762 enim
3588 724 3705 761 vere
3729 707 3853 776 Regi

2258 820 2457 873 regum,
2488 803 2542 855 id
2570 810 2645 855 est
2674 801 3010 871 omnipotenti
3058 798 3284 852 Domino
3335 798 3560 867 amplius
3604 795 3846 865 placebit,

2261 896 2308 950 si
2344 902 2646 965 potestatem
2690 909 2837 946 suam
2876 891 3191 961 restringens
3226 888 3394 942 minus
3440 888 3539 941 sibi
3578 886 3864 941 crediderit

2263 985 2417 1039 licere
2444 984 2580 1055 quod
2607 991 2776 1053 potest
2805 978 3019 1052 (Ibid.).

2335 1093 2389 1149 5.
2425 1092 2637 1148 Laudes
2658 1093 2726 1146 ab
2755 1091 2944 1146 eodem
2971 1090 3062 1160 pio
3084 1089 3339 1159 pontilice
3368 1089 3421 1142 in
3451 1085 3855 1140 Brunichildem

2263 1188 2503 1256 reginam
2534 1185 2730 1241 effusas
2766 1184 3003 1238 nonnulli
3047 1183 3205 1252 paulo
3242 1181 3476 1249 iniquius
3531 1180 3734 1233 ferunt.
3768 1178 3859 1231 Ni-

2267 1281 2460 1334 mirum
2513 1294 2620 1332 non
2651 1278 2720 1331 ob
2752 1276 2801 1329 id
2854 1275 3027 1329 solum
3053 1273 3197 1342 quod
3245 1273 3547 1326 incolumem
3597 1270 3709 1322 lilio
3761 1283 3861 1324 suo

2266 1368 2614 1425 Childeberto
2643 1386 2815 1423 rerum
2845 1369 3205 1439 temporalium
3235 1369 3456 1438 gloriam
3486 1366 3705 1436 provida
3726 1365 3867 1416 solli-

2267 1462 2494 1515 citudine
2518 1462 2850 1527 conservavit,
2880 1476 2998 1516 eam
3018 1460 3176 1515 laude
3195 1461 3411 1529 dignam
3433 1460 3739 1522 existimat;
3772 1473 3865 1510 ve-

2269 1551 2549 1606 rumetiam
2578 1552 2721 1621 quod
2752 1552 2851 1622 ipsi
2878 1562 3084 1607 (eterna:
3106 1552 3221 1606 vita:
3255 1552 3473 1619 prreniia
3520 1553 3611 1621 pia
3656 1553 3861 1604 institu-

2271 1644 2411 1697 tione
2424 1644 2721 1712 providerit.
2741 1642 2943 1712 Ubique
2955 1641 3207 1713 pietatem
3222 1641 3339 1712 ejus
3350 1651 3407 1696 et
3418 1640 3443 1678 δ
3457 1658 3727 1697 summum
3738 1656 3865 1709 erga

588 1727 811 1783 latensis
838 1733 1018 1781 autem
1049 1722 1285 1778 Ecclesia
1315 1719 1611 1792 prmsertim
1652 1718 1753 1772 hac
1794 1715 1987 1771 illustri
2016 1715 2171 1783 origi-

2283 1749 2363 1789 res
2392 1734 2601 1789 divinas
2652 1734 2887 1789 studium
2935 1733 3230 1789 honorifice
3276 1741 3690 1789 commemorat.
3721 1732 3866 1786 Inter

587 1836 658 1877 ne
682 1820 961 1890 gloriatur.
994 1815 1125 1885 Ejus
1170 1829 1303 1871 sane
1338 1814 1569 1882 antiqua:
1599 1808 1892 1866 nobilitatis
1928 1806 2175 1862 meminit

587 1914 648 1972 S.
690 1911 998 1981 Gregorius,
1019 1907 1234 1979 quando
1261 1907 1336 1961 ait
1354 1905 1629 1973 antiquam
1653 1916 1713 1958 se
1735 1898 2175 1956 consuetudinem

587 2014 831 2065 secutum
860 2017 999 2069 esse,
1029 2000 1245 2071 quando
1273 2014 1399 2054 suas
1426 1995 1649 2065 Virgilio
1692 1993 1841 2048 vices
1884 1989 2173 2046 commisit.

660 2100 715 2153 '5.
746 2095 948 2151 Urbem
982 2092 1351 2149 Arelatensem
1384 2105 1416 2143 a
1443 2085 1822 2142 Valentiniano
1850 2091 1906 2139 et
1935 2081 2177 2137 Honorio

589 2189 885 2245 Galliarum
900 2193 1126 2238 matrem
1156 2180 1478 2253 appellatam
1504 2176 1744 2233 referunt
1762 2175 1855 2246 qui
1876 2175 1944 2229 de
1964 2188 2028 2227 ea
2047 2171 2181 2227 scri-

591 2285 836 2350 pserunt,
867 2275 1161 2342 sedemque
1189 2272 1535 2327 constitutam
1564 2266 1805 2338 praefecti
1830 2264 2101 2336 praetorio,
2124 2263 2177 2316 in

593 2384 699 2438 qua
722 2375 927 2435 septem
971 2361 1365 2433 provinciarum
1405 2359 1593 2414 Galliae
1618 2365 1915 2413 conventus
1942 2362 2176 2424 quotan-

594 2462 680 2516 nis
709 2458 1100 2513 celebrabatur.
1134 2454 1213 2509 ΑΙ)
1234 2470 1297 2509 ea
1327 2453 1587 2523 dignitate
1607 2451 1827 2523 politica
1848 2449 2111 2519 primatus
2126 2455 2182 2501 et

594 2551 917 2606 exarehatus
963 2546 1356 2603 ecclesiasticus
1409 2544 1619 2598 initium
1684 2540 1901 2595 duxisse
1948 2538 2177 2593 vitetur.

596 2640 802 2695 Placuit
829 2640 970 2695 enim
999 2638 1215 2692 Zozimo
1242 2636 1467 2704 aliisque
1492 2634 1746 2703 deinceps
1771 2628 2028 2685 Romanis
2046 2642 2182 2698 pon-

594 2730 844 2795 tiﬁcibus,
872 2728 1218 2784 nobilissima:
1239 2726 1471 2782 civitatis
1498 2724 1801 2794 episcopos,
1829 2719 2032 2775 vicaria
2060 2732 2182 2773 san-

598 2833 700 2880 cta:
725 2822 871 2877 sedis
896 2828 1165 2892 potestate
1187 2817 1445 2888 insignire
1469 2834 1482 2870 :
1516 2830 1745 2886 quorum
1769 2821 1917 2869 tanta
1948 2821 2066 2867 erat
2095 2825 2184 2865 au-

595 2914 840 2976 ctoritas,
871 2920 929 2967 ut
955 2919 1162 2981 septem
1192 2908 1592 2980 provinciarum
1622 2903 1827 2977 synodo
1866 2908 2182 2973 praeessent,

594 3004 804 3059 litteras
832 3001 1090 3058 formatas
1136 2997 1347 3053 clericis
1395 2992 1896 3067 peregrinantibus,
1948 2990 2184 3060 ipsisque

595 3093 865 3166 episcopis
891 3090 1123 3146 abeundi
1151 3087 1423 3144 licentiam
1462 3084 1688 3148 darent;
1718 3082 1765 3137 si
1804 3094 1924 3149 quae
1952 3093 2085 3134 vero
2127 3078 2180 3130 in

595 3187 782 3243 Galliis
805 3195 862 3242 et
888 3185 942 3239 in
992 3182 1245 3253 Hispania
1286 3180 1558 3235 orirentur
1598 3175 1665 3231 de
1695 3174 1799 3229 lide
1824 3181 1917 3227 aut
1942 3170 2182 3225 moribus

597 3276 1012 3345 controversiae,
1049 3274 1116 3328 ad
1171 3273 1290 3328 illos
1335 3280 1590 3338 tanquam
1630 3267 1888 3337 primates
1939 3260 2190 3316 Romani-

598 3386 707 3441 que
734 3366 1001 3439 pontilicis
1020 3365 1254 3420 vicarios
1271 3360 1584 3417 dirimenda:
1605 3359 1954 3413 referrentur.
1977 3354 2049 3408 At
2066 3368 2188 3409 cum

602 3463 670 3517 ab
700 3460 905 3515 Hilario
935 3456 1234 3513 Arelatensi
1264 3454 1518 3524 episcopo
1547 3464 1773 3523 pervasa
1805 3447 1969 3503 fuisse
1989 3445 2188 3500 Metro-

599 3552 963 3624 politanorum
989 3548 1111 3618 jura
1151 3554 1207 3601 et
1244 3551 1528 3613 usurpatas
1555 3556 1676 3612 qua:
1704 3538 1835 3609 ipsis
1861 3536 2189 3592 deberentur

601 3641 969 3699 ordinationes
997 3637 1294 3707 accepisset
1322 3633 1381 3689 S.
1415 3633 1554 3699 Leo,
1575 3640 1584 3649 '
1604 3632 1896 3703 primatum
1925 3624 2190 3696 amplissi-

599 3747 748 3787 mum
763 3731 906 3786 inter
930 3729 1103 3800 ipsum
1125 3727 1543 3797 episcopumque
1564 3722 1926 3777 Viennensem
1944 3727 1966 3755 ο
1986 3716 2186 3772 divisit.

672 3842 938 3900 Collatam
967 3846 1061 3895 aut
1088 3836 1462 3895 confirmatam
1489 3833 1714 3903 Virgilio
1751 3830 2008 3887 vicariam
2047 3826 2191 3884 sedis

600 3933 915 4007 apostolica:
939 3938 1260 4002 potestatem
1286 3925 1577 3996 Gregorius
1602 3923 1824 3993 Magnus
1850 3930 2042 3993 postea
2084 3920 2189 3974 im-

600 4024 813 4089 minuit,
837 4020 1072 4091 quaudo,
1103 4026 1164 4073 ut
1190 4017 1327 4072 infra
1368 4015 1598 4080 dicetur,
1647 4012 1897 4085 Syagrio,
1928 4011 2191 4077 Augusto-

601 4108 831 4165 dunensi
860 4106 1135 4176 episeopo,
1176 4116 1303 4158 suas
1330 4103 1467 4156 intra
1494 4099 1818 4155 Childeberti
1859 4110 2083 4166 regnum
2113 4094 2188 4148 vi-

603 4214 697 4255 ces
724 4194 1088 4253 demandavit.
1118 4192 1195 4247 ita
1225 4191 1455 4246 Romani
1484 4189 1787 4261 pontifices,
1816 4188 1869 4242 in
1900 4199 2188 4256 argumen-

606 4296 720 4342 tum
749 4299 972 4340 summa:
999 4298 1107 4351 qua
1148 4282 1382 4352 pollent,
1414 4296 1520 4334 non
1574 4279 1832 4349 precaria:
1880 4275 2186 4346 potestatis,

606 4373 912 4444 hujusmodi
940 4373 1198 4439 honores,
1227 4379 1288 4425 ut
1309 4371 1476 4438 magis
1497 4383 1528 4424 e
1553 4385 1613 4423 re
1638 4368 1940 4424 Christiana
1969 4366 2188 4421 videba—

604 4476 715 4538 tur,
737 4466 805 4522 ad
832 4474 1021 4521 nutum
1049 4472 1141 4519 aut
1161 4462 1509 4519 conferebant
1532 4468 1626 4516 aut
1653 4454 1986 4515 auferebaut.

676 4582 731 4638 4.
764 4582 844 4637 Ad
874 4581 1128 4637 ulteriora
1159 4577 1414 4650 progredi
1452 4593 1557 4632 non
1592 4577 1738 4647 licet,
1770 4579 1871 4635 nisi
1902 4578 2188 4638 observato

604 4675 754 4748 prius
777 4674 882 4729 hoc
906 4672 1256 4728 celeberrimo
1286 4671 1526 4726 Francia:
1546 4684 1731 4740 regum
1755 4673 2023 4739 encornio,
2047 4674 2191 4743 quod

602 4766 824 4824 oraculo
851 4764 1024 4820 simile
1048 4763 1337 4833 Gregorius
1362 4763 1414 4817 in
1443 4763 1672 4834 epistola
1694 4764 1763 4820 ad
1790 4764 2191 4823 Childebertum

603 4872 784 4928 regem
833 4855 1030 4911 cecinit
1068 4872 1081 4908 :
1128 4855 1334 4921 Quanto
1384 4862 1594 4908 caeteros
1646 4854 1878 4909 homines
1923 4856 2070 4928 regia
2108 4857 2192 4911 di-

602 4953 777 5023 gnitas
798 4948 1086 5014 antecedit,
1111 4955 1253 5001 tanta
1278 4956 1580 5001 cazterarum
1607 4949 1835 5019 gentium
1855 4964 2015 5020 regna
2044 4951 2191 5021 regni

603 5041 753 5095 uestri
775 5040 1005 5110 profecto
1025 5038 1225 5093 culmen
1246 5037 1472 5093 excellit.
1502 5036 1636 5092 Esse
1663 5047 1833 5093 autem
1862 5057 2054 5112 regem,
2073 5041 2197 5113 quia

601 5136 721 5183 sunt
743 5135 792 5182 et
813 5128 925 5191 alii,
958 5143 1062 5181 non
1090 5128 1282 5180 mirum
1307 5134 1417 5191 est;
1445 5127 1538 5181 sed
1566 5143 1678 5182 csse
1707 5130 2038 5197 catholicum,
2061 5132 2197 5203 quod

602 5220 692 5274 alii
718 5236 823 5274 non
848 5228 1128 5287 uterentur,
1149 5220 1243 5274 hoc
1269 5220 1395 5274 satis
1418 5230 1513 5273 est.
1549 5218 1811 5289 Quidquid
1842 5232 2013 5277 autem
2049 5241 2195 5296 reges

599 5326 656 5364 se
675 5309 851 5365 caeteri
874 5310 1167 5381 gloriantur
1187 5308 1392 5376 habere,
1409 5308 1626 5378 habetis,
1651 5320 1756 5366 etc.
1777 5311 1896 5384 (Lib
1916 5330 1987 5382 γι,
2006 5332 2089 5383 ep.
2110 5315 2189 5386 6).

602 5401 857 5459 Plurimis
881 5404 999 5458 aliis
1022 5403 1270 5460 laudibus
1288 5418 1425 5475 quas
1450 5402 1693 5460 subticeo
1721 5405 1953 5475 subjecit
1972 5408 2189 5478 sapiens

603 5501 757 5564 pater
809 5495 1310 5565 praestantissimum
1354 5494 1423 5551 de
1466 5495 1720 5551 sectanda
1766 5495 1974 5566 justitia
2028 5506 2191 5555 caete-

678 5660 705 5689 ιι
736 5650 877 5707 Ante
913 5650 972 5708 S.
1014 5652 1247 5710 Leonem
1294 5654 1601 5713 Bonifacius
1647 5655 1667 5711 Ι
1706 5666 1762 5712 et
1806 5654 2133 5715 C(elestinus
2168 5659 2193 5715 ι

607 5717 675 5779 de
698 5720 1093 5779 Arelatensium
1111 5725 1491 5801 episcoporum
1513 5728 1806 5797 privilegiis
1820 5727 1929 5797 jam
1948 5730 2192 5801 quaedam

2278 1826 2386 1879 alia
2426 1827 2581 1889 bona,
2614 1825 2786 1895 inquit
2810 1825 2877 1879 ad
2906 1841 3025 1879 eam
3054 1826 3317 1890 scribens,
3350 1825 3443 1879 hoc
3467 1825 3609 1897 apud
3638 1841 3726 1878 vos
3755 1842 3865 1893 pra:

2275 1919 2476 1972 cwteris
2499 1926 2635 1972 tenet
2660 1919 3030 1988 principatum,
3054 1920 3188 1988 quod
3217 1918 3271 1970 in
3294 1917 3474 1970 mediis
3502 1918 3655 1988 hujus
3685 1916 3868 1970 mundi

2276 2010 2537 2079 ﬂuctibus,
2558 2011 2644 2081 qui
2664 2010 2887 2081 regentis
2909 2010 3111 2063 animos
3135 2009 3427 2063 turbulenta
3446 2010 3614 2063 solent
3636 2008 3869 2062 vexatio-

2278 2116 2342 2152 ne
2366 2099 2701 2169 confnndere,
2733 2100 2808 2152 ita
2847 2115 2936 2153 cor
2964 2099 3033 2153 ad
3061 2098 3221 2153 divini
3250 2099 3415 2153 cultus
3453 2116 3681 2153 amorem
3706 2109 3755 2152 et
3786 2114 3871 2152 ve-

2277 2191 2583 2244 nerabilium
2604 2191 2832 2245 locorum
2858 2190 3232 2261 disponendam
3259 2192 3478 2262 quietem
3506 2192 3773 2253 reducitis,
3808 2206 3874 2243 ac

2278 2282 2323 2335 si
2350 2280 2494 2334 nulla
2516 2298 2604 2334 vos
2633 2281 2743 2335 alia
2778 2298 2901 2335 cura
2924 2282 3185 2336 sollicitet.
3222 2281 3371 2337 Unde
3408 2282 3528 2352 quia
3568 2282 3873 2351 hujusmodi

2280 2375 2673 2446 prazpositorum
2702 2376 2860 2443 actio,
2882 2375 3230 2448 subjectorum
3256 2392 3448 2447 magna
3475 2377 3605 2430 solet
3633 2393 3746 2429 esse
3766 2364 3897 2427 mu:

2281 2469 2432 2532 nitio,
2456 2485 2566 2539 pra:
2594 2470 2713 2523 aliis
2742 2468 2976 2541 gentibus
2997 2480 3201 2541 gentem
3229 2468 3553 2522 Francorum
3592 2469 3877 2522 asserimus

2283 2560 2505 2632 felicem,
2528 2577 2641 2630 qua:
2660 2562 2735 2614 sic
2757 2560 2903 2615 bonis
2924 2560 3159 2615 omnibus
3178 2560 3452 2629 praeditam
3477 2559 3663 2612 meruit
3684 2558 3881 2611 habere

2282 2650 2516 2719 reginam
2539 2650 2680 2722 (Lib.
2705 2667 2776 2716 tv,
2805 2668 2889 2722 ep.
2915 2649 2991 2721 5).
3017 2650 3235 2716 Haecue,
3250 2650 3499 2719 inquiunt
3516 2646 3883 2703 Brunichildis

2282 2741 2674 2808 criminatores,
2698 2743 2880 2797 haecne
2899 2743 3033 2797 citra
3054 2741 3418 2797 adulationem
3445 2741 3550 2796 dici
3578 2748 3885 2811 potuerunt

2285 2833 2351 2888 de
2394 2834 2580 2902 regina
2632 2834 3070 2905 ﬂagitiosissima,
3100 2844 3181 2890 tot
3209 2836 3474 2891 bellorum
3503 2844 3558 2890 et
3581 2833 3885 2889 discordia-

2285 2942 2402 2980 rum
2432 2924 2667 2995 ﬂabello,
2702 2935 2782 2983 tot
2827 2941 3016 2997 regum
3057 2928 3439 2991 interfectrice.
3482 2937 3563 2984 tot
3603 2927 3883 2983 scelerum

2285 3016 2524 3071 artifice?

2209 3144 2252 3203 c
2356 3129 2414 3185 Si
2442 3131 2742 3187 excutimus
2769 3131 3127 3201 Gregorianas
3155 3132 3223 3187 ad
3253 3130 3647 3187 Brunichildem
3673 3129 3888 3200 episto-

2288 3220 2386 3287 las,
2435 3221 2725 3293 laudesque
2764 3224 2817 3277 in
2850 3224 2995 3277 illam
3039 3223 3266 3278 collatas
3310 3222 3724 3293 perpendamus,
3756 3237 3887 3276 eam

2288 3311 2359 3366 ob
2390 3325 2611 3380 regnum
2666 3328 2876 3368 summa
2930 3315 3212 3385 prudentia
3253 3316 3626 3384 gubernatum,
3654 3323 3713 3369 et
3756 3312 3888 3369 ﬁliis

2288 3411 2574 3466 assertum,
2604 3416 2814 3456 necnon
2839 3409 3059 3472 propter
3082 3401 3439 3458 Christianam
3464 3413 3521 3457 et
3542 3402 3885 3457 Catholicam

2290 3489 2449 3545 tidem
2473 3492 2555 3546 vel
2584 3492 2726 3562 apud
2752 3492 2994 3548 Francos
3022 3502 3413 3558 conservatam,
3442 3494 3531 3549 vel
3576 3493 3631 3548 in
3677 3493 3887 3547 exteris

2289 3582 2538 3652 gentibus
2557 3592 2927 3654 prepagatam,
2957 3594 3014 3640 et
3041 3594 3265 3656 propter
3291 3586 3518 3656 insignia
3546 3582 3797 3654 quasdam
3824 3584 3884 3639 in

2292 3676 2752 3731 xenodochiorum
2778 3691 2844 3731 ae
2872 3678 3321 3734 monasteriorum
3342 3686 3435 3733 aut
3448 3677 3677 3732 aliorum
3697 3691 3886 3733 sacro-

2292 3782 2413 3821 rum
2443 3766 2687 3823 locorum
2713 3770 3115 3825 constructione
3152 3770 3367 3840 pietatis
3412 3784 3580 3839 opera
3605 3783 3885 3825 commen-

2290 3857 2471 3913 datam
2501 3856 2656 3913 fateri
2682 3871 2977 3927 eogemur;
3027 3859 3306 3915 dumtaxat
3347 3875 3380 3914 a
3422 3858 3719 3928 Gregorio,
3773 3873 3882 3913 nec

2292 3949 2562 4005 immerito
2591 3947 2755 4005 fuisse
2782 3949 2988 4020 liquido
3024 3951 3315 4007 constabit.
3347 3949 3493 4007 Sane
3518 3948 3885 4005 Brunichildis

2291 4038 2696 4095 Childebertum
2726 4039 2891 4095 lilium
2919 4041 3161 4111 quinque
3189 4055 3479 4109 annorum,
3526 4046 3748 4095 mortuo
3792 4054 3889 4108 pa-

2294 4137 2378 4185 tre
2422 4128 2721 4201 Sigiberto,
2769 4146 2800 4187 e
2827 4130 3192 4203 Fredegundis
3227 4132 3474 4188 manibus
3514 4140 3787 4202 ereptum,
3813 4130 3889 4184 ab

2292 4221 2582 4279 Austrasia:
2607 4223 2954 4293 optimatibus
2982 4239 3167 4294 regem
3192 4223 3348 4280 Metis
3390 4222 3710 4290 renuntiari,
3740 4224 3891 4294 quod

2291 4327 2518 4368 summae
2545 4314 2644 4369 fuit
2666 4314 2959 4385 prudentia:
2987 4331 3052 4371 ac
3080 4315 3355 4373 industria:
3383 4324 3787 4386 argumentum,
3826 4323 3892 4370 et

2294 4417 2325 4456 a
2345 4401 2727 4459 Gunthramno
2766 4413 2959 4475 patruo
2985 4404 3422 4475 Burgundionum
3453 4421 3579 4476 rege
3614 4405 3890 4461 haeredetn

2220 4512 2268 4570 ι)
2294 4502 2483 4563 postea
2505 4494 2711 4550 institui
2741 4506 3042 4566 curaverat,
3058 4498 3264 4569 rejecto
3292 4500 3567 4555 Clothario
3593 4498 3888 4570 Chilperici

2270 4582 2425 4639 .ﬁlio.
2450 4583 2579 4641 Post
2595 4584 2926 4643 Childeberti
2950 4590 3176 4659 obitum,
3191 4590 3469 4662 utriusque
3487 4591 3643 4661 regni
3664 4592 3885 4646 Austra-

2293 4674 2388 4731 sia:
2408 4676 2617 4733 scilicet
2643 4693 2707 4732 ac
2730 4678 3051 4749 Burgundia:
3078 4682 3619 4750 administrationem,
3635 4693 3692 4740 et
3706 4684 3888 4739 Theo-

2292 4765 2501 4821 deberti
2521 4783 2586 4824 ac
2604 4768 2921 4826 Theoderici
2949 4782 3203 4843 nepotum
3234 4775 3408 4830 adhuc
3436 4775 3489 4830 in
3513 4782 3698 4830 tenera
3725 4782 3889 4831 tutata

2294 4858 2552 4927 tutelam,
2592 4860 2785 4931 quibus
2814 4864 3018 4933 optime
3045 4862 3295 4919 defuncta
3329 4876 3430 4931 est,
3464 4868 3725 4937 suscepit.
3750 4864 3886 4923 Cum

2295 4964 2505 5005 summa
2554 4968 2733 5008 rerum
2767 4955 3050 5024 potiretur,
3082 4956 3278 5012 missos
3323 4971 3355 5010 a
3404 4956 3462 5013 S.
3510 4957 3774 5027 Gregorio
3816 4962 3887 5015 ad

2296 5042 2588 5112 Anglorum
2616 5047 3024 5101 conversionem
3052 5048 3348 5103 monachos
3371 5048 3525 5117 fovit,
3553 5059 3611 5105 et
3632 5051 3887 5122 suppedi-

2296 5133 2420 5187 tatis
2449 5135 2707 5191 omnibus
2756 5136 3077 5191 necessariis
3131 5147 3377 5191 sanctum
3434 5139 3538 5194 hoc
3568 5156 3709 5211 Opus
3754 5142 3889 5195 mire

2295 5226 2584 5294 promovit.
2616 5226 2675 5280 In
2718 5229 3094 5284 construendis
3122 5230 3290 5285 sacris
3320 5231 3452 5286 locis
3484 5232 3657 5301 iisque
3685 5250 3885 5289 ornan-

2294 5315 2377 5373 dis
2410 5334 2478 5374 ae
2511 5319 2744 5375 ditandis
2768 5321 3186 5377 munificentiam
3209 5326 3448 5380 ostendit
3472 5327 3633 5397 plane
3662 5331 3885 5397 regiam.

2294 5407 2425 5475 Quis
2448 5418 2529 5466 tot
2558 5410 2826 5482 tantisque
2854 5411 3171 5484 prudentia),
3202 5416 3477 5485 religionis
3503 5434 3571 5475 ac
3599 5419 3891 5477 liberalius.

2295 5502 2366 5558 tis
2386 5502 2643 5574 eperibus
2664 5502 2874 5560 debitas
2894 5503 3080 5562 laudes
3104 5505 3376 5564 invideat?

2299 5662 2665 5719 detraxerant.

2372 5732 2399 5771 ιο
2441 5731 2571 5788 νίειθ
2592 5733 2687 5789 lib.
2708 5749 2785 5803 χι,
2816 5748 2902 5807 ep.
2928 5734 2997 5790 69.
3019 5743 3072 5793 et
3100 5737 3188 5809 63,
3222 5753 3432 5795 necnon
3456 5740 3545 5794 lib.
3575 5756 3693 5812 sm,
3724 5760 3817 5816 rp.
3840 5740 3873 5797 6
