3992 6294
96 300 191 358 361

564 303 622 359 8.
661 305 983 363 GREGORII
1023 307 1232 364 MAGNI
1271 309 1451 376 VlTA,
1496 311 1587 368 EX
1627 309 1789 375 EJUS
1825 308 2127 367 SCRIPTlS
2164 310 2554 367 ADORNATA.
2595 311 2721 367 [ΑΒ.
2766 311 2847 366 lli.

3242 313 3345 369 369

156 408 305 477 Quod
332 419 547 478 spectat
575 412 642 467 ad
669 415 893 469 crimina
923 417 1046 473 huic
1068 420 1264 486 regina:
1290 420 1542 490 impacta,
1570 431 1663 476 aut
1690 429 1739 484 Α
1764 422 1939 492 primo
1964 441 1976 476 :
1998 424 2431 494 quandoquidem
2477 443 2595 497 quae
2641 427 2825 481 Romae
2857 432 2985 479 tunc
3009 424 3346 492 contigerant

96 509 204 573 post
230 501 494 569 epistolas
532 502 598 556 ad
642 518 762 558 eam
803 520 835 559 a
872 506 1132 575 Gregorio
1170 510 1397 581 scriptas
1436 511 1667 568 admissa

97 602 229 656 sunt,
260 600 355 647 aut
384 593 546 663 plane
574 596 719 650 nulla
749 597 928 665 fuere;
955 600 1023 654 ab
1048 600 1163 669 ejus
1199 601 1449 658 videlicet
1474 604 1667 659 adver-

98 685 240 742 sariis
268 682 522 751 conﬁcta,
548 694 606 739 ut
628 703 734 741 non
757 688 1026 745 immerito
1047 700 1320 760 putantex
1348 694 1664 749 recentiori—

99 776 187 829 bus
198 774 555 844 scriptoribus
569 776 795 832 Carolus
810 778 1051 836 Cointius
1062 782 1117 836 in
1134 782 1425 840 Annalibus
1440 784 1665 841 Franci-

98 868 245 932 cis,et
262 865 633 937 Cordemoyus
645 868 697 922 in
711 867 942 925 Historia
966 886 1150 941 regum
1161 872 1489 929 Francorum
1500 889 1662 945 quam

98 957 276 1014 Gallice
294 958 536 1027 scripsit.
552 959 808 1015 Nimirum
822 976 943 1015 cum
960 962 1171 1018 tandem
1184 964 1538 1022 Brunichildis
1549 966 1665 1024 Glo-

97 1046 283 1112 thario,
316 1046 610 1118 Chilperiei
642 1049 785 1117 lilio,
811 1066 918 1120 quo
943 1052 1146 1107 nullum
1184 1055 1356 1123 magis
1394 1055 1659 1114 infensum

93 1139 282 1193 hostem
311 1139 580 1208 habebat,
625 1140 813 1195 fuisset
836 1142 902 1196 ab
932 1143 1221 1199 Austrasite
1264 1154 1319 1200 et
1340 1145 1658 1215 Burgundia:

91 1228 423 1297 Optimatibus
463 1230 678 1297 tradita,
710 1240 769 1286 ut
801 1233 964 1304 256
992 1234 1422 1291 crudelissimam
1451 1238 1535 1293 cui
1565 1240 1658 1295 ad-

90 1321 216 1375 dicta
236 1329 318 1375 est
339 1329 572 1377 mortem
599 1320 740 1391 juste
778 1324 1037 1378 meruisse
1062 1324 1392 1397 crederetur,
1424 1327 1659 1398 undique

87 1415 387 1482 conquisitis
418 1415 730 1471 criminibus
771 1426 853 1472 est
895 1417 1139 1488 impetita
1169 1438 1180 1474 :
1215 1422 1287 1475 ita
1319 1431 1377 1476 ut
1406 1424 1456 1478 ei
1484 1425 1649 1480 etiam

88 1504 440 1573 obiicerentur
468 1507 659 1573 caedes,
683 1522 818 1577 quas
844 1508 926 1564 vel
948 1509 1255 1567 Clotharius
1277 1512 1653 1585 imperaverat,

89 1597 162 1651 vel
186 1596 271 1666 qui
302 1597 422 1666 ejus
450 1607 631 1667 partes
659 1598 1023 1665 sectabantur,
1056 1609 1352 1671 patrarant.

146 1698 192 1750 6.
233 1695 302 1751 Ut
349 1706 532 1752 autem
574 1698 919 1757 ostendamus
961 1710 1221 1771 quantum
1251 1704 1318 1759 ab
1347 1704 1655 1763 adulatione

1771 512 2031 568 didicerat
2059 522 2114 568 et
2137 515 2325 569 retulit
2368 530 2434 570 ex
2475 517 2555 571 sui
2593 516 2803 571 diaconi
2832 514 3171 579 testimonio;
3201 514 3345 587 quod

1768 612 1956 672 aperte
1985 604 2151 674 liquet
2186 620 2254 660 ex
2300 606 2389 660 lib.
2424 622 2455 660 x
2484 606 2643 673 llist.,
2688 621 2739 662 c.
2789 605 2839 660 l.
2889 604 3044 660 Anno
3073 606 3343 675 sequenti,

1766 693 1906 760 regis
1931 691 2255 749 Childeberti
2285 695 2494 751 decimo
2520 709 2673 752 seXto
2697 698 2747 751 in
2776 694 2960 750 Galliis
2986 702 3124 762 erat,
3153 703 3206 749 et
3235 693 3343 747 Tu-

1762 779 1912 835 ronis
1954 783 2165 851 excepit
2202 784 2512 853 episc0pum
2539 785 2822 854 quemdam
2872 784 3193 850 Armenum,
3244 798 3343 837 no~

1764 870 1907 923 mine
1935 869 2230 940 Simonem,
2280 888 2347 928 ex
2395 876 2585 930 eodem
2635 877 2768 931 libro
2798 874 2933 929 liist.
2987 889 3036 929 c.
3086 872 3175 928 24.
3224 872 3341 927 lloc

1763 958 1879 1028 ipso
1906 973 2047 1015 anno
2078 961 2143 1015 ad
2164 961 2490 1017 Childeberti
2520 966 2661 1033 regis
2681 965 2854 1018 aulam
2887 965 3139 1035 perrexit,
3166 972 3221 1017 et
3244 977 3343 1032 per

1761 1062 1956 1119 pagum
1986 1048 2344 1105 Rbemensem
2375 1054 2638 1117 transivit,
2670 1069 2736 1108 ex
2767 1054 2859 1107 lib.
2887 1071 2938 1108 tv
2963 1054 3030 1108 de
3070 1053 3339 1108 Miraculis

1760 1139 1816 1195 8.
1848 1138 2059 1194 Martini
2080 1156 2129 1196 c.
2154 1141 2244 1196 26.
2269 1143 2423 1197 Anno
2448 1141 2569 1208 592,
2601 1143 2751 1197 Plato
2776 1144 2891 1212 ejus
2912 1144 3057 1197 archi
3079 1145 3334 1205 liaeonus,

1760 1230 1911 1299 cujus
1937 1230 2181 1285 meminit
2207 1230 2398 1286 eodem
2444 1232 2580 1286 libro
2626 1248 2674 1287 c.
2718 1231 2804 1297 5‘2,
2854 1233 2921 1285 ad
2967 1234 3334 1301 episcOpatum

1759 1318 2147 1376 Pictaviensem
2174 1329 2393 1376 vocatus
2416 1329 2519 1386 est,
2546 1322 2630 1375 cui
2658 1320 2969 1376 cathedram
2994 1321 3131 1375 hanc
3158 1336 3338 1376 ascen-

1758 1409 1908 1466 denti
1935 1411 2123 1480 adluit,
2154 1422 2215 1467 ut
2237 1414 2387 1468 testis
2410 1421 2493 1467 est
2513 1411 2858 1477 Fortunatus,
2885 1410 3123 1466 Platonis
3151 1418 3337 1481 postea

1756 1515 2056 1557 successor.
2086 1503 2242 1557 Anno
2271 1501 2619 1570 nonagesimo
2646 1500 2804 1555 tertio
2833 1515 2993 1569 supra
3022 1500 3339 1569 quingente-

1755 1591 1968 1655 simum,
2017 1606 2202 1648 mense
2246 1590 2519 1656 Januario,
2567 1591 2625 1645 S.
2677 1590 3012 1645 Leobardum
3052 1590 3338 1644 reclattsum

1756 1680 1810 1734 in
1840 1680 2031 1751 majori
2079 1682 2408 1737 monasterio
2454 1696 2622 1752 prope
2659 1679 2932 1735 Turonum
2980 1680 3199 1747 invisit;
3247 1682 3337 1750 qui

84 1787 135 1840 S.
162 1783 450 1856 Gregorius
478 1786 685 1842 alienus
722 1787 883 1844 fuerit
911 1789 963 1844 in
981 1769 1235 1861 epistolis
1261 1792 1328 1848 ad
1358 1792 1649 1851 Brunichil-

1759 1771 1922 1840 paulo
1946 1779 2087 1840 post,
2114 1772 2220 1826 hoc
2247 1779 2331 1826 est
2355 1771 2440 1827 die
2470 1769 2538 1825 18
2563 1770 2799 1841 ejusdem
2822 1771 3020 1825 mensis
3044 1770 3129 1825 die
3151 1770 3336 1825 Domi-

84 1878 188 1931 dem
230 1876 468 1948 scriptis,
518 1877 757 1934 indicare
783 1878 1014 1937 sufliciat
1045 1892 1068 1918 ἰ
1099 1883 1357 1953 epistolas
1386 1886 1438 1941 in
1466 1888 1657 1957 quibus

82 1983 186 2022 eam
211 1967 280 2024 de
317 2022 324 2028 ,
353 1970 623 2026 nonnullis
650 1972 1000 2029 emendandis
1034 1974 1092 2029 in
1134 1976 1250 2047 ejus
1279 1993 1445 2047 regno
1470 1981 1657 2037 admo-

82 2068 187 2124 net;
225 2059 437 2114 scilicet
464 2061 530 2115 de
560 2060 853 2118 simoniaca
884 2063 1025 2131 labe,
1069 2065 1137 2121 de
1178 2067 1436 2123 laicorum
1466 2071 1656 2125 imma-

82 2150 201 2203 turis
228 2149 683 2217 ordinationibus,
714 2153 780 2207 de
811 2152 1112 2210 idololatria
1160 2156 1214 2211 in
1262 2156 1447 2215 Galliis
1466 2151 1655 2217 adhuc

85 2241 371 2308 superstite,
403 2240 473 2296 de
499 2242 865 2299 sacerdotibus
904 2244 1165 2315 flagitiose
1196 2249 1515 2306 viventibus.
1548 2251 1651 2307 Le-

82 2330 230 2398 gentia
258 2331 563 2400 prmsertim
590 2342 714 2388 sunt
743 2332 858 2390 hinc
887 2335 1244 2406 increpatoria
1272 2341 1431 2395 verba
1460 2342 1653 2411 quibus

81 2421 161 2477 Dei
180 2420 380 2489 juzlicia
414 2439 522 2478 non
553 2425 780 2481 obscure
805 2426 1033 2483 intentat
1072 2429 1401 2487 Brunichildi
1430 2433 1653 2505 ejusque

78 2513 343 2586 nepotibus
374 2533 385 2569 :
433 2514 558 2570 Cum
588 2519 831 2589 scriptum
858 2521 964 2574 sit:
984 2520 1199 2577 Justitia
1226 2526 1387 2580 elevat
1411 2538 1608 2599 gentem
1630 2561 1647 2595 ,

78 2611 273 2664 miseros
323 2619 500 2665 autem
543 2612 672 2684 facit
709 2612 923 2684 populos
952 2627 1257 2685 peccatum;
1289 2628 1408 2674 tunc
1435 2638 1651 2693 regnum

77 2702 240 2757 stabile
288 2705 556 2771 creditur,
615 2723 729 2761 cum
774 2708 925 2779 culpa
972 2727 1086 2781 qum
1132 2715 1455 2784 cognoscitur
1501 2718 1649 2771 citius

77 2794 359 2849 emendatur
391 2796 592 2865 (Prov.
626 2814 716 2854 11v
741 2840 757 2867 ,
796 2798 866 2852 54
888 2801 927 2863 ).
961 2800 1241 2857 Multorum
1273 2804 1431 2875 igitur
1459 2807 1528 2859 ad
1555 2824 1649 2861 nos

78 2888 308 2940 relatione
337 2890 587 2957 pervenit,
637 2890 772 2962 quod
800 2892 969 2945 dicere
1004 2894 1117 2947 sine
1158 2894 1434 2963 aﬂlictione
1477 2896 1649 2950 cordis

79 2979 214 3032 nimia
254 2995 358 3033 non
399 2978 659 3045 valemus,
710 2982 785 3034 ita
828 2981 1075 3051 quosdam
1104 2984 1394 3038 sacerdotes
1440 2986 1494 3038 in
1542 2986 1647 3041 illis

77 3070 283 3136 partibus
314 3070 573 3139 impudice
599 3087 661 3123 ac
689 3072 917 3143 nequiter
955 3076 1271 3141 conversari,
1303 3084 1358 3128 ut
1387 3084 1434 3130 et
1462 3078 1644 3132 audire

82 3159 200 3213 nobis
244 3158 581 3229 approbrium
609 3170 657 3214 et
692 3161 1017 3217 lamentabile
1044 3164 1112 3217 sit
1140 3166 1350 3236 referre.
1384 3164 1543 3221 Addit
1574 3167 1637 3221 li-

78 3252 183 3302 bera
224 3259 279 3304 et
330 3265 470 3319 pene
500 3252 816 3321 prophetica
844 3267 978 3308 voce
1004 3271 1016 3306 :
1045 3252 1158 3309 Nec
1184 3256 1320 3309 enim
1350 3267 1469 3309 sunt
1498 3254 1646 3312 dissi-

76 3339 302 3393 mulanda
352 3355 467 3408 quis
511 3340 912 3414 dicimus:quia
952 3346 1035 3415 qui
1083 3347 1358 3400 emendare
1404 3355 1568 3417 potest
1596 3358 1645 3402 et

78 3431 289 3500 negligit,
334 3432 642 3501 participem
672 3448 726 3486 se
760 3432 1093 3505 proculdubio
1139 3436 1311 3489 delicti
1357 3439 1639 3492 constituit.

82 3519 333 3577 Providete
358 3541 480 3595 ergo
508 3527 697 3580 anima:
722 3537 923 3596 vestras,
946 3528 1205 3597 providete
1228 3529 1492 3599 nepotibus
1518 3547 1644 3602 quos

78 3616 233 3684 cupitis
266 3634 492 3687 regnare
521 3618 755 3689 feliciter,
782 3620 1041 3687 providete
1071 3610 1379 3689 provinciis;
1398 3628 1447 3674 et
1471 3624 1645 3690 prius-

81 3722 209 3773 quam
252 3706 476 3761 Creator
538 3716 714 3761 noster
779 3724 987 3760 manum
1044 3724 1190 3762 suam
1239 3709 1308 3762 ad
1356 3710 1644 3780 feriendum

79 3800 322 3864 excutiat,
374 3798 442 3851 de
487 3800 803 3853 correctione
850 3799 1000 3870 hujus
1040 3800 1243 3854 sceleris
1275 3801 1647 3855 studiosissime

79 3888 269 3956 cogitate
296 3929 313 3952 ,
353 3906 419 3942 ne
458 3897 601 3942 tanta
631 3888 953 3958 postmodum
1000 3891 1169 3943 acrius
1215 3890 1366 3960 feriat
1389 3930 1403 3955 ,
1454 3899 1645 3961 quanto

78 3979 203 4032 modo
230 3980 431 4033 diutius
459 3988 507 4033 et
536 3979 807 4033 clementer
845 3990 1109 4051 exspectat
1139 3980 1278 4050 (Lib.
1316 3996 1386 4043 χι,
1417 3997 1497 4050 ep.
1529 3979 1642 4048 (i9).

78 4066 179 4123 llaec
218 4085 358 4125 sane
405 4070 521 4125 hmc
568 4070 699 4124 satis
744 4085 1013 4140 superque
1040 4071 1411 4125 demonstrant
1437 4070 1643 4138 Grego-

77 4158 190 4212 rium
232 4175 364 4214 cum
408 4160 660 4229 apostolo
697 4160 879 4215 dicere
930 4161 1204 4229 potuisse:
1236 4160 1320 4214 ita
1369 4162 1645 4232 loquimur,

77 4265 159 4302 non
198 4252 351 4321 quasi
389 4251 681 4306 hominibus
729 4252 1007 4321 placentes,
1053 4253 1143 4307 sed
1192 4252 1296 4306 Deo
1340 4254 1423 4323 qui
1465 4251 1649 4322 probat

78 4346 207 4397 corda
250 4357 474 4411 nostra;
522 4362 683 4417 neque
726 4346 860 4399 enim
898 4345 1177 4417 aliquando
1209 4346 1398 4417 fuimus
1444 4345 1499 4399 in
1544 4361 1647 4399 ser-

78 4453 202 4489 mone
229 4437 553 4491 adulationis
583 4436 632 4506 (Ι
667 4437 846 4491 Thess.
879 4452 937 4502 tt,
970 4435 1046 4503 5).

1757 1859 1875 1913 nica
1898 1858 2097 1914 elllavit
2116 1861 2369 1915 animam.
2400 1861 2556 1915 Anno
2585 1861 2853 1930 assignato
2875 1861 2989 1915 dies
3012 1860 3078 1913 18
3098 1860 3336 1916 Januarii

1756 1947 2032 2005 Dominita
2058 1959 2192 2017 erat,
2226 1951 2369 2022 quod
2396 1953 2550 2007 nobis
2579 1952 2864 2022 persuadet
2886 1953 3087 2007 obitum
3114 1952 3171 2007 S.
3199 1951 3338 2007 Leo-

1754 2038 1904 2094 bardi
1933 2041 2037 2096 hoc
2068 2042 2184 2112 ipso
2212 2044 2519 2112 contigisse,
2546 2060 2652 2099 non
2681 2046 2918 2114 quinque
2947 2052 3040 2098 aut
3066 2061 3156 2099 sex
3180 2046 3338 2100 annis

1753 2132 1919 2202 prius.
1954 2132 2162 2204 Quippe
2182 2150 2302 2190 cum
2330 2134 2620 2202 Gregorius
2647 2135 2832 2189 ultimo
2862 2135 2984 2191 loco
3013 2136 3080 2191 de
3107 2134 3164 2191 S.
3198 2135 3335 2191 Leo-

1755 2226 1927 2281 bardo
1951 2226 2122 2296 egerit
2152 2227 2204 2281 in
2234 2227 2370 2282 libro
2397 2226 2463 2283 de
2490 2227 2610 2281 Vita
2641 2226 2879 2295 Patrum,
2912 2227 3179 2297 conjicere
3210 2228 3338 2283 licet

1751 2331 1872 2371 eum
1902 2333 2010 2373 non
2041 2318 2221 2373 multis
2266 2327 2391 2372 ante
2436 2333 2591 2373 suum
2639 2316 2842 2372 obitum
2882 2317 3038 2371 annis
3065 2317 3179 2373 hate
3205 2333 3331 2372 san»

1752 2407 1972 2462 ctissitni
2029 2408 2185 2476 hujus
2238 2407 2486 2463 monachi
2538 2416 2657 2465 acta
2715 2407 2908 2463 litteris
2963 2407 3332 2477 eonsignasse.

1751 2494 1953 2552 Eodem
1984 2512 2124 2554 anno
2152 2498 2275 2564 595,
2306 2513 2415 2568 quo
2443 2497 2817 2553 Childebertus
2847 2514 2941 2554 rex
2972 2499 3327 2554 Aurelianen—

1748 2590 1888 2647 sium
1918 2591 2103 2646 urbem
2132 2590 2261 2645 adiit
2285 2633 2302 2659 ,
2331 2599 2388 2646 et
2416 2589 2772 2646 Gunthramni
2820 2590 3058 2646 defuncti
3103 2606 3328 2659 regnum

1748 2690 1833 2738 est
1874 2681 2117 2754 adeptus,
2149 2680 2440 2750 Gregorius
2468 2682 2521 2736 in
2555 2680 2671 2749 ejus
2701 2683 2817 2736 aula
2848 2691 2966 2737 erat
2988 2722 3003 2748 ,
3057 2696 3124 2736 ex
3155 2682 3247 2735 lib.
3281 2697 3331 2736 tv

1747 2774 1815 2829 de
1858 2773 2127 2830 Miraculis
2154 2772 2210 2827 S.
2244 2772 2457 2827 Martini
2494 2786 2542 2828 e.
2574 2772 2674 2837 57;
2707 2772 3042 2842 Turonisque
3085 2771 3142 2827 S.
3192 2772 3330 2825 Mar-

1748 2865 1846 2920 tini
1874 2863 2267 2920 solemnitatem
2298 2876 2526 2917 annuam
2555 2861 2846 2917 celebravit
2885 2876 3069 2918 mense
3097 2861 3323 2916 Novem-

1747 2954 1850 3019 bri,
1879 2969 1943 3008 ex
1973 2952 2217 3023 ejusdem
2245 2951 2365 3007 libri
2394 2968 2443 3007 c.
2467 2951 2557 3006 58.
2580 2949 2713 3006 Cum
2744 2951 2924 3020 itaque
2951 2950 3011 3005 S.
3040 2949 3330 3021 Gregorius

1749 3046 1950 3101 Turon.
1966 3046 2140 3107 evivis
2154 3045 2446 3102 excesserit
2459 3043 2678 3109 Turoni,
2695 3052 2748 3098 ut
2760 3044 3086 3114 probabilius
3097 3043 3331 3111 videtur,

1668 3164 1712 3225 Ο
1748 3151 1932 3193 mense
1952 3135 2238 3190 Novembri
2259 3123 2346 3191 an.
2374 3132 2497 3199 595,
2519 3133 2755 3201 ejusdem
2777 3134 3027 3189 adventui
3050 3133 3102 3187 in
3128 3132 3325 3189 Urbem

1750 3236 1807 3282 et
1834 3225 2025 3281 reditui
2054 3226 2310 3295 assignari
2336 3225 2495 3280 debet
2514 3240 2683 3280 annus
2710 3226 3085 3295 nonagesimus
3106 3234 3328 3297 quartus

1750 3331 1909 3388 supra
1940 3315 2424 3385 quingentesimum
2454 3321 2546 3369 aut
2573 3314 2848 3385 sequentis
2887 3314 3116 3370 initium.

1811 3428 1891 3482 De
1938 3427 2039 3481 hac
2084 3424 2418 3497 profectione
2466 3422 2756 3493 Gregorius
2786 3424 3076 3481 historicus
3104 3423 3329 3479 omnino

1743 3520 1883 3585 si'et,
1914 3518 2058 3589 quod
2103 3526 2419 3588 argumento
2447 3525 2530 3573 est
2558 3518 2729 3586 ipsum
2780 3527 2956 3572 morte
3000 3525 3321 3587 occupatum

1744 3610 1924 3664 statim
1956 3623 2020 3662 ac
2048 3607 2290 3664 Turones
2335 3607 2539 3672 revisit,
2589 3606 2718 3660 nihil
2757 3606 2880 3660 novi
2910 3607 3188 3676 scripsisse
3234 3616 3327 3661 aut

1740 3698 1850 3767 jam
1897 3698 2112 3767 scriptis
2149 3698 2430 3767 adjecisse.
2480 3696 2689 3766 Quippe
2719 3696 2764 3752 si
2793 3696 2993 3750 diutius
3039 3697 3325 3751 incolumis

1744 3790 1797 3845 in
1845 3788 2031 3844 Galliis
2073 3797 2257 3858 postea
2289 3789 2543 3850 vixisset,
2590 3788 2657 3841 de
2696 3795 2777 3841 tot
2819 3796 3125 3842 sanctorum
3156 3791 3327 3844 sacris

1744 3879 1983 3948 reliquiis
2023 3877 2207 3932 Romae
2235 3879 2362 3934 visis
2390 3892 2683 3947 eorumque
2710 3877 2981 3931 miraculis
3009 3876 3204 3932 auditis
3232 3879 3321 3933 diu

1746 3970 1906 4025 silere
1937 3985 2043 4023 non
2073 3969 2355 4039 potuisset.

1818 4078 1871 4134 8.
1908 4079 2173 4149 Quidquid
2200 4078 2268 4134 sit
2296 4078 2363 4133 de
2386 4086 2629 4148 tempore
2652 4092 2760 4147 quo
2802 4076 3092 4146 Gregorius
3119 4078 3324 4135 Turon.

1746 4178 2057 4224 sanctorum
2085 4167 2453 4238 apostolorum
2484 4167 2666 4222 limina
2696 4168 2950 4235 visitavit,
2990 4183 3111 4223 eum
3142 4185 3171 4223 a
3200 4186 3324 4225 san-

1746 4260 1985 4315 ctissimo
2007 4273 2142 4328 papa
2167 4272 2355 4326 magna
2379 4273 2500 4312 cum
2530 4258 2829 4313 reverentia
2853 4267 3137 4328 exceptum
3167 4262 3330 4317 fuisse

1747 4358 1931 4403 narrat
1958 4349 2015 4403 S.
2047 4348 2180 4403 Odo.
2219 4350 2400 4415 Quem,
2435 4348 2645 4417 inquit,
2683 4349 2751 4401 ad
2794 4347 2931 4401 beati
2961 4348 3106 4403 Petri
3130 4354 3332 4423 confes-

1747 4445 1943 4498 sionem
1974 4442 2080 4515 [ΑΙ.
2110 4442 2178 4494 ad
2208 4440 2393 4512 altare]
2438 4440 2798 4507 introducens,
2843 4457 2872 4493 e
2908 4441 3067 4495 latere
3103 4447 3333 4498 constitit

134 4547 177 4599 7.
217 4546 255 4601 Ε
282 4545 476 4602 Galliis
500 4547 840 4602 discedentes
866 4546 1069 4601 Italiam
1103 4546 1402 4617 repetituri,
1435 4546 1637 4615 Grego-
1669 4531 1718 4592 Ι)
1744 4541 2050 4613 prwstolans
2080 4539 2250 4610 quoad
2281 4548 2532 4611 surgeret.
2564 4537 2784 4592 Interim
2826 4547 2997 4592 autem
3025 4549 3080 4591 ut
3107 4553 3219 4593 erat
3249 4544 3329 4595 in-

78 4636 190 4689 rium
218 4637 427 4691 Turon.
457 4638 779 4692 comitentur
801 4638 1027 4691 Romam
1054 4645 1270 4692 euntem
1293 4638 1358 4691 ad
1382 4637 1643 4692 visitanda

77 4741 364 4786 sanctorum
414 4731 786 4800 apostolorum
834 4731 1058 4798 limina,
1110 4722 1498 4800 visendumque
1544 4745 1643 4784 no--

78 4831 218 4877 strum
246 4824 572 4893 Gregorium
597 4841 611 4876 :
636 4824 776 4879 hanc
819 4824 962 4878 enim
1009 4838 1213 4877 sacram
1255 4822 1642 4893 peregrinatio-

82 4928 177 4966 nem
205 4915 355 4984 cujus
386 4916 634 4970 meminit
659 4915 716 4970 S.
749 4913 864 4970 Odo
894 4916 947 4970 in
973 4914 1089 4984 ejus
1117 4915 1247 4982 vita,
1268 4914 1356 4968 vix
1382 4914 1529 4968 licuit
1551 4922 1644 4969 aut

81 5005 211 5059 citius
241 5008 450 5062 referre
477 5048 491 5070 ,
542 5015 634 5062 aut
681 5008 854 5063 serius
900 5009 1116 5062 m0'ari.
1152 5006 1377 5061 Tardius
1424 5008 1641 5077 quidem

82 5109 165 5147 non
190 5097 365 5166 potuit
394 5096 620 5151 Romam
660 5097 929 5167 proficisci
970 5096 1262 5165 Gregorius
1309 5097 1639 5164 Turonicus;

80 5189 250 5256 quippe
277 5188 337 5242 S.
370 5185 559 5244 Olone
590 5198 725 5242 teste
754 5198 995 5244 mortuus
1025 5196 1108 5242 est
1134 5203 1222 5241 an.
1253 5186 1314 5239 2|
1352 5202 1462 5241 sure
1501 5188 1644 5242 ordi-

83 5277 310 5340 nationis,
344 5292 506 5347 quem
536 5278 649 5346 ipse
679 5294 797 5332 cum
828 5293 970 5332 anno
994 5278 1185 5347 quinto
1215 5275 1555 5347 pontiﬁcatus
1584 5275 1641 5330 S.

81 5361 301 5433 Gregorii
360 5381 691 5422 concurrere
744 5375 971 5422 testatur
1018 5367 1070 5421 in
1122 5367 1227 5422 line
1275 5366 1396 5420 libri
1452 5367 1645 5420 decimi

83 5446 327 5507 Historias.
384 5453 550 5507 Multa
598 5470 728 5509 vero
774 5455 1097 5524 persuadent
1134 5456 1451 5523 Gregorium
1480 5453 1645 5509 Galli-

82 5553 182 5593 cum
218 5543 365 5597 haud
402 5545 562 5599 citius
601 5545 825 5601 Romam
870 5547 1170 5603 advenisse.
1214 5546 1396 5601 Romae
1427 5546 1642 5614 quidem

82 5643 173 5687 non
215 5645 333 5688 erat
380 5652 522 5691 anno
571 5634 694 5703 590,
740 5638 984 5706 Gregorii
1030 5638 1260 5694 Romani
1301 5639 1644 5708 pontificatus

1747 4645 1897 4714 genio
1924 4641 2379 4713 profundissimus,
2407 4626 2655 4693 secretam
2699 4640 3135 4709 dispensationem
3161 4641 3329 4693 admi-

1744 4763 1866 4801 rans
1905 4745 2264 4800 considerabat
2305 4747 2377 4820 in_
2404 4743 2697 4814 hujusmodi
2727 4743 2982 4795 hominem
3022 4741 3154 4812 (erat
3191 4742 3326 4794 enim

1744 4855 1943 4900 statura
1984 4845 2191 4914 brevis)
2241 4848 2435 4898 tantam
2482 4842 2705 4913 gratiam
2754 4842 2948 4894 caelitus
2997 4840 3325 4910 profluxisse.

1749 4944 1898 5008 Quod
1944 4945 2032 4998 ille
2068 4961 2188 4997 ntox
2226 4942 2469 4996 divinitus
2515 4940 2861 5008 persentiens,
2903 4946 2953 4992 et
2994 4938 3056 4991 ab
3095 4939 3332 4992 oratione

1748 5061 1983 5114 surgens,
2017 5043 2319 5114 placidoque
2344 5051 2399 5095 ut
2418 5050 2528 5095 erat
2550 5041 2688 5094 vultu
2712 5040 2780 5091 ad
2800 5055 2988 5109 papam
3029 5038 3329 5108 respiciens,

1753 5144 2029 5209 Dominus,
2062 5143 2244 5211 inquit,
2276 5141 2403 5196 fecit
2432 5156 2549 5205 nos,
2582 5147 2635 5193 et
2664 5154 2770 5193 non
2818 5138 2915 5208 ipsi
2949 5153 3077 5204 nos;
3110 5138 3247 5191 idem
3277 5136 3328 5192 in

1751 5245 1930 5314 parvis
1957 5245 2048 5313 qui
2096 5252 2150 5298 et
2194 5244 2246 5297 in
2294 5243 2516 5311 magnis.
2550 5239 2772 5310 Cumque
2802 5239 2855 5291 id
2882 5254 2990 5292 sua:
3031 5238 3331 5308 cogitationi

1750 5352 1957 5398 sanctus
1984 5361 2119 5414 papa
2146 5343 2445 5413 responderi
2474 5349 2830 5412 cognosceret,
2858 5341 2973 5408 ipsa
3019 5357 3112 5395 sua
3151 5341 3333 5410 depre-

1753 5441 1998 5494 hensione
2032 5440 2256 5511 gavisus,
2297 5438 2520 5510 gratiam
2546 5451 2699 5507 quam
2728 5436 2972 5492 hactenus
2997 5438 3332 5509 inGregorio

1751 5540 2033 5595 mirabatur
2056 5578 2070 5603 ,
2101 5539 2153 5592 in
2183 5555 2373 5609 magna
2403 5537 2727 5590 veneratione
2755 5536 2991 5609 deinceps
3023 5538 3207 5593 habere
3234 5556 3333 5593 cae-

1749 5640 1821 5707 ρει
1838 5656 1856 5704 ;
1884 5638 2152 5709 sedemque
2182 5636 2490 5691 Turonicam
2520 5635 2594 5689 ita
2623 5632 2930 5701 nobilitavit,
2963 5647 3017 5693 ut
3046 5656 3257 5694 auream
3284 5639 3332 5694 ei

144 5753 164 5780 ι
204 5745 333 5804 Vide
385 5750 677 5818 praesertim
726 5750 818 5804 lib.
871 5767 945 5817 ut,
993 5768 1080 5822 ep.
1132 5751 1270 5820 109,
1323 5758 1378 5807 et
1423 5752 1518 5807 lib.
1574 5773 1646 5822 χι,
1678 5768 1764 5827 cp.
1799 5752 1885 5807 ϐυ.

472 5866 743 5925 ΡΑτειυι.
784 5866 1047 5940 LXXV,

2826 5872 2901 5931 12
