3992 6350
683 300 785 354 ’565

1141 303 1198 355 S.
1239 303 1560 358 UllEiMlill
1607 304 1815 353 ΜΛΗΝΙ
1864 302 2039 358 VI'IA,
2085 302 2176 350 luit
2220 302 2378 354 “US
2420 301 2722 355 SCRIPTIS
2762 301 3151 354 ABORNATA.
3195 303 3321 357 LIB.
3365 304 3451 358 Ill.

3825 309 3905 364 biit

680 411 975 466 cathedram
1004 412 1248 478 donaret,
1287 427 1400 481 qua:
1444 409 1582 477 apud
1629 411 1900 480 prwfatam
1947 409 2115 463 sedem
2148 409 2252 482 [AL
2289 417 2331 471 Λ
2364 415 2414 467 in
2463 416 2912 471 monasteriorum
2943 417 3171 486 gratiam
3202 434 3232 473 a
3262 417 3319 473 S.
3351 417 3618 489 Gregorio
3662 433 3776 479 sunt
3804 439 3908 481 con.

678 504 876 576 urbem]
904 505 954 557 in
986 513 1243 574 posterum
1271 510 1580 554 servaretur.

751 596 916 649 Paulo
944 602 1062 662 post
1089 593 1181 646 red
1206 601 1316 644 tum
1345 605 1499 644 suum
1529 597 1745 643 sanctus
1774 591 2053 658 episcopus
2074 605 2104 644 e
2125 590 2260 644 vivis

680 687 910 740 excessit
938 684 1025 737 die
1070 682 1137 735 15
1184 681 1521 734 Novembris.
1570 678 1760 732 Exstat
1785 680 1840 734 S.
1871 679 2112 749 Gregorii
2143 681 2260 748 epi-

667 777 803 830 stola
835 773 900 827 ad
930 771 1049 840 ejus
1092 785 1458 825 successorem
1490 768 1763 835 Pelagium
1813 769 2012 838 scripta
2063 768 2250 823 indict.

681 865 764 929 Μ,
795 879 911 932 qum
940 861 1229 932 respondet
1255 876 1344 920 an,
1374 859 1481 914 595
1505 869 1560 915 et
1587 858 1694 914 596
1720 859 1870 930 (Lib.
1902 876 1974 923 v1,
2007 877 2087 930 ep.
2135 857 2253 925 5‘2).

679 955 872 1007 Verum
919 968 1042 1007 cum
1090 953 1230 1006 inter
1277 952 1492 1008 ultimas
1538 951 1639 1006 hac
1683 951 1974 1004 indictione
2008 959 2259 1004 currente

673 1045 898 1114 scriptas
927 1044 1151 1113 legatur,
1178 1042 1424 1097 adﬁnem
1455 1043 1614 1110 hujus
1643 1041 1970 1111 indictionis,
2001 1041 2254 1112 prouide-

674 1151 778 1205 que
808 1134 874 1188 ad
902 1149 1101 1188 annum
1129 1131 1232 1186 5'96
1262 1132 1529 1200 pertinere
1555 1132 1733 1186 debet.

745 1226 799 1280 9.
840 1224 951 1279 Etsi
1000 1238 1107 1278 non
1150 1237 1319 1293 pauca
1349 1222 1402 1276 in
1431 1222 1877 1276 monasteriorum
1916 1219 2257 1276 commodum

674 1317 780 1372 hoc
821 1331 962 1370 anno
991 1329 1022 1368 a
1047 1313 1106 1369 S.
1134 1312 1393 1381 Gregorio
1431 1313 1723 1367 constituta
1747 1311 1859 1378 jam
1886 1311 2255 1366 observaveri—

675 1425 832 1475 mus,
880 1409 1056 1478 aliqua
1105 1415 1283 1461 tamen
1331 1405 1504 1460 adhuc
1548 1413 1836 1474 supersunt
1877 1405 2256 1461 observatione

675 1499 854 1566 digna,
903 1513 1022 1567 quae
1071 1497 1304 1550 breviter
1333 1496 1418 1548 hic
1445 1509 1730 1550 recensere
1758 1510 1866 1550 non
1895 1495 2113 1564 pigebit.
2146 1495 2256 1551 Mo-

673 1589 968 1642 nachorum
998 1587 1088 1657 qui
1117 1585 1182 1639 ad
1211 1584 1570 1640 sacerdotium
1598 1599 1694 1640 seu
1733 1586 1910 1655 potius
1936 1586 2002 1640 ad
2029 1587 2254 1659 presby-

672 1688 904 1735 teratum
933 1679 1365 1743 assumebantur,
1416 1678 1504 1753 alii
1532 1677 1773 1734 ecclesiis
1798 1679 2047 1748 regendis
2085 1679 2253 1749 prtuli—

2359 503 2564 571 stituta,
2593 505 2683 558 vix
2711 506 3042 560 numerando
3067 521 3260 562 essem.
3286 508 3403 562 Non
3425 510 3603 565 minus
3625 525 3766 569 curm
3786 528 3908 575 erant

2358 592 2447 660 pio
2477 593 2618 661 patri
2651 594 3087 650 sanctimoniales
3109 611 3276 666 quam.
3301 598 3576 666 monachi,
3604 613 3738 668 quas
3761 610 3907 673 utpote

2359 682 2666 740 inﬁrmioris
2714 699 2874 738 sexus
2899 725 2914 749 ,
2965 685 3171 754 legibus
3213 687 3530 742 muniendas
3582 692 3907 751 severioribus

2357 773 2704 831 existimavit.
2753 776 3094 846 Quapropter
3121 793 3245 832 cum
3272 779 3574 848 accepisset
3599 797 3692 849 per
3716 781 3908 838 Anasta-

2355 867 2488 918 siam
2515 866 2767 919 medicum
2809 867 2863 922 iu
2909 868 3144 938 quo-lam
3183 869 3453 938 virginum
3499 872 3751 926 emnobio
3784 877 3909 930 multa

2354 958 2495 1013 mala
2523 958 2817 1029 contigisse,
2867 959 2920 1014 ei
2966 960 3283 1015 monasterii
3311 960 3499 1028 hujus,
3551 971 3607 1016 et
3633 975 3909 1020 cmteronuu

2354 1065 2473 1118 qua:
2521 1065 2687 1106 sacrae
2733 1051 2966 1120 virgines
3012 1052 3345 1120 incolerent,
3393 1052 3540 1108 fores
3585 1055 3910 1112 occludeutlas

2355 1156 2474 1197 esse
2503 1143 2731 1208 censuit,
2763 1143 2833 1197 de
2858 1143 3050 1198 animae
3076 1144 3260 1214 potius
3284 1159 3447 1214 quam
3479 1152 3549 1200 de
3577 1146 3814 1216 corporis
3846 1163 3912 1202 sa-

2356 1236 2467 1290 lute
2493 1237 2757 1291 sollicitus
2782 1236 2922 1307 (Lib.
2951 1255 3003 1304 ν,
3033 1255 3114 1306 ep.
3143 1238 3220 1306 6).
3261 1267 3275 1278 ι

2426 1328 2727 1382 Romanum
2753 1329 3046 1384 exarcbum
3075 1330 3578 1387 sanctimonialibus
3599 1330 3664 1384 ad
3691 1333 3909 1388 steculum

2354 1420 2582 1474 reversis
2605 1427 2660 1473 et
2685 1418 2935 1488 conjugio
2956 1419 3178 1474 sociatis
3201 1421 3458 1475 auxilium
3477 1421 3909 1491 patrociniumque

2353 1510 2774 1580 impendentem,
2824 1511 2893 1565 ab
2939 1509 3043 1564 hoc
3090 1518 3316 1580 peccato
3365 1511 3651 1575 deterruit,
3688 1514 3734 1566 ei
3775 1513 3909 1568 libere

2350 1601 2659 1670 signiﬁcans
2703 1615 2763 1657 se
2811 1600 3116 1656 nullatenus
3154 1602 3385 1657 amicum
3433 1603 3552 1671 ejus
3597 1618 3717 1658 esse
3759 1620 3908 1674 posse,

2351 1692 2442 1762 qui
2489 1699 2638 1747 tanto
2666 1690 2888 1761 ﬂagitio,
2918 1692 3062 1760 quod
3092 1691 3322 1747 inultum
3350 1708 3635 1748 remanere
3671 1709 3910 1764 nunquam

671 1771 967 1834 ciebantur,
998 1767 1088 1822 alii
1112 1783 1210 1838 pro
1254 1768 1598 1822 monasteriis
1623 1767 2029 1836 ordinabantur,
2057 1769 2239 1838 quibus

2353 1802 2610 1859 passurus
2636 1795 2771 1853 erat,
2804 1786 3065 1866 tantisper
3087 1785 3292 1843 faveret
3321 1787 3508 1859 (Ibid.,
3540 1806 3624 1859 ep.
3654 1789 3766 1860 24).

670 1864 866 1918 addicti
907 1871 960 1918 et
999 1862 1198 1932 alligati
1228 1861 1633 1931 permanebant.
1668 1860 1736 1915 Et
1761 1861 1837 1916 illi
1862 1862 2100 1932 quidem,
2147 1862 2251 1917 nisi

669 1955 1035 2008 consentiente
1079 1954 1318 2019 abbate,
1371 1969 1475 2008 non
1520 1961 1773 2022 poterant
1817 1955 1886 2008 ab
1933 1955 2190 2024 episcopo
2218 1969 2251 2009 e

668 2042 996 2098 monasterio
1027 2041 1162 2107 tolli,
1206 2050 1264 2094 ut
1295 2040 1573 2096 manifeste
1603 2042 1835 2111 probant
1860 2057 1979 2111 quae
2006 2043 2252 2111 leguntur

668 2135 721 2187 in
751 2135 977 2204 epistola
1023 2134 1092 2186 ad
1138 2131 1440 2186 Candidum
1489 2132 1802 2203 episcopum
1830 2133 1894 2187 de
1924 2132 2060 2188 Urbe
2097 2136 2251 2188 veteri

667 2225 863 2292 scripta
914 2221 1063 2292 (Lib.
1097 2238 1168 2284 vr,
1215 2239 1298 2291 rp.
1330 2219 1398 2273 28
1514 2231 1539 2257 η
1567 2219 1731 2289 quue
1779 2221 2061 2285 conﬁrmat
2107 2223 2250 2292 quod

668 2313 882 2367 biennio
921 2314 1077 2385 257
1117 2320 1241 2381 post
1275 2312 1490 2381 scripsit
1526 2311 1592 2366 ad
1642 2311 1996 2367 Marinianum
2036 2312 2248 2369 Raven-

667 2415 844 2460 natem
891 2407 1202 2474 episcopum
1228 2422 1242 2459 :
1273 2403 1478 2459 Pariter
1522 2414 1692 2458 autem
1739 2404 2124 2460 custodiendum
2151 2418 2245 2473 est,

666 2507 721 2550 ut
747 2497 902 2551 invito
930 2497 1157 2566 ejusdem
1186 2497 1485 2552 monasterii
1505 2495 1709 2562 abbate,
1733 2500 1804 2550 ad
1829 2497 2120 2552 ordinanda
2141 2501 2249 2553 alia

664 2592 1000 2653 monasteria,
1031 2601 1122 2644 aut
1149 2590 1218 2643 ad
1246 2589 1454 2644 ordines
1482 2606 1658 2647 sacros
1680 2631 1694 2654 ,
1735 2590 1814 2643 vel
1848 2591 2118 2644 clericatus
2145 2592 2249 2661 oﬁi-

665 2684 819 2747 cium,
836 2682 946 2736 tolli
962 2682 1394 2736 exindemonaclii
1410 2698 1510 2735 non
1525 2680 1740 2735 debeant
1754 2680 1892 2753 (Lib.
1910 2699 2020 2748 vm,
2035 2699 2114 2752 ep.
2132 2681 2241 2752 i5).

733 2770 815 2824 Ad
843 2786 1053 2826 sacrum
1082 2770 1438 2826 ministerium
1451 2770 1685 2825 ordinari
1715 2787 1822 2824 non
1840 2771 2126 2840 debebant,
2146 2773 2244 2828 nisi

661 2863 937 2933 prmmisso
965 2862 1031 2917 de
1060 2862 1166 2916 vita
1198 2873 1250 2917 et
1282 2863 1522 2917 moribus
1550 2862 1692 2917 serio
1721 2864 1970 2917 esamine
1994 2862 2140 2935 (Lib.
2169 2880 2240 2929 v1,

660 2973 776 3026 epp.
806 2954 874 3008 28
905 2964 952 3009 et
981 2954 1103 3027 42).
1135 2953 1202 3008 Et
1232 2954 1285 3008 hi
1314 2954 1528 3023 quidem
1575 2954 1722 3010 velut
1758 2956 2078 3026 emancipati
2109 2957 2243 3011 ulte-

659 3050 770 3102 rius
798 3049 850 3102 in
878 3047 1210 3103 monasterio
1241 3062 1341 3102 nec
1371 3045 1686 3100 habitabant
1714 3061 1814 3101 nec
1843 3046 2116 3109 habitandi
2143 3063 2241 3116 po-

660 3149 908 3194 testatem
959 3139 1228 3194 habebant
1285 3147 1378 3192 aut
1424 3138 1692 3192 licentiam

659 3234 811 3302 hujus
838 3233 1123 3286 occasionis
1148 3231 1398 3285 velamine
1422 3272 1438 3298 ,
1467 3247 1528 3282 ea
1556 3246 1670 3300 qua:
1697 3230 2040 3299 prohibemus,
2085 3233 2239 3284 susti-

659 3344 777 3380 nere
808 3341 967 3380 ou‘era
994 3326 1388 3395 compellantur,
1421 3323 1592 3393 inquit
1619 3322 1677 3378 S.
1708 3322 1996 3392 Gregorius
2023 3324 2114 3378 lib.
2144 3339 2236 3389 vn,

657 3435 743 3487 cp.
777 3417 866 3471 45.
913 3417 1013 3483 Qui
1046 3431 1175 3470 vero
1203 3431 1302 3485 pro
1331 3415 1671 3470 monasteriis
1699 3416 1995 3485 presbyteri
2040 3418 2239 3472 consti-

661 3508 969 3567 tuebantur,
1016 3506 1196 3560 adhuc
1225 3504 1360 3573 juris
1403 3504 1656 3559 abbatum
1703 3513 1876 3571 erant,
1911 3520 2082 3574 neque
2107 3507 2238 3562 obe-

655 3598 870 3653 dientiae
907 3597 1093 3665 jngum
1138 3604 1393 3650 excutere
1423 3603 1708 3665 poterant;
1749 3596 1888 3665 quo-.1
1919 3597 2081 3652 etiam
2128 3597 2234 3653 Re-

653 3690 790 3758 gula:
818 3687 876 3743 S.
906 3687 1180 3742 Benedicti
1225 3702 1275 3743 c.
1307 3685 1375 3740 69.
1403 3697 1621 3742 cautum
1649 3695 1760 3752 est;
1803 3701 2002 3754 eosque
2031 3695 2233 3744 tantum

652 3782 937 3838 ordinabat
984 3780 1309 3849 episcopus,
1357 3793 1494 3848 quos
1541 3777 1610 3832 ad
1657 3777 1760 3832 hoc
1797 3777 2030 3832 ofﬁcium
2068 3779 2234 3836 abbas

653 3876 876 3944 ejusque
905 3870 1254 3942 congregatio
1283 3870 1608 3938 elegissent.,
1639 3869 1718 3922 Ad
1757 3885 2021 3924 summum
2054 3879 2232 3926 tamen

651 3966 1029 4028 sacerdotium,
1062 3979 1170 4020 non
1201 3971 1519 4031 exspectato
1549 3961 1802 4016 abbatum
1828 3970 1918 4015 aut
1938 3976 2234 4031 congrega-

651 4063 855 4114 tionum
886 4073 1174 4123 consensu,
1205 4055 1318 4110 sola
1363 4055 1493 4110 cieri
1539 4055 1827 4126 populique
1865 4056 2141 4111 voluntate
2169 4073 2233 4114 ac

651 4151 1010 4223 postulatione
1056 4146 1170 4216 rapi
1211 4155 1480 4217 poterant.
1513 4146 1666 4202 Tunc
1693 4147 1834 4200 enim
1866 4146 1987 4226 ex.b
2021 4147 2231 4205 clericis

651 4252 706 4296 et
733 4258 799 4297 ex
845 4237 1122 4294 monachis
1149 4237 1606 4292 indiscriminatim
1637 4238 2051 4291 assumebantur
2075 4279 2091 4306 ,
2135 4239 2228 4307 qui

644 4329 945 4400 episcOpali
973 4328 1320 4396 fungerentur
1347 4341 1474 4382 cura
1506 4324 1644 4397 (Lib.
1677 4343 1715 4391 ι,
1746 4343 1826 4394 Pp.
1867 4326 1974 4396 l8).

721 4419 830 4475 Etsi
859 4416 1096 4473 nondum
1125 4415 1242 4484 lege
1270 4413 1458 4471 fuisset
1484 4415 1834 4469 constitutum
1859 4456 1875 4481 ,
1919 4425 1976 4470 ut
2006 4417 2226 4475 abbates

648 4520 828 4571 essent
869 4502 1211 4580 presbyteri,
1255 4521 1363 4560 non
1405 4521 1529 4559 raro
1569 4513 1745 4600 tamen
1777 4506 2124 4600 presbyterali
2153 4509 2227 4563 di-
2252 4541 2304 4600 υ

646 4605 850 4674 gnitate
880 4607 1007 4655 tunc
1034 4598 1267 4666 insignes
1294 4603 1468 4657 erant,
1498 4594 1587 4663 qui
1613 4594 1859 4662 regendis
1883 4598 2221 4654 monasteriis

648 4692 1075 4764 praeﬁciebantur
1095 4730 1109 4752 ,
1155 4697 1210 4742 ut
1240 4702 1302 4742 ex
1335 4685 1575 4755 plurimis
1603 4684 1660 4738 S.
1692 4683 1935 4754 Gregorii
1981 4689 2220 4758 epistolis

646 4782 982 4851 exploratum
1013 4778 1289 4839 balremu=,
1320 4783 1376 4830 et
1403 4789 1471 4829 ex
1496 4774 1658 4828 variis
1688 4774 1806 4830 aliis
1830 4775 2084 4832 Ecclesia:
2112 4795 2223 4835 mo-

651 4871 932 4933 numentis.
983 4869 1083 4936 Qui
1130 4874 1352 4937 propter
1389 4865 1598 4934 lapsum
1644 4877 1674 4918 a
1721 4881 1877 4921 sacro
1923 4867 2218 4926 ministerio

644 4977 857 5019 cessare
900 4959 1034 5028 jussi
1081 4957 1292 5010 inerant
1339 4954 1561 5010 abbates
1602 4955 1940 5026 presbyteri,
1993 4956 2116 5013 licet
2151 4959 2218 5014 ad

642 5050 976 5109 sacerdotale
1000 5048 1234 5104 ofﬁcium
1276 5059 1552 5114 resurgere
1580 5060 1855 5114 nunquam
1880 5057 2119 5116 possent,
2151 5051 2220 5105 ad

640 5141 1089 5198 monasteriorum
1115 5146 1291 5192 tamen
1312 5135 1657 5207 prtel‘ecturas
1682 5137 1878 5201 redire,
1907 5154 1972 5191 ex
1995 5141 2222 5197 sanctis-

637 5233 770 5289 simi.
791 5230 1060 5302 pontiﬁcis
1089 5227 1417 5296 indulgentia
1446 5227 1588 5296 pa-si
1617 5235 1743 5282 sunt
1769 5226 1929 5297 (Vide
1948 5227 2037 5283 lib.
2070 5245 2106 5296 ι,
2128 5249 2213 5304 ep.

637 5330 700 5393 9;
731 5327 822 5381 lib.
854 5342 910 5393 v,
938 5341 1054 5394 epp.
1082 5323 1136 5389 5,
1167 5323 1222 5382 4,
1259 5320 1308 5385 7,
1340 5319 1409 5373 58
1430 5319 1470 5391 ).

706 5419 792 5474 10.
835 5417 892 5473 Si
929 5415 1110 5474 omnia
1147 5415 1340 5471 vellem
1370 5415 1456 5469 hic
1483 5428 1766 5471 recensere
1794 5416 2043 5496 quae’boc
2073 5431 2216 5474 anno

702 5578 728 5638 ξι
773 5565 1051 5638 Propterea
1111 5564 1450 5638 prrescntibus
1505 5563 1642 5638 nobis
1708 5566 1968 5619 licentium
2029 5567 2210 5620 damus

633 5635 888 5702 epistolis,
915 5635 1190 5690 monachos
1213 5635 1274 5687 de
1292 5637 1626 5706 monasteriis
1657 5638 1710 5690 in
1734 5646 1820 5688 tua
1845 5637 2094 5704 parochia
2118 5654 2212 5706 p0.-

553 5709 570 5730 “·
640 5709 776 5828 sit‘iis,
815 5722 928 5758 cum
971 5721 1218 5759 consensu
1249 5703 1448 5758 abbatis
1476 5706 1554 5758 sui
1585 5706 1761 5761 tollere
1799 5703 1853 5760 et?
1889 5703 2231 5775 presbyteros

631 5793 688 5828 or
730 5791 892 5828 mare.

524 5810 546 5832 ο
631 5791 892 5829 oramurc.

2427 1898 2515 1953 tl.
2557 1898 2603 1952 Α
2630 1913 2688 1953 se
2716 1899 3010 1953 constituta
3038 1906 3267 1954 ‘mutare
3316 1907 3373 1953 et
3421 1897 3524 1953 ﬁxa
3577 1900 3798 1968 reﬁgere
3823 1918 3910 1956 non

2354 1990 2640 2043 verebatur
2692 1988 2909 2043 humilis
2959 1986 3292 2056 Gregorius,
3343 1988 3560 2057 quando
3607 1991 3911 2060 experientia

2353 2087 2686 2149 compertum
2732 2079 2986 2143 habebat,
3034 2094 3101 2133 ea
3147 2079 3457 2148 reipublicte
3483 2078 3798 2134 Christiana:
3822 2096 3910 2135 non

2352 2170 2581 2241 amplius
2607 2169 2878 2240 prodesse.
2908 2167 3094 2240 Itaque
3120 2169 3364 2239 quamvis
3391 2168 3636 2238 plurimis
3661 2170 3713 2222 in
3740 2170 3912 2238 episto-

2352 2264 2416 2317 lis
2445 2262 2584 2332 (Lib.
2618 2277 2654 2326 ι,
2697 2278 2812 2330 epp.
2845 2258 2915 2314 55
2942 2269 2991 2314 et
3019 2260 3106 2330 47)
3138 2261 3411 2315 docuisset
3435 2275 3558 2316 cum
3588 2261 3912 2315 heterodoxis

2351 2365 2405 2409 ct
2434 2355 2561 2423 ipsis
2587 2351 2784 2406 ludatis
2811 2351 2994 2406 mitius
3021 2367 3140 2406 esse
3169 2351 3429 2420 agendum
3455 2389 3471 2415 ,
3513 2351 3912 2421 religionemque

2349 2444 2727 2507 Christianam,
2753 2458 2860 2496 non
2889 2442 3044 2496 minis
3069 2449 3126 2495 et
3150 2441 3465 2506 terroribus,
3490 2442 3584 2496 sed
3607 2439 3914 2511 benignitate

2349 2552 2414 2592 ac
2439 2535 2824 2606 prtedicationis
2849 2535 3121 2600 suavitate,
3142 2533 3453 2602 persuaderi
3483 2531 3682 2587 debere
3708 2550 3720 2584 :
3746 2544 3913 2602 postea

2349 2635 2527 2683 tamen
2555 2633 2762 2681 mutato
2779 2625 3022 2688 consilio,
3043 2623 3350 2693 ﬁequenter
3375 2622 3592 2692 scripsit
3613 2621 3914 2678 Manichmos

2346 2726 2400 2772 et
2428 2717 2642 2773 Judaeos
2671 2715 2760 2786 qui
2801 2716 2856 2769 in
2898 2713 3326 2784 possessionibus
3371 2711 3630 2767 Romana:
3676 2710 3913 2767 Ecclesia:

2345 2816 2499 2864 erant
2547 2807 2712 2878 (cum
2756 2805 3158 2860 mansuetudine
3203 2804 3379 2874 pellici
3426 2819 3533 2858 non
3581 2805 3904 2874 potuissent)

2343 2914 2686 2970 summopere
2714 2913 2833 2954 esse
2863 2898 3203 2953 insectandos
3232 2905 3285 2952 et
3321 2897 3536 2952 tributis
3580 2897 3910 2952 onerandos:

2343 3006 2636 3048 conversos
2661 2999 2840 3045 autem
2868 2989 2935 3043 ad
2967 2989 3142 3055 ﬁdem,
3173 2990 3414 3045 rem'ssis
3440 3004 3504 3044 ex
3535 3004 3685 3059 parte
3712 2988 3910 3059 pensio-

2341 3097 2471 3136 num
2497 3081 2750 3136 oneribus
2777 3078 3192 3135 conﬁrmandos.
3227 3078 3296 3132 Et
3321 3081 3386 3146 si,
3417 3079 3607 3148 inquit,
3637 3082 3738 3147 ipsi
3762 3081 3916 3134 minus

1736 3155 1748 3190 :
1795 3136 1880 3191 Ne
1928 3141 2239 3194 monasteria

2351 3173 2562 3243 ﬁdeliter
2589 3172 2794 3224 veniunt
2825 3170 2933 3241 (ad
2961 3169 3260 3226 Ecc‘esiam
3281 3173 3320 3236 ),
3349 3136 3405 3223 lii
3434 3136 3604 3225 tamen
3647 3136 3737 3242 qui
3766 3171 3826 3224 de
3851 3171 3913 3222 eis

2342 3267 2454 3319 nati
2482 3264 2693 3336 fuerint,
2726 3264 2840 3332 jam
2864 3263 3068 3333 fidelius
3100 3262 3449 3332 baptisantur.
3482 3263 3585 3315 Aut
3609 3263 3755 3330 ipsos
3782 3279 3914 3333 ergo,

2342 3368 2430 3412 aut
2457 3373 2633 3412 eorum
2657 3357 2796 3426 filios
2821 3356 3082 3410 lucramur
3113 3353 3252 3426 (Lib.
3282 3371 3340 3422 v,
3369 3372 3452 3425 ep.
3483 3353 3561 3423 8).
3621 3397 3624 3400 .

2411 3452 2681 3518 Quantum
2727 3449 2998 3505 lucrandis
3034 3449 3316 3505 animabus
3353 3450 3584 3504 inhiaret
3618 3448 3675 3506 S.
3717 3447 3914 3518 Grego-

2337 3547 2452 3600 rius
2494 3544 2828 3616 potissimum
2875 3543 3143 3609 ostendit,
3193 3543 3368 3599 missis
3405 3543 3473 3597 ad
3501 3543 3709 3612 Anglos
3751 3541 3913 3596 adhuc

2337 3637 2602 3692 idolorum
2624 3636 2792 3691 cultui
2817 3635 3028 3690 deditos
3055 3633 3520 3703 prmdicatoribus;
3552 3635 3624 3690 de
3641 3649 3751 3703 qua
3769 3648 3912 3690 sacra

2337 3730 2680 3801 expeditione
2709 3743 2849 3784 nunc
2877 3729 3162 3797 agendum.

2952 3839 3179 3897 CAPUT
3217 3840 3303 3896 lV.

2335 3941 2525 3991 Ancon.
2547 3967 2606 3976 —
2634 3941 2671 3990 l.
2700 3939 2752 3988 S.
2774 3937 3040 3998 Gregorius
3079 3936 3221 3984 mittit
3273 3935 3323 3984 S.
3349 3935 3672 3998 Auzustinnm
3724 3939 3773 3987 in
3817 3938 3913 3984 An-

2394 4006 2554 4064 gliam.
2582 4026 2625 4038 -
2663 3997 3019 4064 ‘2._t‘._hri.~.tian:e
3062 3998 3172 4045 ﬁdei
3197 3999 3451 4064 exordium
3493 4001 3544 4047 in
3566 3997 3909 4064 Britannis.~_-

2394 4059 2441 4114 3.
2468 4065 2611 4126 Angli
2635 4059 2900 4111 idololatrm
2925 4060 3046 4107 hanc
3068 4068 3305 4126 occUpant
3331 4059 3686 4126 ill_\!liaftt:‘—}.
3716 4061 3910 4126 Quando

2396 4121 2596 4191 profecti
2621 4126 2925 4191 Augustinus
2949 4128 3021 4190 et_
3041 4122 3156 4169 socii
3201 4121 3434 4191 monachi.
3457 4147 3516 4156 —
3538 4121 3710 4191 531)};
3759 4123 3907 4191 reditu

2391 4183 2663 4251 cogitantes
2686 4183 2722 4234 a'
2738 4188 2787 4235 '5.
2815 4183 3059 4251 ﬁregorio
3085 4184 3481 4251 corroborentur.
3506 4207 3568 4251 -τ
3590 4183 3639 4231 6.
3662 4186 3774 4251 Quo
3815 4185 3909 4231 loro

2391 4242 2717 4300 substiterint.
2734 4271 2797 4282 —-
2813 4249 2859 4297 7.
2884 4242 3057 4295 Eorum
3083 4247 3176 4294 iter
3204 4257 3293 4305 per
3313 4242 3513 4290 Calliam
3537 4246 3908 4293 describitur.—

2388 4313 2436 4362 8.
2465 4314 2539 4363 De
2563 4311 2715 4361 Cantii
2747 4322 2843 4370 quo
2880 4307 3070 4370 appulsi
3107 4313 3219 4355 sunt
3248 4317 3437 4370 regno,
3465 4318 3608 4370 rege,
3635 4309 3832 4366 regina.
3856 4332 3910 4343 -ο

2322 4384 2332 4390 ’
2388 4377 2435 4425 9.
2462 4365 2971 4435 Augustimis'jegem
3015 4367 3137 4435 adit;
3157 4393 3220 4435 τε
3242 4367 3337 4435 10..
3356 4365 3579 4435 Ejusdem
3596 4365 3687 4435 "ad
3703 4365 3718 4366 θ
3736 4381 3904 4435 regem

2390 4426 2567 4485 oratiu:
2587 4459 2648 4470 -
2674 4433 2748 4483 ll.
2779 4426 3080 4489 Responsum
3105 4426 3391 4478 Edilberlbi.
3417 4455 3477 4463 —
3507 4428 3561 4476 12
3605 4426 3907 4477 Cantuarinm

2389 4499 2667 4561 ingreditur
2691 4507 2800 4543 cum
2823 4493 2984 4542 sociis.
3008 4492 3114 4550 Quo
3141 4498 3390 4552 apparatu.
3415 4489 3531 4549 (An.
3551 4489 3647 4540 595
3673 4499 3726 4538 et
3745 4492 3788 4539 ὅ.
3810 4495 3839 4538 6
3866 4492 3880 4547 )

2399 4601 2448 4654 i.
2493 4599 2783 4667 Anglorum
2826 4593 3053 4650 salutem
3079 4591 3188 4661 jam
3218 4607 3247 4652 a
3276 4592 3438 4660 longo
3483 4602 3733 4657 tempore
3761 4593 3908 4648 sine-

2327 4693 2421 4748 bat
2465 4688 2793 4759 Gregorius,
2837 4684 2980 4754 quod
3026 4700 3093 4738 ex
3123 4693 3146 4721 ε
3179 4691 3337 4737 antea
3386 4682 3542 4737 dictis
3585 4681 3801 4751 liquet,
3850 4699 3910 4736 ac

2327 4779 2657 4838 Britanniam
2686 4776 2975 4845 cogitabat.
3023 4773 3091 4829 Ut
3126 4774 3275 4828 verbi
3327 4773 3420 4828 Dei
3470 4787 3754 4843 praecones
3787 4773 3909 4829 illuc

2321 4864 2473 4930 brevi
2521 4867 2812 4941 profecturi
2855 4866 3064 4934 aliquos
3112 4863 3386 4933 adjutores
3429 4864 3717 4929 baberent,
3755 4865 3909 4934 jussit

2311 4959 2749 5032 sapientissimus
2774 4954 3011 5027 pontifex
3037 4970 3066 5008 a
3092 4952 3330 5009 Candide
3357 4953 3619 5010 Gallicani
3653 4958 3909 5026 patrimo-

2323 5053 2396 5107 nii
2442 5057 2672 5115 rectore,
2723 5063 2789 5101 ex
2837 5045 3130 5113 Anglorum
3177 5051 3336 5113 gente
3381 5048 3689 5113 comparari
3729 5047 3912 5101 adole-

2320 5151 2555 5205 scentes,
2580 5139 2646 5194 ab
2673 5138 2827 5192 annis
2855 5136 3029 5190 decem
3055 5143 3103 5189 et
3131 5143 3346 5205 septem,
3375 5134 3452 5188 vel
3477 5135 3654 5189 decem
3702 5146 3756 5190 et
3800 5133 3909 5191 octo

2317 5233 2459 5306 (Lib.
2491 5249 2562 5297 vi,
2608 5247 2688 5301 ep.
2721 5228 2799 5298 7),
2839 5235 2894 5282 et
2922 5227 2977 5280 in
3004 5225 3344 5280 monasteriis
3374 5223 3442 5278 de
3473 5223 3575 5279 ﬁde
3605 5226 3912 5295 ritibusque

2318 5324 2637 5379 Christianis
2665 5319 2878 5376 edoceri
2919 5333 2981 5374 ac
3008 5316 3226 5382 erudiri,
3259 5331 3487 5386 qtorum
3517 5323 3716 5385 postea
3753 5317 3911 5370 mini-

2317 5418 2482 5473 sterio
2525 5416 2593 5471 ad
2641 5412 2816 5483 gentis
2845 5411 3008 5466 totius
3036 5409 3445 5465 conversionem
3489 5415 3764 5462 uteretur.
3803 5405 3913 5461 Etsi

2386 5570 2415 5610 ν’
2445 5570 2517 5624 De
2538 5571 2675 5624 clero
2701 5568 3051 5622 Ecclesian
3073 5567 3325 5636 ipsarum,
3354 5567 3431 5620 vel
3455 5581 3522 5619 ea:
3541 5564 3913 5636 monasteriis,

2313 5644 2358 5696 si
2403 5643 2511 5715 qui
2535 5641 2678 5715 digni
2706 5640 2774 5692 ad
2803 5637 3176 5715 sacerdotalem
3199 5638 3368 5690 locum
3397 5645 3615 5704 possunt
3651 5635 3911 5691 inueniri.

2389 5705 2427 5749 θ’
2455 5705 2703 5765 \’ide't:h.
2736 5726 2770 5776 ι,
2802 5724 2851 5763 c.
2884 5705 2933 5772 5,
2968 5722 3110 5760 num.
3145 5705 3199 5759 5-
