3992 6324
201 283 318 340 565

691 285 1124 342 8.ι61ὶ88οῐιῑι
1162 287 1376 342 ΜςὶϐΝΙ
1421 289 1603 354 V’lTA,
1646 289 1733 344 EX

1871 288 1944 347 US
1981 291 2281 350 SCRIPTIS
2322 295 2720 356 ADOBNATA.
2761 302 2890 360 LIB.
2931 303 3014 367 Ill.

3389 313 3492 366 Ξῢῦ

198 393 446 450 nondum
493 400 650 450 tanto
696 395 866 451 labori
896 406 953 452 et
993 399 1144 469 operi
1186 399 1380 453 maturi
1415 399 1726 456 viderentur
1753 402 1807 462 hi
1837 404 1884 462 A
1913 403 2248 471 superandos.
2290 405 2665 468 hmreticorum
2696 414 2994 481 vastities.
3036 416 3267 488 impares
3293 422 3488 482 Sentior

199 484 362 556 pueri
407 485 427 556 (
441 492 600 540 sexto
628 486 776 540 enim
806 502 950 548 anno
977 488 1061 548 sui
1091 488 1444 557 pontiﬁcatus
1468 490 1706 556 ineunte,
1739 492 1806 547 de

1910 489 2076 558 bant,
2141 493 2282 554 duos
2337 496 2585 560 doctrina
2629 508 2685 562 et
2739 506 3027 568 sanctitate
3074 508 3376 580 pracipuos
3435 508 3489 568 in

201 577 334 648 ipsis
378 575 628 631 emendis
672 578 896 649 scripsit
945 579 1004 634 8.
1059 577 1358 649 Gregorius
1391 581 1460 634 ad
1502 581 1802 642 Candidum
1906 581 2202 640 subsidium
2229 583 2520 656 episcopos
2542 588 2826 657 nriserunt,
2851 575 3414 662 Lupum—TrecenSem
3436 603 3492 658 et

201 668 600 740 presbyterum,
623 676 680 721 et
701 669 894 724 eodem
927 679 1182 735 exeunte,
1209 671 1563 738 Augustinum
1596 670 1647 724 in
1675 669 1800 725 Gal-

203 761 326 814 liam
357 757 534 823 misit,
575 758 720 814 unde
761 759 814 813 in
856 760 1100 829 Angliam
1128 770 1319 830 postea
1345 761 1793 831 transmitteret),

205 851 338 904 hanc
385 855 570 903 tamen
610 850 1010 919 expeditionem
1053 851 1256 907 diutius
1301 851 1796 921 procrastinandam

1906 667 2232 730 Germanum
2263 674 2791 738 Autissiodurensem
2816 681 3154 752 episcopum.
3183 684 3334 756 cujus
3361 700 3492 755 pup-

1907 763 2092 817 sertim
2125 765 2396 825 miraculis
2421 775 2477 826 et
2521 769 2904 838 prtedicatiune
2947 774 3039 842 qui
3071 784 3489 845 perseverarant

1901 853 1955 907 in
1986 854 2109 920 ﬁde,
2135 856 2594 925 eontirmatisunt,
2614 860 2980 933 debellatique
2996 865 3334 926 heterodoxi.
3367 866 3484 928 Bri.-

205 954 304 995 non
354 947 438 995 est
485 940 816 1005 ratus;sive
841 940 986 1009 quod
1016 951 1230 1008 morte,
1277 957 1440 1013 quam
1469 957 1535 998 ex
1566 941 1797 999 assiduis
1888 947 2168 1001 tannicam
2213 956 2403 1018 postea
2439 950 2736 1012 Ecclesium
2779 969 2812 1010 a
2862 957 3072 1014 caeteris
3117 972 3257 1027 pene
3305 957 3486 1020 divisit

203 1027 398 1084 morbis
425 1029 663 1085 vicinam
691 1043 817 1084 esse
839 1029 1235 1099 suapicabatur,
1277 1031 1558 1102 prmveniri
1587 1039 1794 1089 metue—
1896 1031 2184 1090 Scotorum
2215 1050 2368 1092 error-
2390 1044 2446 1093 et
2465 1038 2748 1106 singularis
2784 1042 2838 1102 in
2865 1044 3188 1104 celebrando
3224 1047 3481 1116 pascbate

202 1129 308 1184 ret,
338 1119 452 1175 sive
477 1119 664 1191 potius
707 1121 853 1190 quia,
902 1128 962 1175 ut
1006 1121 1129 1192 ipse
1172 1122 1349 1180 innuit
1376 1122 1448 1177 ad
1489 1121 1794 1181 Gallicanos
1895 1129 2050 1195 ritus,
2108 1143 2274 1197 quem
2300 1129 2644 1188 doctissimus
2688 1131 2940 1192 Petavius
2987 1142 3165 1196 ortum
3206 1144 3360 1205 putat
3410 1151 3478 1191 ex

203 1211 480 1280 episcopos
535 1211 816 1277 scribens,
867 1212 1166 1282 Anglorum
1214 1221 1431 1283 gentem
1484 1215 1628 1272 velle
1675 1215 1790 1271 ﬁeri

201 1301 551 1358 Christianam
570 1303 897 1367 inaudierat;
934 1305 1130 1360 Bertha
1153 1305 1452 1363 Etlilbertbi
1473 1308 1788 1365 Cantiorum

203 1392 334 1460 regis
378 1407 551 1448 uxore
595 1391 923 1463 Christiana,
953 1396 1128 1451 virum
1173 1398 1528 1467 proculdubio
1563 1399 1788 1471 ejusque

201 1483 434 1538 subditos
479 1483 548 1536 ad
591 1483 790 1540 Christi
837 1473 994 1540 fidem
1023 1487 1435 1556 amplexandam
1479 1480 1786 1560 pellicien'te

205 1575 377 1646 (Ibid.,
409 1591 524 1646 (pp.
555 1574 645 1640 52,
679 1575 914 1644 53,etc.,
946 1576 1036 1652 58,
1069 1577 1180 1649 59).

261 1664 310 1718 9.
349 1665 525 1720 insula
576 1667 664 1721 illa
704 1669 947 1722 omnium
979 1685 1098 1737 quac
1128 1669 1357 1742 Europa:
1385 1673 1635 1742 adjacent
1665 1691 1781 1731 am-

1894 1220 2130 1281 Auatolii
2170 1221 2291 1277 loco
2334 1220 2470 1276 falsa
2513 1221 2692 1280 Ruﬁni
2728 1223 3173 1293 interpretatione
3202 1235 3476 1297 corrupta.

1891 1311 2034 1368 Sane
2101 1311 2458 1381 Anatolium,
2527 1314 2624 1382 qui
2682 1313 2784 1368 fuit
2834 1313 3168 1376 Lacdicenus
3238 1325 3476 1386 tempore

1891 1401 2211 1458 Diocletiani
2243 1413 2300 1459 et
2335 1403 2646 1460 Maximiani
2689 1403 2996 1473 episcopus,
3039 1404 3178 1464 mire
3211 1403 3393 1466 laudat
3415 1404 3472 1464 S.

1889 1490 2252 1550 Columbanus
2275 1494 2329 1548 in
2359 1504 2384 1535 ο
2416 1490 2576 1564 epist.
2599 1494 2666 1549 ad
2688 1495 2744 1549 S.
2769 1493 3110 1562 Gregorium.
3144 1496 3196 1554 in
3233 1510 3340 1563 qua
3378 1511 3477 1565 pro

1886 1580 1990 1636 hoc
2009 1597 2226 1638 suorum
2255 1582 2546 1639 Scotorum
2574 1585 2679 1639 ritu
2700 1583 2944 1640 decertat
2985 1584 3097 1657 (δι’.
3121 1585 3472 1646 αηίηιαάυεη.

1885 1671 1955 1725 ad
1977 1669 2329 1743 Epiphaniam
2358 1674 2544 1729 heres.
2577 1671 2688 1745 5i).
2795 1686 2798 1688 ·

200 1757 436 1827 piissime,
474 1756 749 1812 Britannia
782 1764 909 1813 tunc
937 1758 1080 1814 dicta
1106 1801 1122 1827 ,
1171 1770 1226 1816 et
1273 1762 1341 1818 ab
1379 1763 1563 1832 Anglis
1592 1765 1779 1826 incolis
1811 1776 1858 1844 Β
1955 1758 2008 1815 5ο
2039 1760 2398 1818 Christianam
2420 1763 2737 1833 religionem
2759 1763 2813 1818 in
2835 1763 3008 1820 insula
3029 1777 3168 1833 pene
3194 1762 3473 1824 Oblillera-

200 1847 371 1916 Anglia
422 1857 611 1918 postea
664 1863 858 1918 magna
907 1867 973 1906 ex
1015 1864 1176 1926 parte
1225 1865 1571 1925 nuncupata,
1620 1857 1778 1926 longe

199 1947 465 2007 antequam
492 1939 561 1994 ab
587 1939 690 1994 hac
715 1950 876 2009 gente
917 1952 1296 2012 occuparetur,
1328 1945 1485 2000 ﬁden
1515 1945 1776 2002 Chritia-

198 2044 308 2082 nam
333 2031 490 2106 253
519 2041 851 2101 susceperat,
885 2041 941 2086 et
966 2042 988 2069 η
1013 2034 1080 2088 ab
1113 2034 1241 2104 ipsis
1268 2035 1482 2105 quidem
1514 2038 1578 2105 (si
1608 2038 1772 2095 Euse-

195 2120 302 2176 bius
327 2120 668 2179 Cmsariensis
697 2124 985 2198 episcopus
1030 2125 1315 2198 audiatur)
1359 2128 1556 2185 Christi
1586 2129 1770 2186 Salva-

195 2213 316 2269 toris
341 2213 634 2288 discipulis.
664 2215 893 2285 Quinam
926 2217 1001 2276 illi
1030 2217 1231 2276 fuerint
1258 2235 1364 2276 non
1395 2222 1656 2278 audemus
1683 2239 1769 2278 as-

187 2320 385 2372 serere;
415 2307 574 2375 vulgo
593 2316 771 2364 tamen
788 2323 879 2364 cre
899 2309 1331 2382 'iturJosephum
1354 2313 1420 2367 ab
1444 2311 1766 2370 Arimatlzaea

190 2396 215 2434 δ
246 2396 499 2459 Britannis
524 2397 798 2456 Christum
825 2400 1193 2456 annuntiasse.
1227 2399 1456 2457 Sanctus
1485 2404 1766 2472 apostolos

186 2485 387 2544 Petrum
413 2499 468 2544 et
493 2488 718 2544 Paulum
765 2491 819 2545 in
867 2490 1200 2546 Britanniam
1233 2491 1529 2560 trajecisse,
1580 2493 1765 2563 praedi-

181 2580 328 2638 candi
357 2579 631 2651 Evangelii
660 2597 820 2638 causa
865 2581 1246 2638 nonnullorum
1279 2593 1360 2638 est
1389 2585 1675 2652 sententia,
1706 2595 1764 2640 ut

180 2668 311 2742 apud
337 2669 723 2740 Spelmannum
754 2671 933 2739 legere
964 2672 1114 2738 licet;
1156 2673 1222 2728 ad
1251 2675 1391 2746 quod
1423 2675 1760 2744 probandum

179 2759 439 2814 adducunt
461 2761 828 2816 testimonium
859 2759 1191 2820 Thcodoriti.
1222 2763 1324 2830 Ωςιὶ
1353 2764 1677 2822 Britannica:
1705 2777 1762 2823 et

179 2850 401 2926 Angliam
460 2851 636 2920 gentis
694 2851 969 2910 historiam
1023 2853 1195 2908 texuit
1243 2856 1566 2911 venerabilis
1615 2857 1758 2914 Beda

177 2939 309 3010 (Lib.
339 2956 377 3008 ι,
408 2940 548 2996 Hist.
581 2960 628 2996 ε.
661 2941 740 3015 4),
765 2943 836 2998 'de
867 2943 1013 2999 Lucii
1059 2945 1200 3014 regis
1229 2947 1584 3004 conversione
1624 2951 1752 3019 agit,

176 3033 386 3088 sedente
411 3033 599 3089 Romrc
627 3034 957 3103 Elcu.lirrio,
991 3052 1020 3091 a
1049 3029 1157 3107 quo
1192 3036 1388 3093 Lucius
1418 3040 1566 3094 verbi
1593 3041 1756 3100 divini

1883 1859 2004 1909 rant
2030 1852 2189 1922 Angli
2216 1861 2272 1910 et
2311 1854 2591 1918 Saxones,
2622 1854 2821 1924 aliique
2865 1854 3082 1910 barbari
3111 1852 3349 1913 nondum
3399 1853 3468 1915 ab

1879 1941 2146 1999 idolorum
2173 1945 2433 2000 servitute
2482 1944 2729 2011 liberati;
2760 1958 2898 2013 quos
2925 1942 3177 2002 Britones,
3211 1941 3467 2003 adversus

1876 2030 2128 2087 Pictoset
2154 2033 2348 2090 Scotos
2366 2033 2609 2092 assiduos
2636 2033 2842 2101 hostes,
2871 2033 2940 2088 ab
2968 2041 3211 2092 extrema
3240 2029 3466 2090 Germa-

1873 2121 1982 2186 nia,
2000 2123 2156 2179 malis
2193 2124 2383 2180 avibus
2406 2125 2820 2182 accersiverant.
2855 2124 2936 2179 Ab
2969 2125 3054 2179 his
3071 2123 3249 2195 potior
3275 2124 3461 2184 insula:

1871 2228 1997 2283 pars
2016 2226 2274 2287 occupata
2303 2227 2404 2285 est,
2435 2227 2492 2273 et
2519 2217 2572 2274 in
2593 2227 2800 2288 septem
2815 2217 3179 2282 etlmarchias,
3199 2233 3296 2286 pro
3325 2231 3458 2287 gen-

1871 2305 2001 2359 tium
2030 2304 2341 2362 diversitate
2378 2307 2579 2372 divisa;
2607 2306 2770 2361 Pictis
2812 2305 3030 2361 interim
3065 2318 3098 2360 θ
3131 2303 3376 2375 Scythia,
3405 2314 3460 2366 et

1868 2391 2047 2450 Srotis
2067 2411 2133 2450 ex
2157 2394 2409 2452 Hibernia
2437 2397 2681 2454 oriundis
2707 2394 3198 2466 Septentrionalem
3226 2403 3456 2466 partem,

1867 2478 1908 2532 Β
1942 2481 2175 2538 itonibus
2202 2500 2332 2540 vero
2354 2485 2523 2554 magis
2551 2485 2858 2542 Australem
2887 2485 3262 2541 retinentibus.

1940 2571 1996 2628 In
2036 2581 2185 2628 tanta
2210 2587 2390 2629 rerum
2418 2577 2844 2646 perturbatione,
2877 2591 3056 2648 neque
3091 2575 3338 2634 Britones
3359 2590 3456 2646 op.-

1864 2662 2035 2730 pressi
2073 2663 2141 2717 de
2191 2666 2420 2722 serendo
2457 2666 2599 2736 apud
2636 2667 2821 2722 hostes
2840 2667 3238 2726 ‘infensissimos
3278 2667 3455 2726 Evan-

1862 2750 2035 2818 gelico
2049 2753 2253 2806 semine
2267 2755 2576 2823 cogitabant
2594 2774 2608 2822 ;
2630 2771 2826 2827 neque,
2842 2757 3056 2814 etiamsi
3069 2757 3136 2813 de
3147 2756 3453 2816 Christiana

1862 2841 1980 2909 lrge
2005 2842 2340 2911 praedicanda
2367 2847 2583 2902 solliciti
2605 2847 2846 2914 inissent,
2862 2849 3014 2920 Angli
3032 2865 3153 2906 eam
3169 2859 3326 2906 erant
3339 2866 3453 2906 am—

1861 2935 2092 3005 plexuri,
2108 2949 2177 2990 ne
2189 2936 2344 2992 victis
2367 2938 2597 2994 victores
2620 2940 2948 2996 deditionem
2982 2941 3174 2998 fecisse
3199 2942 3451 2998 viderem

1861 3041 1966 3086 tur.
1982 3031 2378 3088 Gallicanorum
2393 3034 2765 3104 episcoporum
2781 3036 3117 3091 oscitantiam
3134 3035 3190 3089 in
3201 3050 3452 3092 accnran-

175 3137 440 3192 praecones
462 3124 619 3193 petiit
659 3131 715 3180 ct
757 3126 1102 3200 impetravit,
1133 3127 1275 3182 circa
1320 3142 1518 3189 annum
1557 3127 1752 3187 Christi

1871 3123 1928 3175 da
1943 3138 2130 3177 eorum
2141 3123 2496 3178 conversione
2511 3123 2752 3194 carpitS.
2768 3123 3060 3194 Gregorius
3072 3123 3137 3179 ad
3154 3122 3450 3180 Theoderi-

178 3213 270 3269 li‘l
307 3225 397 3270 aut
447 3213 569 3268 180.
619 3213 762 3270 Sane
807 3214 1167 3271 Tertullianus
1217 3216 1506 3277 Eleutherii
1557 3234 1757 3296 suppar
1793 3211 1830 3217 ”
1860 3227 1982 3266 (ατη
2027 3211 2560 3279 θιΤΙὶεοάεῒιθΐῑυῐη,
2602 3213 2932 3269 Francorum
2954 3227 3127 3283 reges,
3159 3215 3443 3270 scribens:

171 3302 258 3358 lib.
289 3303 543 3362 adversus
571 3303 805 3371 Judmos,
821 3320 980 3374 quem
1005 3305 1148 3361 circa
1171 3321 1258 3361 an.
1274 3305 1378 3361 208
1400 3308 1754 3377 elucubravit,

1861 3303 2100 3358 Pervenit
2128 3303 2196 3357 ad
2224 3321 2316 3359 nos
2343 3305 2629 3376 Anglorum
2673 3315 2876 3372 gentem
2904 3307 2972 3359 ad
3003 3307 3158 3376 fidem
3191 3304 3448 3364 Christia—

1857 3414 1978 3451 nam
2025 3397 2135 3452 Deo
2167 3401 2446 3454 miserante
2498 3399 2856 3455 desideranter
2894 3401 3020 3455 velle
3064 3401 3313 3466 conuerti,
3355 3404 3447 3456 sed

1841 3489 2146 3542 sacerdotes
2177 3504 2204 3542 e
2232 3489 2398 3544 vicino
2425 3490 2704 3564 negligere,
2747 3499 2796 3544 et
2825 3490 3085 3546 desideria
3115 3508 3291 3566 eorum
3334 3511 3444 3552 ces-

1853 3599 1969 3636 sare
2009 3599 2103 3636 sua
2132 3583 2493 3637 adhortatione
2522 3584 2831 3638 succendere
2869 3584 3008 3655 (Lib.
3043 3603 3114 3652 γι,
3137 3606 3218 3660 ep.
3254 3588 3367 3663 58).

1922 3675 1973 3728 4.
2007 3676 2271 3734 Caeterum
2299 3683 2462 3729 tanta:
2483 3674 2658 3738 molis,
2689 3673 3039 3744 utilitatisque
3060 3679 3282 3749 majoris
3303 3698 3440 3752 opus

1850 3761 2114 3832 Gregorio
2143 3762 2460 3829 debebatur,
2492 3763 2634 3831 quod
2656 3777 2777 3816 eum
2807 3779 2950 3818 anno
2970 3773 3126 3821 sexto
3156 3769 3238 3823 sui
3260 3774 3438 3840 ponti-

1835 3851 2346 3925 ﬁcatusaggressum
2373 3865 2492 3906 esse
2523 3852 2674 3906 testis
2701 3859 2782 3906 est
2811 3851 2950 3906 Beda
2979 3857 3182 3926 :Anno,
3246 3859 3437 3930 inquit,

1837 3940 2227 4016 'decimoquarto
2255 3940 2754 4012 Mauricii/iugasti,
2784 3940 2985 3997 Christi
3006 3942 3159 4012 juxta
3182 3950 3432 4006 eumdem

1844 4029 1969 4096 596,
1997 4032 2137 4084 misit
2164 4019 2373 4085 servum
2391 4029 2486 4084 Dei
2512 4031 2852 4102 Augustinum
2876 4043 2926 4088 et
2950 4036 3085 4090 alios
3114 4038 3288 4108 plures
3319 4057 3433 4096 cum

1830 4129 1901 4174 ’ρο
1939 4121 2220 4176 monac/tos
2262 4122 2496 4174 timentes
2535 4119 2844 4188 Dominum,
2893 4126 3180 4194 praedicare
3229 4129 3434 4186 uerbum

1845 4212 1941 4268 Dei
1977 4214 2138 4285 lgenti
2190 4211 2476 4284 Anglorum
2518 4211 2655 4284 (Lib.
2707 4213 2848 4267 Hist.
2902 4230 2949 4269 c.
3009 4215 3122 4285 25).
3155 4215 3432 4290 Prictipue

166 4330 290 4372 anno
317 4314 446 4384 .55"
490 4323 545 4375 ει
572 4316 734 4388 paulo
774 4325 898 4390 post
923 4316 1245 4376 Ariminensi
1276 4337 1288 4372 τ
1314 4319 1458 4375 unde
1494 4321 1735 4391 profecta
1840 4299 2119 4370 Augustini
2142 4300 2417 4371 adjutores
2443 4297 2591 4356 fuere
2613 4301 2934 4360 Laurentius
2951 4307 3233 4377 presbyter
3257 4309 3430 4366 etPe-

167 4406 368 4464 heresis
394 4406 614 4472 Ariana,
633 4415 892 4477 corrupto
923 4422 1061 4478 pene
1084 4415 1199 4463 toto
1221 4409 1376 4476 orbe,
1406 4410 1543 4466 hanc
1570 4413 1732 4468 etiam

1871 4414 1974 4453 rus.
2024 4397 2102 4453 De
2132 4405 2375 4467 tempore
2404 4408 2593 4468 empta:
2631 4397 2788 4467 hujus
2822 4401 3177 4470 expeditionis
3203 4405 3432 4463 validius

167 4495 375 4550 insulam
425 4494 575 4555 velut
625 4502 777 4552 extra
827 4496 1014 4552 orbem
1056 4496 1286 4565 positam
1337 4498 1523 4559 infecit
1556 4517 1568 4553 :
1609 4502 1731 4557 llum
1764 4525 1812 4584 ι)
1841 4499 2217 4560 argumentum
2262 4490 2565 4584 ςίῖυῖξξπ-θκ
2595 4487 2849 4558 Ερίεῑοηε
2887 4505 2949 4584 οἳ
2989 4490 3057 4545 ἀθ
3092 4507 3152 4547 τε
3191 4495 3433 4584 εςτῖιιῑῖε,

164 4588 490 4648 “pugnam
512 4587 630 4642 ηουξ
655 4603 857 4658 semper
878 4585 1076 4655 aliquid
1105 4587 1287 4647 audire
1307 4588 1622 4658 gaudent,“
1645 4595 1730 4650 m'-
1764 4579 1801 4584 ⁷
1840 4598 1957 4652 qua:
1997 4596 2185 4637 omnes
2213 4580 2283 4635 ad
2312 4579 2658 4635 indictionem
2689 4595 2779 4633 xiv
2809 4579 3099 4672 pertinent,
3120 4589 3176 4636 et
3215 4583 3351 4640 libro
3377 4603 3427 4641 γι

162 4677 226 4736 hil
248 4681 366 4735 certi
391 4679 614 4750 ﬁrmiter
640 4675 890 4742 obtinent,
925 4676 1101 4748 inquit
1128 4677 1270 4732 Beda
1311 4676 1376 4733 de
1405 4681 1730 4749 populissibj
1841 4672 2070 4741 licgistri
2095 4672 2458 4727 continentur.

171 3397 324 3450 docet
355 3412 480 3472 cap.
516 3396 548 3450 7
570 3438 586 3468 ,
619 3396 999 3452 Britannorum
1042 3397 1316 3454 inaccessa
1349 3397 1606 3455 Romanis
1635 3401 1753 3457 loca

171 3487 372 3544 Christo
389 3488 626 3558 patuisse
649 3497 705 3544 et
729 3488 940 3549 subdita
975 3488 1170 3556 fuisse;
1203 3490 1288 3544 cui
1318 3489 1642 3560 suffragatur
1663 3494 1752 3548 vix

170 3587 319 3634 nitate
333 3588 383 3634 et
398 3579 724 3634 auctoritate
744 3579 966 3636 inferior
980 3578 1238 3649 Origenes
1250 3579 1397 3636 hom.
1412 3580 1444 3635 6
1457 3583 1507 3636 iu
1522 3581 1745 3639 Lucam.

231 3688 546 3746 Diocletiani
558 3690 862 3760 persecutio
874 3687 1169 3748 multorum
1181 3697 1474 3762 martyrum
1488 3694 1750 3762 sanguine

169 3776 492 3840 Britanniam
549 3779 870 3851 purpuravit
919 3779 1384 3857 consecravitque,
1419 3797 1556 3852 quos
1611 3783 1752 3840 inter

168 3867 356 3924 eminet
388 3866 447 3923 S.
484 3867 745 3935 Albanus,
780 3883 848 3928 ex
886 3868 1240 3924 celeberrimo
1283 3877 1392 3923 tota
1424 3871 1593 3928 insula
1623 3889 1744 3934 mo-

168 3957 389 4016 nasterio
412 3956 531 4025 ejus
560 3958 778 4022 nomine
816 3958 1071 4026 insignito
1103 3958 1435 4015 notissimus.
1478 3959 1617 4017 Pace
1645 3961 1742 4018 Ec-

165 4046 326 4103 clesia:
363 4048 596 4111 reddita,
647 4048 863 4118 plurimi
908 4063 939 4103 e
969 4048 1243 4104 Britannia
1283 4051 1541 4122 episcopi,
1573 4054 1738 4114 variis

168 4149 342 4208 quarto
381 4139 605 4194 ineunte
651 4147 705 4194 et
741 4138 1062 4194 decurrente
1103 4140 1302 4196 smculo
1332 4141 1528 4199 habitis
1556 4146 1740 4200 conci-

167 4225 239 4286 liis
295 4226 690 4292 intertuerunt;
730 4227 1216 4290 Arelatensianno
1255 4229 1381 4296 5H,
1433 4232 1737 4290 Sardicensi

164 4770 286 4830 notis
302 4770 523 4840 suisque
549 4769 837 4842 gentilibus
866 4767 1056 4841 (Ibid.,
1098 4787 1144 4824 c.
1168 4769 1246 4839 8).
1281 4770 1472 4830 Postea
1500 4788 1728 4844 regnan-

164 4859 284 4920 tibus
309 4859 540 4917 Arcadto
571 4868 624 4913 et
640 4858 900 4927 Honorio,
925 4857 1166 4931 Pelagius
1205 4859 1347 4915 Brito
1377 4871 1558 4917 contra
1574 4866 1727 4922 auxi-

164 4945 267 5006 lium
329 4948 518 5020 gratia:
593 4964 831 5018 superna:
893 4965 1088 5005 venena
1129 4965 1240 5006 sua:
1294 4951 1527 5021 perﬁdia:
1575 4953 1726 5025 longe

163 5033 333 5110 lateque
362 5037 636 5108 dispersit;
666 5051 785 5107 quae
814 5051 912 5107 per
949 5037 1253 5112 Agricolam
1278 5039 1552 5096 Severiani
1597 5042 1732 5110 epis.

164 5124 267 5198 capi
294 5125 473 5184 Ariani
504 5125 691 5191 lilium,
723 5125 864 5198 apud
887 5126 1173 5184 Britannos
1199 5127 1346 5188 illata
1386 5138 1441 5184 et
1462 5145 1728 5202 propaga-

1910 4766 1991 4822 Ex
2020 4765 2209 4820 iisdem
2240 4763 2485 4834 epistolis
2509 4763 2678 4834 liquet
2717 4762 3068 4830 Augustinum
3105 4761 3268 4819 fuisse
3307 4763 3422 4819 Μιτ-

1839 4857 2066 4912 nachum
2089 4863 2144 4910 et
2165 4855 2380 4928 quidem
2404 4850 2429 4890 ά
2455 4852 2764 4908 monasterii
2788 4853 2846 4908 S.
2877 4852 3101 4908 Andreae
3122 4853 3273 4923 cujus
3296 4871 3423 4924 pra:-

1835 4947 2045 5020 positus
2108 4953 2244 5000 erat.
2288 4945 2462 5014 Ipsius
2508 4943 2687 4997 socios
2732 4957 2797 4997 ex
2852 4942 3042 4997 eodem
3093 4944 3422 4999 monasterio

1832 5044 2075 5110 sumptos
2106 5041 2162 5089 et
2206 5033 2466 5108 delectos,
2507 5030 2739 5100 probant
2777 5030 2876 5084 ista
2914 5030 3077 5084 verba
3109 5029 3420 5086 :ereanti

1831 5125 2117 5196 Augustino
2138 5123 2415 5194 praposilo
2436 5129 2626 5184 vestro,
2642 5136 2788 5191 anm
2811 5129 2860 5172 et
2875 5119 3112 5173 abbatem
3132 5121 3270 5175 vobis
3292 5137 3420 5175 ron-

166 5219 226 5276 ta,
254 5211 651 5276 Gallicanorum
681 5214 978 5269 antistitum
1005 5230 1108 5285 ope
1137 5231 1383 5285 repressa
1415 5229 1498 5276 eSt
1523 5233 1587 5272 ac
1632 5235 1728 5272 ex-
1830 5217 2106 5279 stituimus,
2125 5215 2179 5268 in
2198 5213 2433 5267 omnibus
2447 5209 2708 5264 humiliter
2729 5207 2928 5262 obedite
2949 5208 3086 5277 (Lib.
3111 5223 3284 5279 vr,ep.
3304 5207 3414 5279 5|).

166 5304 353 5368 stiucta.
378 5304 662 5364 Ilietenim
686 5304 1109 5376 supplicantibus
1137 5304 1426 5376 Britannis,
1453 5307 1541 5378 qui
1571 5323 1630 5364 se
1659 5310 1726 5370 ad

225 5473 246 5502 ⁸
270 5465 379 5522 Lib.
400 5483 458 5522 ru
484 5467 853 5522 Demonstrat.
879 5463 1082 5532 Evang.
1106 5476 1234 5538 pag.
1257 5461 1384 5529 119.,
1404 5462 1488 5520 ἐπὶ
1512 5466 1606 5525 τὰς
1633 5487 1722 5520 κα-

169 5537 380 5610 iouuiua;
408 5539 717 5610 lipara-mai;
740 5540 948 5610 unaque.
1116 5539 1118 5541 ’

224 5605 247 5642 δ
269 5607 388 5678 Vide
405 5602 720 5678 Spelinanui
735 5602 1431 5678 prtclationeminclmcilia
1446 5603 1666 5678 Anglice,
1689 5605 1716 5678 §

170 5674 224 5726 de
245 5674 792 5731 exordio—Christiania
825 5675 993 5743 Belig.
1030 5675 1084 5728 in
1108 5674 1418 5740 Britanniis,
1440 5683 1496 5728 et
1525 5674 1721 5743 Dariicl

169 5743 256 5797 ictu
282 5745 677 5816 Langhorniuzn
721 5747 773 5802 in
820 5742 1242 5818 Antiquitatibus
1265 5742 1706 5802 Albioncnsibus.

1901 5304 1955 5359 5.
1982 5303 2052 5357 At
2087 5317 2209 5358 cum
2239 5299 2466 5372 profecti
2494 5305 2704 5362 essent,
2740 5305 2796 5351 et
2831 5298 3162 5372 aliquantum
3206 5299 3414 5356 itineris

1828 5457 2075 5521 Londint,
2099 5469 2187 5507 an.
2205 5451 2363 5509 1675.

1901 5538 1924 5601 ¢_
1953 5518 2087 5601 Yide
2113 5524 2204 5580 lib.
2237 5539 2288 5601 rx
2315 5521 2450 5601 Epp.
2564 5519 2751 5601 (ἔφθη,
2777 5533 2865 5590 ep.
2897 5518 3020 5601 πεῖ.
3161 5587 3204 5601 _
3243 5588 3259 5601 ‘
3337 5589 3348 5601 .

1897 5596 1921 5634 ά
1950 5597 2008 5652 S.
2039 5595 2329 5663 Gregorius
2357 5587 2413 5646 in
2449 5607 2534 5658 ep.
2572 5590 2606 5644 5
2633 5587 2868 5663 nam,
2893 5606 2950 5645 sc
2983 5590 3136 5663 ibrns
3161 5587 3410 5662 Eulogio,

1826 5661 2178 5740 Augustinum
2202 5663 2435 5737 appellat
2461 5661 2773 5718 monasterii
2792 5662 2875 5720 sui
2905 5662 3253 5722 monachum.
