3992 6296
570 275 673 330 3G7

1055 277 1112 333 S.
1149 276 1470 334 GREGORII
1508 273 1718 331 MAGNI
1760 273 1937 359 VI'fA,
1981 273 2075 329 EX
2116 273 2276 331 EJUS
2313 274 2618 333 SCRIPTIS
2658 276 3052 335 ADORNATA.
3094 276 3222 334 LIB.
3263 276 3352 335 lli.

3733 276 3832 334 363

568 387 958 457 confecissent,
988 390 1220 461 perculsi
1248 391 1441 447 timore
1466 387 1658 453 inerti,
1690 387 1868 443 redire
1904 386 2148 452 domum,
2181 390 2227 447 Λ
2257 401 2362 457 que
2394 387 2639 456 sodales,
2679 388 2735 443 id
2774 388 3177 460 intelligendum
3219 404 3328 444 non
3365 385 3683 458 simpliciter
3703 426 3720 454 ,
3745 388 3836 444 sed

568 480 748 549 potius
776 495 935 554 quam
978 481 1283 545 barbaram,
1322 478 1485 535 feram
1506 519 1521 545 ,
1556 474 1993 544 incredulamque
2021 488 2151 542 gen-

571 578 699 635 tem,
738 568 889 637 cujus
918 583 986 623 ne
1009 568 1241 638 linguam
1268 566 1482 636 quidem
1508 573 1750 630 nossent,
1783 563 1932 618 adire
1963 563 2152 618 decre-

570 670 792 727 verunt;
824 660 965 732 quod
994 668 1169 713 tamen
1206 659 1400 727 exequi
1427 657 1647 712 minime
1672 654 1788 710 ausi
1810 661 1937 711 sunt
1960 654 2151 708 incon-

569 749 711 804 sulto
766 756 953 803 saneto
1008 746 1281 817 pontifice.
1342 745 1423 801 Ad
1478 761 1603 802 eum
1655 746 1837 815 itaque
1890 744 2154 799 miserunt

570 835 922 903 Augustinum
951 834 1123 904 ipsum
1170 833 1433 903 Gregorio
1464 835 1911 905 supplicaturum,
1955 840 2015 887 ut
2050 831 2151 887 sibi

567 925 948 996 sodalibusque
971 925 1083 980 suis
1120 924 1427 979 revertendi
1463 926 1674 995 copiam
1704 922 2049 985 concederet,
2082 936 2153 976 ne

566 1028 626 1067 se
644 1027 907 1083 suamque
926 1022 1165 1083 gentem,
1190 1013 1298 1068 imo
1338 1027 1605 1068 summum
1638 1014 1810 1083 ipsum
1841 1012 2152 1084 pontificem

565 1103 893 1161 Francorum
958 1106 1361 1178 Anglorumque
1410 1106 1640 1161 ludibrio
1673 1114 2030 1177 exponerent,
2079 1108 2150 1163 ob

568 1200 830 1250 tentatam
870 1203 1074 1251 temere
1116 1194 1369 1266 nulloque
1411 1196 1589 1252 fructu
1618 1195 1881 1250 incertam
1910 1196 2152 1267 aleteque

566 1297 631 1341 ac
654 1284 854 1339 laboris
884 1284 1097 1354 plenam
1127 1285 1637 1355 peregrinationem.
1666 1283 1735 1338 At
1761 1281 2074 1353 Gregorius,
2092 1293 2153 1340 ut

568 1374 862 1429 titubantes
881 1375 1248 1439 conllrmaret,
1279 1373 1629 1443 Augustinum
1659 1372 1725 1428 ad
1762 1374 1941 1428 socios
1972 1374 2151 1430 redire

564 1462 743 1533 jussit,
791 1461 983 1533 quibus
1027 1464 1244 1532 scripsit
1297 1463 1351 1516 in
1406 1463 1519 1517 haec
1556 1462 1720 1516 verba
1755 1479 1767 1515 :
1804 1460 1937 1526 Quia
1967 1463 2150 1519 melius

569 1556 740 1625 fuerat
794 1549 929 1603 bona
973 1567 1077 1604 non
1116 1551 1358 1618 incipere,
1400 1566 1551 1620 qvam
1597 1547 1662 1602 ab
1707 1550 1787 1603 Itis
1823 1567 1937 1621 qua:
1985 1560 2151 1622 cepta

568 1651 707 1703 sunt,
737 1640 1047 1708 cogitatione
1084 1648 1365 1692 retrorsum
1391 1639 1576 1701 redire,
1607 1655 1806 1692 summa
1836 1641 2029 1706 studio,
2062 1641 2147 1696 gli-

566 1728 830 1783 lectissimi
850 1728 966 1797 ﬁlii,
992 1737 1190 1797 Oportet
1214 1737 1270 1781 ut
1298 1744 1424 1790 opus
1454 1727 1658 1792 bonum,
1692 1731 1828 1799 quod
1856 1733 2145 1789 auxiliante

566 1817 789 1872 Domino
832 1817 1078 1885 coepistis,
1118 1816 1395 1886 impleatis.
1444 1816 1557 1871 Nec
1598 1834 1720 1888 ergo
1759 1835 1846 1873 vos
1880 1818 2027 1875 labor
2064 1822 2151 1875 iti-

566 1908 723 1969 neris,
765 1921 858 1960 nec
892 1904 1259 1959 maledicorum
1294 1905 1560 1961 hominum
1588 1906 1783 1977 lingula
1811 1906 2104 1963 deterreant
2132 1924 2153 1964 :

565 1996 658 2051 sed
679 1995 818 2049 omni
835 1995 1108 2063 instantia,
1130 1996 1366 2066 omnique
1389 1997 1586 2065 {errore
1608 1996 2012 2065 qnwinchoastis
2046 1996 2153 2053 Deo

565 2096 772 2140 auctore
796 2085 1049 2156 peragite,
1078 2094 1205 2151 etc.,
1237 2100 1356 2155 qua:
1378 2084 1478 2154 legi
1508 2093 1731 2155 possunt
1753 2094 1865 2139 tum
1887 2084 2027 2156 apud
2047 2083 2154 2141 Be-

563 2180 708 2244 dam,
742 2186 852 2231 tum
882 2176 935 2231 in
954 2175 1212 2246 .Registro
1234 2174 1596 2247 Epistolarum
1628 2175 1764 2248 (Lib.
1799 2191 1871 2241 vi,
1912 2192 1995 2247 ep.
2028 2176 2147 2247 51).

566 2266 647 2322 Ex
683 2274 929 2336 tempore
953 2280 1062 2335 quo
1090 2266 1290 2335 scripta
1319 2274 1405 2320 est
1433 2264 1547 2322 hsce
1574 2266 1819 2336 epistola
1845 2266 1991 2340 (data
2021 2267 2154 2337 legi-

567 2366 655 2415 tur
672 2357 879 2414 decima
900 2356 986 2411 die
997 2354 1222 2411 Kalend.
1240 2356 1487 2425 Augusti)
1508 2356 1701 2427 conjici
1738 2366 1919 2428 potest
1939 2358 2153 2430 quando

568 2446 897 2519 Augustinus
934 2453 991 2501 et
1020 2446 1155 2502 socii
1203 2445 1432 2517 profecti
1462 2446 1682 2501 fuerint.
1728 2446 1936 2503 Eodem
1973 2447 2062 2503 die
2099 2456 2155 2504 et

565 2554 708 2594 anno
736 2538 991 2607 scriptam
1017 2535 1297 2606 epistolam
1326 2534 1395 2590 52
1426 2552 1493 2590 ex
1523 2535 1664 2591 Beda
1705 2537 2001 2606 praesertim
2034 2552 2152 2593 eam

565 2626 833 2685 referente
863 2626 1227 2696 intell‘gimus.
1259 2624 1511 2682 Eamdem
1538 2639 1753 2696 quoque
1792 2633 2007 2681 mtatem
2035 2641 2153 2683 esse

565 2725 884 2773 czcterarum
911 2714 1289 2787 Epistolarum,
1320 2715 1513 2784 quibus
1554 2730 1687 2785 papa
1708 2715 2091 2786 praedicatores
2120 2732 2151 2772 a

562 2822 626 2865 se
664 2806 857 2863 missos
883 2806 1284 2862 commendavit
1307 2805 1493 2861 Gallia:
1518 2815 1627 2860 tum
1650 2806 1874 2877 regibus
1922 2815 1976 2863 et
2005 2807 2150 2877 opti-

562 2898 829 2961 matibus,
862 2904 973 2951 tum
991 2896 1281 2968 episcopis,
1307 2896 1462 2952 facile
1482 2898 1536 2952 in
1557 2899 1793 2953 animum
1825 2898 2147 2954 induxerim.

563 2992 771 3065 Quippe
798 3008 917 3049 cum
941 2992 1060 3048 illos
1086 2999 1336 3047 nutantes
1352 2993 1690 3061 cognovisset
1710 3035 1725 3060 ,
1750 2994 1913 3065 259
1940 3008 2005 3047 ac
2034 2993 2150 3048 viso

2248 488 2564 548 comparate
2589 480 2657 535 ad
2685 480 2855 535 multo
2894 480 3107 550 longius
3137 478 3282 552 quod
3312 477 3715 535 conficiendum
3745 494 3834 534 su-

2251 576 2486 637 pererat.
2515 568 2714 624 Eadem
2742 570 2951 625 ratione
2970 570 3132 625 debet
3170 569 3429 640 explicari
3462 568 3697 639 scriptor
3722 569 3840 624 vitae

2251 655 2305 710 S.
2341 656 2641 725 Augustini,
2674 658 2799 714 dum
2827 667 2952 729 post
2980 659 3084 715 iter
3113 659 3308 729 aliquot
3334 658 3536 711 dierum
3561 656 3633 711 de
3664 655 3836 711 reditu

2251 744 2517 811 cogitasse
2545 747 2838 802 monachos
2862 747 3203 803 illosasserit.
3235 746 3389 802 Nunc
3414 746 3562 818 ipsos
3586 745 3839 801 alacriter

2254 832 2393 886 viam
2425 834 2619 889 iterum
2645 844 2932 906 carpentes
2952 836 3253 891 videamus.

2323 923 2376 978 7.
2407 922 2487 978 Ex
2522 925 2974 981 commendatitiis
2993 940 3129 995 quas
3151 925 3480 995 Augustinus
3518 923 3840 980 deferendas

2252 1022 2535 1083 acceperat
2558 1012 2812 1083 Epistolis
2831 1014 3163 1085 descriptum
3194 1013 3453 1069 habemus
3473 1012 3595 1083 ejus
3622 1013 3728 1068 iter
3748 1028 3840 1082 per

2252 1099 2469 1158 Gallias.
2500 1101 2682 1159 Primo
2706 1103 2924 1174 quidem
2952 1105 3278 1175 appulerunt
3301 1103 3617 1170 Massiliam,
3644 1102 3734 1157 ubi
3756 1102 3844 1158 Se-

2252 1206 2443 1246 renum
2492 1192 2805 1264 episcopum
2854 1192 3194 1257 salutarunt;
3230 1206 3299 1246 ex
3337 1189 3586 1261 Gregorii
3626 1190 3843 1256 nomine

2252 1279 2373 1334 data
2395 1282 2444 1336 ei
2470 1282 2696 1351 epistola
2726 1280 2866 1351 (Lib.
2892 1297 2967 1350 Vl,
2990 1297 3073 1349 ep.
3105 1278 3218 1349 52).
3248 1278 3443 1334 Postea
3471 1288 3841 1349 pervenerunt

2249 1367 2504 1437 Arelate,
2558 1369 2960 1438 inviseruntque
3022 1367 3301 1437 Virgilium
3362 1367 3840 1438 archiepiscopum

2250 1468 2453 1514 sancue
2477 1460 2620 1515 sedis
2651 1460 2930 1527 vicarium,
2954 1460 3042 1515 cui
3064 1475 3158 1515 eos
3187 1459 3530 1530 potissimum
3560 1474 3841 1515 commcn-

2251 1547 2406 1604 darat
2432 1565 2569 1621 papa
2601 1548 2764 1622 (Ibid.
2787 1588 2804 1616 ,
2834 1565 2918 1620 ep.
2953 1549 3071 1619 5⁸5).
3106 1548 3310 1605 Deinde
3347 1548 3596 1604 adeunda
3636 1548 3842 1603 Vienna

2252 1642 2402 1711 cujus
2421 1643 2706 1714 episcopus
2733 1650 2851 1697 erat
2872 1639 3201 1706 Desiderius,
3230 1654 3369 1695 unus
3396 1654 3465 1694 ex
3494 1640 3579 1696 bis
3608 1639 3677 1694 ad
3706 1654 3843 1711 quos

2252 1725 2541 1799 Gregorius
2578 1730 2793 1801 scripsit
2834 1728 3023 1801 (Ibid,
3069 1746 3153 1799 ep.
3195 1728 3311 1798 54).
3356 1726 3496 1785 Tum
3549 1729 3842 1799 petendum

2250 1815 2590 1887 Lugdunum,
2624 1819 2727 1874 etsi
2756 1818 2825 1874 ad
2851 1817 3131 1873 Etherium
3162 1816 3319 1887 hujus
3346 1818 3497 1873 urbis
3525 1819 3839 1888 episcopum

2255 1909 2414 1963 nuilte
2441 1916 2657 1966 exstent
2677 1909 2867 1965 litterae
2889 1917 3017 1965 tunc
3046 1923 3110 1963 ea
3135 1908 3202 1965 de
3248 1923 3308 1964 re
3333 1908 3564 1979 scriptas.
3588 1908 3725 1964 inde
3763 1919 3846 1965 te.

2255 1997 2543 2053 tenderunt
2563 1997 2899 2065 Cabilonem,
2930 1998 3021 2054 ubi
3045 1996 3419 2054 Theodericus
3439 2014 3535 2054 rex
3556 2013 3683 2054 cum
3708 1997 3846 2053 Bru-

2254 2087 2489 2144 nichilde
2537 2090 2657 2143 avia
2702 2089 2945 2144 residere
2986 2098 3363 2145 consueverat.
3423 2088 3644 2160 Utrique
3702 2103 3845 2161 papa

2254 2175 2367 2231 suis
2392 2177 2795 2233 commendarat
2819 2177 3062 2248 epistolis
3087 2176 3446 2249 Augustinum
3470 2178 3699 2250 ejusque
3738 2179 3839 2235 ad-

2247 2263 2459 2335 jutores
2502 2265 2704 2339 (lbid.,
2746 2283 2828 2338 ep.
2875 2264 2942 2320 58
2969 2276 3018 2321 et
3047 2264 3158 2338 59).
3204 2266 3343 2322 Tum
3390 2268 3844 2337 Augustodunum

2255 2364 2609 2426 perrexerunt
2635 2356 2843 2428 Syagrii
2873 2357 3112 2427 episcopi
3135 2372 3294 2428 opem
3319 2358 3681 2429 imploraturi,
3706 2359 3848 2414 litte-

2256 2460 2451 2516 rasque
2494 2460 2647 2517 papae
2679 2445 2911 2501 oblaturi
2963 2446 3153 2518 (Ibid.,
3189 2465 3271 2520 ep.
3327 2448 3444 2521 54).
3483 2450 3665 2508 Multis
3718 2468 3846 2523 per-

2251 2536 2459 2605 agratis
2491 2536 2622 2591 locis
2662 2536 2748 2591 vel
2778 2535 3105 2592 Divodurum
3136 2537 3598 2597 Mediomatricum
3647 2558 3847 2614 perve-

2254 2634 2469 2691 nerunt,
2498 2626 2585 2680 vel
2626 2627 3050 2683 Durocortorum
3086 2627 3438 2698 lthemortun,
3472 2631 3847 2689 Theodeberti

2246 2712 2547 2769 Austrasite
2584 2714 2724 2784 regis
2765 2714 2941 2782 sedes,
2992 2732 3152 2787 quem
3195 2722 3603 2777 commendatos
3641 2722 3848 2778 habere

2253 2821 2383 2863 suos
2409 2807 2707 2865 monachos
2738 2810 2887 2865 verbi
2915 2808 3081 2865 divini
3124 2825 3423 2884 praecones,
3450 2815 3646 2873 litteris
3674 2816 3847 2887 pluri-

2253 2914 2401 2955 mum
2443 2900 2669 2969 rogabat
2718 2899 2776 2956 S.
2823 2900 3135 2971 Gregorius.
3185 2904 3266 2959 Ab
3313 2906 3475 2976 hujus
3525 2909 3672 2977 regis
3718 2912 3846 2966 aula

2254 2987 2983 3047 Cmsarodunum-Turonum
3016 2984 3301 3059 venerunt,
3338 3003 3450 3051 tum
3478 3005 3536 3051 ut
3556 2996 3622 3052 S.
3655 2997 3847 3055 Marti-

564 3084 774 3139 eminus
815 3090 1021 3136 tantum
1061 3081 1301 3151 periculo
1340 3082 1578 3149 territos,
1626 3092 1790 3153 atque
1829 3082 1897 3141 ad
1936 3083 2147 3153 longam
2180 3116 2226 3180 Ο
2256 3078 2310 3132 ni
2340 3078 2603 3133 tumulum
2654 3090 2947 3153 sacrasQue
2989 3082 3246 3154 reliquias
3277 3097 3690 3159 venerarentur,
3731 3099 3846 3147 tum

565 3171 709 3227 inter
732 3172 941 3237 ignotas
972 3176 1159 3237 gentes
1189 3170 1678 3238 peregrinationem
1722 3171 1896 3225 minus
1925 3171 2148 3241 expedi-

566 3269 672 3325 tos,
703 3259 771 3313 ad
810 3257 1145 3329 procuranda
1186 3259 1314 3329 ipsis
1348 3260 1606 3326 subsidia,
1636 3264 1830 3330 quibus
1855 3279 2045 3335 magna
2068 3266 2150 3321 la-

568 3348 717 3403 boris
763 3361 889 3417 pars
938 3345 1210 3401 levaretur
1263 3347 1502 3401 animum
1541 3348 1759 3417 adjecit.
1810 3350 1924 3407 Hoc
1969 3362 2149 3410 autem

563 3435 791 3495 consilio
811 3435 1064 3505 scriptam
1095 3434 1257 3490 fuisse
1286 3435 1567 3506 epistolam
1591 3435 1661 3489 52
1691 3452 1812 3492 cum
1841 3439 2155 3496 duabusim-

566 3527 800 3582 mediate
824 3525 1098 3594 subjectis,
1130 3540 1341 3580 necnon
1364 3525 1432 3577 5.7
1465 3524 1701 3595 duasque
1722 3537 2008 3600 sequentes
2030 3530 2153 3587 libri

563 3618 724 3679 sexti,
742 3616 875 3672 satis
897 3614 1211 3686 intelligitur
1228 3630 1294 3669 ex
1319 3622 1637 3684 argumento
1657 3617 1877 3686 singulis
1907 3619 2147 3689 praeﬁxo.

634 3709 685 3763 6.
719 3706 836 3774 Quo
873 3708 997 3763 loco
1027 3706 1363 3761 substiterint
1400 3705 1453 3759 hi
1495 3706 1645 3760 verbi
1690 3708 1825 3762 sacri
1873 3724 2152 3779 praecones

564 3818 672 3857 non
701 3801 944 3868 legimus.
976 3799 1129 3870 Apud
1170 3799 1368 3860 Bedam
1402 3796 1538 3869 (Lib.
1572 3814 1611 3867 ι,
1652 3815 1697 3853 c.
1727 3798 1817 3869 25)
1863 3812 1917 3858 et
1947 3803 1999 3857 in
2030 3804 2150 3858 Vita

560 3892 618 3947 S.
653 3889 933 3959 Augustini
961 3898 1165 3944 tantum
1214 3889 1439 3942 habetur
1478 3903 1573 3943 eos
1605 3898 1875 3962 postquam
1901 3893 2152 3965 aliquan-

563 3990 670 4035 tum
712 3980 911 4033 itineris
941 3978 1303 4049 confecissent,
1335 3992 1432 4031 seu
1470 3991 1690 4032 emenso
1721 3980 1917 4051 aliquot
1946 3982 2152 4041 dierum

558 4070 763 4132 itinere,
795 4082 1012 4124 cursum
1040 4067 1379 4137 repressisse,
1415 4074 1470 4121 et
1498 4066 1673 4123 donec
1722 4070 1923 4128 rediret
1968 4073 2153 4144 Augu-

560 4159 737 4214 stinus
749 4156 814 4211 ad
837 4156 895 4211 S.
913 4155 1234 4225 Gregorium
1248 4157 1316 4210 ab
1331 4156 1464 4227 ipsis
1487 4156 1681 4213 missus
1707 4174 1915 4216 moram
1939 4163 2150 4222 fecisse.

561 4248 860 4317 Conjicitur
895 4256 1109 4313 tamen,
1156 4262 1255 4302 nec
1284 4246 1579 4313 immerito,
1607 4263 1702 4305 eos
1734 4249 1788 4305 in
1837 4250 2145 4321 Provincia,

564 4352 673 4391 non
694 4337 852 4405 longe
876 4337 943 4391 ab
972 4336 1144 4391 insula
1159 4334 1422 4390 Lirinensi
1456 4338 1786 4395 consedisse.
1813 4340 1872 4396 Id
1912 4358 2047 4401 sane
2075 4348 2153 4403 si-

561 4423 820 4494 gnificant
849 4424 1011 4480 verba
1039 4424 1152 4480 haec
1179 4424 1421 4493 epistolae
1443 4423 1533 4489 56,
1563 4426 1680 4481 libri
1711 4444 1787 4497 vi,
1820 4431 1885 4485 ad
1919 4433 2153 4505 Stepha-

562 4533 692 4573 num
733 4516 984 4572 abbatem
1022 4515 1353 4572 Lirinensem
1402 4533 1417 4569 :
1462 4515 1635 4572 Latos
1680 4536 1777 4574 nos
1815 4525 1999 4580 relatio
2040 4528 2151 4582 Au-

560 4611 754 4682 gustini
795 4611 927 4664 serri
969 4608 1067 4664 Dei
1103 4611 1434 4676 prazsentium
1474 4612 1743 4681 portitoris
1777 4613 1981 4683 e/fecit,
2015 4621 2151 4689 quod

562 4701 893 4755 dilectionem
932 4709 1103 4765 tuam,
1133 4708 1190 4752 ut
1218 4708 1449 4769 oportet,
1482 4701 1776 4771 vigilantem
1814 4719 1926 4759 esse
1959 4723 2149 4763 narra-

559 4793 649 4846 vit.
674 4789 957 4858 Quomodo
996 4789 1139 4843 enim
1164 4787 1490 4858 Augustinus
1527 4789 1754 4845 Romam
1798 4806 1865 4847 ex
1895 4806 2148 4867 suscepto

562 4882 754 4936 itinere
782 4895 1047 4945 reversus,
1088 4878 1204 4934 hcec
1234 4878 1300 4934 de
1325 4878 1591 4935 Lirinensi
1626 4882 1822 4939 abbate
1850 4887 2147 4953 retulisset,

559 4971 605 5027 si
638 4971 796 5040 longe
829 4978 1115 5041 antequam
1152 4970 1426 5039 ingressus
1460 4980 1603 5027 esset
1643 4970 1983 5045 Provinciam
2004 5018 2019 5043 ,
2053 4993 2150 5050 pa-

561 5058 721 5114 triam
767 5059 1070 5115 mvisisset?
1117 5058 1261 5115 Idem
1297 5060 1637 5129 Augustinus
1686 5063 1893 5119 adierat
1928 5082 2150 5139 quoque

563 5146 865 5203 Protasium
908 5149 1214 5220 Aqucnsem
1244 5149 1579 5220 episc0pum,
1607 5159 1663 5206 et
1701 5152 1939 5222 Arigium
1982 5160 2150 5227 patri-

560 5240 722 5304 cium,
764 5238 833 5293 de
866 5240 1059 5309 quibus
1100 5239 1264 5293 multa
1312 5238 1574 5308 Gregorio
1608 5248 1862 5314 tanquam
1905 5248 2150 5306 oculatus

564 5330 714 5382 testis
755 5331 990 5384 narravit
1019 5331 1069 5384 in
1098 5330 1295 5387 Urbem
1324 5329 1498 5386 redux
1545 5331 1685 5401 (Lib.
1730 5351 1803 5402 vt,
1843 5354 1961 5405 epp.
1998 5338 2066 5393 55
2099 5352 2149 5397 et

562 5415 675 5489 δῖ).
702 5418 892 5489 Itaque
917 5421 1132 5493 quando
1174 5422 1371 5493 legitur
1399 5421 1537 5493 apud
1577 5422 1773 5480 Bcdam
1825 5428 2149 5499 aliquantum

560 5506 765 5563 itineris
806 5518 1009 5566 tantum
1049 5525 1362 5583 progressos
1407 5512 1571 5569 fuisse
1615 5512 1966 5586 Augustinum
2006 5518 2149 5589 ejus-

2258 3176 2315 3223 ut
2342 3169 2556 3239 Pelagio
2594 3169 2863 3241 Episcopo
2908 3171 2965 3227 S.
3011 3171 3253 3242 Gregorii
3300 3175 3507 3232 litteras
3558 3179 3849 3237 redderent

2256 3257 2446 3331 (Ibid.,
2478 3277 2560 3329 ep.
2580 3258 2705 3343 ‘52).
2750 3260 2941 3317 Utrum
2969 3277 3036 3318 ex
3063 3263 3256 3319 itinere
3276 3264 3627 3325 deflectentes
3648 3270 3850 3328 Medio-

2254 3344 2765 3409 lanum-Santonum
2805 3355 3036 3412 adierint
3067 3357 3134 3412 ad
3164 3358 3502 3414 salutandum
3546 3361 3846 3418 Palladium

2252 3444 2586 3515 episcopum,
2641 3446 2708 3499 ad
2748 3460 2911 3516 quem
2952 3462 3092 3518 papa
3129 3450 3454 3519 scripserat,
3504 3452 3731 3508 difficile
3766 3464 3848 3509 est

2252 3539 2512 3588 statuere.
2570 3533 2822 3592 Fortasse
2873 3551 2998 3591 cum
3056 3536 3347 3606 plurimum
3396 3540 3569 3607 gratia
3616 3542 3849 3611 polleret

2194 3676 2199 3685 ν
2254 3618 2395 3688 apud
2430 3620 2758 3677 Francorum
2804 3638 2980 3694 reges,
3034 3639 3156 3680 eum
3205 3625 3261 3681 in
3308 3627 3429 3682 aula
3484 3628 3843 3700 invenerant,

2254 3708 2414 3777 eique
2444 3715 2765 3771 sanctissimi
2806 3718 3096 3787 pontificis,
3128 3722 3218 3789 qui
3258 3722 3505 3777 eumdem
3530 3724 3644 3791 jam
3676 3725 3846 3782 bene-

2256 3793 2377 3854 ﬁcio
2432 3800 2769 3873 devinxerat,
2818 3806 3028 3863 litteras
3068 3808 3435 3865 reddiderunt.
3484 3809 3845 3880 Augustinum

2254 3905 2354 3960 per
2401 3894 2717 3965 Andcgavos
2752 3900 3034 3957 transiisse
3076 3911 3267 3957 auctor
3304 3911 3388 3958 est
3423 3903 3740 3959 Gntselinus
3796 3906 3844 3960 in

2256 3984 2421 4052 ipsius
2452 3987 2601 4055 Vita;
2628 4004 2919 4063 narratque
2940 3995 3261 4050 miraculum
3296 4012 3403 4051 non
3428 3997 3586 4066 longe
3616 4013 3648 4051 a
3672 3997 3846 4054 Ponte

2253 4071 2353 4127 Sai
2377 4075 2508 4142 sive,
2541 4086 2596 4132 ut
2620 4079 2710 4133 alii
2739 4080 2945 4149 dicunt,
2982 4082 3146 4138 Ponte
3166 4083 3411 4140 Cresaris.

2328 4164 2380 4217 8.
2421 4163 2515 4219 llis
2557 4170 2805 4225 omnibus
2844 4172 3056 4228 omissis
3096 4172 3236 4228 Beda
3284 4176 3509 4230 scribit:
3552 4177 3845 4238 Roborrmrs

2253 4271 2378 4326 ergo
2407 4259 2804 4328 conﬁrmatione
2843 4262 2980 4317 beati
3027 4263 3202 4318 Patris
3242 4265 3482 4339 Gregorii
3519 4269 3842 4341 Augustinus

2255 4362 2371 4399 cum
2413 4349 2622 4418 fontalis
2657 4349 2850 4406 Christi
2877 4353 2965 4424 qui
3002 4370 3114 4407 cum
3146 4371 3205 4408 eo
3240 4366 3390 4409 erant
3430 4359 3583 4412 rediit
3620 4361 3677 4415 in
3716 4380 3842 4434 apus

2258 4436 2415 4510 verbi,
2449 4440 2772 4508 pervenitque
2800 4442 2852 4494 in
2884 4440 3213 4496 Britanniam
3236 4442 3376 4510 (Lib.
3410 4461 3445 4510 t,
3478 4462 3526 4501 c.
3555 4446 3682 4519 25);
3709 4461 3769 4505 et
3793 4452 3842 4505 in

2261 4527 2488 4583 insulam
2508 4528 2747 4584 Tanetos
2790 4530 2990 4585 dictam
3018 4532 3221 4601 appulit
3248 4535 3399 4601 regni
3429 4534 3603 4591 Cantii
3641 4541 3843 4608 portio-

2258 4630 2382 4671 nem
2420 4617 2485 4671 ad
2523 4615 2849 4674 Oriontalem
2886 4620 3120 4690 plagam.
3156 4620 3212 4674 In
3240 4621 3435 4677 Cantio
3464 4626 3687 4693 regione
3723 4627 3843 4683 Bri-

2260 4707 2456 4763 tannia:
2485 4706 2671 4764 Galliis
2698 4709 2913 4778 objecta
2943 4727 3117 4781 usque
3142 4713 3208 4767 ad
3241 4712 3541 4771 Humbrnm
3579 4716 3804 4774 fluvium
3823 4760 3841 4787 ,

2257 4810 2386 4856 tunc
2417 4801 2674 4869 regnabat
2704 4811 2728 4839 α
2762 4802 3119 4869 Edilherthus,
3147 4804 3304 4873 cujus
3323 4822 3462 4862 uxor
3480 4818 3599 4862 erat
3622 4808 3839 4875 Berths,

2256 4894 2559 4949 Chariberti
2600 4893 2929 4949 Francorum
2958 4893 3122 4962 Regis
3163 4893 3269 4949 filia
3307 4903 3365 4950 et
3391 4896 3657 4952 Clotharii
3685 4899 3840 4969 primi

2251 4983 2428 5053 neptis
2473 5000 2487 5036 :
2521 4982 2693 5051 Auglo
2726 4983 2839 5053 regi
2872 4983 2972 5038 hac
3019 4983 3137 5052 lege
3164 4984 3218 5038 in
3256 4984 3663 5052 matrimonium
3691 4988 3837 5053 data,

2250 5084 2311 5129 ut
2329 5074 2486 5129 fidem
2509 5074 2870 5129 Christianam
2897 5074 3157 5129 retineret
3183 5089 3248 5130 ac
3271 5074 3442 5131 libere
3463 5075 3835 5145 profiteretur;

2255 5172 2581 5237 quapropter
2611 5162 2997 5231 Luidhardum,
3025 5163 3488 5221 Silvanecteusem
3505 5166 3837 5238 episcopum.

2252 5269 2435 5309 secum
2468 5252 2640 5316 duxit,
2668 5267 2734 5308 ac
2763 5252 2815 5308 in
2845 5252 2967 5307 aula
2996 5267 3270 5308 sacrorum
3301 5253 3605 5311 ministrum
3630 5255 3836 5311 habuit.

2257 5342 2339 5397 Ab
2368 5342 2456 5396 illa
2492 5342 2790 5412 prmsertim
2823 5341 3111 5411 pellectum
3134 5340 3298 5397 fuisse
3326 5357 3509 5411 regem
3531 5343 3596 5396 ad
3627 5342 3834 5412 ejuran-

2257 5433 2384 5487 dum
2408 5432 2676 5487 idolorum
2705 5430 2910 5486 cultum
2935 5432 3225 5497 credimus,
3262 5447 3327 5488 ex
3344 5430 3403 5487 S.
3434 5431 3687 5503 Gregorii
3716 5448 3838 5489 eon-

2256 5522 2379 5578 silio
2409 5521 2549 5595 (Lib.
2580 5538 2655 5590 Χι,
2694 5538 2773 5592 ep.
2804 5520 2840 5574 2
2874 5530 2916 5591 ),
2944 5521 3036 5592 qui
3075 5522 3485 5578 conversionem
3516 5522 3697 5591 gentis
3736 5521 3836 5575 An-

634 5640 654 5727 έ
685 5640 773 5697 Sic
802 5642 1105 5713 legendum,
1150 5662 1255 5703 non
1299 5647 1646 5705 Adilbeitlms.
1680 5648 1795 5708 Elil
1835 5653 2010 5726 lingm
2042 5654 2307 5713 Saxonica
2341 5653 2603 5727 signiﬁcat
2646 5654 2959 5724 gloriosum,
3016 5656 3338 5712 honoratum
3369 5657 3520 5727 juxta
3552 5655 3837 5727 Spelmano

572 5722 715 5764 nlllll.
