3992 6300
142 298 240 356 359

622 297 685 357 S.
723 288 1049 353 GREGORII
1088 286 1303 343 MAGNI
1345 286 1525 352 VITA,
1568 284 1655 340 EX
1700 281 1857 338 EJUS
1896 287 2201 353 SCRIPT'S
2244 289 2631 349 ADORNATA.
2674 289 2799 344 LIB.
2844 290 2928 344 lll.

3303 291 3406 347 570

142 409 340 481 glornm
378 405 498 475 ejus
543 406 782 461 mercedi
825 412 1152 459 reservatam
1202 401 1413 463 asserit,
1459 405 1625 465 atque
1655 395 1721 450 ad
1756 398 1799 455 A
1826 396 2187 458 Christianum
2232 405 2428 460 factum
2476 421 2506 460 a
2541 404 2803 473 Gregorio
2856 406 3100 460 Romano
3153 407 3409 476 pontiﬁce

144 506 337 561 tantum
349 511 486 564 opus
499 494 883 563 perliciendum
896 491 1136 546 eamdem
1152 489 1618 543 vehementissima
1636 487 1724 538 ad-

144 586 437 644 hortatione
466 584 714 639 ac'cendit
747 601 761 638 :
790 581 944 654 quasi
977 580 1156 648 Regia
1186 579 1513 633 Francorum
1537 576 1722 646 stirpis

150 676 260 730 ﬁtite
303 689 482 728 veram
516 670 674 726 iidem
694 688 801 741 pro
829 672 956 726 dote
985 671 1113 724 viris
1132 669 1245 722 suis
1275 666 1467 721 aﬂ‘erre
1490 682 1724 721 consue-

146 764 347 817 vissent.
382 759 474 813 Sic
497 760 641 819 enim
665 757 1088 820 Chlodesuinda,
1120 756 1380 811 Chlotarii
1420 755 1561 824 regis
1592 754 1719 814 lilia.

149 854 415 911 Alhoinunt
456 850 937 920 Langobardorum
981 863 1161 917 regem
1198 848 1559 902 Christianum
1592 844 1720 899 cile-

149 948 245 1009 cit;
271 951 323 996 et
350 940 627 1009 lngundis,
668 940 772 993 lilia
810 938 1063 1007 Sigiberti
1108 945 1162 991 et
1201 936 1531 991 Childeberti
1577 936 1721 1003 regis

149 1050 303 1098 soror,
336 1032 753 1102 llermenegildo
774 1033 975 1086 Ariano
1012 1030 1228 1095 tradita,
1259 1046 1384 1087 eum
1412 1030 1477 1084 ad
1500 1028 1721 1085 catholi-

151 1142 253 1182 cam
291 1123 495 1179 inﬂexit
526 1124 684 1178 tidem
711 1131 766 1178 et
794 1122 859 1175 ad
892 1121 1206 1191 martyrium
1239 1120 1610 1174 inﬂammavit.

212 1215 259 1270 9.
289 1214 623 1284 Augustinus
650 1214 717 1267 ab
764 1212 936 1266 insula
968 1210 1174 1265 Taneto
1204 1211 1351 1265 misit
1381 1211 1446 1265 ad
1476 1208 1717 1262 Edilber-

154 1306 286 1358 thum
322 1318 385 1357 ex
407 1303 519 1356 suis
539 1302 720 1364 sociis,
747 1302 835 1372 (ιιιί
867 1300 1111 1355 dicerent
1148 1314 1207 1354 se
1236 1299 1405 1353 Rema
1438 1299 1717 1369 profectas

154 1391 465 1446 nuntiumad
505 1407 628 1445 cum
662 1393 797 1461 ferre
821 1390 1213 1459 optintum,,qui
1242 1387 1339 1443 sibi
1365 1389 1622 1457 obtentpcr
1644 1404 1721 1438 .n-

156 1484 270 1537 tfbas
291 1491 484 1535 «eterna
510 1482 563 1534 in
595 1482 736 1535 cwlis
764 1480 955 1551 gaudia
983 1488 1030 1534 et
1073 1496 1284 1550 regnum
1327 1482 1437 1534 sine
1466 1480 1571 1547 ﬁne
1606 1493 1719 1530 cum

157 1574 257 1629 Deo.
283 1575 388 1628 ισὶιό
427 1583 477 1626 et
514 1590 632 1626 vero
663 1575 924 1643 futurum,
969 1572 1079 1624 sine
1107 1571 1213 1623 ulla
1246 1570 1562 1623 dnb'tatione
1598 1583 1721 1638 pro.

156 1668 351 1719 mitteret
383 1664 549 1734 (Beda
580 1662 670 1716 lib.
694 1678 730 1727 ι,
762 1679 807 1716 c.
842 1661 957 1732 25).
992 1659 1099 1714 Eos
1126 1660 1531 1729 perhumaniter
1567 1657 1718 1713 exci-

1825 491 2219 557 sapientissime
2262 496 2547 563 gubernari
2590 514 2602 548 :
2643 497 2733 564 qui
2751 497 2978 551 salutem
3020 496 3160 561 regis
3200 495 3407 566 Anglo-

1823 594 2049 651 rumqne
2078 585 2317 638 onninm
2343 587 2549 650 sitiens,
2584 588 2810 641 libenter
2843 588 2956 641 Inec
2985 586 3114 656 ipsis
3149 585 3407 654 praedica-

1822 675 1977 723 turus
2011 674 2332 741 advolasset,
2367 677 2463 731 nisi
2498 687 2575 731 tot
2612 678 2710 733 sibi
2743 677 3068 733 creditarum
3096 677 3274 731 ovium
3306 691 3404 730 cu-

1824 771 1938 811 ram
1969 758 2220 815 deserere
2266 765 2605 820 formidasset
2642 768 2881 837 Optimus
2928 775 3113 837 pastor
3144 782 3157 820 :
3192 780 3251 821 se
3278 779 3411 820 vero

1824 860 1922 914 pro
1955 847 2071 916 ipso
2100 852 2371 917 legatione
2400 854 2567 923 fungi.

1898 937 1982 990 Η.
2025 939 2103 991 Ad
2154 941 2267 995 ilth
2314 957 2407 995 rex
2443 944 2581 996 inter
2610 944 2781 997 inoliti
2817 943 3017 998 erroris
3047 943 3327 1003 tenebras,
3353 949 3411 997 et

1821 1030 2162 1097 all‘u'gentem
2192 1032 2432 1084 veritatis
2471 1031 2639 1085 lucem
2671 1048 2868 1101 anceps
2902 1041 2948 1087 et
2985 1033 3409 1096 cunctabundus,

1820 1121 2083 1188 respondit
2110 1128 2165 1171 ut
2193 1136 2350 1189 (eger,
2382 1122 2557 1190 [arens
2583 1123 2786 1191 quidem
2818 1123 3049 1183 medicis.
3079 1123 3168 1176 sed
3191 1124 3409 1176 necdum

1819 1213 2021 1282 patiens
2059 1212 2372 1275 curationis,
2401 1212 2621 1281 pu!chra
2661 1212 2760 1265 sibi
2796 1212 2964 1265 videri
2994 1215 3154 1267 verba
3199 1222 3254 1266 et
3282 1229 3412 1282 pro-

1820 1307 2013 1364 missa:
2043 1304 2135 1359 sed
2158 1306 2278 1375 quia
2299 1320 2429 1357 nova
2457 1313 2577 1357 sunt
2604 1312 2653 1356 et
2679 1305 2904 1368 incerta,
2938 1303 3129 1373 inquit,
3169 1321 3271 1356 non
3299 1321 3393 1373 pos

1820 1415 1930 1450 sum
1965 1414 1995 1450 a
2024 1412 2230 1450 sensum
2258 1396 2501 1457 tribuere,
2548 1396 2739 1448 relictis
2777 1396 2850 1447 eis
2880 1410 2993 1465 qua:
3014 1404 3155 1447 tanto
3186 1404 3412 1461 tempore

1820 1503 1933 1540 cuni
1974 1488 2115 1541 omni
2162 1487 2450 1555 Anglorum
2488 1496 2637 1556 gente
2680 1486 2893 1538 servavi.
2954 1484 3143 1537 Verum
3187 1486 3307 1554 quia
3351 1485 3416 1537 de

1820 1578 1973 1650 longe
2000 1579 2095 1632 huc
2125 1581 2355 1646 venistis,
2378 1588 2433 1631 ut
2456 1594 2570 1648 quw
2590 1594 2709 1631 vera
2732 1585 2781 1631 et
2801 1578 2995 1646 Optima
3023 1575 3159 1629 vobis
3180 1576 3415 1628 videntur

1820 1685 1878 1721 ea
1905 1669 2050 1723 nobis
2071 1670 2513 1723 communicaretis
2532 1708 2548 1734 ,
2591 1676 2889 1737 pergratum
2919 1665 3193 1730 habemus;
3226 1668 3417 1719 annui-

158 1757 289 1825 piens
328 1770 444 1817 rex,
469 1752 632 1821 jussit
676 1760 738 1805 ut
778 1751 830 1805 in
870 1765 937 1806 eo
979 1765 1089 1819 quo
1138 1749 1347 1819 appulsi
1392 1755 1548 1803 erant
1594 1747 1716 1801 loco

1848 1776 2030 1830 nasque
2057 1770 2112 1813 ut
2139 1761 2423 1830 quicunque
2445 1757 2648 1812 Christo
2685 1774 2869 1811 nomen
2915 1758 3040 1810 dare
3078 1757 3357 1819 roluerint,
3382 1774 3415 1810 a

160 1843 443 1915 aliquandiu
476 1849 842 1904 morarentur,
880 1838 1053 1895 donec
1081 1838 1210 1908 quid
1242 1837 1382 1894 facto
1411 1852 1547 1908 opus
1577 1843 1720 1890 esset

160 1936 475 1994 decerneret,
508 1930 863 2000 suppeditatis
892 1929 1108 1983 interim
1139 1929 1348 1983 cunctis
1375 1928 1719 1983 necessariis.

161 2020 274 2075 Post
312 2019 419 2073 dies
456 2019 665 2089 aliquot
702 2018 851 2072 venit
890 2017 956 2071 ad
1002 2016 1228 2071 insulam
1256 2031 1377 2081 rex,
1418 2023 1475 2070 et
1500 2015 1600 2070 sub
1630 2015 1721 2069 dio

162 2108 395 2171 residens,
423 2107 781 2175 Augustinum
804 2121 866 2161 ac
895 2105 1075 2161 socios
1099 2105 1165 2162 ad
1186 2105 1519 2173 colloquium
1542 2122 1722 2160 accrr-

160 2197 304 2252 sivit:
348 2196 566 2252 Cauerat
607 2206 777 2251 autem
825 2213 889 2250 ne
924 2196 979 2250 in
1017 2195 1245 2265 aliquam
1292 2196 1501 2250 domum
1546 2196 1615 2250 ad
1668 2212 1723 2251 se

161 2288 371 2341 introiret
395 2329 407 2349 ,
452 2288 611 2341 veteri
636 2303 755 2339 usus
783 2287 1022 2357 augurio,
1051 2284 1226 2355 inquit
1256 2283 1418 2347 Beda,
1449 2302 1513 2339 ne
1541 2301 1723 2351 super-

161 2386 289 2431 ventu
319 2394 430 2441 suo,
460 2379 504 2431 si
530 2378 653 2450 quid
690 2377 946 2446 maleﬁca:
986 2378 1114 2429 artis
1144 2376 1458 2439 habuissent,
1493 2396 1607 2433 eum
1636 2396 1726 2433 su-

163 2466 369 2535 perando
400 2467 713 2535 deciperent.
737 2468 801 2519 At
824 2466 899 2520 illi
920 2482 1025 2519 non
1067 2465 1405 2530 darmoniaca,
1439 2468 1527 2520 sed
1550 2468 1725 2523 divina

164 2555 329 2609 virtute
354 2556 584 2623 praediti,
613 2554 899 2619 veniebant,
930 2570 1130 2608 crucem
1160 2571 1253 2623 pro
1284 2555 1471 2608 vexillo
1503 2558 1725 2626 ferentes

165 2654 460 2713 argenteam,
492 2656 541 2699 et
568 2647 845 2717 imaginem
888 2643 1098 2698 Domini
1140 2641 1429 2698 Saluatoris
1458 2645 1511 2698 in
1550 2644 1730 2701 tabula

164 2732 419 2799 depictam.
452 2735 765 2809 litaniasque
792 2745 1054 2789 canentes.

229 2818 311 2877 10.
337 2825 688 2895 Augustinus,
728 2825 1013 2895 impetrata
1049 2822 1303 2893 loquendi
1346 2824 1585 2893 licentia,
1619 2826 1739 2893 regi

167 2919 363 2985 aperuit
409 2932 469 2973 se
498 2918 785 2987 sociosque
814 2930 940 2970 suos
977 2929 1045 2969 eo
1072 2913 1298 2969 consilio
1343 2914 1641 2982 advenisse,
1669 2924 1732 2970 ut

166 3007 323 3075 ipsum
353 3007 610 3063 docerent
640 3021 746 3077 qua
788 3007 998 3061 ratione
1028 3014 1153 3076 post
1187 3011 1414 3059 mortem
1445 3005 1732 3073 gloriosius

166 3104 433 3162 regnaret,
462 3093 984 3165 immortalitatisque
1008 3112 1260 3153 coronam
1288 3103 1729 3162 consequeretur.

170 3180 328 3254 Ipsam
363 3184 708 3239 credentibus
738 3185 791 3238 in
826 3200 885 3239 se
911 3183 1093 3240 Iesum
1122 3185 1392 3241 Christum
1434 3198 1528 3237 sua
1558 3192 1735 3236 morte

167 3272 519 3341 promeruisse
539 3312 553 3337 ,
584 3286 916 3343 regnumque
955 3274 1216 3328 ctelorum
1246 3287 1539 3327 reserasse.
1568 3270 1739 3325 Nimi-

171 3376 277 3414 rum
306 3370 460 3416 tanto
500 3361 666 3416 Deum
696 3376 879 3419 amore
913 3361 1167 3431 ﬂagrasse
1195 3376 1319 3433 erga
1348 3361 1612 3425 homines,
1646 3368 1739 3427 ut,

168 3466 196 3505 a
217 3453 225 3500 !
250 3467 435 3506 eorum
460 3451 689 3505 salutem
722 3451 1134 3521 procurandam,
1159 3450 1350 3505 Filium
1371 3466 1525 3505 suum
1550 3448 1740 3516 unige-

170 3542 327 3596 nitum
366 3542 687 3612 turpissimm
723 3542 903 3606 morti,
944 3541 1123 3596 crucis
1158 3538 1407 3596 videlicet
1454 3537 1738 3609 supplicio,

172 3630 457 3685 tradiderit.
492 3629 571 3685 Ita
601 3631 776 3685 crucis
794 3631 1106 3685 scandalum
1151 3630 1371 3685 minime
1399 3630 1741 3685 dissimulan-

170 3724 286 3778 dum
314 3724 527 3793 putavit
568 3713 815 3794 egregius
865 3725 1222 3795 praedicator;
1251 3739 1363 3794 quo
1399 3725 1569 3793 magis
1606 3723 1742 3778 divi-

173 3827 280 3865 nam
309 3811 431 3881 ejus
458 3814 713 3871 virtutem
741 3815 808 3870 ad
835 3815 1108 3871 hominem
1140 3830 1169 3868 a
1199 3815 1387 3870 mortis
1423 3815 1740 3885 peccatique

169 3901 422 3957 servitute
463 3903 796 3960 liberandum
830 3905 1253 3961 commendaret.
1297 3900 1435 3968 Quid
1476 3906 1610 3958 enim
1638 3914 1740 3958 tam

171 3992 372 4059 dignum
402 3994 515 4048 Deo
544 4012 697 4067 quam
726 3996 867 4051 salus
897 3995 1163 4051 hominis?
1190 3993 1447 4049 Eumdcm
1472 3993 1742 4048 Christum

169 4093 279 4153 post
309 4093 544 4141 mortem
574 4085 933 4141 resurrexisse
957 4128 973 4154 ,
1020 4099 1242 4154 regnum
1283 4083 1542 4140 cmlorum
1580 4097 1741 4137 cons-

169 4179 424 4244 cendisse,
464 4187 628 4248 atque
653 4177 718 4232 ad
747 4177 1025 4232 dexteram
1051 4175 1224 4230 Patris
1249 4175 1411 4246 260
1430 4174 1618 4229 sedere
1644 4172 1741 4226 ad-

168 4272 321 4339 iecit;
361 4280 653 4325 venturum
684 4276 863 4322 autem
894 4267 948 4321 in
980 4274 1223 4321 extrema
1268 4264 1461 4318 mundi
1490 4278 1741 4318 consum-

171 4362 397 4416 matione
419 4359 485 4413 ad
511 4358 784 4413 terendum
806 4358 872 4413 de
894 4356 1100 4412 cunctis
1122 4354 1439 4410 mortalibus
1457 4354 1736 4423 judicium.

172 4449 338 4521 Atque
357 4450 595 4504 utﬂdem
623 4448 844 4511 faceret,
873 4444 1129 4500 miracula
1179 4442 1451 4498 enarravit
1497 4442 1742 4498 innume-

172 4552 223 4593 ra
264 4548 319 4594 et
356 4538 648 4610 stupenda,
677 4552 809 4606 quas:
842 4533 1139 4590 divinitatis
1165 4531 1363 4585 Christi
1394 4543 1541 4585 certa
1588 4546 1743 4599 argu-

171 4639 337 4681 menta
366 4636 535 4692 sntit;
564 4641 675 4695 pne
703 4625 913 4680 creteris
938 4638 1067 4678 vero
1096 4621 1334 4692 gentium
1363 4617 1477 4677 fcre
1503 4623 1744 4678 omnium

170 4716 217 4771 in
231 4717 572 4787 suscipienda
600 4715 911 4771 Christiana
920 4713 1193 4782 religione,
1219 4712 1480 4781 idolisque
1494 4712 1746 4781 rejicien-

170 4805 241 4861 dis
287 4806 485 4861 miram
514 4803 968 4873 conspirationem
986 4842 1001 4867 ,
1033 4802 1159 4859 licet
1189 4800 1543 4855 renitentibus
1571 4806 1748 4870 pravis

169 4894 440 4951 hominum
491 4893 772 4949 aﬂectibus
822 4908 888 4948 ac
936 4892 1121 4958 vitiis;
1156 4893 1353 4963 quibus
1406 4892 1479 4945 ita
1533 4891 1749 4953 favebat

172 4986 546 5056 Ethnicismus,
579 4994 640 5042 ut
680 4986 893 5042 divinos
934 4986 1095 5041 etiam
1138 4986 1373 5041 honores
1403 5000 1501 5054 pro
1529 4986 1607 5041 eis
1645 4987 1742 5044 ἀει

170 5089 414 5134 cerneret
432 5092 499 5133 ac
519 5076 864 5146 rependeret,
897 5090 1018 5130 cum
1049 5090 1079 5130 Θ
1099 5083 1284 5130 contra
1329 5082 1558 5130 mortem
1582 5085 1743 5131 teter-

168 5183 282 5221 nam
351 5164 679 5235 corruptela:
735 5179 947 5219 morum
1010 5163 1335 5231 stipendium
1381 5178 1500 5218 esse
1549 5164 1745 5222 deceat

171 5255 247 5311 Ic:
298 5255 647 5326 Evange'ica.
703 5251 991 5322 Subiunxit
1040 5253 1371 5324 Augustinus
1426 5253 1614 5308 orbem
1669 5254 1745 5308 ita

232 5412 256 5441 ι
288 5402 482 5458 Postea
521 5401 807 5454 Cantuaria
842 5399 1002 5455 dicta.

232 5471 258 5509 δ
298 5474 371 5527 De
399 5472 624 5542 patratis
647 5473 714 5525 ab
756 5470 1050 5537 Augustino
1090 5469 1468 5542 sodalibusque
1495 5469 1611 5542 ejus
1639 5472 1744 5525 mi-

172 5544 377 5607 raculis,
400 5540 516 5596 non
548 5541 718 5596 solum
747 5555 935 5595 eorum
963 5548 1079 5595 acta
1108 5540 1426 5607 loquuntur,
1457 5541 1549 5593 sed
1579 5543 1741 5596 etiam

176 5610 302 5667 Beda
348 5613 471 5666 loco
516 5611 761 5671 laudato.
799 5619 860 5680 et
899 5610 1012 5679 ipse
1054 5608 1368 5680 Gregorius,
1402 5610 1666 5680 praecipue
1689 5612 1741 5667 in

176 5696 251 5745 ep.
282 5684 367 5744 50,
404 5681 525 5735 libri
556 5695 674 5744 vtn,
703 5681 769 5732 ad
797 5677 1073 5748 Eulogium
1101 5696 1113 5731 :
1148 5677 1345 5742 Tantis,
1370 5677 1743 5748 inquit,'mira.

179 5753 292 5808 allis
315 5754 389 5809 rel
412 5753 522 5820 ipse
546 5749 911 5821 (Augustinus)
933 5752 1007 5806 vel
1035 5752 1085 5805 hi
1107 5751 1190 5822 qui
1214 5765 1326 5804 cum
1357 5766 1415 5806 eo
1449 5752 1740 5809 transmissi

1772 4520 1823 4579 υ
1848 4488 2064 4542 minime
2103 4494 2340 4556 caperet.

1826 1852 1965 1905 vobis
2008 1852 2389 1920 suscipiuntur,
2438 1860 2487 1905 et
2532 1868 2625 1920 pro
2664 1860 2828 1903 vestro
2893 1866 3035 1902 more
3081 1851 3418 1902 instituantur

1826 1942 2012 2012 (Beda,
2048 1944 2085 1997 l.
2111 1960 2146 2004 ι,
2173 1962 2218 1996 c.
2242 1942 2353 2012 25).
2388 1941 2655 1995 Praeterea
2685 1941 2865 1995 locum
2895 1940 3179 2008 assignavit
3210 1941 3260 1993 in
3293 1940 3410 1995 civi-

1827 2043 1936 2089 ttte
1967 2044 1991 2071 ι
2024 2033 2403 2099 Dorrobernia,
2436 2034 2601 2087 totius
2631 2032 2780 2101 regni
2808 2032 3111 2100 metropoli,
3146 2031 3234 2084 ubi
3260 2046 3411 2084 com-

1825 2126 1983 2180 mode
2018 2136 2331 2187 manerent;
2365 2132 2559 2192 etque:
2602 2124 2667 2177 ad
2707 2124 2870 2178 vitam
2898 2123 3199 2178 necessaria
3240 2120 3420 2176 forent

1826 2215 2035 2273 abunde
2076 2213 2412 2284 suppeditari.
2448 2214 2629 2282 jussit.

1898 2305 1984 2359 1‘3.
2026 2305 2223 2360 Uri-em
2253 2305 2453 2372 regiam
2486 2304 2705 2370 ingressi
2730 2313 2875 2371 sunt,
2905 2319 3118 2359 crucem
3145 2313 3199 2358 ct
3229 2304 3420 2372 imagi-

1826 2413 1948 2454 nem
1970 2397 2166 2451 Christi
2199 2395 2236 2450 S
2257 2395 2502 2450 vrvatoris
2526 2410 2674 2450 more
2695 2411 2794 2450 suo
2826 2393 3196 2464 pratferentcs,
3217 2403 3273 2448 ct
3296 2395 3417 2448 lita-

1826 2489 1969 2544 niam
2003 2488 2138 2543 hanc
2176 2502 2305 2542 voce
2357 2501 2593 2545 consona
2638 2486 2973 2540 modulantes
3021 2504 3033 2537 :
3069 2485 3419 2555 Deprecamur

1830 2587 1895 2639 te,
1928 2577 2162 2643 Domine,
2195 2579 2247 2631 in
2272 2578 2411 2631 onmi
2439 2577 2796 2631 miseticordia
2817 2586 2924 2641 tua,
2949 2587 3003 2629 ut
3033 2579 3301 2648 auferatur
3335 2578 3423 2646 {u-

1828 2682 1917 2719 ror
1938 2674 2051 2719 tuus
2075 2675 2123 2718 et
2144 2665 2222 2718 ira
2248 2674 2332 2718 tua
2353 2682 2385 2717 a
2408 2666 2613 2720 civitate
2633 2666 2754 2730 ista,
2782 2674 2829 2719 et
2854 2666 2919 2719 de
2941 2666 3091 2718 donto
3113 2677 3292 2718 sancta
3311 2676 3419 2729 tua,

1829 2755 2071 2824 quoniam
2101 2754 2447 2823 peccavimus,
2480 2755 2692 2808 alleluia
2720 2754 2917 2823 (Beda,
2948 2754 3035 2809 lib.
3068 2771 3111 2821 ι,
3143 2773 3187 2807 c.
3215 2754 3325 2823 25).
3361 2756 3418 2809 lu

1830 2860 2090 2901 concessa
2116 2845 2223 2900 sibi
2246 2845 2373 2900 scde
2395 2845 2732 2914 «Augustinus
2755 2846 2978 2917 ejusque
3002 2849 3418 2907 commilitones.

1832 2934 2182 3005 apostolicam
2204 2937 2472 2991 nascentis
2496 2935 2744 2991 Eccle<ite
2785 2942 2949 2992 vitam
3000 2939 3197 2993 imitari
3242 2956 3424 3009 (tepe-

1834 3034 2188 3091 rnnt,cuncta
2209 3025 2388 3080 mundi
2406 3026 2562 3095 hujus
2581 3026 2724 3081 velut
2745 3028 2917 3082 aliena
2939 3029 3261 3097 spernendo,
3284 3040 3338 3084 et
3359 3046 3424 3083 ea

1761 3132 1807 3195 ο
1840 3126 2043 3172 tantum
2073 3131 2190 3187 quae
2215 3117 2375 3172 victui
2408 3120 2711 3173 necessaria
2742 3116 2923 3173 forcnt-
2946 3119 3012 3173 ab
3048 3119 3125 3173 eis
3162 3136 3296 3188 quos
3324 3120 3425 3173 do-

1842 3212 2038 3268 cebant
2066 3211 2406 3281 accipiendo,
2453 3218 2512 3263 ut
2539 3209 2796 3278 ext'tnplis
2819 3212 2995 3279 potius
3042 3226 3202 3279 quam
3254 3226 3296 3261 ν.
3320 3211 3428 3265 rbls

1843 3303 1973 3372 legis
2011 3301 2325 3356 Christiante
2347 3302 2685 3355 sanctitatem
2730 3299 3184 3354 commendarent.
3221 3297 3312 3352 llis
3342 3301 3428 3354 in-

1842 3394 2019 3449 noxiis
2057 3393 2322 3448 illecebris
2351 3391 2530 3446 allecti
2560 3390 2626 3447 ad
2657 3391 2896 3447 veritatis
2946 3391 3080 3445 retia
3113 3408 3219 3446 non
3250 3395 3427 3463 pauci,

1844 3483 2001 3538 ﬁdem
2032 3482 2085 3537 in
2132 3480 2402 3536 Christum
2431 3481 2662 3551 amplexi
2701 3490 2855 3548 sunt;
2898 3483 3089 3551 quibus
3130 3483 3181 3537 in
3214 3484 3430 3553 antiqua

1843 3577 2013 3637 sancti
2051 3575 2262 3630 Martini
2288 3575 2438 3645 juxta
2462 3575 2645 3630 urbem
2669 3573 2935 3643 Ecclesia,
2963 3576 3076 3631 sola
3102 3586 3211 3630 tum
3242 3593 3431 3648 super-

1843 3670 1989 3734 stite,
2017 3682 2248 3739 synaxes
2272 3681 2431 3737 agere
2453 3683 2770 3724 concessum
2802 3676 2901 3723 est.
2932 3668 3000 3720 At
3017 3676 3301 3737 postquam
3333 3684 3428 3723 rex

1845 3764 1960 3835 ipse
1988 3761 2216 3817 credidit
2242 3769 2298 3815 et
2324 3760 2843 3830 baptismoinitiatus
2859 3768 2970 3821 est.
3003 3759 3029 3797 δ
3046 3760 3429 3814 miraculorum

1842 3854 2039 3924 quibus
2081 3853 2223 3907 Deus
2256 3865 2533 3905 servorum
2571 3864 2791 3904 suorum
2839 3848 3139 3903 doctrinam
3174 3849 3434 3903 sanctita-

1844 3953 2059 4013 temque
2079 3939 2454 4000 conﬁrmabat,
2476 3939 2673 3992 invicto
2694 3938 3001 3991 testimonio
3018 3937 3156 3991 ultra
3174 3938 3428 3993 reluctari

1844 4052 1950 4092 ηοιι
1978 4035 2183 4098 ferens,
2204 4044 2387 4088 vetera
2434 4031 2629 4101 templa
2654 4030 2828 4084 diruta
2856 4038 3165 4085 restaurare
3194 4045 3258 4086 ac
3286 4046 3426 4085 nava

1845 4134 2124 4183 exstruere
2162 4124 2294 4177 mira
2336 4128 2613 4191 cmperunt
2637 4119 2913 4174 alacritate
2937 4120 3213 4190 neophyti.
3261 4119 3429 4174 Nimi-

1846 4232 1964 4271 rum
1996 4224 2144 4269 tanta
2186 4222 2311 4267 tunc
2340 4211 2590 4267 Ecclesia:
2628 4209 2866 4264 nascenti
2897 4209 3035 4263 facta
3059 4217 3140 4264 est
3168 4210 3427 4275 accessio,

1846 4307 2029 4376 Anglis
2056 4306 2195 4374 regis
2224 4304 2527 4374 exemplum
2552 4301 2795 4357 certatim
2816 4301 3162 4370 sequentibus
3190 4300 3337 4372 (licet
3364 4300 3432 4355 ad

1845 4398 2161 4465 religionem
2188 4395 2455 4450 neminem
2491 4394 2733 4465 cogeret)
2776 4402 2834 4447 ut
2863 4408 2956 4449 eos
3001 4393 3151 4464 prior
3195 4392 3435 4450 Ecclesia

2474 4552 2702 4609 CAPUT
2759 4552 2823 4607 V.

1849 4664 2040 4715 Anam.
2060 4690 2118 4699 —
2138 4664 2182 4712 1.
2210 4662 2507 4723 Augustinus
2532 4662 2780 4723 ordinatur
2806 4675 2852 4720 et
2872 4662 3079 4722 iscOpus.
3107 4687 3166 4696 —-
3188 4662 3237 4708 2.
3264 4662 3435 4723 Bapti-

1910 4734 1997 4777 zat‘
2022 4726 2197 4774 decem
2237 4722 2499 4785 Anglorum
2544 4723 2706 4771 niilfia.
2746 4722 2941 4771 Romam
2983 4724 3132 4770 mittit
3172 4729 3223 4771 et
3262 4722 3431 4783 papam

1913 4789 2135 4839 consulit.
2162 4814 2221 4823 —
2246 4788 2292 4834 5.
2329 4788 2369 4834 Α
2408 4799 2504 4846 quo
2543 4798 2719 4833 uatum
2762 4788 3135 4846 praedicatorum
3169 4785 3434 4832 subsidium

1916 4849 2109 4910 accipit.
2150 4849 2206 4897 Et
2233 4848 2324 4895 alia
2350 4845 2574 4910 plurima.
2598 4874 2658 4910 A—A
2686 4847 2732 4893 4.
2762 4845 2986 4908 Ερὶεεοιευ
3102 4845 3334 4910 _Crcgorii
3374 4846 3433 4892 ad

1912 4906 2101 4971 regem.
2124 4911 2195 4958 Ad
2212 4906 2448 4969 reginam.
2472 4907 2530 4957 Et
2548 4908 2605 4955 ad
2625 4906 3075 4971 Augustinum—5.
3102 4906 3173 4971 De
3191 4913 3434 4971 monaste-

1913 4967 2159 5030 rio'pmpe
2186 4967 2489 5020 Catilinariatii
2513 4967 2723 5018 condito:
2768 4968 2826 5017 Et
2852 4970 3110 5017 tuonastica
3136 4970 3227 5030 vita
3268 4968 3316 5030 in
3340 4967 3432 5030 Ec-

1906 5028 2053 5081 clesia
2076 5028 2409 5081 Cantuarieusi
2431 5032 2662 5079 insitum.
2694 5031 3010 5078 Luculentum
3037 5034 3094 5076 ea
3121 5029 3183 5077 de
3210 5042 3265 5077 re
3284 5028 3434 5076 Beda)

1908 5095 2319 5142 testimonium.—
2338 5094 2384 5141 6.
2412 5092 2632 5140 Alterum
2658 5104 2719 5140 ex
2748 5092 2881 5139 Beda
2903 5097 3144 5151 sumptum
3165 5097 3431 5151 argumen-

1910 5163 2013 5206 tum
2047 5153 2383 5203 ineluctabile.

1920 5256 1971 5309 1.
1996 5255 2182 5309 Datain
2209 5253 2311 5307 sibi
2335 5268 2363 5307 a
2391 5251 2447 5307 S.
2471 5250 2732 5320 Gregorio
2758 5251 3085 5320 provinciam
3127 5260 3230 5305 tam
3253 5248 3429 5305 felici-

1853 5417 1989 5471 sunt,
2012 5411 2065 5478 in
2089 5416 2236 5478 gente
2255 5406 2432 5478 eadem
2455 5412 2760 5478 coruscant,
2777 5410 2831 5478 ut
2852 5402 3201 5478 apostolorum
3224 5402 3432 5478 virtutes

1851 5483 1902 5535 in
1926 5470 2211 5550 signisque:
2230 5472 2701 5550 exhibent,imitari
2715 5470 3003 5550 videantur.
3027 5470 3091 5549 _In
3114 5471 3436 5550 solemnitate

1848 5541 2018 5603 autem
2040 5541 2312 5601 Dominica
2338 5542 2670 5604 Nativitatis,
2704 5557 2817 5610 qum
2840 5542 2935 5595 hac
2958 5542 3122 5610 prima
3152 5541 3434 5595 indictione

1850 5628 2113 5674 transacta
2131 5626 2205 5671 est
2224 5656 2241 5680 ,
2264 5615 2376 5685 plus
2416 5628 2569 5684 quant
2598 5614 2769 5685 decem
2795 5612 2960 5665 millia
2998 5612 3154 5685 Angli
3170 5610 3232 5662 ab
3255 5610 3446 5685 eodem.

1847 5690 2068 5744 nuntiati
2099 5697 2215 5744 sunt
2246 5682 2405 5758 fratre
2426 5682 2475 5740 et
2498 5682 2795 5753 coepiscopo
2821 5693 2992 5738 nostra
3019 5682 3284 5752 baptizati.
