3992 6296
540 283 642 339 371

1005 280 1064 356 S.
1104 279 1429 338 GRECORH
1471 278 1681 334 ΜὶϐΝι
1724 277 1904 338 VITA,
1948 276 2038 329 EX
2078 276 2244 332 EJUS
2283 276 2588 334 SCRIPTIS
2630 276 3029 331 ADOIINATA.
3071 278 3199 334 LIB.
3240 278 3329 334 111.

3703 281 3824 336 5Ἰῖ

538 411 625 456 ter
651 400 954 472 auspicatus
975 400 1334 469 Augustinus,
1362 399 1604 468 ejusdem
1630 396 1782 467 jussu
1810 396 1865 448 in
1895 392 2123 449 Galliam
2150 400 2196 457 Α
2227 397 2526 453 necessaria
2545 438 2558 460 ,
2587 409 2711 451 vasa
2743 410 2896 452 sacra
2932 396 3210 461 videlicet,
3254 397 3417 466 pallia
3445 396 3744 454 vestiendis
3776 412 3837 458 et

542 493 752 562 traiecit
776 492 868 548 ubi
888 508 921 545 a
944 490 1342 546 Germaniarum
1369 488 1621 559 episcopis
1650 491 1820 558 {acuis
1835 495 1909 540 est
1924 486 2124 555 episcoo

537 598 632 650 1m
654 580 796 653 (Lib.
827 597 938 647 vtu,
969 598 1050 651 ep.
1073 581 1185 651 50).
1234 579 1338 635 Per
1363 578 1683 633 Germanias
1722 574 2013 645 Gregorius
2038 575 2122 630 in-

540 673 730 743 talligit
775 670 975 726 Gallias
1002 679 1132 725 tunc
1178 685 1208 723 a
1241 668 1461 723 Francis
1505 682 1536 723 e
1575 665 1860 722 Germania
1884 664 2126 720 oriundis

536 772 589 817 et
635 762 886 833 profectis
926 770 1233 831 occupatas.
1277 760 1522 815 Forsitan
1560 772 1778 827 quoque
1811 756 2125 813 Germanias

537 854 677 907 inter
702 853 1069 907 Arelatensem
1106 853 1314 907 censuit
1346 852 1677 922 provinciam
1692 853 1761 906 ob
1792 850 2126 921 Burgundio-

535 958 632 1001 nes
662 947 778 1014 ejus
806 945 1008 999 incolas
1035 945 1244 1014 origine
1272 944 1571 1000 Germanos
1611 943 1762 1014 (Lib.
1788 958 1823 997 v
1843 986 1858 1009 ,
1890 961 1972 1012 ep.
1998 940 2122 1012 ‘55).

535 1036 733 1093 Eadem
760 1037 903 1091 enim
930 1036 1143 1092 ratione
1171 1036 1494 1107 Apollinaris
1516 1034 1768 1090 Sidonius
1793 1034 2127 1103 provinciam

536 1128 792 1197 Lugdune
814 1128 1112 1190 subditam,
1146 1127 1554 1196 Lugdunensem
1575 1124 1918 1182 Germaniam
1941 1124 2127 1195 appel-

534 1220 628 1274 lat.
662 1218 741 1273 Ab
764 1219 1025 1288 episcopo
1066 1218 1363 1273 Arelatensi
1395 1218 1701 1272 ordinatum
1745 1216 1908 1271 luisse
1942 1214 2125 1283 Augu-

534 1310 733 1365 stinum
760 1310 925 1365 refert
948 1308 1089 1364 Beda
1121 1307 1308 1379 (Beda,
1342 1307 1431 1362 lib.
1452 1323 1487 1371 ι,
1519 1324 1563 1360 c.
1586 1305 1717 1375 27),-
1748 1320 1907 1375 quem
1930 1317 2129 1360 memo-

538 1401 613 1454 ria
642 1399 823 1467 lapsus
862 1399 1139 1453 Etherium
1188 1399 1450 1451 nominat.

598 1492 656 1545 ε.
690 1492 745 1545 in
796 1491 1018 1545 insulam
1050 1505 1297 1543 reversus
1327 1502 1496 1542 novus
1525 1484 1801 1555 apostolus
1829 1486 1946 1554 ipso
1974 1493 1999 1522 ι
2022 1484 2128 1539 Na-

538 1584 656 1639 talis
698 1582 909 1637 Domini
950 1582 1037 1637 die
1076 1582 1197 1650 plus
1226 1595 1384 1650 quam
1413 1579 1599 1633 decem
1632 1577 1926 1648 Anglorum
1960 1575 2125 1630 millia

538 1672 842 1726 lustralibus
881 1672 1035 1740 aquis
1065 1670 1241 1724 tinxit.
1269 1668 1424 1735 Quod
1466 1668 1759 1723 indictione
1794 1681 1810 1723 t
1838 1666 2128 1736 contigisse

2227 485 2481 541 ornandis
2502 487 2776 550 altaribus,
2802 487 3153 542 sacerdotalia
3171 487 3501 553 indumenta,
3524 497 3833 561 martyrum

2227 575 2479 644 reliquias
2499 617 2513 642 ,
2560 584 2616 632 et
2658 575 2876 632 codices
2900 576 3162 646 plurimos
3186 576 3389 647 (Beda,
3434 577 3527 632 tib.
3553 594 3599 643 l,
3631 595 3678 633 τ.
3712 578 3833 649 29).

2228 666 2447 721 Addidit
2487 668 2703 734 pallium
2739 676 2794 723 et
2822 669 3104 738 epistolam
3140 684 3246 737 qua
3274 685 3417 725 novo
3460 669 3714 741 apostolo
3764 674 3837 729 de

2228 757 2522 824 Anglorum
2553 758 2908 812 conversione
2926 798 2939 822 ,
2971 772 3035 813 ac
3058 758 3127 813 de
3156 758 3378 827 patratis
3401 760 3468 813 ab
3516 760 3633 831 ipso
3660 760 3836 813 mira-

2227 852 2363 906 culis
2394 852 2464 905 ita
2490 849 2898 918 gratulabatur,
2932 859 2992 905 ut
3017 850 3083 904 ad
3113 852 3467 907 humilitatem
3498 852 3642 908 etde
3667 867 3835 908 acce-

2228 942 2333 1012 ptis
2371 942 2525 995 donis
2568 939 2906 994 formidinem
2936 939 3282 995 nihilominus
3312 941 3628 1011 discipulum
3664 956 3835 996 suum

2228 1043 2581 1102 provocaret,
2622 1040 2655 1084 a
2688 1031 2937 1101 reprobis
2977 1032 3119 1086 facta
3161 1031 3422 1086 miracula
3462 1030 3514 1087 ei
3560 1031 3839 1101 objicirms

2228 1121 2369 1193 (Lib.
2393 1136 2475 1187 xt,
2507 1134 2589 1192 ep.
2626 1118 2728 1187 28;
2757 1120 2917 1187 Beda,
2947 1120 3036 1175 lib.
3066 1136 3111 1188 ι,
3138 1136 3189 1175 c.
3220 1120 3335 1189 3i).

2297 1235 2351 1309 fi.
2380 1234 2608 1302 Scripsit
2651 1248 2867 1304 quoque
2910 1230 3222 1289 Edilbertho
3250 1235 3396 1303 regi,
3422 1235 3623 1303 gratias
3654 1244 3834 1303 agens

2228 1338 2325 1393 pro
2354 1323 2459 1379 ﬁde
2480 1322 2783 1378 Christiana
2811 1337 2972 1392 quam
3010 1332 3348 1393 susceperat,
3396 1332 3451 1378 ct
3497 1324 3646 1378 velut
3689 1324 3837 1378 alter

2227 1411 2607 1468 Constantinus
2641 1421 3063 1483 propagaverat;
3100 1427 3204 1482 qua
3231 1412 3284 1466 in
3315 1412 3542 1482 epistola
3572 1412 3837 1481 Augusti-

2228 1520 2354 1558 num
2385 1505 2631 1574 impense
2659 1502 2870 1569 laudat,
2902 1502 3047 1572 quod
3078 1503 3131 1558 in
3161 1502 3470 1559 monasterii
3504 1503 3691 1571 regula
3732 1503 3837 1557 do-

2226 1606 2345 1653 ctus
2373 1597 2470 1663 sit,
2499 1612 2665 1652 sacrae
2693 1595 2981 1666 Scripturae
3013 1596 3234 1651 scientia
3272 1595 3540 1665 repletus,
3572 1603 3629 1649 et
3648 1595 3836 1661 bonis,

2228 1699 2450 1744 auctore
2472 1689 2601 1753 Deo,
2619 1688 2874 1759 praeditus
2896 1682 3146 1758 operibus
3171 1706 3182 1741 :
3205 1686 3397 1756 dignus
3417 1686 3647 1757 proinde
3666 1702 3836 1756 quem

537 1772 761 1819 “35131”?
787 1762 1082 1832 Gregorius
1110 1762 1177 1817 3d
1222 1762 1505 1831 Ευίοὲίυηι
1553 1760 1795 1816 scribens
1838 1758 2117 1831 (Lib-""2
2160 1762 2204 1821 Β
2231 1795 2327 1833 rex
2375 1758 2687 1835 monentem
2731 1778 2943 1847 audiat,
2988 1778 3076 1836 cui
3121 1777 3369 1835 suadenti
3420 1790 3631 1835 morem
3680 1788 3838 1850 gerat

535 1868 614 1924 ep.
643 1855 765 1927 50),
812 1857 917 1913 hoc
945 1864 1029 1914 est
1072 1856 1417 1930 pontiﬁcatus
1455 1856 1536 1911 sui
1568 1870 1710 1909 anno
1747 1861 1960 1909 octavo.
2002 1850 2127 1905 Mox

536 1947 860 2019 Augustinus
887 1946 1020 2002 duos
1046 1961 1111 2004 ex
1132 1946 1433 2011 sodalibus,
1463 1943 1806 2000 Laurentium
1831 1947 1886 1996 et
1910 1939 2127 1997 Petrum

536 2041 762 2096 Romam
788 2041 962 2106 misit,
992 2048 1049 2094 ut
1075 2039 1143 2095 de
1170 2040 1420 2095 omnibus
1442 2052 1564 2108 quas
1592 2045 1740 2106 gesta
1769 2034 1982 2089 fuerant
2006 2046 2126 2088 cer-

537 2131 727 2187 tiorem
752 2132 991 2187 facerent
1012 2138 1259 2188 sanctum
1288 2128 1617 2204 pontificem,
1645 2140 1878 2195 eumque
1906 2125 1971 2180 de
1993 2140 2130 2180 non-

537 2223 696 2280 nullis
743 2223 1128 2293 quaestionibus
1190 2222 1588 2292 interrogarent
1650 2228 1709 2273 et
1764 2217 2128 2281 consulerent,

535 2318 670 2380 quas
707 2327 827 2368 cum
863 2312 1032 2382 ipsius
1079 2311 1352 2380 responsis
1380 2310 1447 2365 ad
1482 2309 1721 2378 singulas
1759 2308 1985 2376 legimus
2012 2312 2131 2360 tum

536 2399 677 2469 apud
707 2396 933 2463 Bedam,
970 2410 1081 2456 tum
1110 2400 1163 2453 in
1192 2398 1554 2470 Epistolarum
1595 2398 1847 2467 Registro
1878 2396 2015 2468 (Lib.
2047 2412 2125 2462 ιι,

536 2498 617 2560 ep.
647 2486 774 2561 64),
796 2490 1083 2560 Praecipute
1128 2498 1254 2545 sunt
1281 2490 1348 2545 de
1374 2498 1605 2558 quatuor
1644 2488 2130 2544 ecclesiasticarum

536 2579 802 2636 redituum
832 2590 888 2636 ct
918 2583 1251 2640 oblationum
1267 2584 1604 2654 portionibus
1620 2583 1894 2651 faciendis,
1926 2585 1996 2640 de
2017 2584 2129 2639 cle-

534 2675 659 2729 n'eis
686 2682 809 2743 post
848 2684 1156 2745 susceptum
1205 2676 1515 2731 clericatum
1539 2678 1841 2746 conjugatis
1859 2720 1875 2745 ,
1905 2676 1975 2733 de
1994 2692 2130 2734 con-

533 2764 902 2831 sanguinitatis
926 2765 1306 2835 affinitatisque
1329 2766 1582 2835 gradibus
1601 2768 1999 2822 matrimonium
2032 2771 2132 2823 imo

533 2854 889 2923 pedientibus,
922 2856 990 2910 de
1016 2856 1357 2912 ordinatione
1388 2857 1787 2927 episcoporum.
1818 2853 2131 2914 Canonibus

532 2948 744 3016 quidem
774 2957 991 3005 cautum
1018 2958 1152 3017 erat,
1172 2959 1236 3006 ut
1254 2950 1509 3021 episcopo
1530 2951 1758 3006 alterum
1790 2950 2128 3007 consecranti

532 3034 640 3093 duo
675 3038 764 3092 alii
805 3040 1056 3095 adessent
1091 3041 1361 3112 episcOpi,
1414 3041 1610 3099 'saltem
1660 3040 1821 3113 281
1874 3049 2127 3110 tanquam

2232 1868 2371 1942 (Lib.
2398 1888 2479 1935 ιι,
2516 1889 2596 1947 ep.
2624 1869 2734 1940 66).

2300 1966 2439 2019 Ante
2484 1964 2630 2019 illam
2680 1958 2996 2018 Edilbertho
3045 1962 3157 2032 regi
3204 1963 3463 2032 scriptam
3515 1959 3835 2033 epistolam,

2229 2053 2517 2123 Gregmius
2544 2052 2753 2109 Berthte
2781 2054 2945 2124 ipsius
2976 2054 3133 2108 uxori
3162 2054 3479 2124 scripserat,
3514 2054 3563 2109 ei
3587 2053 3839 2124 gratula-

2231 2152 2317 2200 tus
2345 2146 2488 2215 quod
2520 2154 2772 2215 tanquam
2812 2145 2981 2200 altera
3017 2144 3218 2200 Helena
3243 2187 3257 2213 ,
3285 2144 3626 2200 Constantini
3658 2146 3841 2214 impe-

2230 2237 2424 2291 ratoris
2452 2245 2640 2303 mater,
2682 2236 2800 2293 zelo
2833 2236 2952 2292 ﬁdei
2982 2251 3228 2302 accensa,
3258 2237 3600 2291 conversioni
3626 2236 3840 2307 Anglo—

2231 2344 2351 2382 rum
2407 2343 2627 2398 Operam
2682 2328 2871 2395 daret;
2928 2343 3047 2383 eam
3101 2335 3279 2382 tatnen
3340 2327 3501 2383 tacite
3550 2328 3840 2397 neglectus

2231 2432 2460 2487 arguens
2487 2420 2557 2474 ob
2604 2417 2975 2474 Edilbertbum
3006 2417 3074 2472 ad
3101 2419 3455 2473 Christianam
3501 2416 3533 2470 ﬁ
3554 2420 3662 2472 lem
3698 2435 3842 2473 non-

2230 2510 2355 2564 dum
2384 2509 2499 2578 ejus
2528 2524 2655 2565 cura
2686 2519 2740 2564 et
2763 2509 3043 2579 prudentia
3066 2506 3354 2575 inﬂexum;
3383 2509 3474 2579 qui
3509 2510 3676 2579 paulo
3708 2518 3841 2580 post

2230 2600 2355 2655 Chri
2388 2610 2443 2655 to
2470 2614 2529 2655 se
2555 2600 2785 2655 subdidit
2817 2598 3001 2671 (Ibid.,
3026 2616 3107 2665 ep.
3139 2597 3254 2666 29).

2302 2688 2503 2745 Practer
2541 2692 2820 2761 epistolam
2860 2690 2925 2744 ad
2967 2689 3319 2758 Augustinum
3368 2689 3619 2755 missam,
3670 2687 3841 2758 cujus

2232 2781 2574 2836 meminimus
2600 2797 2759 2851 supra
2783 2780 2923 2851 (Lib.
2952 2797 2998 2847 ι,
3025 2798 3071 2834 c.
3096 2779 3209 2851 ΞΘ),
3238 2781 3455 2836 exhibet
3476 2782 3640 2835 aliam
3664 2796 3842 2836 vene-

2230 2874 2414 2930 rabilis
2460 2874 2640 2942 Beda,
2694 2876 2746 2930 in
2792 2889 2897 2943 qua
2945 2875 3169 2949 legimus
3206 2876 3504 2945 Augustino
3544 2876 3640 2944 jus
3680 2877 3841 2948 pallii

2231 2980 2545 3021 concessum
2569 3012 2582 3033 ,
2621 2975 3055 3037 potestatemque
3087 2968 3268 3021 datam
3303 2967 3582 3039 duodecim
3612 2968 3840 3036 epis-co-

2231 3072 2330 3126 pos
2360 3056 2668 3122 ordinandi,
2711 3058 2801 3127 qui
2830 3058 2945 3126 ejus
2979 3057 3168 3113 ditioni
3207 3058 3578 3133 subjacerent;
3606 3073 3675 3113 ea
3712 3059 3840 3126 lege

534 3138 713 3183 testes.
743 3128 942 3185 Verum
972 3133 1097 3200 quia
1122 3133 1178 3187 in
1208 3128 1500 3203 Anglorum
1532 3129 1771 3187 Ecclesia
1798 3128 2127 3200 Augustinus

2234 3156 2290 3202 ut
2342 3147 2736 3204 Londoniensis
2780 3150 3068 3219 episcopus
3120 3151 3173 3205 in
3212 3159 3485 3220 posterum
3528 3130 3760 3221 Semper
3806 3168 3838 3207 a

532 3218 679 3273 solus
702 3226 836 3273 tunc
861 3229 975 3273 erat
997 3222 1302 3290 episcopus,
1334 3221 1522 3277 annuit
1548 3232 1686 3292 papa
1716 3230 1774 3277 ut
1803 3222 1870 3277 ab
1893 3222 1985 3279 illo
2012 3222 2132 3278 solo

532 3308 773 3380 episcopi
814 3320 1038 3381 possent
1066 3310 1326 3367 ordinari.

601 3416 655 3473 ἕ.
698 3414 1142 3490 Quandoquidem
1185 3422 1253 3477 ab
1296 3423 1576 3491 AuguStini
1613 3420 1811 3491 legatis
1848 3429 2131 3491 acceperat

531 3504 824 3580 Gregorius
855 3525 1083 3565 messem
1115 3512 1168 3565 in
1204 3511 1393 3580 Anglia
1423 3512 1646 3566 multam
1676 3527 1820 3577 esse,
1854 3512 2131 3582 operarios
2170 3582 2179 3591 -

533 3610 713 3656 autem
744 3617 943 3672 paucos
975 3602 1118 3675 (cum
1146 3601 1501 3671 quadraginta
1527 3610 1707 3657 tamen
1729 3602 1942 3657 circiter
1962 3602 2130 3657 sociis

534 3689 585 3744 in
617 3692 840 3747 insulam
876 3693 1014 3747 hanc
1045 3692 1297 3763 appulsus
1332 3687 1550 3761 fuerat),
1583 3704 1778 3745 novum
1810 3691 2128 3761 subsidium,

533 3785 789 3852 plurimos
816 3785 1065 3840 videlicet
1092 3785 1327 3841 selectos
1368 3783 1434 3839 ad
1463 3786 1612 3841 verbi
1642 3784 1808 3839 divini
1837 3785 2129 3854 altarisque

532 3875 886 3933 ministerium
913 3877 1228 3943 monachos,
1262 3876 1553 3932 Laurentio
1580 3878 1634 3931 et
1662 3870 1823 3931 Petro
1853 3875 2125 3945 adiunxit;

533 3975 757 4036 quorum
795 3967 1044 4039 prascipui
1074 3966 1290 4024 fuerunt
1319 3965 1579 4034 Mellitus,
1606 3960 1816 4032 Justus,
1848 3962 2125 4035 Paulinus,

534 4058 866 4120 Ruﬁnianus.
910 4060 1237 4119 Transituris
1280 4078 1376 4133 per
1413 4060 1639 4116 Galliam
1666 4054 1696 4100 τ’
1724 4058 1933 4117 litteras
1976 4062 2128 4116 dedit

534 4152 1000 4209 commendatitias
1020 4153 1088 4209 ad
1105 4150 1501 4208 Brunichildem
1526 4151 1789 4221 reginam,
1815 4150 1879 4205 ad
1902 4163 2055 4219 reges
2072 4158 2127 4204 et

537 4246 600 4299 ad
629 4244 929 4314 praecipuos
952 4240 1247 4300 Galliarum
1291 4243 1608 4313 episcopos,
1648 4243 1700 4297 in
1730 4242 1921 4312 qu’bus
1950 4240 2125 4295 omni-

535 4336 634 4390 bus
663 4334 920 4389 Mellitum
938 4336 1204 4400 abbatem,
1244 4344 1470 4390 cteteros
1488 4350 1615 4389 vero
1632 4335 1927 4390 monachos
1940 4342 2121 4389 vocat.

536 4422 614 4478 Ex
644 4424 973 4482 monasterio
985 4421 1042 4479 S.
1062 4424 1287 4479 Andreae
1302 4423 2122 4493 prodiissesupplemen‘tumhoc

2232 3237 2446 3307 propria
2473 3237 2679 3307 synodo
2700 3248 3127 3303 consecraretur,
3160 3240 3487 3311 palliumque
3517 3240 3584 3296 ab
3608 3249 3841 3310 apostn.

2232 3326 2333 3381 lica
2363 3326 2491 3382 sede
2523 3327 2793 3397 acciperet
2831 3327 2977 3398 (Lib.
3023 3346 3107 3397 χι,
3150 3347 3231 3409 ep.
3265 3327 3388 3400 65).
3426 3330 3838 3386 Eboracensem

2231 3432 2444 3488 quoque
2483 3419 2793 3488 episcopum
2841 3419 2907 3474 ab
2953 3420 3071 3491 ipso
3118 3420 3501 3486 ordinandum,
3544 3422 3843 3477 constituit

2232 3507 2486 3578 deinceps
2514 3510 2931 3578 metropolitano
2956 3510 3076 3581 jure
3101 3513 3357 3583 palliique
3385 3514 3594 3569 honore
3621 3515 3840 3585 potitu-

2231 3615 2379 3664 rum;
2413 3615 2443 3653 a
2473 3614 2613 3667 quo,
2644 3601 2689 3655 si
2734 3599 2972 3655 ﬁnitima:
3001 3601 3160 3656 urbes
3204 3602 3427 3657 verbum
3465 3601 3560 3658 Dei
3612 3604 3839 3675 recipe-

2230 3700 2385 3754 rent,
2415 3690 2699 3746 duodecim
2743 3693 2980 3762 episcopi
3008 3676 3439 3748 instituerentur:
3469 3692 3599 3749 Post
3640 3696 3841 3764 Augu-

2231 3780 2352 3835 stini
2370 3790 2621 3844 mortem,
2640 3795 2799 3849 quem
2820 3782 3061 3850 quandiu
3097 3782 3324 3844 vireret,
3339 3782 3511 3837 voluit
3531 3781 3841 3852 Gregorius

2230 3870 2433 3939 Angliae
2458 3870 2749 3940 primatum
2780 3871 3051 3936 obtinere,
3085 3872 3324 3928 decrevit
3352 3883 3410 3927 ut
3437 3889 3504 3928 ex
3531 3873 3841 3929 Lundoniae

2229 3974 2293 4014 ac
2322 3958 2579 4014 Eboracm
2607 3960 2840 4015 civitatis
2871 3961 3138 4031 episcopis
3173 3962 3263 4019 ille
3290 3962 3490 4033 primas
3510 3962 3836 4027 haberetur,

2229 4048 2317 4118 qui
2347 4050 2496 4119 prior
2523 4050 2712 4105 fuisset
2733 4051 3031 4106 ordinatus.
3063 4050 3141 4105 Ex
3167 4052 3269 4107 hac
3298 4052 3524 4122 cpistola
3553 4052 3841 4120 conjicere

2230 4140 2354 4195 licet
2379 4156 2588 4196 summo
2627 4141 2869 4212 pontiﬁci
2904 4142 3054 4211 prius
3084 4142 3384 4212 placuisse,
3414 4151 3471 4197 ut
3498 4143 3841 4211 Augustinus

2234 4234 2713 4303 Londonitepotius
2729 4249 2887 4304 quam
2901 4234 3564 4290 Doroberniaeeatbcdram
3578 4235 3836 4291 haberet.

2229 4327 2402 4381 Aliter
2425 4343 2555 4381 vero
2585 4328 2757 4385 visum
2780 4335 2863 4383 est
2890 4337 3116 4396 postea;
3150 4329 3428 4399 primaque
3443 4328 3597 4383 sedes
3613 4330 3837 4399 episco-

2226 4418 2362 4487 palis
2401 4417 2635 4487 Anglite,
2666 4416 3020 4473 Dorobernite
3064 4432 3160 4473 seu
3192 4417 3495 4473 Cantuarite
3536 4420 3827 4474 remansit.

536 4510 963 4581 praedicatorum,
1000 4512 1141 4567 unde
1168 4512 1327 4566 etiam
1361 4512 1567 4582 priores
1595 4512 1793 4578 educti,
1824 4512 2125 4581 signiﬁcare
2151 4512 2231 4587 Di
2294 4509 2353 4565 ὅ.
2389 4508 2716 4576 Augustinus
2750 4523 2923 4578 prope
2960 4507 3207 4564 eamdem
3253 4509 3525 4565 civita'em
3552 4519 3838 4564 monaste-

534 4599 786 4656 videntur
822 4600 908 4654 illa
940 4601 1101 4656 verba
1148 4602 1390 4669 epistola:
1429 4601 1497 4654 ad
1544 4600 1802 4655 Mellitum
1834 4600 2078 4655 abbatem
2111 4619 2125 4654 :

537 4680 666 4745 Post
736 4690 1017 4746 discessum
1077 4693 1493 4762 congregationis
1549 4700 1738 4746 nostra:
1794 4705 1908 4761 qua:
1965 4698 2128 4744 tecum

535 4793 753 4849 est,etc.
780 4784 928 4855 (Lib.
960 4799 1031 4849 ιι,
1058 4794 1164 4855 ep.’
1185 4785 1297 4852 76).
1328 4784 1483 4851 Quod
1508 4794 1826 4853 argumento
1852 4792 1933 4839 est
1952 4796 2129 4854 “quan-

537 4881 648 4929 tum
670 4871 886 4930 ﬂoreret
906 4875 1291 4943 Gregorianum
1315 4877 1416 4931 hoc
1439 4876 1764 4931 emnobium.

602 4958 710 5015 Per
738 4972 832 5018 eos
866 4978 1001 5037 papa
1032 4964 1182 5018 misit
1222 4965 1286 5017 ad
1335 4965 1691 5032 Augusdnum
1722 4978 1948 5033 qumque
1969 4973 2125 5020 erant

536 5050 602 5105 ad
629 5053 830 5108 cultum
859 5054 1096 5110 divinum
1126 5063 1181 5110 et
1208 5055 1275 5109 ad
1301 5056 1653 5111 ministerium
1698 5055 2125 5111 ecclesiasticum

608 5171 633 5198 ⁴ι
664 5160 888 5217 Siricius
908 5180 1042 5233 papa
1069 5166 1121 5220 in
1142 5181 1227 5235 ep.
1249 5166 1311 5219 ad
1330 5164 1621 5220 Himerium
1638 5165 1927 5219 Tarracon.
1950 5176 2074 5235 can.
2091 5166 2128 5219 ‘2

540 5231 757 5304 damnat
780 5231 994 5301 quidem
1023 5251 1119 5290 eos
1155 5231 1247 5302 qui
1285 5236 1483 5304 passim
1529 5236 1807 5302 baptizant
1836 5236 1888 5288 in
1920 5234 2122 5290 Natali-

537 5302 625 5356 tiis
646 5301 838 5357 Christi
856 5304 1080 5375 aliisque
1093 5301 1551 5371 solemnitatibus;
1569 5301 1849 5375 selumque
1868 5304 2128 5363 Paschale

540 5378 749 5441 tempus
777 5388 841 5429 ac
871 5372 1223 5430 Pentecosten
1251 5376 1485 5444 assignat
1511 5377 1577 5430 ad
1605 5372 1984 5431 celebrandum
2024 5376 2123 5431 ba-
2178 5438 2181 5439 ν

536 5444 813 5563 gtismum.
836 5443 916 5497 Ab
940 5445 1039 5500 hac
1058 5454 1238 5500 tamen
1260 5443 1446 5500 eximit
1466 5447 1582 5515 lege
1600 5445 1933 5502 necessitatis
1947 5460 2123 5503 casus.

578 5525 681 5563 ane
720 5510 1055 5563 Clodovmus-
1077 5516 1167 5563 aui
1208 5516 1410 5563 mimus
1452 5534 1514 5563 ex
1562 5517 1887 5563 Francorum
1913 5517 2123 5563 renibus

578 5525 681 5590 arte
707 5510 1055 5590 Clodovmus,
1077 5516 1168 5590 qui
1208 5516 1410 5590 primus
1452 5510 1887 5590 ex'Erancorum
1912 5517 2127 5590 regibus

538 5577 756 5634 Christo
782 5596 978 5653 nomen
1007 5577 1184 5652 dedit,
1210 5577 1312 5640 "die
1353 5585 1553 5642 Natalis
1586 5586 1795 5641 Domini
1827 5577 2126 5653 haptiiatus

539 5656 628 5727 est
645 5663 779 5728 cum.
802 5650 984 5728 multis
1012 5650 1506 5728 aliis,'c_x-e_pistola
1534 5655 1776 5728 S.AAviti
1814 5650 2126 5728 Viennensis

543 5718 887 5797 cpiscopi'agl
918 5718 1161 5797 eumdem
1190 5718 1551 5797 Clod'ovzeum.
1594 5724 1747 5797 Quod
1781 5726 2125 5797 conﬁrmatur

547 5786 811 5843 Anastasii
828 5786 875 5850 ll
894 5789 962 5850 ad
982 5791 1151 5861 ipsum
1174 5793 1454 5852 scribentis
1483 5809 1567 5866 ep.
1598 5786 1670 5849 ‘2':
1699 5794 1881 5861 Tuum,
1907 5796 2127 5865 gloriose

2231 4599 2369 4653 rium
2398 4599 2729 4664 construxit,
2755 4600 2807 4653 in
2834 4613 2964 4668 quo,
2988 4599 3106 4668 ipso
3134 4610 3381 4664 auctore,
3410 4615 3504 4655 rex
3527 4598 3835 4655 Ecclesium

2230 4691 2507 4745 beatorum
2547 4690 2913 4759 apostolorum
2943 4688 3089 4744 Petri
3120 4698 3181 4744 et
3223 4689 3376 4745 Pauli
3424 4690 3641 4745 nomine
3656 4690 3835 4745 rediti-

2228 4783 2342 4838 cari
2356 4782 2600 4848 curavit,
2626 4796 2697 4837 ac
2726 4781 2961 4836 diversis
2987 4781 3177 4837 ditavit
3212 4782 3400 4847 donis;
3431 4796 3549 4849 quae
3578 4781 3834 4849 ejusdem

2230 4870 2514 4940 Augustini
2541 4879 2595 4926 et
2622 4870 2861 4926 omnium
2886 4870 3142 4941 deinceps
3167 4871 3544 4941 episcoporum
3566 4871 3838 4927 Dorober—

2230 4965 2495 5029 neusium,
2520 4979 2735 5021 necnon
2766 4976 2953 5031 regum
2981 4963 3155 5019 Cantii
3172 4965 3532 5020 conditorium
3558 4964 3679 5018 fuit.
3712 4964 3833 5021 Hoc

2229 5054 2615 5110 monasterium
2640 5052 2872 5122 primum
2885 5053 3133 5109 abbatem
3149 5054 3335 5109 habuit
3351 5052 3568 5109 Petrum
3588 5065 3608 5092 ε
3632 5069 3830 5108 mona-

2231 5163 2339 5218 Fiti
2358 5204 2372 5229 ,
2396 5164 2451 5217 in
2474 5163 2774 5217 Christiana
2802 5163 2906 5233 ﬁde
2929 5177 3044 5215 cum
3076 5166 3289 5233 errordio
3320 5172 3501 5216 nostra
3530 5163 3584 5215 in
3607 5165 3829 5233 pontiﬁ-

2234 5244 2355 5288 catu
2405 5234 2679 5303 contigisse
2755 5232 3065 5286 ratulamur.
3110 5232 3277 5287 Porro
3315 5233 3629 5287 Anastasius
3658 5232 3831 5300 paulo

2234 5314 2358 5357 ante
2399 5302 2641 5357 Natalem
2681 5252 2880 5357 Christi
2915 5303 3057 5357 diem
3107 5301 3479 5357 pontiﬁcatum
3518 5302 3831 5357 ausoicatus

2233 5314 2358 5359 ante
2399 5301 2641 5359 Natalem
2681 5301 2880 5358 Christi
2915 5303 3057 5358 diem
3107 5301 3479 5374 pontiﬁcatum
3518 5302 3831 5372 auspicatus

2234 5384 2336 5483 wh.
2364 5434 2513 5513 Lege
2526 5446 2619 5502 lib.
2645 5462 2698 5501 ιι
2720 5443 2975 5513 epistolas
2999 5443 3088 5511 54,
3118 5442 3190 5498 53
3213 5451 3268 5498 et
3284 5454 3497 5516 septem
3519 5444 3832 5501 immed’ate

2232 5527 2739 5663 swﬁicesltomam
2766 5600 2888 5640 cum
2935 5584 3462 5663 Laurentio_missus
3510 5585 3629 5663 fuit.
3684 5582 3830 5663 itaita

2231 5655 2445 5722 quidem
2480 5670 2605 5709 eum
2652 5664 2811 5728 vocat
2852 5659 3487 5728 tantumpresbytcrum
3518 5657 3640 5728 loco
3686 5656 3835 5710 iudi-

2231 5732 2351 5794 cato
2380 5742 2391 5776 :
2424 5740 2608 5778 verum
2640 5742 2687 5781 c.
2719 5725 2789 5777 27
2814 5725 3055 5794 ejusdem
3082 5726 3203 5783 libri
3238 5725 3487 5785 eumdem
3512 5725 3677 5783 fuisse
3705 5740 3828 5781 mo—

2229 5793 2462 5850 nachum
2504 5795 2647 5853 clare
2683 5795 2856 5853 docet.
3534 5798 3537 5801 ’
