3992 6326
115 247 210 304 375
588 237 646 292 5.
688 233 1013 290 CBECOllll
1055 231 1262 288 MACNI
1307 231 1483 295 \‘l'I‘A,
1527 230 1613 284 EX
1657 229 1820 285 EJUS
1857 228 2154 284 SCRIPTIS
2189 225 2580 285 ADURNATA.
2625 230 2731 284 LIB
2769 230 2854 284 ΙΙΙ.
3254 235 3358 289 571»

113 387 120 400 .-
139 361 252 414 hum
299 359 353 407 et
388 348 791 419 presbyterum,
843 345 998 415 cujus
1032 344 1142 413 jam
1197 344 1558 398 meminimus.
1600 342 1676 397 De
1702 346 1749 402 Α
1777 345 1950 396 omnia
1973 345 2213 414 cumipso
2235 346 2468 415 episcopo
2489 348 2720 418 regulam
2737 355 2956 400 servent.
2981 346 3148 412 Quam
3163 351 3358 404 vivendi

113 444 335 513 ejusdem
372 437 690 499 sanctitate,
727 443 901 486 morte
922 473 937 498 ,
987 431 1248 498 editisque
1285 440 1408 500 post
1443 438 1673 486 mortem
1778 449 2014 487 normam
2038 436 2251 489 multum
2275 453 2330 489 se
2369 437 2584 508 diligere
2613 437 2843 506 probarit
2871 438 3048 492 beatus
3071 457 3207 510 papa
3225 439 3360 494 Gre-

117 537 175 589 ad
211 533 325 602 ejus
370 527 680 598 sepulcrum
735 524 1008 579 miraculis
1063 523 1317 593 legendus
1348 522 1676 576 venerabilis
1780 524 1977 594 gorius,
2001 540 2115 578 cum
2143 526 2423 580 sciscitanti
2445 544 2533 596 per
2552 528 2750 582 litteras
2777 529 3061 599 Augustino
3091 547 3237 601 quem
3257 532 3366 599 pri-

125 625 409 694 Anglicante
462 618 704 674 historia:
747 616 983 686 scriptor
1013 615 1198 685 (Beda,
1229 613 1321 668 lib.
1375 629 1413 678 ι,
1455 629 1502 667 c.
1560 612 1675 683 '53).
1781 631 1918 669 mum
1946 617 2083 685 genti
2112 615 2391 686 Anglorum
2419 619 2709 688 episcopum
2745 622 2979 684 miserat,
3010 621 3231 692 quali‘er
3253 624 3364 691 epi-

1783 705 1926 776 scopi
1958 721 2071 758 cum
2110 707 2214 759 suis
2249 707 2448 760 clericis
2497 713 2788 764 conversari
2829 711 3077 780 debeant,
3102 713 3367 782 respondit
3423 717 3433 726 '

1784 795 1918 848 inter
1939 794 2046 848 alia
2077 812 2093 849 :
2127 795 2235 850 Sed
2253 799 2381 865 quia
2410 807 2498 852 tua
2528 801 2829 868 fraternitas
2858 807 3155 860 monasterii
3178 806 3371 876 regulis
3409 827 3411 830 ί

1785 884 1986 936 erudita
2005 901 2233 939 seorsum
2259 887 2374 955 ﬁeri
2398 905 2499 942 non
2519 890 2665 944 debet
2685 908 2717 944 a
2745 894 2942 948 clericis
2959 895 3085 954 suis.
3116 898 3168 948 in
3191 895 3371 948 Eccle-

1788 971 1868 1024 sia
1892 971 2196 1042 Anglorum,
2223 991 2334 1044 qua
2361 976 2468 1030 Deo
2503 987 2712 1032 auctore
2739 997 2898 1048 nuper
2929 983 3096 1035 adhuc
3119 984 3190 1036 ad
3215 984 3370 1052 ﬁdem

1790 1057 2035 1129 perducta
2078 1072 2190 1126 est;
2230 1063 2363 1116 hanc
2413 1066 2557 1119 debet
2603 1072 3038 1125 concersationem
3074 1074 3370 1137 instituere,

1793 1165 1906 1219 quia
1950 1150 2006 1202 in
2050 1151 2201 1205 initio
2255 1155 2511 1207 nascentis
2557 1154 2807 1210 Ecclesia:
2863 1161 2959 1228 fuit
3005 1164 3237 1230 patribus
3277 1181 3372 1217 no-

1793 1241 1913 1294 stris
1928 1283 1945 1308 ,
1966 1249 2101 1306 -etc.,
2132 1252 2189 1296 ut
2215 1258 2394 1312 supra.

181 741 239 794 In
266 734 498 790 Ecclesia
529 747 743 803 quoque
784 729 1196 800 metropoiitana
1224 727 1589 783 Cantuariensi
1621 725 1678 781 S.

133 828 428 900 Augustinus
465 825 634 879 vitam
666 823 969 880 observavit
1013 821 1384 877 emnobiticam
1422 836 1542 875 cum
1572 819 1684 873 suis

136 925 290 987 sociis,
317 931 366 976 et
394 918 787 974 observandam
813 916 1064 986 deinceps
1089 914 1318 970 instituit
1336 957 1348 976 ,
1386 929 1452 967 ex
1481 911 1524 966 G
1558 918 1689 980 ego-3

141 1016 190 1070 rii
206 1010 418 1068 consilio
434 1009 520 1063 vel
541 1016 812 1078 praecepto
834 1007 919 1061 his
935 1007 1113 1061 verbis
1135 1007 1260 1060 dato
1285 1024 1296 1058 :
1323 1003 1477 1070 Quia,
1495 1003 1684 1070 inquit,

142 1115 212 1158 tua
251 1101 545 1173 fraternitas
589 1099 889 1152 monasterii
925 1097 1114 1168 regulis
1173 1096 1408 1159 erudita,
1459 1110 1689 1148 seorsum

141 1197 277 1248 avere
298 1206 398 1243 non
427 1188 576 1241 debet
601 1205 632 1240 α
662 1188 858 1241 clericis
889 1189 995 1240 suis
1030 1188 1085 1240 in
1111 1184 1344 1238 Ecclesia
1383 1184 1688 1254 Anglorum,

141 1300 233 1354 qua:
259 1290 454 1334 mzctore
497 1277 604 1332 Deo
644 1295 804 1348 nuper
832 1278 901 1330 ad
940 1277 1096 1346 ﬁdem
1129 1276 1372 1346 perducta
1406 1284 1511 1342 est,
1559 1275 1692 1327 hanc

145 1375 265 1428 debet
287 1371 546 1425 instituere
579 1370 1014 1422 conversationem
1048 1383 1161 1437 quia
1186 1367 1241 1419 in
1264 1366 1413 1419 initio
1437 1365 1692 1418 nascentis

146 1461 361 1517 Ecclesia:
389 1461 484 1530 fuit
514 1457 742 1527 patribus
783 1459 973 1511 nostris
991 1498 1004 1521 ,
1043 1459 1104 1528 in
1129 1454 1308 1527 quibus
1329 1455 1497 1508 nullus
1521 1470 1696 1510 eorum

144 1571 198 1608 ex
223 1555 291 1606 bis
316 1566 424 1624 quin
453 1549 782 1618 possidebant
812 1548 1009 1619 aliquid
1038 1564 1184 1601 suum
1212 1563 1320 1601 esse
1347 1546 1568 1612 dicebat,
1608 1545 1698 1599 sed

146 1655 269 1701 erant
288 1646 383 1700 illis
410 1644 586 1697 omnia
613 1643 902 1695 communia
918 1639 1054 1712 (Lib.
1081 1657 1156 1709 XI,
1186 1657 1264 1711 ep.
1299 1639 1412 1709 64).

1867 1349 1946 1405 Ex
1977 1359 2083 1405 tam
2113 1354 2411 1423 perSpicuis
2450 1355 2629 1412 verbis
2657 1371 2796 1425 pene
2823 1358 3024 1413 oculati
3073 1375 3135 1413 ac
3166 1360 3379 1416 indubi-

1799 1449 1924 1497 tatae
1970 1442 2092 1497 liuet
2133 1446 2288 1499 testis
2338 1454 2488 1515 patet
2532 1446 2994 1503 Dorobernensem
3049 1449 3378 1515 Ecclesium,

1799 1546 1950 1600 mque
1993 1547 2056 1587 ac
2093 1533 2622 1604 Lendist‘arnensem,
2654 1551 2750 1605 pro
2789 1536 2935 1592 clero
2979 1552 3078 1593 suo
3112 1539 3259 1594 solos
3288 1539 3381 1593 ba-

1803 1623 1982 1679 buisse
2003 1627 2316 1681 monachos.
2343 1624 2496 1682 Unde
2519 1628 2702 1681 mirari
2729 1628 2870 1682 subit
2891 1629 3080 1699 nuperi
3107 1630 3382 1700 scriptoris

206 1757 446 1828 Equidem
485 1755 628 1812 haud
671 1754 879 1810 inticior
909 1754 991 1809 bis
1021 1753 1200 1810 verbis
1233 1767 1385 1822 teque
1413 1751 1699 1820 signiﬁcari
1734 1715 1783 1776 Β
1806 1725 2170 1828 ῩῨᾚΨΘῨἮΠ
2199 1720 2292 1828 ηυξ
2335 1720 2619 1828 “PT”?
2648 1723 3029 1828 ⁰³ξ¹⁰¹ξί⁰⁰ηξξ¹¹
3057 1723 3382 1828 τ⁰ε⁰ξ³ή¹¹¹¹¹

147 1864 282 1920 posse
303 1848 480 1914 ,vitam
528 1846 906 1902 cmuobiticam
935 1852 990 1899 et
1028 1859 1363 1899 communem
1382 1884 1397 1909 ,
1419 1843 1591 1913 qualis
1619 1850 1703 1897 est

149 1938 517 2003 canozsicorum,
549 1945 608 1990 ut
632 1944 846 2001 vocant,
872 1933 1218 2005 regularium,
1246 1949 1308 1988 ac
1328 1935 1702 1992 monasticam.

151 2031 319 2085 Verum
348 2029 410 2084 de
442 2029 852 2084 conversatione
891 2027 1187 2083 monastica
1213 2028 1267 2082 in
1301 2025 1535 2082 Ecclesia
1564 2026 1704 2081 Can-

150 2119 372 2176 tuarieusi
394 2118 636 2173 instituta
663 2118 837 2188 qualis
857 2118 1084 2174 decebat
1105 2116 1458 2186 Augustinum
1481 2116 1705 2185 ejusque

151 2210 304 2265 socios
339 2208 661 2283 monachos,
691 2208 744 2263 id
773 2208 1156 2278 interpretatur
1186 2207 1508 2263 venerabilis
1535 2204 1702 2274 Beda,

149 2316 258 2356 sane
283 2304 377 2355 hac
405 2299 458 2353 in
484 2315 544 2354 re
571 2299 884 2353 audiendus.
909 2297 1043 2353 Cum
1066 2299 1207 2353 enim
1232 2298 1507 2353 historiam
1537 2297 1707 2353 eccle-

151 2391 384 2446 siasticam
414 2406 522 2445 suae
544 2390 719 2458 gentis
753 2391 1038 2445 texendam
1066 2390 1389 2460 suscepisset
1418 2389 1708 2446 accuratis-

152 2486 294 2537 simus
322 2488 374 2536 et
399 2481 742 2538 doctissimus
775 2481 1032 2551 scriptor,
1072 2481 1129 2536 S.
1169 2481 1448 2551 Augustini
1473 2489 1565 2535 aut
1592 2481 1709 2550 ejus

152 2572 502 2642 discipulorum
573 2571 686 2627 lere
735 2587 934 2642 suppar
983 2570 1218 2642 (eodem
1267 2586 1463 2642 nempe
1510 2571 1709 2628 srcculo

157 2667 322 2720 ﬂorere
357 2665 520 2734 erepit
555 2678 663 2734 quo
708 2664 1036 2733 Augustinus
1074 2661 1390 2719 Christiana:
1437 2664 1711 2733 religionis

154 2757 194 2810 in
234 2757 411 2825 Anglia
452 2756 793 2811 fundamch
841 2756 1001 2826 jecit,
1044 2765 1100 2812 et
1139 2765 1287 2812 tanto
1315 2756 1464 2827 operi
1492 2765 1573 2811 est
1607 2743 1709 2811 im-

156 2848 407 2917 mortuus)
453 2864 563 2902 non
613 2847 787 2918 potuit
807 2863 929 2902 cum
959 2847 1168 2916 fugere.
1199 2849 1358 2917 quale
1387 2849 1509 2904 vitae
1543 2861 1713 2917 genus

149 2939 194 2994 in
217 2940 454 3009 primaria
494 2938 790 3007 Anglorum
835 2937 1068 2994 Ecclesia
1092 2979 1106 3006 ,
1147 2939 1465 2994 clericorum
1498 2953 1566 2993 an
1596 2954 1714 2994 mo-

154 3029 412 3082 nachorum
452 3027 742 3084 instituerit
784 3028 868 3081 vir
903 3027 1288 3082 sanctissimus.
1328 3026 1525 3081 Bedam
1555 3027 1714 3096 igitur

154 3121 396 3173 audiamus
432 3120 523 3173 lib.
566 3134 617 3174 tv
649 3118 786 3172 Hist.
818 3117 1019 3172 Ecclus.
1046 3134 1093 3172 c.
1120 3116 1188 3171 27
1228 3136 1239 3170 :
1273 3115 1406 3182 Quia
1432 3118 1709 3188 nimirum,
1741 3087 1788 3152 Ο

158 3209 322 3278 inquit,
341 3209 508 3262 Aidan
531 3211 616 3279 qui
637 3210 832 3278 primus
855 3208 1009 3278 lmjus
1033 3207 1130 3261 loci
1156 3205 1732 3278 (Lendisfarnensium)

154 3301 388 3370 episcopus
427 3302 554 3372 fuit,
602 3317 714 3353 cum
738 3299 1153 3353 monac/tisilluc
1191 3308 1239 3352 et
1279 3301 1389 3370 ipse
1431 3299 1713 3355 monachus

155 3390 424 3450 adveniens,
455 3391 808 3444 monachicam
837 3391 891 3444 in
921 3406 980 3444 eo
1007 3391 1441 3444 conversationem
1471 3391 1712 3445 instituit.

159 3478 392 3543 Quomodo
415 3490 462 3534 et
501 3483 645 3551 prius
685 3481 863 3534 beatus
905 3481 1064 3534 Pater
1091 3481 1406 3551 Augustinus
1444 3483 1498 3534 in
1528 3479 1717 3535 Cantia

159 3573 306 3642 fecisse
332 3575 589 3642 noscitur,
620 3574 870 3628 scribente
907 3575 952 3628 ei
979 3574 1271 3628 beatissimo
1291 3590 1428 3643 papa
1455 3574 1591 3644 quod
1631 3590 1718 3627 su-

160 3683 230 3734 pra
254 3669 509 3736 posuimus
535 3684 552 3720 :
580 3668 674 3722 sed
711 3667 843 3736 quia
887 3675 977 3722 tua
1007 3667 1313 3722 fraternitas
1333 3704 1348 3730 ,
1377 3667 1572 3737 inquit,
1602 3680 1720 3720 mo-

161 3759 346 3812 nastcrii
401 3758 601 3829 regulis
636 3758 878 3823 erudita,
924 3773 1167 3814 seorsum
1216 3756 1330 3812 ﬁeri
1361 3771 1468 3811 non
1497 3756 1658 3810 debet
1686 3771 1719 3811 a
1766 3767 1786 3773 "

163 3847 337 3903 clericis
370 3849 498 3914 suis,
530 3857 636 3905 etc.
664 3848 814 3905 Unde
844 3857 992 3921 patet
1019 3851 1196 3905 minus
1223 3847 1357 3906 ﬁdos
1377 3863 1497 3905 esse
1525 3847 1720 3914 mentis

161 3939 206 3994 S.
231 3939 462 4008 Gregorii
498 3939 847 4010 interpretes,
881 3939 971 4010 qui
1009 3954 1076 3993 cx
1103 3939 1184 3994 his
1220 3938 1399 3994 verbis
1421 3937 1722 3993 extundunt

163 4029 427 4084 clericalem
456 4030 618 4084 vitam
646 4044 805 4100 quam
834 4027 1079 4083 canonici
1100 4027 1375 4098 regulares
1403 4027 1561 4096 vulgo
1590 4027 1722 4082 dicti

164 4128 430 4184 sectantur,
461 4135 492 4173 a
531 4119 691 4174 beato
721 4117 1016 4186 Augustino
1051 4116 1213 4173 fuisse
1249 4118 1301 4172 in
1332 4117 1584 4186 primaria
1612 4116 1722 4171 An-

165 4211 333 4276 glorum
362 4210 603 4265 Ecclesia
633 4210 932 4266 institutam
966 4226 978 4262 :
1010 4209 1110 4263 nisi
1162 4207 1316 4263 fateri
1347 4205 1512 4263 velint
1539 4223 1725 4263 mona—

167 4299 269 4353 chos
310 4300 530 4355 eosdem
577 4314 696 4356 esse
739 4308 900 4370 atque
939 4299 1229 4356 canonicos
1269 4299 1567 4354 communis
1600 4299 1726 4354 vita:

168 4399 446 4448 sectatores.

225 4507 267 4560 6.
291 4507 519 4562 Mentem
550 4521 700 4562 suam
729 4506 928 4561 clarius
961 4505 1193 4575 explicat
1227 4503 1550 4559 venerabilis
1581 4502 1724 4558 Beda

172 4595 215 4650 in
239 4599 330 4653 vita
354 4600 411 4654 S.
447 4598 727 4674 Cutbertbi
754 4613 874 4666 cap.
911 4597 976 4650 16
1009 4596 1101 4650 :N
1106 4614 1230 4667 eque
1261 4597 1446 4667 aliquis
1479 4597 1727 4663 miretur,

174 4686 330 4754 inquit,
356 4690 492 4761 quod
520 4691 574 4743 in
603 4690 781 4743 eadem
817 4689 991 4742 insula
1012 4687 1401 4758 :Lendisfarnea
1419 4726 1434 4752 ,
1473 4703 1586 4740 cum
1616 4702 1733 4756 per-

173 4778 343 4832 modica
369 4781 457 4840 sit,
489 4789 540 4833 et
584 4796 742 4844 supra
768 4781 1026 4849 episcOpi,
1066 4787 1117 4832 et
1155 4795 1290 4831 nunc
1339 4777 1540 4832 abbatis
1573 4778 1732 4847 262

175 4876 212 4918 et
227 4871 574 4924 monachorum
593 4886 702 4923 esse
724 4870 891 4923 locant
919 4869 1220 4922 dixerimus.
1249 4867 1325 4922 Re
1350 4884 1468 4921 vera
1499 4867 1634 4921 enim
1660 4867 1736 4920 ita

175 4963 248 5007 est.
288 4955 516 5031 Namque
571 4975 677 5011 una
717 4958 995 5028 eademque
1038 4973 1296 5012 servorum
1345 4957 1444 5010 Dei
1483 4956 1734 5010 habitatio

177 5054 378 5118 utrosque
397 5049 552 5104 simul
581 5058 733 5103 tenet.
761 5047 876 5102 Ima
895 5064 1071 5103 omnes
1093 5048 1367 5102 monachos
1390 5055 1542 5102 tenet.
1567 5047 1734 5100 Aida-

180 5150 257 5188 nus
287 5141 456 5208 quippe
501 5140 587 5210 qui
630 5139 825 5209 primus
883 5138 1113 5208 ejusdem
1164 5138 1263 5192 loci
1308 5140 1575 5208 episcopus
1615 5141 1732 5210 fuit,

180 5229 420 5283 monac/tus
442 5238 572 5292 erat,
603 5239 652 5283 et
673 5231 1030 5284 monachicam
1052 5247 1165 5284 cum
1191 5230 1297 5284 suis
1319 5229 1550 5284 omnibus
1579 5233 1735 5286 vitam

183 5327 347 5381 seraper
376 5335 522 5390 agere
564 5318 778 5373 solebat.
817 5319 967 5373 Unde
1005 5320 1067 5374 ab
1096 5320 1188 5375 illo
1217 5337 1392 5375 armies
1433 5321 1532 5374 loci
1572 5322 1733 5391 ipsius

184 5402 421 5472 antistit-s,
447 5425 605 5478 usque
626 5407 776 5462 hodie
803 5410 877 5461 sic
899 5409 1189 5480 episcopale
1219 5419 1458 5464 exercent
1480 5411 1730 5480 ofﬁcium,

186 5499 426 5565 ulregente
446 5503 814 5555 monasterium
843 5499 1055 5569 abbate,
1086 5519 1233 5573 quem
1261 5502 1362 5572 ipsi
1383 5519 1496 5556 cum
1519 5503 1732 5574 consilio

193 5581 374 5647 fratrum
390 5591 652 5660 elegerint,
682 5606 856 5645 omnes
894 5589 1195 5662 presbyteri,
1216 5593 1442 5655 diaconi,
1475 5601 1733 5659 cantores,

195 5663 373 5732 lCctorcs
395 5682 652 5754 ceterique
689 5681 880 5756 gradus
903 5682 1233 5740 ecclesiastici
1264 5682 1618 5740 monachicam
1646 5698 1736 5754 per

1749 4464 1802 4525 ῐ)

1804 1811 2044 1865 scribens
2073 1809 2222 1882 (Cap.
2256 1826 2315 1876 ιι,
2339 1821 2442 1868 art.
2471 1812 2496 1865 1
2524 1821 2570 1866 et
2600 1813 2752 1885 seq.),
2778 1813 3132 1884 Augustinum
3163 1818 3386 1884 ejusque

1803 1900 1982 1956 socios
2018 1901 2239 1957 exhibet
2280 1911 2532 1973 tanquam
2561 1907 2790 1972 primum
2822 1906 3128 1974 exemplum
3157 1906 3382 1960 clerico-

1805 2005 1923 2045 rum
1967 1993 2323 2047 communiter
2366 1994 2735 2062 canoniceque
2772 1995 3108 2062 viventium;
3157 1982 3388 2066 cumque

1807 2087 1915 2133 tam
1941 2080 2142 2149 apertis
2172 2082 2492 2138 testimoniis
2520 2098 2639 2152 qua:
2667 2084 2811 2152 ipsos
2829 2082 2990 2139 fuisse
3016 2085 3388 2156 mansisseque

1807 2171 2102 2226 monachos
2123 2171 2247 2227 luce
2270 2172 2466 2228 clarius
2487 2174 2736 2242 probant,
2768 2173 3020 2243 eﬂugium
3051 2192 3156 2231 non
3184 2178 3390 2234 inveni-

1807 2267 1928 2316 ret:
1968 2261 2113 2330 ipsos
2142 2261 2293 2330 lingit
2323 2277 2385 2317 ea
2430 2263 2547 2332 lege
2577 2263 2629 2318 in
2662 2263 2865 2318 clerum
2891 2275 3177 2334 cooptatos
3207 2268 3389 2334 luisse,

1808 2360 1868 2408 ut
1887 2354 2314 2409 monachismum
2337 2353 2627 2424 ejurarent.
2661 2355 2862 2423 Quibus
2881 2359 3180 2414 rationibus
3210 2360 3392 2416 fulcire

1809 2453 2034 2500 conetur
2081 2446 2185 2501 hoc
2236 2447 2590 2516 paradoxum,
2638 2463 2781 2503 nunc
2831 2448 3218 2519 expendamus,
3270 2451 3396 2506 licet

1811 2537 1976 2607 paulo
2006 2549 2157 2594 extra
2188 2537 2531 2610 Gregorianae
2556 2541 2794 2597 historias
2823 2551 3020 2610 metas,
3058 2542 3237 2599 hacin
3283 2544 3394 2599 dis-

1812 2628 2140 2700 ceptatione,
2181 2633 2470 2687 excurrere
2499 2631 2792 2688 videamur.

2430 2761 2655 2821 CAPUT
2699 2763 2784 2818 Vl.

1811 2872 2007 2925 Ascua.
2032 2901 2092 2912 -—
2115 2874 2158 2923 1.
2186 2872 2389 2936 Obiecta
2423 2886 2484 2922 ex
2512 2873 2718 2936 Gregor.
2747 2871 3317 2936 Epistolisdissolvuntur
3337 2900 3394 2936 ε

1877 2938 1924 2986 2.
1953 2936 2289 2998 Respondi-tur
2322 2935 2464 2984 alteri
2499 2935 2783 2998 objectioni.
2804 2963 2863 2970 —
2883 2938 2931 2983 5.
2958 2935 3029 2984 Att
3055 2937 3311 2998 motntcitus
3338 2935 3398 2998 ad

1877 2996 2158 3046 clericatum
2195 3003 2466 3059 promotus,
2489 2996 2616 3045 ultra
2641 3008 2734 3059 non
2759 2997 2946 3045 dicatur
2969 2997 3247 3059 mcum-bus,
3273 2997 3400 3056 apud

1877 3059 1930 3107 S.
1957 3059 2265 3122 ﬁregorium.
2281 3084 2342 3122 1-
2363 3059 2411 3107 .l.
2439 3057 2656 3106 ﬁlonachi
2678 3057 2796 3122 olim
2817 3058 2981 3122 clerici
3007 3059 3181 3122 passim
3203 3060 3269 3122 di:
3283 3059 3400 3106 ti.—

1874 3122 1926 3169 .5.
1957 3119 2123 3169 Utrum
2145 3120 2399 3168 canonicos
2420 3131 2526 3178 reg.
2554 3121 2823 3169 instituerit
2841 3120 2894 3167 S.
2920 3120 3207 3179 Gregorius.
3243 3119 3396 3166 Joan-

1873 3194 1967 3231 nes
2011 3180 2257 3232 Diaconus
2302 3182 2588 3243 explicatur.
2635 3206 2698 3216 —-
2739 3181 2804 3243 6.7
2834 3181 2958 3228 Num
2999 3181 3095 3229 \‘ita
3134 3183 3402 3243 communis

1876 3247 2160 3294 canonicum
2191 3241 2558 3302 {mlius‘inuuat
2594 3255 2737 3300 quam
2764 3242 3070 3291 Monachum.
3093 3265 3155 3277 υ-
3175 3241 3224 3288 7.
3250 3241 3404 3299 Obje-

1874 3313 2059 3355 ctorum
2071 3304 2271 3353 Joannis
2282 3303 2483 3352 Diaconi
2508 3303 2763 3352 verborum
2783 3305 3029 3364 genuinus
3046 3304 3400 3364 statuiturst-n-

1877 3378 1976 3415 sus.
2038 3367 2110 3414 An
2154 3367 2402 3414 canonicis
2459 3362 3176 3426 regularibns'anmnnerandi
3233 3362 3402 3413 clerici

1878 3441 2050 3476 omnes
2090 3429 2172 3488 qui
2208 3426 2350 3487 juxta
2381 3425 2608 3488 canones
2637 3428 2917 3488 ivivunt._-‘-
2938 3425 2985 3474 8.
3017 3425 3088 3474 De
3127 3426 3404 3488 discrimine

1881 3485 2222 3538 canonicoruni
2245 3487 2409 3537 smul.
2437 3496 2486 3536 et
2507 3487 2666 3544 regal.
2686 3514 2749 3524 —
2771 3488 2818 3537 9.
2846 3485 3030 3535 Nomm
3067 3488 3128 3535 de
3155 3487 3206 3534 S.
3235 3485 3404 3546 Augu-

1879 3552 1993 3599 stini
2021 3552 2166 3600 sociis
2188 3551 2430 3598 monachis
2455 3561 2697 3600 nunquam
2737 3549 2971 3597 ordinatis
2999 3554 3406 3596 COﬂlHIBlIlllllL—

1883 3612 1959 3660 10.
1985 3612 2278 3661 Laurentius
2301 3617 2355 3661 et
2376 3610 2458 3660 alii
2483 3611 2536 3659 8.
2556 3608 2818 3670 Augustini
2841 3609 3032 3658 sodales
3071 3622 3241 3656 omnes
3262 3608 3406 3660 fixere

1884 3672 2125 3722 monachi.
2148 3700 2208 3709 -
2234 3673 2310 3722 11.
2346 3673 2420 3720 De
2453 3672 2751 3732 presbyteris
2779 3671 3153 3732 Arelatensibus
3171 3670 3406 3732 Augusti-

1885 3745 1998 3780 num
2039 3738 2226 3784 secutis
2265 3733 2390 3781 aliud
2431 3729 3175 3794 tigmetitum._——13.7tircgorii
3219 3731 3276 3777 ad
3305 3729 3406 3776 Au-

1883 3802 2013 3855 gust.
2052 3797 2304 3856 responsio
2342 3791 2720 3856 explicatum—
2746 3792 2821 3840 13.
2863 3792 3058 3856 Urbani
3082 3791 3143 3856 ll“
3181 3794 3406 3856 testimo-

1884 3851 2019 3904 nium
2057 3851 2370 3917 expenditur.
2408 3851 2469 3888 '—
2505 3853 2577 3902 14.
2612 3853 3148 3917 Decretumhlionit‘aiji
3179 3851 3270 3917 iV.
3309 3851 3408 3917 μ’νο

1883 3912 2138 3966 monachis
2152 3917 2472 3965 ecclesiasrica
2497 3917 2661 3962 omnia
2684 3913 3058 3964 obeuntibus.—
3077 3913 3151 3961 15.
3178 3912 3406 3974 Ejusdem

1886 3977 2092 4026 etristola
2111 3989 2204 4037 pro
2227 3977 2476 4025 monachis
2499 3979 2545 4024 in
2573 3975 2787 4037 Ecclesia
2812 3976 3036 4024 Cautuar.
3063 3975 3406 4026 militantibus.

1887 4039 2016 4092 Male
2037 4053 2061 4087 s
2087 4036 2275 4100 nupero
2293 4043 2534 4100 scriptore
2557 4036 2830 4086 intellecta.

1900 4147 1951 4200 1.
2004 4145 2130 4200 Duae
2176 4144 2328 4200 nobis
2379 4151 2726 4215 opponuntur
2775 4142 2834 4198 S.
2868 4141 3113 4212 Gregorii
3141 4144 3408 4212 epistolre.

1825 4237 1885 4292 lu
1914 4235 2103 4307 priori,
2131 4249 2254 4303 quae
2283 4235 2402 4290 libri
2437 4236 2619 4306 quarti
2650 4234 2823 4304 prima
2852 4242 2958 4302 est,
2989 4235 3210 4304 legitur:
3244 4235 3412 4290 Nemo

1821 4335 1992 4396 potest
2015 4337 2062 4379 et
2088 4326 2447 4381 ecclesiasticis
2475 4327 2653 4394 oﬁiciis
2681 4326 2958 4393 deservire,
2990 4336 3038 4380 et
3063 4328 3118 4380 in
3155 4329 3414 4382 monachi.

1829 4432 1890 4468 ca
1916 4415 2092 4486 regula
2121 4414 2358 4470 ordinate
2403 4416 2673 4485 persistere
2696 4454 2710 4478 .
2761 4423 2868 4471 etc.
2895 4412 3036 4483 Ergo
3089 4414 3334 4475 admissis
3362 4417 3415 4470 in

1825 4507 2028 4564 clerum
2059 4507 2339 4575 Augustini
2369 4507 2528 4563 sociis
2557 4508 2823 4576 integrum
2852 4524 2960 4561 non
2987 4506 3087 4562 fuit
3117 4508 3415 4562 monastica

1824 4598 2336 4654 retinereinstituta.
2358 4596 2494 4654 Huic
2523 4598 2641 4653 loco
2666 4598 2775 4667 jam
2798 4598 3071 4653 multoties
3100 4612 3414 4666 responsum

1818 4697 1909 4743 est
1937 4696 2049 4744 tum
2080 4704 2110 4742 a
2142 4689 2450 4743 Mabillonio
2489 4700 2698 4756 nostro,
2730 4698 2841 4742 tum
2873 4703 2902 4743 a
2944 4688 3118 4752 nobis,
3150 4688 3244 4743 lib.
3276 4704 3336 4756 tt,
3365 4706 3414 4745 c.

1831 4778 1920 4847 12,
1953 4778 1981 4849 §
2023 4778 2107 4839 11,
2141 4787 2193 4833 et
2226 4779 2278 4833 in
2309 4779 2449 4834 notis
2477 4779 2543 4833 ad
2577 4780 2723 4834 hanc
2752 4779 3032 4849 epistolam
3060 4819 3075 4842 ,
3105 4779 3196 4834 ubi
3224 4779 3416 4846 genui-

1836 4884 1960 4923 num
1992 4869 2280 4924 verborum
2311 4868 2522 4922 illorum
2553 4883 2769 4922 sensum
2801 4869 3124 4937 aperuimus.
3157 4867 3273 4920 lam
3303 4867 3417 4922 dic—

1839 4960 1906 5013 tis
1928 4967 2106 5014 tamen
2127 4959 2453 5022 addendum,
2480 4956 2632 5012 fateri
2657 4973 2753 5011 nos
2777 4957 3102 5026 perlibenter
3121 4957 3419 5011 monachos

1838 5047 1928 5116 qui
1961 5047 2229 5102 nonnullis
2255 5045 2646 5102 Ecclesiasticis
2673 5045 2730 5099 of
2733 5045 2865 5101 liciis
2887 5045 3217 5111 deserviunt,
3241 5046 3419 5116 qualia

1836 5144 1963 5192 sunt
1994 5136 2139 5190 verbi
2163 5135 2327 5190 divini
2357 5135 2573 5191 assidua
2603 5135 2930 5206 praedicatio,
2963 5145 3418 5191 sacramentorum

1841 5223 2253 5290 administratio,
2286 5224 2646 5280 Ecclesiarum
2675 5226 3013 5293 gubernatio,
3045 5239 3273 5295 quaeque
3299 5225 3425 5279 Gri--

1839 5313 2020 5381 gerius
2047 5313 2130 5369 bis
2157 5312 2335 5369 verbis
2363 5313 2624 5382 signiﬁcat
2651 5332 2665 5368 :
2708 5313 2810 5378 Qui
2848 5316 3072 5387 quotidie
3101 5317 3154 5370 in
3186 5315 3423 5386 obsequio

1839 5403 2090 5458 Ecclesia:
2117 5404 2316 5474 cogitur
2365 5422 2688 5475 permanere,
2735 5421 2844 5461 non
2873 5421 3032 5476 posse
3075 5406 3142 5461 ad
3170 5407 3423 5462 amussim

1841 5497 2021 5552 omnia
2059 5499 2257 5568 regulas
2287 5500 2595 5555 monasticae
2627 5499 2868 5554 instituta
2915 5501 3210 5557 districtius
3240 5501 3428 5556 obser-

1839 5605 1988 5657 vare,
2020 5592 2076 5645 in
2100 5590 2337 5655 silentio,
2364 5590 2578 5660 vigiliis,
2600 5591 2840 5660 jejuniis,
2870 5593 3096 5662 aliisque
3121 5593 3383 5649 similibus
3409 5608 3423 5655 ;

1840 5682 1984 5753 quod
2029 5691 2112 5742 est
2150 5682 2431 5756 Gregorio,
2479 5684 2849 5740 districtionem
2894 5687 3193 5743 monasterii
3229 5694 3419 5742 tenere.
