3992 6336
533 252 642 308 575

1023 248 1080 304 S.
1116 243 1440 302 GREGORII
1484 239 1695 296 MAGNI
1738 238 1913 293 VlTA.
1960 236 2053 293 ΒΧ
2092 235 2259 294 EJUS
2287 234 2593 292 SCRIPTIS
2631 231 3023 293 ADORNATA.
3066 231 3196 289 LIB.
3238 231 3330 288 Ill.

3720 235 3843 291 5ῖύ

531 366 684 427 Unde
729 363 952 424 abbates
981 361 1179 430 aliique
1209 358 1582 415 cmuobiorum
1621 352 1883 424 praefecti,
1916 368 1945 407 a
1975 367 2115 423 quo-
2148 362 2191 416 Α
2221 369 2255 406 a
2301 351 2701 406 Germaniarum
2729 350 2984 420 episcopis
3017 347 3285 418 episwpus
3325 350 3497 421 [actus
3533 346 3675 427 (Lib.
3720 364 3857 407 vm.

532 470 655 512 rum
681 454 850 518 verbo
878 461 934 508 et
973 449 1225 519 exemplo
1251 446 1454 518 pendet
1482 445 1631 513 vigor
1654 442 1831 497 omnis
1858 441 2120 510 regularis

532 543 911 607 observantia},
944 556 1051 596 non
1081 548 1303 609 possunt
1329 534 1486 590 simul
1511 531 1870 587 ecclesiastica
1899 530 2123 600 implere

539 635 813 702 munia,et
840 626 1176 685 monasteriis
1198 638 1446 696 praeesse.
1478 620 1670 675 Caneri
1694 635 1821 674 vero
1849 618 2120 683 monachi,

2226 461 2308 513 cp.
2338 441 2455 513 50).

2299 533 2443 588 Idem
2482 533 2550 589 de
2595 532 2655 587 8.
2689 531 2969 601 Augustini
2998 531 3164 586 sociis
3190 539 3245 586 et
3272 532 3326 586 in
3356 531 3653 601 Anglorum
3690 547 3847 591 (ξοη-

2231 623 2481 678 versione
2495 622 2833 690 adjutoribus
2853 622 3138 677 dicendum
3156 630 3260 688 est,
3281 637 3417 692 quos
3432 622 3489 678 S.
3510 622 3856 694 Gregorius,

541 727 591 786 si
612 723 968 781 Ecclesiarum
996 716 1340 787 plebiutnque
1368 727 1550 767 curam
1593 718 1799 781 gerant,
1829 708 2126 780 aliquidde
2224 720 2330 781 ets:
2361 712 2428 771 ad
2458 712 2856 782 prtedicandum
2898 713 3091 767 missos
3118 719 3173 767 et
3202 712 3268 767 ad
3307 715 3604 783 apostolica
3631 730 3851 784 opera,

539 816 718 885 rigore
745 810 1038 879 disciplina:
1067 805 1344 860 remittere
1372 810 1653 872 cogantur.
1684 800 1751 855 At
1779 800 1919 855 idem
1945 801 2128 854 dicere

540 904 656 958 sive
708 902 776 956 de
819 897 1093 954 canonicis
1143 893 1520 964 regularibus,
1568 891 1802 946 maxime
1838 889 2132 946 severioris

540 1001 598 1046 et
646 989 894 1045 arctioris
944 985 1323 1051 observantiae,
1364 983 1537 1054 qualis
1585 983 1761 1037 adhuc
1799 981 1943 1052 viget
1987 978 2129 1050 apud

541 1083 1087 1139 Przetnonstratenses
1115 1075 1478 1140 Reformatos,
1511 1073 1625 1127 sive
1652 1072 1721 1126 de
1759 1086 1948 1127 eorum
1989 1084 2129 1139 prte-

540 1175 697 1230 fectis
724 1170 853 1243 quid
879 1168 1168 1239 prohibet?
1195 1166 1394 1221 [leone
1420 1178 1547 1221 vero
1576 1160 1869 1218 somniabit
1894 1160 2015 1229 quis
2038 1173 2133 1212 eos

543 1281 654 1321 non
681 1278 842 1334 posse
867 1261 1193 1317 clericorum
1220 1257 1378 1312 simul
1425 1255 1577 1310 obire
1606 1269 1821 1321 munus,
1862 1260 1919 1307 et
1957 1249 2135 1307 eccle-

539 1355 774 1411 siasticis
794 1352 984 1408 oﬂiciis
1005 1348 1204 1405 addici?
1228 1347 1328 1402 nisi
1350 1346 1497 1415 prius
1518 1345 1898 1399 canonicorum
1924 1339 2135 1410 regula-

542 1450 685 1502 rium
701 1447 947 1501 instituto
967 1441 1287 1496 valedieant.
1307 1436 1559 1491 Adhibita
1584 1435 1761 1490 forsan
1790 1432 2137 1488 distinctione

543 1533 949 1603 respondebunt
996 1529 1096 1593 illi,
1124 1528 1231 1582 duo
1261 1527 1312 1580 in
1357 1540 1456 1580 suo
1497 1525 1879 1578 canonicorum
1925 1521 2139 1589 regula-

2229 817 2504 872 nunquam
2561 818 2669 857 non
2730 802 3030 857 monachos
3084 802 3369 873 appellat:
3428 802 3588 872 Quia,
3620 804 3855 874 inquit,

2231 896 2590 966 Redemptoris
2627 898 2792 950 nostri
2823 896 2995 965 gratia
3025 904 3335 964 cooperante
3358 937 3375 963 ,
3423 904 3573 950 tanta
3616 897 3683 950 de
3730 890 3854 950 An-

2231 989 2431 1060 glorum
2470 998 2620 1059 gente
2668 988 2737 1041 ad
2772 988 3071 1041 christiana:
3122 987 3246 1056 fidei
3288 990 3515 1058 gratiam
3558 990 3858 1045 multitudo

2230 1078 2575 1143 convertitur,
2607 1085 2662 1129 ut
2713 1076 3168 1130 reverendissimus
3221 1079 3506 1131 communis
3560 1079 3739 1147 frater
3797 1088 3854 1133 et

2232 1168 2561 1237 coepiscopus
2588 1174 2761 1220 noster
2789 1165 3108 1236 Augustinus
3140 1182 3227 1220 eos
3268 1167 3356 1237 qui
3378 1180 3566 1220 'secum
3592 1176 3746 1232 sunt,
3781 1169 3856 1220 ad

2234 1257 2330 1310 hoc
2357 1274 2484 1328 opus
2513 1257 2891 1327 exsequendum
2920 1297 2935 1317 ,
2988 1273 3081 1327 per
3109 1257 3312 1311 diversa
3350 1258 3465 1311 loca
3490 1269 3698 1312 asserat
3745 1276 3857 1314 non

2232 1362 2382 1417 posse
2408 1348 2677 1417 su/ﬁcere:
2708 1346 2999 1414 aliquantos
3040 1346 3111 1398 ad
3137 1350 3250 1399 eum
3292 1348 3573 1402 monachos
3601 1365 3726 1402 cum
3772 1350 3860 1403 di-

2236 1438 2527 1491 lectissimis
2570 1445 2620 1491 et
2648 1436 3002 1491 communibus
3040 1437 3166 1505 ﬁliis
3208 1435 3497 1501 Laurentio
3538 1440 3853 1510 presbytero

2236 1538 2286 1583 et
2332 1528 2533 1583 Mellito
2580 1529 2764 1583 abbate
2816 1529 3146 1599 prazvidimus
3190 1532 3619 1587 transmittendos
3664 1532 3851 1604 (Lib.

546 1626 686 1680 rium
716 1623 961 1679 instituto
999 1618 1287 1688 conjuncta
1315 1634 1329 1681 ;
1362 1624 1489 1671 vota
1536 1616 1741 1669 scilicet
1771 1628 1892 1682 quae
1936 1612 2005 1667 ad
2049 1613 2136 1669 sui
2238 1636 2310 1685 χι,
2329 1636 2412 1690 ep.
2444 1619 2557 1689 58).
2586 1618 2729 1674 Idem
2756 1619 2955 1689 repetit
2983 1619 3049 1672 ad
3078 1634 3336 1675 nauseam
3366 1623 3606 1690 usque’in
3630 1624 3845 1694 episto-

543 1723 716 1769 status
744 1709 1031 1766 essentiam
1061 1707 1354 1776 pertinent,
1383 1712 1440 1759 et
1467 1703 1584 1772 pias
1610 1702 1867 1771 quasdam
1897 1715 2136 1767 asceses,
2169 1730 2211 1787 Β
2240 1706 2305 1761 lis
2355 1708 2475 1762 aliis
2524 1723 2589 1762 ea
2617 1707 2685 1762 de
2734 1722 2795 1762 re
2832 1708 3047 1777 scriptis
3070 1707 3233 1777 (Ibid.
3264 1752 3280 1777 ,
3322 1726 3441 1780 epp.
3476 1709 3545 1763 54
3570 1750 3586 1774 ,
3620 1711 3716 1781 55,
3754 1712 3851 1781 56,

543 1805 733 1875 quales
774 1810 901 1858 sunt
938 1799 1101 1856 certis
1127 1798 1277 1853 horis
1304 1797 1358 1851 in
1394 1796 1562 1851 choro
1590 1793 1855 1864 psallere,
1890 1792 2132 1859 lectioni,

544 1895 793 1961 orationi,
836 1891 1174 1949 meditationi
1201 1904 1424 1960 operam
1453 1888 1605 1952 dare,
1639 1888 1691 1942 in
1719 1885 1994 1943 communi
2022 1900 2137 1942 ca:-

545 1987 741 2044 naculo
769 1986 946 2042 cibum
984 1997 1200 2039 sumere
1222 2020 1238 2047 ,
1282 1983 1349 2036 ab
1379 1980 1655 2035 hominum
1684 1978 1958 2035 consortio
1984 1991 2138 2033 sece-

544 2079 699 2146 dere,
731 2077 1057 2146 silentioque
1091 2073 1332 2138 studere,
1382 2071 1575 2126 eodem
1624 2070 1743 2125 loco
1790 2076 1848 2123 et
1895 2076 2141 2139 tempore

543 2168 887 2231 decumbere,
919 2174 1029 2220 etc.
1060 2162 1129 2218 Et
1171 2162 1390 2231 quidem
1419 2160 1613 2215 horum
1650 2158 1989 2228 dispendium
2030 2157 2139 2227 pati

545 2275 644 2316 eos
671 2259 763 2329 qui
804 2264 897 2312 aut
924 2254 1192 2312 lucrandis
1221 2260 1315 2306 aut
1350 2250 1598 2320 regendis
1626 2249 1908 2303 animabus
1936 2249 2145 2303 incum-

548 2350 723 2415 bunt;
755 2357 879 2403 v0ta
909 2361 1039 2400 vero
1064 2344 1270 2400 illibata
1316 2356 1654 2413 permanere.
1686 2338 1756 2395 At
1788 2338 2032 2393 eamdem
2072 2337 2144 2392 si-

548 2440 661 2494 mul
684 2438 1093 2508 responsionem
1118 2433 1536 2504 suppeJitabunt
1564 2430 1843 2485 monachis
1886 2429 2143 2486 sacerdo-

549 2529 661 2585 tale
706 2544 902 2583 muuus
930 2525 1273 2590 obeuntibus,
1321 2524 1558 2593 uodique
1602 2521 1927 2576 solutionem
1976 2534 2138 2590 quem

550 2634 621 2674 ex
650 2618 817 2689 priori
846 2616 1093 2687 Gregorii
1132 2615 1444 2671 testimonio
1488 2612 1825 2681 adstringere
1855 2619 2141 2667 conantur.

616 2709 673 2769 2.
696 2710 775 2765 Ad
794 2709 1147 2780 posteriorem
1166 2708 1341 2763 locum
1362 2709 1471 2776 jam
1507 2706 1804 2759 veniamus.
1830 2703 1888 2759 S.
1919 2704 2141 2773 Doctor,

556 2806 652 2864 lib.
680 2820 776 2869 vn,
804 2819 892 2874 ep.
937 2803 1029 2871 45,
1066 2802 1182 2857 haec
1210 2800 1491 2856 decernit:
1526 2798 1586 2853 Si
1614 2799 1869 2869 quispiam
1901 2796 2145 2850 abbatum

552 2909 644 2954 aut
672 2899 1045 2954 monac/tarum
1074 2913 1139 2950 ex
1171 2910 1470 2966 quocunque
1499 2892 1813 2946 monasterio
1839 2890 1907 2944 ad
1929 2891 2146 2944 clerica-

552 3001 632 3045 tus
676 2990 898 3061 oﬂicium
942 2991 1018 3042 uel
1057 2986 1290 3040 ordinem
1333 2999 1538 3038 sacrum
1564 2981 1855 3045 accesserit,
1898 2996 2002 3034 non
2036 2978 2146 3032 illic

547 3083 776 3154 aliquam
805 3079 992 3133 habeat
1019 3078 1263 3140 ulterius,
1286 3084 1343 3127 ut
1372 3074 1620 3140 diximus,
1647 3079 1983 3142 potestatem;
2011 3083 2145 3138 ergo

549 3174 655 3228 hoc
682 3172 799 3241 ipso
828 3170 973 3241 quod
1000 3168 1065 3222 ad
1095 3182 1281 3222 curam
1309 3163 1567 3219 Ecclesiae
1591 3161 1958 3216 sustinendam
1989 3158 2141 3215 ordi-

552 3264 781 3319 nabatur
822 3258 1144 3321 monachus,
1178 3256 1538 3312 monachatus
1568 3252 1940 3319 auferebatur,
1973 3251 2145 3320 inquit

548 3366 792 3423 nuperus
841 3350 1098 3421 scriptor.
1152 3348 1285 3403 Mira
1338 3360 1471 3402 sane
1517 3344 1923 3414 consequentia.
1982 3342 2146 3410 Quasi

546 3459 685 3499 vero
712 3442 855 3499 idem
881 3448 1028 3497 esset
1070 3446 1316 3509 potestas
1345 3437 1400 3490 in
1431 3438 1781 3501 monasterio,
1814 3441 1870 3489 et
1898 3435 2150 3489 monasti-

553 3551 653 3593 eus
672 3542 870 3601 status,
892 3530 986 3601 qui
1011 3527 1319 3586 obedientia
1346 3535 1401 3583 et
1423 3525 1761 3595 subiectione
1782 3525 1941 3595 263
1969 3524 2148 3594 potius

555 3640 717 3696 quam
741 3630 1008 3695 potestate
1027 3636 1092 3677 ac
1113 3620 1440 3675 auctoritate
1458 3624 1689 3673 constat.
1713 3615 1948 3686 Scopum
1970 3622 2150 3669 autem

554 3719 611 3773 S.
643 3715 889 3785 Gregorii
936 3714 1051 3768 llaec
1095 3710 1387 3767 scribentis
1428 3710 1542 3779 jam
1570 3707 1905 3763 ostendimus
1948 3705 2151 3778 (Supra

555 3824 668 3879 cap.
713 3805 768 3872 3,
800 3820 943 3859 num.
994 3799 1072 3872 9).
1104 3800 1373 3855 Caeterum
1399 3806 1457 3853 ut
1509 3807 1618 3851 tam
1651 3795 1847 3861 dubiis,
1878 3810 1946 3850 ne
1973 3794 2148 3851 dicam

550 3899 717 3968 plane
762 3895 932 3963 falsis,
974 3891 1275 3948 certissima
1325 3899 1382 3944 et
1410 3886 1763 3943 invictissima
1812 3898 2151 3955 opponamus

555 3994 889 4057 argumenta,
937 3982 1176 4039 breviter
1221 3979 1572 4036 ostendamus
1611 3980 1786 4047 primo
1829 3975 2149 4045 Gregorium

556 4079 805 4148 Magnum
827 4092 931 4132 non
950 4076 1024 4130 sic
1040 4074 1223 4145 ubique
1237 4072 1478 4153 clericum
1492 4088 1530 4137 _a
1550 4070 1805 4125 monac/io
1833 4068 2149 4138 sejuntcisse,

544 4179 611 4223 sit
628 4186 775 4241 quem
804 4166 964 4222 semel
992 4166 1237 4219 clericum
1264 4162 1622 4233 appellaverit,
1668 4164 1713 4215 is
1744 4162 1841 4215 hoc
1868 4162 1980 4230 ipso
2007 4162 2151 4232 quis-

557 4263 669 4332 quis
694 4270 792 4325 est,
823 4272 1142 4329 nequaquam
1187 4256 1254 4308 sit
1282 4271 1375 4325 pro
1405 4254 1661 4308 monacho
1690 4254 1971 4324 putandus,
2002 4252 2151 4322 quod

561 4352 702 4405 forte
730 4348 877 4405 aliud
902 4348 1150 4416 cogitans
1174 4346 1309 4401 dixit
1351 4346 1442 4401 ille
1465 4346 1699 4415 scriptor
1724 4363 1737 4398 :
1765 4347 2003 4402 secundo
2030 4362 2150 4403 mo-

560 4441 765 4496 nachos
802 4438 1001 4508 passim
1031 4436 1259 4492 clericos
1295 4435 1459 4490 etiam
1500 4435 1675 4491 dictos
1700 4435 1754 4490 in
1783 4435 2149 4493 celeberrimis

558 4531 910 4602 scriptoribus
934 4526 1195 4596 Gregorio
1226 4524 1564 4596 synchronis.

628 4625 682 4678 5.
730 4622 874 4676 Sane
912 4618 1143 4675 clericus
1182 4617 1294 4687 jam
1344 4624 1481 4682 erat,
1511 4623 1566 4671 et
1606 4613 2007 4686 ecclesiasticis,
2038 4616 2146 4674 imo

556 4713 867 4785 apostolicis
893 4709 1085 4766 oﬂieiis
1113 4708 1361 4764 addictus
1388 4706 1447 4761 8.
1480 4706 1829 4775 Augustinus,
1863 4722 1987 4761 cum
2020 4722 2144 4763 eum

559 4806 627 4862 ad
669 4804 964 4874 Anglorum
993 4800 1405 4857 conversionem
1444 4799 1590 4854 misit
1618 4798 1987 4853 sanctissimus
2032 4815 2147 4854 ma-

558 4898 743 4967 gister.
772 4893 1031 4949 Eumdem
1060 4902 1189 4947 tunc
1212 4899 1307 4945 aut
1335 4889 1708 4962 presbyterum
1736 4896 1830 4942 aut
1854 4887 2146 4943 Diaconum

558 4990 750 5045 saltem
774 4986 936 5042 fuisse
961 5000 1101 5055 pene
1117 4983 1310 5053 liquet,
1344 4982 1488 5052 quod
1509 4980 1799 5049 Gregorius
1825 4979 1996 5046 illum,
2024 4980 2145 5034 nul-
2200 4992 2206 5004 '

557 5082 609 5137 la
636 5079 857 5135 alterius
884 5077 1089 5134 ordinis
1110 5074 1293 5131 collati
1343 5073 1483 5128 facta
1506 5073 1802 5138 mentione,
1842 5072 2147 5126 ordinatum

558 5177 870 5246 episcopum
902 5182 1150 5229 testetur.
1183 5171 1359 5225 Nihilo
1377 5178 1555 5225 tamen
1571 5170 1746 5226 minus
1759 5169 2006 5225 eumdem
2032 5185 2150 5225 mo-

560 5267 791 5324 nachum
819 5265 994 5320 adhuc
1016 5263 1255 5335 appellat
1293 5261 1361 5316 ad
1383 5260 1665 5332 Eulogium
1691 5263 1932 5317 scribens
1961 5280 1975 5316 :
2008 5262 2147 5317 Dum

559 5376 684 5431 gens
709 5358 993 5429 Anglorum
1015 5357 1071 5410 in
1099 5354 1279 5410 mundi
1305 5359 1494 5425 angulo
1516 5356 1708 5424 posita,
1733 5356 1785 5408 in
1817 5355 1954 5410 cultu
1979 5357 2148 5427 ligno-

561 5467 678 5505 rum
730 5466 790 5503 ac
842 5448 1073 5519 lapidum
1121 5445 1326 5517 perfida
1375 5462 1671 5516 nuncusque
1718 5456 2025 5511 remaneret,
2081 5463 2147 5501 ea:

559 5551 742 5597 vestra:
783 5541 907 5595 mihi
954 5540 1205 5594 orationis
1253 5538 1518 5610 adjutorio
1553 5540 1766 5605 placuit,
1809 5549 1865 5592 ut
1912 5540 1980 5592 ad
2030 5556 2149 5594 eam

563 5632 861 5683 monasterii
887 5629 986 5681 mei
1014 5627 1317 5681 monac/tum
1342 5630 1395 5681 in
1427 5629 1847 5697 praedicationem
1882 5629 2149 5682 transmit-

570 5726 672 5774 tere
717 5716 825 5774 Dco
866 5726 1069 5772 auctore
1100 5715 1399 5771 debuissem.
1433 5716 1553 5787 Qui,
1587 5717 1707 5771 data
1737 5735 1767 5771 a
1798 5735 1876 5781 nte
1938 5716 2144 5774 licentia

2173 3110 2215 3170 G

2249 1797 2340 1865 57,
2382 1798 2474 1867 59,
2503 1800 2594 1867 60,
2624 1800 2714 1867 61,
2743 1798 2855 1870 6:2).
2887 1800 3043 1854 Brevi
3087 1802 3364 1858 audiemus
3393 1803 3736 1860 Bonifacium
3786 1805 3857 1861 IV

2243 1907 2352 1945 non
2400 1907 2560 1947 secus
2612 1907 2676 1947 ac
2704 1902 3019 1947 antecessor
3069 1891 3362 1961 Gregorius
3413 1894 3736 1965 loquentem
3794 1899 3851 1953 in

2243 1983 2472 2053 epistola
2498 1983 2564 2037 ad
2584 1982 2951 2065 Edilberthum
2979 1998 3164 2053 regem
3187 2002 3202 2039 :
3239 1985 3306 2039 Ut
3329 1986 3427 2056 ipsi
3452 1996 3642 2042 uestra:
3662 1990 3857 2045 salutis

2243 2066 2612 2145 pnwdicatores
2663 2076 2901 2129 monac/ti
2930 2076 3300 2130 monachorum
3331 2094 3535 2147 gregem
3566 2078 3670 2132 sibi
3699 2096 3852 2134 asso-

2244 2165 2399 2218 cient.
2440 2165 2557 2220 Non
2607 2164 2775 2235 pudet
2823 2165 3157 2221 Bonifacium
3199 2167 3473 2236 appellare
3516 2169 3853 2237 monachos,

2245 2254 2373 2311 illos
2400 2254 2783 2325 praedicatores
2812 2255 2952 2309 haud
2980 2254 3147 2311 dubie
3180 2256 3430 2324 clericos,
3480 2256 3593 2313 imo
3623 2257 3846 2329 episco-

2245 2360 2362 2415 pos,
2394 2345 2759 2416 presbyteros,
2783 2344 3062 2399 diaconos.

2314 2434 2369 2488 4.
2402 2433 2478 2488 Ex
2506 2434 2702 2490 coaevis
2730 2434 3084 2504 scriptoribus
3111 2432 3345 2490 sufﬁciat
3368 2435 3523 2491 nobis
3545 2434 3851 2506 Gregorius

2248 2522 2546 2579 Turonieus
2586 2531 2645 2577 ut
2682 2523 3031 2579 ostendamus
3073 2532 3201 2581 tunc
3245 2527 3500 2595 temporis
3538 2526 3850 2605 Monaehos

2245 2615 2444 2684 passim
2472 2614 2698 2670 clericos
2725 2614 2914 2670 dictos.
2963 2614 3022 2670 in
3068 2616 3203 2670 lih.t
3239 2616 3313 2670 .de
3343 2615 3525 2672 Gloria
3576 2616 3751 2672 Mart.
3785 2634 3839 2672 c.

2247 2705 2334 2768 76,
2363 2704 2455 2773 qui
2485 2704 2540 2759 in
2580 2706 2911 2761 monasterio
2938 2705 3243 2776 Agaunensi
3280 2704 3392 2762 Deo
3419 2707 3608 2763 laudes
3637 2710 3855 2778 persol-

2245 2794 2465 2861 vebant,
2516 2787 2985 2864 indiscriminatim
3012 2805 3279 2852 vocantur
3308 2798 3468 2854 modo
3495 2800 3709 2866 clerici,
3744 2815 3856 2856 mo-

2247 2883 2316 2939 do
2344 2886 2614 2941 monachi.
2641 2884 2852 2953 Mulier,
2876 2886 3049 2956 inquit
3074 2886 3386 2957 Gregorius,
3411 2890 3657 2961 quedam
3680 2892 3849 2960 ﬁlium

2246 2990 2395 3028 suum
2434 2975 2642 3029 unicum
2688 2975 2759 3029 ad
2800 2975 2894 3031 hoc
2944 2980 3311 3033 monasterium
3337 2979 3641 3046 adducens,
3676 2982 3855 3038 abbati

2250 3066 2464 3118 tradidit
2482 3065 2818 3119 erudiendum
2834 3106 2849 3133 ,
2873 3067 3105 3122 videlicet
3126 3076 3181 3121 ut
3211 3071 3383 3140 factus
3410 3071 3632 3125 clericus
3654 3073 3854 3129 sanctis

2247 3157 2630 3226 manciparetur
2650 3158 2851 3228 ofﬁciis.
2884 3157 3074 3213 Verum
3098 3175 3215 3213 cum
3238 3159 3355 3231 jam
3381 3162 3712 3231 spiritalibus
3730 3180 3851 3218 eru-

2248 3247 2387 3301 ditus
2414 3255 2542 3303 esset
2578 3248 2629 3301 in
2657 3247 2862 3317 litteris,
2889 3258 2938 3302 et
2976 3264 3092 3303 cum
3122 3251 3332 3320 reliquis
3360 3252 3560 3306 clericis
3590 3253 3652 3306 in
3694 3256 3851 3309 choro

2246 3340 2541 3392 canentium
2577 3339 2840 3408 psalleret,
2888 3348 2993 3395 etc.
3026 3339 3105 3395 En
3136 3342 3319 3397 clerici
3355 3343 3613 3399 dicuntur
3662 3346 3843 3416 Agau-

2250 3446 2485 3497 nenses;
2518 3439 2575 3486 at
2603 3432 2762 3501 paulo
2795 3431 2932 3487 infra
2960 3433 3213 3489 monachi
3243 3435 3580 3504 appellantur
3607 3455 3623 3490 :
3659 3440 3850 3493 Audies
3890 3440 3909 3463 '

2248 3537 2419 3576 uocem
2448 3521 2558 3591 ejus
2590 3522 2728 3576 inter
2765 3522 2949 3577 choros
2986 3523 3320 3593 psallentium
3359 3526 3760 3581 monachorum.
3787 3526 3851 3581 Et

2252 3612 2413 3682 paulo
2445 3620 2600 3681 post:
2638 3610 2852 3666 Ubi.....
2886 3614 3225 3684 antiphonam
3253 3625 3461 3670 caterva
3483 3620 3717 3688 suscepit
3736 3635 3844 3673 mo-

2251 3705 2556 3771 nae/torum,
2607 3704 2752 3757 audit
2797 3706 3043 3776 genitrix,
3095 3709 3295 3776 parvuli
3341 3725 3513 3763 uocem
3553 3713 3843 3782 cognoscit.
3918 3754 3921 3757 ς

2249 3793 2392 3848 Idem
2422 3794 2712 3865 Gregorius
2740 3796 2877 3851 libro
2907 3796 2976 3852 de
3002 3798 3276 3854 miraculis
3302 3797 3361 3853 S.
3401 3798 3595 3855 Juliani
3630 3819 3689 3857 c.
3734 3803 3839 3857 28:

2251 3885 2480 3942 Clericus
2519 3898 2689 3943 autem
2715 3888 2929 3961 quidam
2953 3890 3123 3944 Aridii
3140 3888 3456 3946 Lemovicini
3478 3892 3709 3964 abbatis,
3737 3904 3842 3950 etc.

2249 3975 2412 4032 Multa
2453 3980 2645 4035 omitto
2681 3980 2877 4051 quibus
2904 3989 3090 4036 narrat
3117 3981 3375 4039 clericum
3405 3985 3551 4040 hunc
3577 3986 3842 4044 miracqu

2251 4066 2306 4121 in
2354 4068 2632 4125 basilicam
2662 4070 2722 4126 S.
2756 4069 2954 4125 Iuliani
2981 4071 3146 4128 fuisse
3175 4072 3561 4130 introductum.
3611 4074 3689 4131 Et
3722 4078 3844 4133 sub.

2250 4156 2329 4212 dit
2353 4176 2366 4212 :
2397 4159 2547 4223 Quod
2575 4177 2639 4214 ne
2664 4163 2776 4233 quis
2804 4162 3024 4229 dubitet,
3048 4172 3207 4218 testor
3228 4168 3628 4237 omnipotentem
3658 4169 3839 4233 Deum,

2250 4250 2369 4320 quia
2412 4249 2477 4303 ab
2507 4251 2666 4321 ipsius
2715 4251 2917 4307 abbatis
2962 4270 3052 4308 ore
3081 4255 3189 4310 haec
3231 4258 3407 4311 omnia
3445 4265 3663 4329 cognovi
3708 4258 3840 4328 apud

2251 4343 2400 4415 cujus
2441 4346 2753 4399 monac/ium
2795 4355 2941 4415 gesta
2984 4357 3122 4402 sunt.
3154 4349 3317 4405 Vides
3355 4350 3443 4405 hic
3487 4353 3835 4421 monachum,

2177 4478 2232 4538 Β
2254 4448 2418 4504 quem
2443 4450 2601 4505 supra
2629 4436 2885 4492 clericum
2915 4438 3111 4507 legisti.
3153 4439 3223 4494 At
3249 4442 3364 4496 vice
3402 4455 3559 4497 versa
3596 4458 3723 4514 cap.
3751 4442 3834 4509 35,

2168 5812 2205 5820 .-

2254 4541 2414 4597 quem
2440 4527 2589 4597 prius
2615 4527 2935 4585 Monachum
2965 4530 3119 4597 dixit,
3167 4534 3346 4587 statim
3375 4534 3629 4591 clericum
3664 4535 3836 4606 appel-

2247 4619 2344 4674 lat.
2389 4617 2504 4674 Etsi
2546 4635 2675 4675 vero
2722 4622 3021 4678 monachus
3064 4623 3131 4679 ad
3158 4625 3553 4682 ecclesiasticas
3600 4642 3761 4682 curas
3785 4633 3834 4680 et

2248 4708 2533 4777 dignitates
2560 4720 2865 4781 assumptus
2891 4714 3188 4770 monachus
3218 4715 3357 4769 ultra
3388 4731 3496 4771 non
3540 4717 3828 4781 diceretur,

2248 4815 2367 4858 esse
2419 4811 2598 4859 tamen
2651 4804 2871 4860 minime
2920 4805 3213 4873 desineret,
3245 4807 3392 4876 quod
3423 4809 3709 4865 contendit
3757 4809 3832 4863 vir

2247 4893 2460 4960 doctus,
2510 4906 2566 4950 at
2610 4896 2663 4950 in
2696 4896 2929 4952 lectione
2972 4895 3227 4967 Gregorii
3272 4898 3451 4969 Magni
3500 4915 3639 4970 pene
3690 4915 3831 4972 pere-

2252 4987 2454 5054 grinus.
2484 4986 2617 5042 Cum
2647 4988 2791 5043 enim
2815 4989 3183 5046 denominatio
3211 5006 3241 5045 a
3270 4992 3521 5047 nobiliori
3549 4995 3719 5063 gradu
3747 4994 3824 5048 de-

2251 5091 2517 5149 sumatur,
2544 5083 2675 5151 quid
2717 5083 2911 5137 mirum
2939 5084 2984 5138 si
3012 5084 3133 5153 quis
3159 5084 3425 5140 monacho
3450 5086 3827 5155 superinduens

2252 5171 2562 5241 episcopum
2587 5212 2603 5238 ,
2636 5172 2868 5242 exempli
2897 5174 3070 5240 gratia
3092 5213 3109 5239 ,
3142 5189 3251 5229 non
3279 5175 3512 5245 amplius
3541 5176 3825 5230 monachus

2251 5262 2537 5329 vocitetur,
2594 5263 2720 5318 licet
2772 5264 3095 5319 monachum
3147 5280 3257 5320 non
3312 5265 3645 5335 deposuerit,
3701 5264 3824 5320 etin

2250 5354 2561 5409 monasticis
2589 5354 2750 5409 etiam
2780 5355 3035 5411 institutis
3058 5395 3074 5422 ,
3121 5357 3174 5412 in
3202 5357 3415 5426 vigiliis,
3445 5357 3684 5427 jejuniis,
3712 5372 3825 5413 ora-

2250 5444 2487 5499 tionibus
2516 5448 2866 5514 perseveret?
2894 5447 2971 5501 De
3002 5448 3084 5503 his
3114 5463 3233 5517 qua:
3275 5448 3576 5504 delibamus
3607 5458 3820 5508 tantum.

2249 5532 2459 5602 legendi
2508 5541 2633 5591 sunt
2678 5542 2862 5591 noster
2908 5534 3249 5593 Mabillonius
3278 5546 3390 5592 tum
3419 5539 3472 5593 in
3524 5538 3733 5594 Pmtat.
3763 5534 3823 5590 ad

2250 5627 2500 5683 sazculum
2529 5643 2565 5681 n
2594 5626 2821 5697 Bened.,
2852 5644 3001 5683 num.
3032 5629 3122 5695 27,
3151 5636 3264 5683 tum
3296 5629 3348 5683 in
3379 5645 3521 5700 resp.
3556 5630 3580 5682 ί
3611 5630 3677 5685 ad
3696 5625 3820 5683 scri-

2250 5726 2401 5789 ptum
2431 5719 2811 5778 canonicorum
2838 5718 2953 5790 reg.
2985 5719 3052 5779 de
3076 5719 3406 5778 sessionibus
3428 5721 3483 5778 in
3513 5716 3821 5795 Burgundio
