  <div class='ocr_page' id='page_1' title='image "/cluster/home/n/w/nwhite01/storage/ocr_20150623/75/uva.x000827087/196.png"; bbox 0 0 3992 6318; ppageno 0'>
   <div class='ocr_carea' id='block_1_1' title="bbox 185 256 247 309">
    <p class='ocr_par' dir='ltr' id='par_1_1' title="bbox 185 256 247 309">
     <span class='ocr_line' id='line_1_1' title="bbox 185 256 247 309; baseline 0.016 -1"><span class='ocrx_word' id='word_1_1' title='bbox 185 256 247 309; x_wconf 79' lang='lat'><strong>77</strong></span> 
     </span>
    </p>
   </div>
   <div class='ocr_carea' id='block_1_2' title="bbox 152 362 1789 435">
    <p class='ocr_par' dir='ltr' id='par_1_2' title="bbox 152 362 1789 435">
     <span class='ocr_line' id='line_1_2' title="bbox 152 362 1789 435; baseline -0.006 -11"><span class='ocrx_word' id='word_1_2' title='bbox 152 365 386 429; x_wconf 72' lang='lat' dir='ltr'><strong>comitiis,</strong></span> <span class='ocrx_word' id='word_1_3' title='bbox 428 362 728 418; x_wconf 84' lang='lat' dir='ltr'><strong>lladrianus</strong></span> <span class='ocrx_word' id='word_1_4' title='bbox 754 363 997 419; x_wconf 83' lang='lat' dir='ltr'><strong>Valesius</strong></span> <span class='ocrx_word' id='word_1_5' title='bbox 1022 365 1073 419; x_wconf 92' lang='lat' dir='ltr'><strong>in</strong></span> <span class='ocrx_word' id='word_1_6' title='bbox 1101 363 1495 434; x_wconf 71' lang='lat' dir='ltr'><strong>disceptatione</strong></span> <span class='ocrx_word' id='word_1_7' title='bbox 1522 362 1590 416; x_wconf 90' lang='lat' dir='ltr'><strong>de</strong></span> <span class='ocrx_word' id='word_1_8' title='bbox 1616 362 1715 415; x_wconf 88' lang='lat' dir='ltr'><strong>ba-</strong></span> <span class='ocrx_word' id='word_1_9' title='bbox 1748 380 1789 435; x_wconf 74' lang='grc' dir='ltr'>Α</span> 
     </span>
    </p>
   </div>
   <div class='ocr_carea' id='block_1_3' title="bbox 154 453 1719 522">
    <p class='ocr_par' dir='ltr' id='par_1_3' title="bbox 154 453 1719 522">
     <span class='ocr_line' id='line_1_3' title="bbox 154 453 1719 522; baseline -0.003 -8"><span class='ocrx_word' id='word_1_10' title='bbox 154 457 318 520; x_wconf 84' lang='lat' dir='ltr'><strong>silicis,</strong></span> <span class='ocrx_word' id='word_1_11' title='bbox 369 464 422 508; x_wconf 92' lang='lat' dir='ltr'><strong>et</strong></span> <span class='ocrx_word' id='word_1_12' title='bbox 451 455 505 507; x_wconf 90' lang='lat' dir='ltr'><strong>in</strong></span> <span class='ocrx_word' id='word_1_13' title='bbox 555 453 672 522; x_wconf 86' lang='lat' dir='ltr'><strong>ejus</strong></span> <span class='ocrx_word' id='word_1_14' title='bbox 700 454 1013 510; x_wconf 83' lang='lat' dir='ltr'><strong>defensioue</strong></span> <span class='ocrx_word' id='word_1_15' title='bbox 1038 497 1051 519; x_wconf 84' lang='lat'><strong>,</strong></span> <span class='ocrx_word' id='word_1_16' title='bbox 1085 469 1295 510; x_wconf 86' lang='lat' dir='ltr'><strong>necnon</strong></span> <span class='ocrx_word' id='word_1_17' title='bbox 1336 453 1719 509; x_wconf 86' lang='lat' dir='ltr'><strong>Thomassinus</strong></span> 
     </span>
    </p>
   </div>
   <div class='ocr_carea' id='block_1_4' title="bbox 157 544 1607 616">
    <p class='ocr_par' dir='ltr' id='par_1_4' title="bbox 157 544 1607 616">
     <span class='ocr_line' id='line_1_4' title="bbox 157 544 1607 616; baseline -0.007 -11"><span class='ocrx_word' id='word_1_18' title='bbox 157 547 433 616; x_wconf 76' lang='lat' dir='ltr'><strong>Disciplina:</strong></span> <span class='ocrx_word' id='word_1_19' title='bbox 462 544 667 601; x_wconf 84' lang='lat' dir='ltr'><strong>Eccles.</strong></span> <span class='ocrx_word' id='word_1_20' title='bbox 699 555 853 615; x_wconf 90' lang='lat' dir='ltr'><strong>parte</strong></span> <span class='ocrx_word' id='word_1_21' title='bbox 883 562 919 607; x_wconf 84' lang='grc' dir='ltr'><strong>ι,</strong></span> <span class='ocrx_word' id='word_1_22' title='bbox 948 547 1039 600; x_wconf 86' lang='lat' dir='ltr'><strong>lib.</strong></span> <span class='ocrx_word' id='word_1_23' title='bbox 1074 564 1109 600; x_wconf 88' lang='grc' dir='ltr'>ι.</span> <span class='ocrx_word' id='word_1_24' title='bbox 1354 556 1360 563; x_wconf 92' lang='grc'><strong>·</strong></span> <span class='ocrx_word' id='word_1_25' title='bbox 1604 602 1607 605; x_wconf 28' lang='grc' dir='ltr'><strong><em>λ</em></strong></span> 
     </span>
    </p>
   </div>
   <div class='ocr_carea' id='block_1_5' title="bbox 201 636 1718 706">
    <p class='ocr_par' dir='ltr' id='par_1_5' title="bbox 201 636 1718 706">
     <span class='ocr_line' id='line_1_5' title="bbox 201 636 1718 706; baseline -0.003 -11"><span class='ocrx_word' id='word_1_26' title='bbox 201 640 249 695; x_wconf 83' lang='grc'>5.</span> <span class='ocrx_word' id='word_1_27' title='bbox 263 639 501 705; x_wconf 75' lang='lat' dir='ltr'><strong>Magnum</strong></span> <span class='ocrx_word' id='word_1_28' title='bbox 514 653 648 693; x_wconf 85' lang='lat' dir='ltr'><strong>sane</strong></span> <span class='ocrx_word' id='word_1_29' title='bbox 666 638 1004 706; x_wconf 79' lang='lat' dir='ltr'><strong>opinatorem</strong></span> <span class='ocrx_word' id='word_1_30' title='bbox 1023 653 1142 692; x_wconf 89' lang='lat' dir='ltr'><strong>esse</strong></span> <span class='ocrx_word' id='word_1_31' title='bbox 1160 637 1328 690; x_wconf 89' lang='lat' dir='ltr'><strong>virum</strong></span> <span class='ocrx_word' id='word_1_32' title='bbox 1345 636 1611 690; x_wconf 88' lang='lat' dir='ltr'><strong>eruditum</strong></span> <span class='ocrx_word' id='word_1_33' title='bbox 1624 652 1718 691; x_wconf 86' lang='lat' dir='ltr'><strong>cu-</strong></span> 
     </span>
    </p>
   </div>
   <div class='ocr_carea' id='block_1_6' title="bbox 156 728 1717 803">
    <p class='ocr_par' dir='ltr' id='par_1_6' title="bbox 156 728 1717 803">
     <span class='ocr_line' id='line_1_6' title="bbox 156 728 1717 803; baseline -0.002 -17"><span class='ocrx_word' id='word_1_34' title='bbox 156 734 227 803; x_wconf 88' lang='lat' dir='ltr'><strong>jus</strong></span> <span class='ocrx_word' id='word_1_35' title='bbox 239 745 369 783; x_wconf 88' lang='lat' dir='ltr'><strong>nunc</strong></span> <span class='ocrx_word' id='word_1_36' title='bbox 384 736 697 796; x_wconf 88' lang='lat' dir='ltr'><strong>argumenta</strong></span> <span class='ocrx_word' id='word_1_37' title='bbox 714 728 1083 798; x_wconf 82' lang='lat' dir='ltr'><strong>expendimus,</strong></span> <span class='ocrx_word' id='word_1_38' title='bbox 1100 728 1422 783; x_wconf 84' lang='lat' dir='ltr'><strong>inliciabitur</strong></span> <span class='ocrx_word' id='word_1_39' title='bbox 1434 743 1612 791; x_wconf 88' lang='lat' dir='ltr'><strong>nemo,</strong></span> <span class='ocrx_word' id='word_1_40' title='bbox 1628 729 1717 798; x_wconf 91' lang='lat' dir='ltr'><strong>qui</strong></span> 
     </span>
    </p>
   </div>
   <div class='ocr_carea' id='block_1_7' title="bbox 160 818 1716 889">
    <p class='ocr_par' dir='ltr' id='par_1_7' title="bbox 160 818 1716 889">
     <span class='ocr_line' id='line_1_7' title="bbox 160 818 1716 889; baseline -0.003 -13"><span class='ocrx_word' id='word_1_41' title='bbox 160 822 214 876; x_wconf 82' lang='lat' dir='ltr'><strong>ad</strong></span> <span class='ocrx_word' id='word_1_42' title='bbox 230 837 284 874; x_wconf 84' lang='lat' dir='ltr'><strong>ea</strong></span> <span class='ocrx_word' id='word_1_43' title='bbox 311 818 651 889; x_wconf 77' lang='lat' dir='ltr'><strong>ponderanda</strong></span> <span class='ocrx_word' id='word_1_44' title='bbox 678 818 812 873; x_wconf 88' lang='lat' dir='ltr'><strong>liber</strong></span> <span class='ocrx_word' id='word_1_45' title='bbox 835 819 902 872; x_wconf 89' lang='lat' dir='ltr'><strong>ab</strong></span> <span class='ocrx_word' id='word_1_46' title='bbox 923 820 1170 873; x_wconf 90' lang='lat' dir='ltr'><strong>omnibus</strong></span> <span class='ocrx_word' id='word_1_47' title='bbox 1191 818 1512 888; x_wconf 75' lang='lat' dir='ltr'><strong>pnejudiciis</strong></span> <span class='ocrx_word' id='word_1_48' title='bbox 1532 834 1716 873; x_wconf 85' lang='lat' dir='ltr'><strong>acces-</strong></span> 
     </span>
    </p>
   </div>
   <div class='ocr_carea' id='block_1_8' title="bbox 162 909 1717 979">
    <p class='ocr_par' dir='ltr' id='par_1_8' title="bbox 162 909 1717 979">
     <span class='ocr_line' id='line_1_8' title="bbox 162 909 1717 979; baseline -0.002 -13"><span class='ocrx_word' id='word_1_49' title='bbox 162 914 269 966; x_wconf 89' lang='lat' dir='ltr'><strong>serit</strong></span> <span class='ocrx_word' id='word_1_50' title='bbox 286 928 298 975; x_wconf 89' lang='lat'>;</span> <span class='ocrx_word' id='word_1_51' title='bbox 314 926 428 978; x_wconf 70' lang='grc' dir='ltr'><strong>(ιιιίιι</strong></span> <span class='ocrx_word' id='word_1_52' title='bbox 444 910 695 965; x_wconf 89' lang='lat' dir='ltr'><strong>videlicet</strong></span> <span class='ocrx_word' id='word_1_53' title='bbox 708 925 1034 979; x_wconf 86' lang='lat' dir='ltr'><strong>proponere,</strong></span> <span class='ocrx_word' id='word_1_54' title='bbox 1053 909 1298 965; x_wconf 80' lang='lat' dir='ltr'><strong>refellere</strong></span> <span class='ocrx_word' id='word_1_55' title='bbox 1313 918 1414 975; x_wconf 90' lang='lat' dir='ltr'><strong>est,</strong></span> <span class='ocrx_word' id='word_1_56' title='bbox 1432 918 1492 963; x_wconf 91' lang='lat' dir='ltr'><strong>ut</strong></span> <span class='ocrx_word' id='word_1_57' title='bbox 1508 924 1571 964; x_wconf 78' lang='lat' dir='ltr'><strong>ex</strong></span> <span class='ocrx_word' id='word_1_58' title='bbox 1589 925 1717 964; x_wconf 79' lang='lat' dir='ltr'><strong>mox</strong></span> 
     </span>
    </p>
   </div>
   <div class='ocr_carea' id='block_1_9' title="bbox 161 999 1716 1070">
    <p class='ocr_par' dir='ltr' id='par_1_9' title="bbox 161 999 1716 1070">
     <span class='ocr_line' id='line_1_9' title="bbox 161 999 1716 1070; baseline -0.003 -13"><span class='ocrx_word' id='word_1_59' title='bbox 161 1002 369 1057; x_wconf 83' lang='lat' dir='ltr'><strong>dicendis</strong></span> <span class='ocrx_word' id='word_1_60' title='bbox 383 1000 555 1069; x_wconf 83' lang='lat' dir='ltr'><strong>palam</strong></span> <span class='ocrx_word' id='word_1_61' title='bbox 574 999 683 1053; x_wconf 79' lang='lat' dir='ltr'><strong>fiet.</strong></span> <span class='ocrx_word' id='word_1_62' title='bbox 700 999 814 1054; x_wconf 84' lang='lat' dir='ltr'><strong>Non</strong></span> <span class='ocrx_word' id='word_1_63' title='bbox 828 1000 988 1053; x_wconf 82' lang='lat' dir='ltr'><strong>stabit</strong></span> <span class='ocrx_word' id='word_1_64' title='bbox 1000 1015 1094 1069; x_wconf 90' lang='lat' dir='ltr'><strong>per</strong></span> <span class='ocrx_word' id='word_1_65' title='bbox 1117 1001 1286 1069; x_wconf 90' lang='lat' dir='ltr'><strong>ipsum</strong></span> <span class='ocrx_word' id='word_1_66' title='bbox 1304 1000 1588 1069; x_wconf 86' lang='lat' dir='ltr'><strong>quominus</strong></span> <span class='ocrx_word' id='word_1_67' title='bbox 1604 1015 1716 1070; x_wconf 80' lang='lat' dir='ltr'><strong>per-</strong></span> 
     </span>
    </p>
   </div>
   <div class='ocr_carea' id='block_1_10' title="bbox 161 1088 1714 1159">
    <p class='ocr_par' dir='ltr' id='par_1_10' title="bbox 161 1088 1714 1159">
     <span class='ocr_line' id='line_1_10' title="bbox 161 1088 1714 1159; baseline -0.001 -12"><span class='ocrx_word' id='word_1_68' title='bbox 161 1107 346 1148; x_wconf 80' lang='lat' dir='ltr'><strong>suasum</strong></span> <span class='ocrx_word' id='word_1_69' title='bbox 364 1090 652 1144; x_wconf 83' lang='lat' dir='ltr'><strong>habeamus</strong></span> <span class='ocrx_word' id='word_1_70' title='bbox 674 1088 990 1159; x_wconf 77' lang='lat' dir='ltr'><strong>Gregorium</strong></span> <span class='ocrx_word' id='word_1_71' title='bbox 1018 1089 1265 1159; x_wconf 80' lang='lat' dir='ltr'><strong>Magnum</strong></span> <span class='ocrx_word' id='word_1_72' title='bbox 1296 1091 1587 1145; x_wconf 90' lang='lat' dir='ltr'><strong>canonicos</strong></span> <span class='ocrx_word' id='word_1_73' title='bbox 1611 1104 1714 1159; x_wconf 78' lang='lat' dir='ltr'><strong>re-</strong></span> 
     </span>
    </p>
   </div>
   <div class='ocr_carea' id='block_1_11' title="bbox 162 1178 1716 1247">
    <p class='ocr_par' dir='ltr' id='par_1_11' title="bbox 162 1178 1716 1247">
     <span class='ocr_line' id='line_1_11' title="bbox 162 1178 1716 1247; baseline -0.001 -13"><span class='ocrx_word' id='word_1_74' title='bbox 162 1182 346 1247; x_wconf 81' lang='lat' dir='ltr'><strong>gulares</strong></span> <span class='ocrx_word' id='word_1_75' title='bbox 366 1178 680 1243; x_wconf 87' lang='lat' dir='ltr'><strong>instituisse,</strong></span> <span class='ocrx_word' id='word_1_76' title='bbox 708 1186 1003 1247; x_wconf 85' lang='lat' dir='ltr'><strong>posteaque</strong></span> <span class='ocrx_word' id='word_1_77' title='bbox 1024 1179 1326 1233; x_wconf 78' lang='lat' dir='ltr'><strong>decrevi-se</strong></span> <span class='ocrx_word' id='word_1_78' title='bbox 1348 1186 1407 1233; x_wconf 91' lang='lat' dir='ltr'><strong>ut</strong></span> <span class='ocrx_word' id='word_1_79' title='bbox 1435 1194 1503 1233; x_wconf 76' lang='lat' dir='ltr'><strong>ex</strong></span> <span class='ocrx_word' id='word_1_80' title='bbox 1524 1179 1716 1234; x_wconf 89' lang='lat' dir='ltr'><strong>eodem</strong></span> 
     </span>
    </p>
   </div>
   <div class='ocr_carea' id='block_1_12' title="bbox 162 1269 1717 1340">
    <p class='ocr_par' dir='ltr' id='par_1_12' title="bbox 162 1269 1717 1340">
     <span class='ocr_line' id='line_1_12' title="bbox 162 1269 1717 1340; baseline -0.003 -12"><span class='ocrx_word' id='word_1_81' title='bbox 162 1273 378 1328; x_wconf 88' lang='lat' dir='ltr'><strong>instituto</strong></span> <span class='ocrx_word' id='word_1_82' title='bbox 392 1269 569 1325; x_wconf 91' lang='lat' dir='ltr'><strong>clerici</strong></span> <span class='ocrx_word' id='word_1_83' title='bbox 584 1271 811 1340; x_wconf 87' lang='lat' dir='ltr'><strong>primam</strong></span> <span class='ocrx_word' id='word_1_84' title='bbox 840 1271 1135 1339; x_wconf 80' lang='lat' dir='ltr'><strong>Anglorum</strong></span> <span class='ocrx_word' id='word_1_85' title='bbox 1154 1270 1451 1326; x_wconf 66' lang='lat' dir='ltr'><strong>Ecclesiam</strong></span> <span class='ocrx_word' id='word_1_86' title='bbox 1482 1270 1717 1324; x_wconf 86' lang='lat' dir='ltr'><strong>Cantua-</strong></span> 
     </span>
    </p>
   </div>
   <div class='ocr_carea' id='block_1_13' title="bbox 160 1362 1716 1433">
    <p class='ocr_par' dir='ltr' id='par_1_13' title="bbox 160 1362 1716 1433">
     <span class='ocr_line' id='line_1_13' title="bbox 160 1362 1716 1433; baseline -0.003 -13"><span class='ocrx_word' id='word_1_87' title='bbox 160 1368 239 1420; x_wconf 79' lang='lat' dir='ltr'><strong>ria:</strong></span> <span class='ocrx_word' id='word_1_88' title='bbox 260 1363 517 1419; x_wconf 86' lang='lat' dir='ltr'><strong>conditam</strong></span> <span class='ocrx_word' id='word_1_89' title='bbox 540 1370 897 1433; x_wconf 85' lang='lat' dir='ltr'><strong>occuparent;</strong></span> <span class='ocrx_word' id='word_1_90' title='bbox 923 1363 1247 1431; x_wconf 86' lang='lat' dir='ltr'><strong>tandemque</strong></span> <span class='ocrx_word' id='word_1_91' title='bbox 1259 1362 1491 1432; x_wconf 80' lang='lat' dir='ltr'><strong>reliquas</strong></span> <span class='ocrx_word' id='word_1_92' title='bbox 1514 1362 1716 1431; x_wconf 60' lang='lat' dir='ltr'><strong>Anglia;</strong></span> 
     </span>
    </p>
   </div>
   <div class='ocr_carea' id='block_1_14' title="bbox 158 1451 1713 1525">
    <p class='ocr_par' dir='ltr' id='par_1_14' title="bbox 158 1451 1713 1525">
     <span class='ocr_line' id='line_1_14' title="bbox 158 1451 1713 1525; baseline -0.001 -13"><span class='ocrx_word' id='word_1_93' title='bbox 158 1458 294 1512; x_wconf 82' lang='lat' dir='ltr'><strong>sedes</strong></span> <span class='ocrx_word' id='word_1_94' title='bbox 304 1451 631 1525; x_wconf 83' lang='lat' dir='ltr'><strong>pontiﬁcales</strong></span> <span class='ocrx_word' id='word_1_95' title='bbox 642 1454 914 1509; x_wconf 88' lang='lat' dir='ltr'><strong>canonicis</strong></span> <span class='ocrx_word' id='word_1_96' title='bbox 927 1454 1140 1509; x_wconf 87' lang='lat' dir='ltr'><strong>clericis</strong></span> <span class='ocrx_word' id='word_1_97' title='bbox 1151 1454 1396 1508; x_wconf 87' lang='lat' dir='ltr'><strong>similiter</strong></span> <span class='ocrx_word' id='word_1_98' title='bbox 1408 1456 1713 1511; x_wconf 87' lang='lat' dir='ltr'><strong>obvenisse.</strong></span> 
     </span>
    </p>
   </div>
   <div class='ocr_carea' id='block_1_15' title="bbox 219 1545 1713 1616">
    <p class='ocr_par' dir='ltr' id='par_1_15' title="bbox 219 1545 1713 1616">
     <span class='ocr_line' id='line_1_15' title="bbox 219 1545 1713 1616; baseline 0.001 -14"><span class='ocrx_word' id='word_1_99' title='bbox 219 1548 437 1601; x_wconf 89' lang='lat' dir='ltr'><strong>l’rimum</strong></span> <span class='ocrx_word' id='word_1_100' title='bbox 465 1545 682 1616; x_wconf 86' lang='lat' dir='ltr'><strong>quidem</strong></span> <span class='ocrx_word' id='word_1_101' title='bbox 710 1546 943 1615; x_wconf 88' lang='lat' dir='ltr'><strong>probare</strong></span> <span class='ocrx_word' id='word_1_102' title='bbox 969 1546 1160 1600; x_wconf 87' lang='lat' dir='ltr'><strong>nititur</strong></span> <span class='ocrx_word' id='word_1_103' title='bbox 1202 1561 1271 1600; x_wconf 77' lang='lat' dir='ltr'><strong>ex</strong></span> <span class='ocrx_word' id='word_1_104' title='bbox 1315 1545 1526 1601; x_wconf 83' lang='lat' dir='ltr'><strong>Joanne</strong></span> <span class='ocrx_word' id='word_1_105' title='bbox 1559 1547 1713 1603; x_wconf 87' lang='lat' dir='ltr'><strong>Diae.</strong></span> 
     </span>
    </p>
   </div>
   <div class='ocr_carea' id='block_1_16' title="bbox 158 1634 1713 1705">
    <p class='ocr_par' dir='ltr' id='par_1_16' title="bbox 158 1634 1713 1705">
     <span class='ocr_line' id='line_1_16' title="bbox 158 1634 1713 1705; baseline -0.002 -10"><span class='ocrx_word' id='word_1_106' title='bbox 158 1641 238 1695; x_wconf 85' lang='lat' dir='ltr'><strong>lib.</strong></span> <span class='ocrx_word' id='word_1_107' title='bbox 266 1654 299 1693; x_wconf 86' lang='grc' dir='ltr'>ιι</span> <span class='ocrx_word' id='word_1_108' title='bbox 336 1636 463 1691; x_wconf 62' lang='lat' dir='ltr'><strong>Vita!</strong></span> <span class='ocrx_word' id='word_1_109' title='bbox 508 1637 566 1690; x_wconf 88' lang='lat' dir='ltr'><strong>S.</strong></span> <span class='ocrx_word' id='word_1_110' title='bbox 613 1634 774 1703; x_wconf 83' lang='lat' dir='ltr'><strong>Greg.</strong></span> <span class='ocrx_word' id='word_1_111' title='bbox 807 1651 929 1705; x_wconf 86' lang='lat' dir='ltr'><strong>cap.</strong></span> <span class='ocrx_word' id='word_1_112' title='bbox 981 1635 1084 1690; x_wconf 71' lang='lat'><strong>1‘2:</strong></span> <span class='ocrx_word' id='word_1_113' title='bbox 1143 1636 1488 1704; x_wconf 80' lang='lat' dir='ltr'><strong>Videbantur,</strong></span> <span class='ocrx_word' id='word_1_114' title='bbox 1520 1638 1713 1705; x_wconf 88' lang='lat' dir='ltr'><strong>inquit,</strong></span> 
     </span>
    </p>
   </div>
   <div class='ocr_carea' id='block_1_17' title="bbox 156 1724 1790 1809">
    <p class='ocr_par' dir='ltr' id='par_1_17' title="bbox 156 1724 1790 1809">
     <span class='ocr_line' id='line_1_17' title="bbox 156 1724 1790 1809; baseline 0.002 -30"><span class='ocrx_word' id='word_1_115' title='bbox 156 1728 327 1799; x_wconf 78' lang='lat' dir='ltr'><strong>passim</strong></span> <span class='ocrx_word' id='word_1_116' title='bbox 353 1724 835 1780; x_wconf 83' lang='lat' dir='ltr'><strong>cumeruditissimis</strong></span> <span class='ocrx_word' id='word_1_117' title='bbox 856 1725 1058 1780; x_wconf 76' lang='lat' dir='ltr'><strong>clericis</strong></span> <span class='ocrx_word' id='word_1_118' title='bbox 1087 1725 1353 1780; x_wconf 64' lang='lat' dir='ltr'><strong>adhaerere</strong></span> <span class='ocrx_word' id='word_1_119' title='bbox 1371 1728 1605 1797; x_wconf 76' lang='lat' dir='ltr'><strong>pontiﬁci</strong></span> <span class='ocrx_word' id='word_1_120' title='bbox 1628 1746 1712 1782; x_wconf 85' lang='lat' dir='ltr'><strong>re-</strong></span> <span class='ocrx_word' id='word_1_121' title='bbox 1745 1749 1790 1809; x_wconf 72' lang='grc' dir='ltr'><strong><em>Β</em></strong></span> 
     </span>
    </p>
   </div>
   <div class='ocr_carea' id='block_1_18' title="bbox 156 1817 1715 1888">
    <p class='ocr_par' dir='ltr' id='par_1_18' title="bbox 156 1817 1715 1888">
     <span class='ocr_line' id='line_1_18' title="bbox 156 1817 1715 1888; baseline 0.001 -17"><span class='ocrx_word' id='word_1_122' title='bbox 156 1818 447 1888; x_wconf 81' lang='lat' dir='ltr'><strong>ligiosissimi</strong></span> <span class='ocrx_word' id='word_1_123' title='bbox 460 1817 721 1880; x_wconf 83' lang='lat' dir='ltr'><strong>monachi,</strong></span> <span class='ocrx_word' id='word_1_124' title='bbox 745 1818 858 1870; x_wconf 87' lang='lat' dir='ltr'><strong>etin</strong></span> <span class='ocrx_word' id='word_1_125' title='bbox 885 1817 1099 1871; x_wconf 82' lang='lat' dir='ltr'><strong>diversis</strong></span> <span class='ocrx_word' id='word_1_126' title='bbox 1126 1818 1533 1888; x_wconf 74' lang='lat' dir='ltr'><strong>professionibus</strong></span> <span class='ocrx_word' id='word_1_127' title='bbox 1557 1818 1715 1872; x_wconf 80' lang='lat' dir='ltr'><strong>liabe-</strong></span> 
     </span>
    </p>
   </div>
   <div class='ocr_carea' id='block_1_19' title="bbox 156 1909 1719 1981">
    <p class='ocr_par' dir='ltr' id='par_1_19' title="bbox 156 1909 1719 1981">
     <span class='ocr_line' id='line_1_19' title="bbox 156 1909 1719 1981; baseline 0.004 -22"><span class='ocrx_word' id='word_1_128' title='bbox 156 1909 285 1961; x_wconf 81' lang='lat' dir='ltr'><strong>batur</strong></span> <span class='ocrx_word' id='word_1_129' title='bbox 308 1910 407 1961; x_wconf 81' lang='lat' dir='ltr'><strong>vita</strong></span> <span class='ocrx_word' id='word_1_130' title='bbox 434 1910 749 1963; x_wconf 90' lang='lat' dir='ltr'><strong>communis:</strong></span> <span class='ocrx_word' id='word_1_131' title='bbox 773 1910 848 1962; x_wconf 88' lang='lat' dir='ltr'><strong>ita</strong></span> <span class='ocrx_word' id='word_1_132' title='bbox 878 1919 934 1962; x_wconf 85' lang='lat' dir='ltr'><strong>ut</strong></span> <span class='ocrx_word' id='word_1_133' title='bbox 962 1909 1082 1964; x_wconf 89' lang='lat' dir='ltr'><strong>talis</strong></span> <span class='ocrx_word' id='word_1_134' title='bbox 1099 1921 1230 1963; x_wconf 86' lang='lat' dir='ltr'><strong>esset</strong></span> <span class='ocrx_word' id='word_1_135' title='bbox 1260 1920 1377 1963; x_wconf 85' lang='lat' dir='ltr'><strong>tunc</strong></span> <span class='ocrx_word' id='word_1_136' title='bbox 1406 1910 1497 1963; x_wconf 86' lang='lat' dir='ltr'><strong>sub</strong></span> <span class='ocrx_word' id='word_1_137' title='bbox 1528 1909 1719 1981; x_wconf 87' lang='lat' dir='ltr'><strong>Grego-</strong></span> 
     </span>
    </p>
   </div>
   <div class='ocr_carea' id='block_1_20' title="bbox 156 2001 1719 2077">
    <p class='ocr_par' dir='ltr' id='par_1_20' title="bbox 156 2001 1719 2077">
     <span class='ocr_line' id='line_1_20' title="bbox 156 2001 1719 2077; baseline 0.004 -23"><span class='ocrx_word' id='word_1_138' title='bbox 156 2004 222 2055; x_wconf 59' lang='lat' dir='ltr'><strong>rio</strong></span> <span class='ocrx_word' id='word_1_139' title='bbox 254 2018 395 2071; x_wconf 83' lang='lat' dir='ltr'><strong>penes</strong></span> <span class='ocrx_word' id='word_1_140' title='bbox 429 2001 606 2056; x_wconf 82' lang='lat' dir='ltr'><strong>urbem</strong></span> <span class='ocrx_word' id='word_1_141' title='bbox 634 2002 851 2058; x_wconf 84' lang='lat' dir='ltr'><strong>Romam</strong></span> <span class='ocrx_word' id='word_1_142' title='bbox 882 2003 1133 2068; x_wconf 78' lang='lat' dir='ltr'><strong>Ecclesia,</strong></span> <span class='ocrx_word' id='word_1_143' title='bbox 1164 2006 1367 2074; x_wconf 80' lang='lat' dir='ltr'><strong>qualem</strong></span> <span class='ocrx_word' id='word_1_144' title='bbox 1393 2006 1527 2059; x_wconf 81' lang='lat' dir='ltr'><strong>lianc</strong></span> <span class='ocrx_word' id='word_1_145' title='bbox 1556 2009 1719 2077; x_wconf 74' lang='lat' dir='ltr'><strong>fuisse</strong></span> 
     </span>
    </p>
   </div>
   <div class='ocr_carea' id='block_1_21' title="bbox 156 2093 1717 2167">
    <p class='ocr_par' dir='ltr' id='par_1_21' title="bbox 156 2093 1717 2167">
     <span class='ocr_line' id='line_1_21' title="bbox 156 2093 1717 2167; baseline 0.003 -20"><span class='ocrx_word' id='word_1_146' title='bbox 156 2094 233 2147; x_wconf 83' lang='lat' dir='ltr'><strong>sub</strong></span> <span class='ocrx_word' id='word_1_147' title='bbox 265 2095 502 2164; x_wconf 76' lang='lat' dir='ltr'><strong>apostolis</strong></span> <span class='ocrx_word' id='word_1_148' title='bbox 548 2093 719 2159; x_wconf 87' lang='lat' dir='ltr'><strong>Lucas</strong></span> <span class='ocrx_word' id='word_1_149' title='bbox 746 2104 795 2147; x_wconf 88' lang='lat' dir='ltr'><strong>et</strong></span> <span class='ocrx_word' id='word_1_150' title='bbox 824 2095 915 2148; x_wconf 91' lang='lat' dir='ltr'><strong>sub</strong></span> <span class='ocrx_word' id='word_1_151' title='bbox 961 2093 1142 2149; x_wconf 80' lang='lat' dir='ltr'><strong>Marco</strong></span> <span class='ocrx_word' id='word_1_152' title='bbox 1183 2095 1515 2167; x_wconf 80' lang='lat' dir='ltr'><strong>Evangelista</strong></span> <span class='ocrx_word' id='word_1_153' title='bbox 1560 2113 1717 2165; x_wconf 83' lang='lat' dir='ltr'><strong>penes</strong></span> 
     </span>
    </p>
   </div>
   <div class='ocr_carea' id='block_1_22' title="bbox 155 2183 1092 2241">
    <p class='ocr_par' dir='ltr' id='par_1_22' title="bbox 155 2183 1092 2241">
     <span class='ocr_line' id='line_1_22' title="bbox 155 2183 1092 2241; baseline 0.003 -4"><span class='ocrx_word' id='word_1_154' title='bbox 155 2184 500 2238; x_wconf 72' lang='lat' dir='ltr'><strong>Alexandriam</strong></span> <span class='ocrx_word' id='word_1_155' title='bbox 526 2183 681 2239; x_wconf 81' lang='lat' dir='ltr'><strong>Philo</strong></span> <span class='ocrx_word' id='word_1_156' title='bbox 701 2196 1092 2241; x_wconf 88' lang='lat' dir='ltr'><strong>commemorat.</strong></span> 
     </span>
    </p>
   </div>
   <div class='ocr_carea' id='block_1_23' title="bbox 213 2273 1718 2345">
    <p class='ocr_par' dir='ltr' id='par_1_23' title="bbox 213 2273 1718 2345">
     <span class='ocr_line' id='line_1_23' title="bbox 213 2273 1718 2345; baseline 0.004 -18"><span class='ocrx_word' id='word_1_157' title='bbox 213 2273 301 2328; x_wconf 89' lang='lat' dir='ltr'><strong>llic</strong></span> <span class='ocrx_word' id='word_1_158' title='bbox 340 2287 575 2342; x_wconf 83' lang='lat' dir='ltr'><strong>agnosco</strong></span> <span class='ocrx_word' id='word_1_159' title='bbox 621 2283 864 2329; x_wconf 89' lang='lat' dir='ltr'><strong>nostrum</strong></span> <span class='ocrx_word' id='word_1_160' title='bbox 894 2276 1209 2345; x_wconf 83' lang='lat' dir='ltr'><strong>Gregorium</strong></span> <span class='ocrx_word' id='word_1_161' title='bbox 1238 2278 1551 2333; x_wconf 66' lang='lat' dir='ltr'><strong>monasticae</strong></span> <span class='ocrx_word' id='word_1_162' title='bbox 1594 2278 1718 2333; x_wconf 67' lang='lat' dir='ltr'><strong>vita:</strong></span> 
     </span>
    </p>
   </div>
   <div class='ocr_carea' id='block_1_24' title="bbox 156 2364 1713 2436">
    <p class='ocr_par' dir='ltr' id='par_1_24' title="bbox 156 2364 1713 2436">
     <span class='ocr_line' id='line_1_24' title="bbox 156 2364 1713 2436; baseline 0.004 -18"><span class='ocrx_word' id='word_1_163' title='bbox 156 2364 420 2432; x_wconf 73' lang='lat' dir='ltr'><strong>cultoiem,</strong></span> <span class='ocrx_word' id='word_1_164' title='bbox 446 2374 503 2420; x_wconf 91' lang='lat' dir='ltr'><strong>et</strong></span> <span class='ocrx_word' id='word_1_165' title='bbox 530 2366 811 2421; x_wconf 88' lang='lat' dir='ltr'><strong>monastici</strong></span> <span class='ocrx_word' id='word_1_166' title='bbox 840 2367 922 2421; x_wconf 90' lang='lat' dir='ltr'><strong>sui</strong></span> <span class='ocrx_word' id='word_1_167' title='bbox 950 2368 1183 2421; x_wconf 90' lang='lat' dir='ltr'><strong>instituti</strong></span> <span class='ocrx_word' id='word_1_168' title='bbox 1216 2369 1713 2436; x_wconf 87' lang='lat' dir='ltr'><strong>retinentissimum,</strong></span> 
     </span>
    </p>
   </div>
   <div class='ocr_carea' id='block_1_25' title="bbox 154 2454 1713 2530">
    <p class='ocr_par' dir='ltr' id='par_1_25' title="bbox 154 2454 1713 2530">
     <span class='ocr_line' id='line_1_25' title="bbox 154 2454 1713 2530; baseline 0.006 -25"><span class='ocrx_word' id='word_1_169' title='bbox 154 2454 417 2509; x_wconf 86' lang='lat' dir='ltr'><strong>monachos</strong></span> <span class='ocrx_word' id='word_1_170' title='bbox 464 2454 752 2509; x_wconf 89' lang='lat' dir='ltr'><strong>habentem</strong></span> <span class='ocrx_word' id='word_1_171' title='bbox 800 2457 1142 2512; x_wconf 84' lang='lat' dir='ltr'><strong>convictores</strong></span> <span class='ocrx_word' id='word_1_172' title='bbox 1168 2499 1186 2526; x_wconf 95' lang='lat'><strong>,</strong></span> <span class='ocrx_word' id='word_1_173' title='bbox 1234 2475 1351 2512; x_wconf 90' lang='lat' dir='ltr'><strong>cum</strong></span> <span class='ocrx_word' id='word_1_174' title='bbox 1400 2460 1581 2530; x_wconf 86' lang='lat' dir='ltr'><strong>quibus</strong></span> <span class='ocrx_word' id='word_1_175' title='bbox 1620 2461 1713 2515; x_wconf 87' lang='lat' dir='ltr'><strong>diu</strong></span> 
     </span>
    </p>
   </div>
   <div class='ocr_carea' id='block_1_26' title="bbox 155 2547 1714 2621">
    <p class='ocr_par' dir='ltr' id='par_1_26' title="bbox 155 2547 1714 2621">
     <span class='ocr_line' id='line_1_26' title="bbox 155 2547 1714 2621; baseline 0.004 -22"><span class='ocrx_word' id='word_1_176' title='bbox 155 2554 376 2617; x_wconf 71' lang='lat' dir='ltr'><strong>noctuque</strong></span> <span class='ocrx_word' id='word_1_177' title='bbox 400 2555 658 2610; x_wconf 80' lang='lat' dir='ltr'><strong>versatus,</strong></span> <span class='ocrx_word' id='word_1_178' title='bbox 688 2547 818 2600; x_wconf 81' lang='lat' dir='ltr'><strong>nihil</strong></span> <span class='ocrx_word' id='word_1_179' title='bbox 856 2548 1154 2603; x_wconf 76' lang='lat' dir='ltr'><strong>monastica:</strong></span> <span class='ocrx_word' id='word_1_180' title='bbox 1179 2552 1509 2619; x_wconf 83' lang='lat' dir='ltr'><strong>perfectionis</strong></span> <span class='ocrx_word' id='word_1_181' title='bbox 1532 2552 1585 2604; x_wconf 87' lang='lat' dir='ltr'><strong>in</strong></span> <span class='ocrx_word' id='word_1_182' title='bbox 1618 2568 1714 2621; x_wconf 86' lang='lat' dir='ltr'><strong>pa-</strong></span> 
     </span>
    </p>
   </div>
   <div class='ocr_carea' id='block_1_27' title="bbox 154 2634 1718 2711">
    <p class='ocr_par' dir='ltr' id='par_1_27' title="bbox 154 2634 1718 2711">
     <span class='ocr_line' id='line_1_27' title="bbox 154 2634 1718 2711; baseline 0.005 -23"><span class='ocrx_word' id='word_1_183' title='bbox 154 2634 322 2688; x_wconf 84' lang='lat' dir='ltr'><strong>latio...</strong></span> <span class='ocrx_word' id='word_1_184' title='bbox 358 2636 649 2707; x_wconf 80' lang='lat' dir='ltr'><strong>dereliquit,</strong></span> <span class='ocrx_word' id='word_1_185' title='bbox 682 2637 847 2707; x_wconf 82' lang='lat' dir='ltr'><strong>inquit</strong></span> <span class='ocrx_word' id='word_1_186' title='bbox 873 2636 1124 2696; x_wconf 84' lang='lat' dir='ltr'><strong>Joannes.</strong></span> <span class='ocrx_word' id='word_1_187' title='bbox 1156 2637 1326 2694; x_wconf 83' lang='lat' dir='ltr'><strong>Video</strong></span> <span class='ocrx_word' id='word_1_188' title='bbox 1366 2655 1581 2711; x_wconf 88' lang='lat' dir='ltr'><strong>quoque</strong></span> <span class='ocrx_word' id='word_1_189' title='bbox 1617 2642 1718 2711; x_wconf 87' lang='lat' dir='ltr'><strong>ipsi</strong></span> 
     </span>
    </p>
   </div>
   <div class='ocr_carea' id='block_1_28' title="bbox 154 2726 1717 2803">
    <p class='ocr_par' dir='ltr' id='par_1_28' title="bbox 154 2726 1717 2803">
     <span class='ocr_line' id='line_1_28' title="bbox 154 2726 1717 2803; baseline 0.006 -24"><span class='ocrx_word' id='word_1_190' title='bbox 154 2726 399 2782; x_wconf 72' lang='lat' dir='ltr'><strong>adluerere</strong></span> <span class='ocrx_word' id='word_1_191' title='bbox 411 2728 656 2792; x_wconf 87' lang='lat' dir='ltr'><strong>clericos,</strong></span> <span class='ocrx_word' id='word_1_192' title='bbox 671 2728 762 2798; x_wconf 89' lang='lat' dir='ltr'><strong>qui</strong></span> <span class='ocrx_word' id='word_1_193' title='bbox 776 2729 945 2783; x_wconf 89' lang='lat' dir='ltr'><strong>libere</strong></span> <span class='ocrx_word' id='word_1_194' title='bbox 960 2730 1117 2803; x_wconf 82' lang='lat' dir='ltr'><strong>nullis</strong></span> <span class='ocrx_word' id='word_1_195' title='bbox 1129 2731 1371 2785; x_wconf 86' lang='lat' dir='ltr'><strong>adstricti</strong></span> <span class='ocrx_word' id='word_1_196' title='bbox 1394 2734 1557 2798; x_wconf 91' lang='lat' dir='ltr'><strong>votis,</strong></span> <span class='ocrx_word' id='word_1_197' title='bbox 1574 2734 1717 2788; x_wconf 87' lang='lat' dir='ltr'><strong>nulla</strong></span> 
     </span>
    </p>
   </div>
   <div class='ocr_carea' id='block_1_29' title="bbox 153 2816 1717 2887">
    <p class='ocr_par' dir='ltr' id='par_1_29' title="bbox 153 2816 1717 2887">
     <span class='ocr_line' id='line_1_29' title="bbox 153 2816 1717 2887; baseline 0.004 -15"><span class='ocrx_word' id='word_1_198' title='bbox 153 2816 252 2887; x_wconf 82' lang='lat' dir='ltr'><strong>lege</strong></span> <span class='ocrx_word' id='word_1_199' title='bbox 295 2819 533 2887; x_wconf 86' lang='lat' dir='ltr'><strong>obligati,</strong></span> <span class='ocrx_word' id='word_1_200' title='bbox 584 2835 706 2874; x_wconf 91' lang='lat' dir='ltr'><strong>cum</strong></span> <span class='ocrx_word' id='word_1_201' title='bbox 746 2821 1023 2875; x_wconf 87' lang='lat' dir='ltr'><strong>monachis</strong></span> <span class='ocrx_word' id='word_1_202' title='bbox 1061 2836 1401 2877; x_wconf 89' lang='lat' dir='ltr'><strong>communem</strong></span> <span class='ocrx_word' id='word_1_203' title='bbox 1445 2823 1717 2879; x_wconf 87' lang='lat' dir='ltr'><strong>ducebant</strong></span> 
     </span>
    </p>
   </div>
   <div class='ocr_carea' id='block_1_30' title="bbox 155 2909 1716 2982">
    <p class='ocr_par' dir='ltr' id='par_1_30' title="bbox 155 2909 1716 2982">
     <span class='ocr_line' id='line_1_30' title="bbox 155 2909 1716 2982; baseline 0.004 -17"><span class='ocrx_word' id='word_1_204' title='bbox 155 2910 316 2965; x_wconf 89' lang='lat' dir='ltr'><strong>vitam.</strong></span> <span class='ocrx_word' id='word_1_205' title='bbox 337 2909 603 2965; x_wconf 77' lang='lat' dir='ltr'><strong>Czeterum</strong></span> <span class='ocrx_word' id='word_1_206' title='bbox 628 2912 695 2965; x_wconf 90' lang='lat' dir='ltr'><strong>de</strong></span> <span class='ocrx_word' id='word_1_207' title='bbox 716 2913 1101 2967; x_wconf 88' lang='lat' dir='ltr'><strong>canonicorum</strong></span> <span class='ocrx_word' id='word_1_208' title='bbox 1122 2913 1446 2982; x_wconf 89' lang='lat' dir='ltr'><strong>regularium</strong></span> <span class='ocrx_word' id='word_1_209' title='bbox 1471 2915 1716 2971; x_wconf 90' lang='lat' dir='ltr'><strong>instituto</strong></span> 
     </span>
    </p>
   </div>
   <div class='ocr_carea' id='block_1_31' title="bbox 157 3000 1715 3074">
    <p class='ocr_par' dir='ltr' id='par_1_31' title="bbox 157 3000 1715 3074">
     <span class='ocr_line' id='line_1_31' title="bbox 157 3000 1715 3074; baseline 0.003 -18"><span class='ocrx_word' id='word_1_210' title='bbox 157 3000 294 3069; x_wconf 82' lang='lat' dir='ltr'><strong>cujus</strong></span> <span class='ocrx_word' id='word_1_211' title='bbox 318 3001 476 3055; x_wconf 82' lang='lat' dir='ltr'><strong>fuerit</strong></span> <span class='ocrx_word' id='word_1_212' title='bbox 504 3016 700 3072; x_wconf 89' lang='lat' dir='ltr'><strong>parens</strong></span> <span class='ocrx_word' id='word_1_213' title='bbox 728 3004 788 3057; x_wconf 93' lang='grc'><strong>8.</strong></span> <span class='ocrx_word' id='word_1_214' title='bbox 817 3001 1134 3071; x_wconf 79' lang='lat' dir='ltr'><strong>Gregorius,</strong></span> <span class='ocrx_word' id='word_1_215' title='bbox 1169 3019 1344 3074; x_wconf 89' lang='lat' dir='ltr'><strong>neque</strong></span> <span class='ocrx_word' id='word_1_216' title='bbox 1372 3005 1477 3060; x_wconf 93' lang='lat' dir='ltr'><strong>hoc</strong></span> <span class='ocrx_word' id='word_1_217' title='bbox 1506 3005 1558 3060; x_wconf 90' lang='lat' dir='ltr'><strong>in</strong></span> <span class='ocrx_word' id='word_1_218' title='bbox 1593 3007 1715 3061; x_wconf 92' lang='lat' dir='ltr'><strong>loco</strong></span> 
     </span>
    </p>
   </div>
   <div class='ocr_carea' id='block_1_32' title="bbox 152 3092 1785 3177">
    <p class='ocr_par' dir='ltr' id='par_1_32' title="bbox 152 3092 1785 3177">
     <span class='ocr_line' id='line_1_32' title="bbox 152 3092 1785 3177; baseline 0.006 -32"><span class='ocrx_word' id='word_1_219' title='bbox 152 3092 417 3161; x_wconf 81' lang='lat' dir='ltr'><strong>quidquam</strong></span> <span class='ocrx_word' id='word_1_220' title='bbox 446 3092 661 3162; x_wconf 81' lang='lat' dir='ltr'><strong>legitur,</strong></span> <span class='ocrx_word' id='word_1_221' title='bbox 691 3108 868 3163; x_wconf 85' lang='lat' dir='ltr'><strong>neque</strong></span> <span class='ocrx_word' id='word_1_222' title='bbox 898 3094 1022 3150; x_wconf 89' lang='lat' dir='ltr'><strong>ullis</strong></span> <span class='ocrx_word' id='word_1_223' title='bbox 1064 3097 1119 3150; x_wconf 89' lang='lat' dir='ltr'><strong>in</strong></span> <span class='ocrx_word' id='word_1_224' title='bbox 1147 3096 1392 3165; x_wconf 90' lang='lat' dir='ltr'><strong>epistolis</strong></span> <span class='ocrx_word' id='word_1_225' title='bbox 1420 3106 1514 3151; x_wconf 90' lang='lat' dir='ltr'><strong>aut</strong></span> <span class='ocrx_word' id='word_1_226' title='bbox 1558 3098 1711 3154; x_wconf 87' lang='lat' dir='ltr'><strong>lucu-</strong></span> <span class='ocrx_word' id='word_1_227' title='bbox 1737 3112 1785 3177; x_wconf 77' lang='grc' dir='ltr'>ο</span> 
     </span>
    </p>
   </div>
   <div class='ocr_carea' id='block_1_33' title="bbox 154 3180 1712 3256">
    <p class='ocr_par' dir='ltr' id='par_1_33' title="bbox 154 3180 1712 3256">
     <span class='ocr_line' id='line_1_33' title="bbox 154 3180 1712 3256; baseline 0.006 -22"><span class='ocrx_word' id='word_1_228' title='bbox 154 3180 460 3237; x_wconf 85' lang='lat' dir='ltr'><strong>brationibus</strong></span> <span class='ocrx_word' id='word_1_229' title='bbox 497 3180 862 3252; x_wconf 80' lang='lat' dir='ltr'><strong>Gregorianis.</strong></span> <span class='ocrx_word' id='word_1_230' title='bbox 892 3184 1028 3240; x_wconf 88' lang='lat' dir='ltr'><strong>Num</strong></span> <span class='ocrx_word' id='word_1_231' title='bbox 1068 3200 1196 3256; x_wconf 87' lang='lat' dir='ltr'><strong>ergo</strong></span> <span class='ocrx_word' id='word_1_232' title='bbox 1226 3187 1409 3242; x_wconf 89' lang='lat' dir='ltr'><strong>clerici</strong></span> <span class='ocrx_word' id='word_1_233' title='bbox 1438 3188 1620 3243; x_wconf 87' lang='lat' dir='ltr'><strong>statim</strong></span> <span class='ocrx_word' id='word_1_234' title='bbox 1649 3206 1712 3245; x_wconf 91' lang='lat' dir='ltr'><strong>ac</strong></span> 
     </span>
    </p>
   </div>
   <div class='ocr_carea' id='block_1_34' title="bbox 153 3272 1713 3347">
    <p class='ocr_par' dir='ltr' id='par_1_34' title="bbox 153 3272 1713 3347">
     <span class='ocr_line' id='line_1_34' title="bbox 153 3272 1713 3347; baseline 0.006 -21"><span class='ocrx_word' id='word_1_235' title='bbox 153 3272 253 3326; x_wconf 79' lang='lat' dir='ltr'><strong>vita:</strong></span> <span class='ocrx_word' id='word_1_236' title='bbox 295 3272 573 3343; x_wconf 88' lang='lat' dir='ltr'><strong>victusque</strong></span> <span class='ocrx_word' id='word_1_237' title='bbox 618 3276 1059 3332; x_wconf 86' lang='lat' dir='ltr'><strong>communitatem</strong></span> <span class='ocrx_word' id='word_1_238' title='bbox 1113 3278 1424 3347; x_wconf 88' lang='lat' dir='ltr'><strong>habebunt,</strong></span> <span class='ocrx_word' id='word_1_239' title='bbox 1454 3281 1713 3337; x_wconf 90' lang='lat' dir='ltr'><strong>continuo</strong></span> 
     </span>
    </p>
   </div>
   <div class='ocr_carea' id='block_1_35' title="bbox 152 3362 988 3436">
    <p class='ocr_par' dir='ltr' id='par_1_35' title="bbox 152 3362 988 3436">
     <span class='ocr_line' id='line_1_35' title="bbox 152 3362 988 3436; baseline 0.01 -21"><span class='ocrx_word' id='word_1_240' title='bbox 152 3362 355 3417; x_wconf 80' lang='lat' dir='ltr'><strong>evadent</strong></span> <span class='ocrx_word' id='word_1_241' title='bbox 388 3364 636 3420; x_wconf 86' lang='lat' dir='ltr'><strong>canonici</strong></span> <span class='ocrx_word' id='word_1_242' title='bbox 665 3367 988 3436; x_wconf 75' lang='lat' dir='ltr'><strong>regulares?</strong></span> 
     </span>
    </p>
   </div>
   <div class='ocr_carea' id='block_1_36' title="bbox 206 3452 1713 3531">
    <p class='ocr_par' dir='ltr' id='par_1_36' title="bbox 206 3452 1713 3531">
     <span class='ocr_line' id='line_1_36' title="bbox 206 3452 1713 3531; baseline 0.01 -27"><span class='ocrx_word' id='word_1_243' title='bbox 206 3453 266 3505; x_wconf 83' lang='lat' dir='ltr'><strong>At</strong></span> <span class='ocrx_word' id='word_1_244' title='bbox 292 3452 502 3522; x_wconf 87' lang='lat' dir='ltr'><strong>inquies</strong></span> <span class='ocrx_word' id='word_1_245' title='bbox 527 3470 651 3509; x_wconf 89' lang='lat' dir='ltr'><strong>cum</strong></span> <span class='ocrx_word' id='word_1_246' title='bbox 678 3456 841 3512; x_wconf 87' lang='lat' dir='ltr'><strong>docto</strong></span> <span class='ocrx_word' id='word_1_247' title='bbox 864 3456 1003 3524; x_wconf 90' lang='lat' dir='ltr'><strong>viro,</strong></span> <span class='ocrx_word' id='word_1_248' title='bbox 1027 3467 1206 3527; x_wconf 88' lang='lat' dir='ltr'><strong>poeta,</strong></span> <span class='ocrx_word' id='word_1_249' title='bbox 1230 3461 1414 3517; x_wconf 91' lang='lat' dir='ltr'><strong>nescio</strong></span> <span class='ocrx_word' id='word_1_250' title='bbox 1442 3463 1564 3531; x_wconf 85' lang='lat' dir='ltr'><strong>quis</strong></span> <span class='ocrx_word' id='word_1_251' title='bbox 1592 3479 1713 3519; x_wconf 89' lang='lat' dir='ltr'><strong>me-</strong></span> 
     </span>
    </p>
   </div>
   <div class='ocr_carea' id='block_1_37' title="bbox 151 3544 1715 3626">
    <p class='ocr_par' dir='ltr' id='par_1_37' title="bbox 151 3544 1715 3626">
     <span class='ocr_line' id='line_1_37' title="bbox 151 3544 1715 3626; baseline 0.01 -29"><span class='ocrx_word' id='word_1_252' title='bbox 151 3544 282 3598; x_wconf 86' lang='lat' dir='ltr'><strong>minit</strong></span> <span class='ocrx_word' id='word_1_253' title='bbox 312 3546 699 3602; x_wconf 90' lang='lat' dir='ltr'><strong>canonicorum</strong></span> <span class='ocrx_word' id='word_1_254' title='bbox 727 3549 932 3603; x_wconf 88' lang='lat' dir='ltr'><strong>ordinis</strong></span> <span class='ocrx_word' id='word_1_255' title='bbox 958 3549 1274 3621; x_wconf 86' lang='lat' dir='ltr'><strong>Gregoriani</strong></span> <span class='ocrx_word' id='word_1_256' title='bbox 1302 3571 1317 3621; x_wconf 91' lang='lat'><strong>;</strong></span> <span class='ocrx_word' id='word_1_257' title='bbox 1347 3570 1476 3625; x_wconf 90' lang='lat' dir='ltr'><strong>ergo</strong></span> <span class='ocrx_word' id='word_1_258' title='bbox 1507 3556 1715 3626; x_wconf 78' lang='lat' dir='ltr'><strong>Grego-</strong></span> 
     </span>
    </p>
   </div>
   <div class='ocr_carea' id='block_1_38' title="bbox 151 3635 1713 3711">
    <p class='ocr_par' dir='ltr' id='par_1_38' title="bbox 151 3635 1713 3711">
     <span class='ocr_line' id='line_1_38' title="bbox 151 3635 1713 3711; baseline 0.01 -23"><span class='ocrx_word' id='word_1_259' title='bbox 151 3635 244 3690; x_wconf 84' lang='lat' dir='ltr'><strong>rius</strong></span> <span class='ocrx_word' id='word_1_260' title='bbox 265 3635 485 3705; x_wconf 69' lang='lat' dir='ltr'><strong>Magnus</strong></span> <span class='ocrx_word' id='word_1_261' title='bbox 513 3640 899 3695; x_wconf 89' lang='lat' dir='ltr'><strong>canonicorum</strong></span> <span class='ocrx_word' id='word_1_262' title='bbox 922 3644 1248 3711; x_wconf 84' lang='lat' dir='ltr'><strong>regularium</strong></span> <span class='ocrx_word' id='word_1_263' title='bbox 1276 3648 1523 3703; x_wconf 87' lang='lat' dir='ltr'><strong>ordinem</strong></span> <span class='ocrx_word' id='word_1_264' title='bbox 1557 3649 1713 3703; x_wconf 90' lang='lat' dir='ltr'><strong>insti-</strong></span> 
     </span>
    </p>
   </div>
   <div class='ocr_carea' id='block_1_39' title="bbox 153 3727 1713 3806">
    <p class='ocr_par' dir='ltr' id='par_1_39' title="bbox 153 3727 1713 3806">
     <span class='ocr_line' id='line_1_39' title="bbox 153 3727 1713 3806; baseline 0.01 -26"><span class='ocrx_word' id='word_1_265' title='bbox 153 3728 263 3793; x_wconf 89' lang='lat' dir='ltr'><strong>tuit;</strong></span> <span class='ocrx_word' id='word_1_266' title='bbox 288 3727 358 3784; x_wconf 84' lang='lat' dir='ltr'><strong>Et</strong></span> <span class='ocrx_word' id='word_1_267' title='bbox 379 3731 584 3798; x_wconf 85' lang='lat' dir='ltr'><strong>quidni,</strong></span> <span class='ocrx_word' id='word_1_268' title='bbox 614 3732 709 3795; x_wconf 85' lang='lat' dir='ltr'><strong>ait,</strong></span> <span class='ocrx_word' id='word_1_269' title='bbox 752 3748 847 3787; x_wconf 86' lang='lat' dir='ltr'><strong>nos</strong></span> <span class='ocrx_word' id='word_1_270' title='bbox 870 3733 1216 3806; x_wconf 83' lang='lat' dir='ltr'><strong>Gregorianos</strong></span> <span class='ocrx_word' id='word_1_271' title='bbox 1244 3740 1523 3794; x_wconf 79' lang='lat' dir='ltr'><strong>canonicos</strong></span> <span class='ocrx_word' id='word_1_272' title='bbox 1547 3739 1713 3795; x_wconf 84' lang='lat' dir='ltr'><strong>Itono-</strong></span> 
     </span>
    </p>
   </div>
   <div class='ocr_carea' id='block_1_40' title="bbox 152 3825 1053 3903">
    <p class='ocr_par' dir='ltr' id='par_1_40' title="bbox 152 3825 1053 3903">
     <span class='ocr_line' id='line_1_40' title="bbox 152 3825 1053 3903; baseline 0.009 -29"><span class='ocrx_word' id='word_1_273' title='bbox 152 3836 211 3874; x_wconf 70' lang='grc' dir='ltr'><strong>ηε</strong></span> <span class='ocrx_word' id='word_1_274' title='bbox 231 3838 379 3876; x_wconf 83' lang='lat' dir='ltr'><strong>causa</strong></span> <span class='ocrx_word' id='word_1_275' title='bbox 404 3826 728 3879; x_wconf 84' lang='lat' dir='ltr'><strong>nominemus</strong></span> <span class='ocrx_word' id='word_1_276' title='bbox 751 3825 777 3879; x_wconf 82' lang='lat'><strong><em>?</em></strong></span> <span class='ocrx_word' id='word_1_277' title='bbox 1048 3898 1053 3903; x_wconf 11' lang='grc' dir='ltr'><em>ἡ</em></span> 
     </span>
    </p>
   </div>
   <div class='ocr_carea' id='block_1_41' title="bbox 207 3910 1713 3986">
    <p class='ocr_par' dir='ltr' id='par_1_41' title="bbox 207 3910 1713 3986">
     <span class='ocr_line' id='line_1_41' title="bbox 207 3910 1713 3986; baseline 0.005 -21"><span class='ocrx_word' id='word_1_278' title='bbox 207 3910 342 3967; x_wconf 84' lang='lat' dir='ltr'><strong>Absit</strong></span> <span class='ocrx_word' id='word_1_279' title='bbox 373 3922 430 3967; x_wconf 90' lang='lat' dir='ltr'><strong>ut</strong></span> <span class='ocrx_word' id='word_1_280' title='bbox 464 3914 585 3984; x_wconf 92' lang='lat' dir='ltr'><strong>pios</strong></span> <span class='ocrx_word' id='word_1_281' title='bbox 606 3929 671 3970; x_wconf 90' lang='lat' dir='ltr'><strong>ac</strong></span> <span class='ocrx_word' id='word_1_282' title='bbox 697 3915 979 3984; x_wconf 89' lang='lat' dir='ltr'><strong>religiosos</strong></span> <span class='ocrx_word' id='word_1_283' title='bbox 1004 3915 1146 3971; x_wconf 84' lang='lat' dir='ltr'><strong>viros</strong></span> <span class='ocrx_word' id='word_1_284' title='bbox 1169 3916 1487 3986; x_wconf 84' lang='lat' dir='ltr'><strong>Gregoriani</strong></span> <span class='ocrx_word' id='word_1_285' title='bbox 1509 3919 1713 3974; x_wconf 88' lang='lat' dir='ltr'><strong>ordinis</strong></span> 
     </span>
    </p>
   </div>
   <div class='ocr_carea' id='block_1_42' title="bbox 150 4002 1712 4077">
    <p class='ocr_par' dir='ltr' id='par_1_42' title="bbox 150 4002 1712 4077">
     <span class='ocr_line' id='line_1_42' title="bbox 150 4002 1712 4077; baseline 0.009 -25"><span class='ocrx_word' id='word_1_286' title='bbox 150 4002 416 4056; x_wconf 84' lang='lat' dir='ltr'><strong>canonicos</strong></span> <span class='ocrx_word' id='word_1_287' title='bbox 464 4005 654 4058; x_wconf 88' lang='lat' dir='ltr'><strong>eodem</strong></span> <span class='ocrx_word' id='word_1_288' title='bbox 702 4019 864 4059; x_wconf 88' lang='lat' dir='ltr'><strong>sensu</strong></span> <span class='ocrx_word' id='word_1_289' title='bbox 915 4006 1247 4076; x_wconf 88' lang='lat' dir='ltr'><strong>appellemus</strong></span> <span class='ocrx_word' id='word_1_290' title='bbox 1275 4050 1290 4075; x_wconf 95' lang='lat'><strong>,</strong></span> <span class='ocrx_word' id='word_1_291' title='bbox 1342 4024 1451 4077; x_wconf 90' lang='lat' dir='ltr'><strong>quo</strong></span> <span class='ocrx_word' id='word_1_292' title='bbox 1506 4009 1574 4064; x_wconf 92' lang='lat' dir='ltr'><strong>ab</strong></span> <span class='ocrx_word' id='word_1_293' title='bbox 1620 4010 1712 4067; x_wconf 87' lang='lat' dir='ltr'><strong>illo</strong></span> 
     </span>
    </p>
   </div>
   <div class='ocr_carea' id='block_1_43' title="bbox 151 4093 1709 4164">
    <p class='ocr_par' dir='ltr' id='par_1_43' title="bbox 151 4093 1709 4164">
     <span class='ocr_line' id='line_1_43' title="bbox 151 4093 1709 4164; baseline 0.008 -19"><span class='ocrx_word' id='word_1_294' title='bbox 151 4100 285 4158; x_wconf 84' lang='lat' dir='ltr'><strong>poeta</strong></span> <span class='ocrx_word' id='word_1_295' title='bbox 312 4093 585 4158; x_wconf 89' lang='lat' dir='ltr'><strong>dicuntur,</strong></span> <span class='ocrx_word' id='word_1_296' title='bbox 626 4110 765 4164; x_wconf 89' lang='lat' dir='ltr'><strong>quos</strong></span> <span class='ocrx_word' id='word_1_297' title='bbox 792 4097 956 4153; x_wconf 85' lang='lat' dir='ltr'><strong>refert</strong></span> <span class='ocrx_word' id='word_1_298' title='bbox 983 4114 1013 4154; x_wconf 91' lang='lat' dir='ltr'><strong>e</strong></span> <span class='ocrx_word' id='word_1_299' title='bbox 1041 4098 1099 4154; x_wconf 89' lang='lat' dir='ltr'><strong>S.</strong></span> <span class='ocrx_word' id='word_1_300' title='bbox 1146 4098 1401 4155; x_wconf 88' lang='lat' dir='ltr'><strong>Walarici</strong></span> <span class='ocrx_word' id='word_1_301' title='bbox 1429 4110 1709 4158; x_wconf 86' lang='lat' dir='ltr'><strong>monaste-</strong></span> 
     </span>
    </p>
   </div>
   <div class='ocr_carea' id='block_1_44' title="bbox 151 4182 808 4251">
    <p class='ocr_par' dir='ltr' id='par_1_44' title="bbox 151 4182 808 4251">
     <span class='ocr_line' id='line_1_44' title="bbox 151 4182 808 4251; baseline 0.008 -15"><span class='ocrx_word' id='word_1_302' title='bbox 151 4182 217 4236; x_wconf 81' lang='lat' dir='ltr'><strong>rio</strong></span> <span class='ocrx_word' id='word_1_303' title='bbox 249 4183 451 4251; x_wconf 87' lang='lat' dir='ltr'><strong>ejectos</strong></span> <span class='ocrx_word' id='word_1_304' title='bbox 477 4186 561 4240; x_wconf 87' lang='lat' dir='ltr'><strong>his</strong></span> <span class='ocrx_word' id='word_1_305' title='bbox 591 4188 771 4241; x_wconf 86' lang='lat' dir='ltr'><strong>verbis</strong></span> <span class='ocrx_word' id='word_1_306' title='bbox 795 4205 808 4240; x_wconf 91' lang='lat'><strong>:</strong></span> 
     </span>
    </p>
   </div>
   <div class='ocr_carea' id='block_1_45' title="bbox 250 4274 1410 4340">
    <p class='ocr_par' dir='ltr' id='par_1_45' title="bbox 250 4274 1410 4340">
     <span class='ocr_line' id='line_1_45' title="bbox 250 4274 1410 4340; baseline 0.009 -20"><span class='ocrx_word' id='word_1_307' title='bbox 250 4274 429 4340; x_wconf 78' lang='lat' dir='ltr'><strong>Qrdiue</strong></span> <span class='ocrx_word' id='word_1_308' title='bbox 448 4274 551 4323; x_wconf 80' lang='lat' dir='ltr'><strong>dux</strong></span> <span class='ocrx_word' id='word_1_309' title='bbox 578 4276 722 4338; x_wconf 79' lang='lat' dir='ltr'><strong>Hugo</strong></span> <span class='ocrx_word' id='word_1_310' title='bbox 746 4290 951 4327; x_wconf 87' lang='lat' dir='ltr'><strong>vacusns</strong></span> <span class='ocrx_word' id='word_1_311' title='bbox 973 4292 1081 4327; x_wconf 79' lang='lat' dir='ltr'><strong>mox</strong></span> <span class='ocrx_word' id='word_1_312' title='bbox 1104 4279 1410 4340; x_wconf 77' lang='lat' dir='ltr'><strong>Gregoriano</strong></span> 
     </span>
    </p>
   </div>
   <div class='ocr_carea' id='block_1_46' title="bbox 251 4334 1614 4398">
    <p class='ocr_par' dir='ltr' id='par_1_46' title="bbox 251 4334 1614 4398">
     <span class='ocr_line' id='line_1_46' title="bbox 251 4334 1614 4398; baseline 0.006 -14"><span class='ocrx_word' id='word_1_313' title='bbox 251 4334 524 4398; x_wconf 82' lang='lat' dir='ltr'><strong>Templum,</strong></span> <span class='ocrx_word' id='word_1_314' title='bbox 548 4334 819 4389; x_wconf 59' lang='lat' dir='ltr'><strong>uorn&#39;taleiu</strong></span> <span class='ocrx_word' id='word_1_315' title='bbox 843 4344 1012 4390; x_wconf 77' lang='lat' dir='ltr'><strong>statuit</strong></span> <span class='ocrx_word' id='word_1_316' title='bbox 1035 4334 1249 4391; x_wconf 78' lang='lat' dir='ltr'><strong>normam</strong></span> <span class='ocrx_word' id='word_1_317' title='bbox 1274 4344 1614 4394; x_wconf 83' lang='lat' dir='ltr'><strong>monachilem.</strong></span> 
     </span>
    </p>
   </div>
   <div class='ocr_carea' id='block_1_47' title="bbox 624 243 2943 315">
    <p class='ocr_par' dir='ltr' id='par_1_47' title="bbox 624 243 2943 315">
     <span class='ocr_line' id='line_1_47' title="bbox 624 243 2943 315; baseline 0 -11"><span class='ocrx_word' id='word_1_318' title='bbox 624 248 684 304; x_wconf 85' lang='lat' dir='ltr'><strong>S.</strong></span> <span class='ocrx_word' id='word_1_319' title='bbox 724 247 1051 305; x_wconf 76' lang='lat' dir='ltr'><strong>GREGORH</strong></span> <span class='ocrx_word' id='word_1_320' title='bbox 1095 246 1311 305; x_wconf 62' lang='lat' dir='ltr'><strong>MAGNI</strong></span> <span class='ocrx_word' id='word_1_321' title='bbox 1351 246 1533 315; x_wconf 77' lang='lat' dir='ltr'><strong>VITA,</strong></span> <span class='ocrx_word' id='word_1_322' title='bbox 1577 246 1671 301; x_wconf 77' lang='lat' dir='ltr'><strong>EX</strong></span> <span class='ocrx_word' id='word_1_323' title='bbox 1710 244 1871 302; x_wconf 82' lang='lat' dir='ltr'><strong>EJUS</strong></span> <span class='ocrx_word' id='word_1_324' title='bbox 1906 243 2210 302; x_wconf 81' lang='lat' dir='ltr'><strong>SCRIPTIS</strong></span> <span class='ocrx_word' id='word_1_325' title='bbox 2246 244 2644 304; x_wconf 76' lang='lat' dir='ltr'><strong>ADORNATA.</strong></span> <span class='ocrx_word' id='word_1_326' title='bbox 2684 248 2814 304; x_wconf 81' lang='lat' dir='ltr'><strong>LIB.</strong></span> <span class='ocrx_word' id='word_1_327' title='bbox 2855 248 2943 304; x_wconf 89' lang='lat' dir='ltr'><strong>Ill.</strong></span> 
     </span>
    </p>
   </div>
   <div class='ocr_carea' id='block_1_48' title="bbox 3305 250 3409 308">
    <p class='ocr_par' dir='ltr' id='par_1_48' title="bbox 3305 250 3409 308">
     <span class='ocr_line' id='line_1_48' title="bbox 3305 250 3409 308; baseline 0.029 -4"><span class='ocrx_word' id='word_1_328' title='bbox 3305 250 3409 308; x_wconf 80' lang='lat'><strong>5&#39;78</strong></span> 
     </span>
    </p>
   </div>
   <div class='ocr_carea' id='block_1_49' title="bbox 1820 360 3409 431">
    <p class='ocr_par' dir='ltr' id='par_1_49' title="bbox 1820 360 3409 431">
     <span class='ocr_line' id='line_1_49' title="bbox 1820 360 3409 431; baseline 0.005 -18"><span class='ocrx_word' id='word_1_329' title='bbox 1820 360 2015 429; x_wconf 87' lang='lat' dir='ltr'><strong>prioris</strong></span> <span class='ocrx_word' id='word_1_330' title='bbox 2031 368 2086 415; x_wconf 90' lang='lat' dir='ltr'><strong>et</strong></span> <span class='ocrx_word' id='word_1_331' title='bbox 2107 361 2412 431; x_wconf 77' lang='lat' dir='ltr'><strong>apostolica:</strong></span> <span class='ocrx_word' id='word_1_332' title='bbox 2432 360 2684 419; x_wconf 56' lang='lat' dir='ltr'><strong>Ecclesia</strong></span> <span class='ocrx_word' id='word_1_333' title='bbox 2702 377 2906 418; x_wconf 90' lang='lat' dir='ltr'><strong>morem</strong></span> <span class='ocrx_word' id='word_1_334' title='bbox 2928 363 3160 418; x_wconf 89' lang='lat' dir='ltr'><strong>occurrit</strong></span> <span class='ocrx_word' id='word_1_335' title='bbox 3180 366 3409 431; x_wconf 89' lang='lat' dir='ltr'><strong>mentio,</strong></span> 
     </span>
    </p>
   </div>
   <div class='ocr_carea' id='block_1_50' title="bbox 1821 452 3415 524">
    <p class='ocr_par' dir='ltr' id='par_1_50' title="bbox 1821 452 3415 524">
     <span class='ocr_line' id='line_1_50' title="bbox 1821 452 3415 524; baseline 0.003 -17"><span class='ocrx_word' id='word_1_336' title='bbox 1821 452 1874 508; x_wconf 91' lang='lat' dir='ltr'><strong>id</strong></span> <span class='ocrx_word' id='word_1_337' title='bbox 1904 453 1969 507; x_wconf 89' lang='lat' dir='ltr'><strong>ad</strong></span> <span class='ocrx_word' id='word_1_338' title='bbox 1992 454 2325 524; x_wconf 90' lang='lat' dir='ltr'><strong>probandum</strong></span> <span class='ocrx_word' id='word_1_339' title='bbox 2357 454 2741 510; x_wconf 87' lang='lat' dir='ltr'><strong>canonicorum</strong></span> <span class='ocrx_word' id='word_1_340' title='bbox 2772 454 2939 522; x_wconf 84' lang='lat' dir='ltr'><strong>regul.</strong></span> <span class='ocrx_word' id='word_1_341' title='bbox 2973 455 3271 509; x_wconf 91' lang='lat' dir='ltr'><strong>institutum</strong></span> <span class='ocrx_word' id='word_1_342' title='bbox 3302 464 3415 512; x_wconf 64' lang='lat' dir='ltr'><strong>trav</strong></span> 
     </span>
    </p>
   </div>
   <div class='ocr_carea' id='block_1_51' title="bbox 1821 541 3411 599">
    <p class='ocr_par' dir='ltr' id='par_1_51' title="bbox 1821 541 3411 599">
     <span class='ocr_line' id='line_1_51' title="bbox 1821 541 3411 599; baseline 0.001 -4"><span class='ocrx_word' id='word_1_343' title='bbox 1821 541 1913 596; x_wconf 88' lang='lat' dir='ltr'><strong>hat</strong></span> <span class='ocrx_word' id='word_1_344' title='bbox 1943 559 1958 595; x_wconf 87' lang='lat'><strong>:</strong></span> <span class='ocrx_word' id='word_1_345' title='bbox 1985 558 2089 596; x_wconf 90' lang='lat' dir='ltr'><strong>non</strong></span> <span class='ocrx_word' id='word_1_346' title='bbox 2121 543 2404 597; x_wconf 87' lang='lat' dir='ltr'><strong>attendens</strong></span> <span class='ocrx_word' id='word_1_347' title='bbox 2433 544 2809 599; x_wconf 73' lang='lat' dir='ltr'><strong>emnobiticam</strong></span> <span class='ocrx_word' id='word_1_348' title='bbox 2839 553 2893 598; x_wconf 91' lang='lat' dir='ltr'><strong>et</strong></span> <span class='ocrx_word' id='word_1_349' title='bbox 2918 558 3260 598; x_wconf 89' lang='lat' dir='ltr'><strong>communem</strong></span> <span class='ocrx_word' id='word_1_350' title='bbox 3289 560 3411 597; x_wconf 79' lang='lat' dir='ltr'><strong>mo—</strong></span> 
     </span>
    </p>
   </div>
   <div class='ocr_carea' id='block_1_52' title="bbox 1818 632 3411 704">
    <p class='ocr_par' dir='ltr' id='par_1_52' title="bbox 1818 632 3411 704">
     <span class='ocr_line' id='line_1_52' title="bbox 1818 632 3411 704; baseline 0.004 -19"><span class='ocrx_word' id='word_1_351' title='bbox 1818 632 2113 686; x_wconf 89' lang='lat' dir='ltr'><strong>nachorum</strong></span> <span class='ocrx_word' id='word_1_352' title='bbox 2150 634 2345 698; x_wconf 90' lang='lat' dir='ltr'><strong>vitam,</strong></span> <span class='ocrx_word' id='word_1_353' title='bbox 2394 635 2556 688; x_wconf 89' lang='lat' dir='ltr'><strong>etiam</strong></span> <span class='ocrx_word' id='word_1_354' title='bbox 2601 635 2665 690; x_wconf 83' lang='lat' dir='ltr'><strong>ad</strong></span> <span class='ocrx_word' id='word_1_355' title='bbox 2706 635 2944 704; x_wconf 85' lang='lat' dir='ltr'><strong>ejusdem</strong></span> <span class='ocrx_word' id='word_1_356' title='bbox 2988 636 3303 704; x_wconf 90' lang='lat' dir='ltr'><strong>antiquioris</strong></span> <span class='ocrx_word' id='word_1_357' title='bbox 3343 638 3411 691; x_wconf 84' lang='lat' dir='ltr'><strong>ab</strong></span> 
     </span>
    </p>
   </div>
   <div class='ocr_carea' id='block_1_53' title="bbox 1820 720 3411 798">
    <p class='ocr_par' dir='ltr' id='par_1_53' title="bbox 1820 720 3411 798">
     <span class='ocr_line' id='line_1_53' title="bbox 1820 720 3411 798; baseline 0.008 -27"><span class='ocrx_word' id='word_1_358' title='bbox 1820 721 2077 788; x_wconf 89' lang='lat' dir='ltr'><strong>apostolis</strong></span> <span class='ocrx_word' id='word_1_359' title='bbox 2100 720 2358 776; x_wconf 79' lang='lat' dir='ltr'><strong>instituta:</strong></span> <span class='ocrx_word' id='word_1_360' title='bbox 2381 722 2636 778; x_wconf 64' lang='lat' dir='ltr'><strong>Ecclesia:</strong></span> <span class='ocrx_word' id='word_1_361' title='bbox 2661 726 2874 779; x_wconf 89' lang='lat' dir='ltr'><strong>modum</strong></span> <span class='ocrx_word' id='word_1_362' title='bbox 2898 742 3251 795; x_wconf 89' lang='lat' dir='ltr'><strong>normamque</strong></span> <span class='ocrx_word' id='word_1_363' title='bbox 3272 743 3411 798; x_wconf 74' lang='lat' dir='ltr'><strong>pric-</strong></span> 
     </span>
    </p>
   </div>
   <div class='ocr_carea' id='block_1_54' title="bbox 1818 813 3412 888">
    <p class='ocr_par' dir='ltr' id='par_1_54' title="bbox 1818 813 3412 888">
     <span class='ocr_line' id='line_1_54' title="bbox 1818 813 3412 888; baseline 0.006 -23"><span class='ocrx_word' id='word_1_364' title='bbox 1818 813 2071 880; x_wconf 76' lang='lat' dir='ltr'><strong>schptam</strong></span> <span class='ocrx_word' id='word_1_365' title='bbox 2104 813 2266 866; x_wconf 86' lang='lat' dir='ltr'><strong>fuisse</strong></span> <span class='ocrx_word' id='word_1_366' title='bbox 2286 852 2302 878; x_wconf 93' lang='lat'><strong>,</strong></span> <span class='ocrx_word' id='word_1_367' title='bbox 2350 822 2406 867; x_wconf 90' lang='lat' dir='ltr'><strong>et</strong></span> <span class='ocrx_word' id='word_1_368' title='bbox 2437 815 2489 868; x_wconf 92' lang='lat' dir='ltr'><strong>in</strong></span> <span class='ocrx_word' id='word_1_369' title='bbox 2533 817 2782 870; x_wconf 88' lang='lat' dir='ltr'><strong>omnibus</strong></span> <span class='ocrx_word' id='word_1_370' title='bbox 2814 820 2951 888; x_wconf 84' lang='lat' dir='ltr'><strong>pene</strong></span> <span class='ocrx_word' id='word_1_371' title='bbox 2980 819 3291 873; x_wconf 86' lang='lat' dir='ltr'><strong>monasticis</strong></span> <span class='ocrx_word' id='word_1_372' title='bbox 3321 834 3412 875; x_wconf 83' lang='lat' dir='ltr'><strong>re-</strong></span> 
     </span>
    </p>
   </div>
   <div class='ocr_carea' id='block_1_55' title="bbox 1822 901 3413 979">
    <p class='ocr_par' dir='ltr' id='par_1_55' title="bbox 1822 901 3413 979">
     <span class='ocr_line' id='line_1_55' title="bbox 1822 901 3413 979; baseline 0.009 -28"><span class='ocrx_word' id='word_1_373' title='bbox 1822 901 1958 969; x_wconf 88' lang='lat' dir='ltr'><strong>gulis</strong></span> <span class='ocrx_word' id='word_1_374' title='bbox 1978 903 2281 971; x_wconf 82' lang='lat' dir='ltr'><strong>exemplum</strong></span> <span class='ocrx_word' id='word_1_375' title='bbox 2298 905 2495 959; x_wconf 87' lang='lat' dir='ltr'><strong>veteris</strong></span> <span class='ocrx_word' id='word_1_376' title='bbox 2515 905 2657 960; x_wconf 88' lang='lat' dir='ltr'><strong>illius</strong></span> <span class='ocrx_word' id='word_1_377' title='bbox 2678 906 2930 962; x_wconf 77' lang='lat' dir='ltr'><strong>Ecclesia:</strong></span> <span class='ocrx_word' id='word_1_378' title='bbox 2950 907 3413 979; x_wconf 68' lang='lat' dir='ltr'><strong>Jerosolymitanm</strong></span> 
     </span>
    </p>
   </div>
   <div class='ocr_carea' id='block_1_56' title="bbox 1816 994 3411 1070">
    <p class='ocr_par' dir='ltr' id='par_1_56' title="bbox 1816 994 3411 1070">
     <span class='ocr_line' id='line_1_56' title="bbox 1816 994 3411 1070; baseline 0.006 -24"><span class='ocrx_word' id='word_1_379' title='bbox 1816 994 1915 1065; x_wconf 85' lang='lat' dir='ltr'><strong>sub</strong></span> <span class='ocrx_word' id='word_1_380' title='bbox 1944 994 2221 1060; x_wconf 88' lang='lat' dir='ltr'><strong>apostolis,</strong></span> <span class='ocrx_word' id='word_1_381' title='bbox 2256 995 2308 1048; x_wconf 93' lang='lat' dir='ltr'><strong>in</strong></span> <span class='ocrx_word' id='word_1_382' title='bbox 2337 996 2569 1049; x_wconf 90' lang='lat' dir='ltr'><strong>medium</strong></span> <span class='ocrx_word' id='word_1_383' title='bbox 2601 997 2790 1051; x_wconf 86' lang='lat' dir='ltr'><strong>adduci</strong></span> <span class='ocrx_word' id='word_1_384' title='bbox 2818 1017 2830 1051; x_wconf 90' lang='lat'><strong>:</strong></span> <span class='ocrx_word' id='word_1_385' title='bbox 2862 999 3149 1070; x_wconf 80' lang='lat' dir='ltr'><strong>Omniaque</strong></span> <span class='ocrx_word' id='word_1_386' title='bbox 3175 1001 3411 1056; x_wconf 86' lang='lat' dir='ltr'><strong>omnibus</strong></span> 
     </span>
    </p>
   </div>
   <div class='ocr_carea' id='block_1_57' title="bbox 1816 1084 3411 1161">
    <p class='ocr_par' dir='ltr' id='par_1_57' title="bbox 1816 1084 3411 1161">
     <span class='ocr_line' id='line_1_57' title="bbox 1816 1084 3411 1161; baseline 0.006 -26"><span class='ocrx_word' id='word_1_387' title='bbox 1816 1084 1924 1136; x_wconf 89' lang='lat' dir='ltr'><strong>sint</strong></span> <span class='ocrx_word' id='word_1_388' title='bbox 1951 1086 2278 1150; x_wconf 85' lang='lat' dir='ltr'><strong>communia,</strong></span> <span class='ocrx_word' id='word_1_389' title='bbox 2313 1085 2488 1154; x_wconf 90' lang='lat' dir='ltr'><strong>inquit</strong></span> <span class='ocrx_word' id='word_1_390' title='bbox 2519 1085 2577 1141; x_wconf 91' lang='lat' dir='ltr'><strong>S.</strong></span> <span class='ocrx_word' id='word_1_391' title='bbox 2609 1086 2932 1143; x_wconf 89' lang='lat' dir='ltr'><strong>Benedictus</strong></span> <span class='ocrx_word' id='word_1_392' title='bbox 2952 1131 2967 1156; x_wconf 90' lang='lat'><strong>,</strong></span> <span class='ocrx_word' id='word_1_393' title='bbox 3006 1092 3135 1144; x_wconf 80' lang='lat' dir='ltr'><strong>sicut</strong></span> <span class='ocrx_word' id='word_1_394' title='bbox 3163 1094 3411 1161; x_wconf 89' lang='lat' dir='ltr'><strong>scriptum</strong></span> 
     </span>
    </p>
   </div>
   <div class='ocr_carea' id='block_1_58' title="bbox 1815 1173 3410 1251">
    <p class='ocr_par' dir='ltr' id='par_1_58' title="bbox 1815 1173 3410 1251">
     <span class='ocr_line' id='line_1_58' title="bbox 1815 1173 3410 1251; baseline 0.005 -23"><span class='ocrx_word' id='word_1_395' title='bbox 1815 1182 1893 1228; x_wconf 84' lang='lat' dir='ltr'><strong>est</strong></span> <span class='ocrx_word' id='word_1_396' title='bbox 1924 1173 2059 1243; x_wconf 80' lang='lat' dir='ltr'><strong>(Act.</strong></span> <span class='ocrx_word' id='word_1_397' title='bbox 2090 1176 2183 1243; x_wconf 85' lang='lat' dir='ltr'><strong>iv),</strong></span> <span class='ocrx_word' id='word_1_398' title='bbox 2204 1192 2297 1228; x_wconf 85' lang='lat' dir='ltr'><strong>nec</strong></span> <span class='ocrx_word' id='word_1_399' title='bbox 2324 1178 2593 1247; x_wconf 81' lang='lat' dir='ltr'><strong>quisquam</strong></span> <span class='ocrx_word' id='word_1_400' title='bbox 2617 1193 2763 1229; x_wconf 82' lang='lat' dir='ltr'><strong>suum</strong></span> <span class='ocrx_word' id='word_1_401' title='bbox 2788 1180 2985 1247; x_wconf 82' lang='lat' dir='ltr'><strong>aliquid</strong></span> <span class='ocrx_word' id='word_1_402' title='bbox 3006 1182 3145 1233; x_wconf 80' lang='lat' dir='ltr'><strong>dicat</strong></span> <span class='ocrx_word' id='word_1_403' title='bbox 3167 1183 3242 1234; x_wconf 79' lang='lat' dir='ltr'><strong>vel</strong></span> <span class='ocrx_word' id='word_1_404' title='bbox 3272 1199 3410 1251; x_wconf 81' lang='lat' dir='ltr'><strong>pra:—</strong></span> 
     </span>
    </p>
   </div>
   <div class='ocr_carea' id='block_1_59' title="bbox 1815 1264 3409 1337">
    <p class='ocr_par' dir='ltr' id='par_1_59' title="bbox 1815 1264 3409 1337">
     <span class='ocr_line' id='line_1_59' title="bbox 1815 1264 3409 1337; baseline 0.004 -19"><span class='ocrx_word' id='word_1_405' title='bbox 1815 1274 2003 1319; x_wconf 81' lang='lat' dir='ltr'><strong>sumal.</strong></span> <span class='ocrx_word' id='word_1_406' title='bbox 2035 1264 2097 1319; x_wconf 83' lang='lat' dir='ltr'><strong>Et</strong></span> <span class='ocrx_word' id='word_1_407' title='bbox 2122 1280 2239 1335; x_wconf 85' lang='lat' dir='ltr'><strong>cap.</strong></span> <span class='ocrx_word' id='word_1_408' title='bbox 2266 1264 2335 1320; x_wconf 74' lang='grc'><strong>54</strong></span> <span class='ocrx_word' id='word_1_409' title='bbox 2359 1283 2372 1319; x_wconf 90' lang='lat'>:</span> <span class='ocrx_word' id='word_1_410' title='bbox 2407 1265 2468 1321; x_wconf 84' lang='lat' dir='ltr'><strong>Si</strong></span> <span class='ocrx_word' id='word_1_411' title='bbox 2494 1282 2669 1319; x_wconf 84' lang='lat' dir='ltr'><strong>omnes</strong></span> <span class='ocrx_word' id='word_1_412' title='bbox 2693 1266 2959 1337; x_wconf 63' lang='lat' dir='ltr'><strong>aequaliter</strong></span> <span class='ocrx_word' id='word_1_413' title='bbox 2988 1267 3201 1321; x_wconf 82' lang='lat' dir='ltr'><strong>debeant</strong></span> <span class='ocrx_word' id='word_1_414' title='bbox 3230 1287 3409 1324; x_wconf 84' lang='lat' dir='ltr'><strong>neces-</strong></span> 
     </span>
    </p>
   </div>
   <div class='ocr_carea' id='block_1_60' title="bbox 1816 1356 3412 1429">
    <p class='ocr_par' dir='ltr' id='par_1_60' title="bbox 1816 1356 3412 1429">
     <span class='ocr_line' id='line_1_60' title="bbox 1816 1356 3412 1429; baseline 0.001 -18"><span class='ocrx_word' id='word_1_415' title='bbox 1816 1358 1960 1411; x_wconf 86' lang='lat' dir='ltr'><strong>saria</strong></span> <span class='ocrx_word' id='word_1_416' title='bbox 1990 1358 2242 1428; x_wconf 86' lang='lat' dir='ltr'><strong>accipere.</strong></span> <span class='ocrx_word' id='word_1_417' title='bbox 2273 1357 2422 1412; x_wconf 86' lang='lat' dir='ltr'><strong>Sicut</strong></span> <span class='ocrx_word' id='word_1_418' title='bbox 2451 1359 2697 1428; x_wconf 84' lang='lat' dir='ltr'><strong>scriptum</strong></span> <span class='ocrx_word' id='word_1_419' title='bbox 2727 1364 2821 1421; x_wconf 88' lang='lat' dir='ltr'><strong>est,</strong></span> <span class='ocrx_word' id='word_1_420' title='bbox 2851 1356 3168 1411; x_wconf 71' lang='lat' dir='ltr'><strong>dividebatur</strong></span> <span class='ocrx_word' id='word_1_421' title='bbox 3196 1360 3412 1429; x_wconf 81' lang='lat' dir='ltr'><strong>singulis</strong></span> 
     </span>
    </p>
   </div>
   <div class='ocr_carea' id='block_1_61' title="bbox 1815 1447 3412 1520">
    <p class='ocr_par' dir='ltr' id='par_1_61' title="bbox 1815 1447 3412 1520">
     <span class='ocr_line' id='line_1_61' title="bbox 1815 1447 3412 1520; baseline 0.001 -19"><span class='ocrx_word' id='word_1_422' title='bbox 1815 1458 1970 1518; x_wconf 84' lang='lat' dir='ltr'><strong>prout</strong></span> <span class='ocrx_word' id='word_1_423' title='bbox 2012 1451 2191 1519; x_wconf 85' lang='lat' dir='ltr'><strong>cuique</strong></span> <span class='ocrx_word' id='word_1_424' title='bbox 2226 1466 2352 1520; x_wconf 81' lang='lat' dir='ltr'><strong>Opus</strong></span> <span class='ocrx_word' id='word_1_425' title='bbox 2390 1459 2521 1502; x_wconf 90' lang='lat' dir='ltr'><strong>erat.</strong></span> <span class='ocrx_word' id='word_1_426' title='bbox 2560 1449 2692 1502; x_wconf 82' lang='lat' dir='ltr'><strong>Cum</strong></span> <span class='ocrx_word' id='word_1_427' title='bbox 2733 1456 2921 1502; x_wconf 60' lang='lat' dir='ltr'><strong>strncto</strong></span> <span class='ocrx_word' id='word_1_428' title='bbox 2952 1447 3244 1501; x_wconf 73' lang='lat' dir='ltr'><strong>Benedicto</strong></span> <span class='ocrx_word' id='word_1_429' title='bbox 3282 1463 3412 1503; x_wconf 88' lang='lat' dir='ltr'><strong>vero</strong></span> 
     </span>
    </p>
   </div>
   <div class='ocr_carea' id='block_1_62' title="bbox 1816 1537 3411 1609">
    <p class='ocr_par' dir='ltr' id='par_1_62' title="bbox 1816 1537 3411 1609">
     <span class='ocr_line' id='line_1_62' title="bbox 1816 1537 3411 1609; baseline 0 -16"><span class='ocrx_word' id='word_1_430' title='bbox 1816 1540 1917 1594; x_wconf 87' lang='lat' dir='ltr'><strong>hac</strong></span> <span class='ocrx_word' id='word_1_431' title='bbox 1959 1539 2013 1594; x_wconf 91' lang='lat' dir='ltr'><strong>in</strong></span> <span class='ocrx_word' id='word_1_432' title='bbox 2062 1548 2216 1609; x_wconf 87' lang='lat' dir='ltr'><strong>parte</strong></span> <span class='ocrx_word' id='word_1_433' title='bbox 2264 1540 2555 1594; x_wconf 86' lang='lat' dir='ltr'><strong>concinunt</strong></span> <span class='ocrx_word' id='word_1_434' title='bbox 2600 1554 2788 1592; x_wconf 87' lang='lat' dir='ltr'><strong>omnes</strong></span> <span class='ocrx_word' id='word_1_435' title='bbox 2836 1538 2948 1591; x_wconf 56' lang='lat' dir='ltr'><strong>fere</strong></span> <span class='ocrx_word' id='word_1_436' title='bbox 2995 1537 3411 1593; x_wconf 87' lang='lat' dir='ltr'><strong>monasticarunt</strong></span> 
     </span>
    </p>
   </div>
   <div class='ocr_carea' id='block_1_63' title="bbox 1815 1627 3414 1697">
    <p class='ocr_par' dir='ltr' id='par_1_63' title="bbox 1815 1627 3414 1697">
     <span class='ocr_line' id='line_1_63' title="bbox 1815 1627 3414 1697; baseline -0.001 -15"><span class='ocrx_word' id='word_1_437' title='bbox 1815 1629 2141 1697; x_wconf 82' lang='lat' dir='ltr'><strong>regularum,</strong></span> <span class='ocrx_word' id='word_1_438' title='bbox 2174 1629 2501 1691; x_wconf 89' lang='lat' dir='ltr'><strong>conditores,</strong></span> <span class='ocrx_word' id='word_1_439' title='bbox 2526 1637 2583 1681; x_wconf 91' lang='lat' dir='ltr'><strong>ut</strong></span> <span class='ocrx_word' id='word_1_440' title='bbox 2606 1628 2789 1682; x_wconf 79' lang='lat' dir='ltr'><strong>videre</strong></span> <span class='ocrx_word' id='word_1_441' title='bbox 2818 1636 2899 1681; x_wconf 87' lang='lat' dir='ltr'><strong>est</strong></span> <span class='ocrx_word' id='word_1_442' title='bbox 2927 1627 2977 1680; x_wconf 91' lang='lat' dir='ltr'><strong>in</strong></span> <span class='ocrx_word' id='word_1_443' title='bbox 3008 1627 3296 1682; x_wconf 78' lang='lat' dir='ltr'><strong>Concordia</strong></span> <span class='ocrx_word' id='word_1_444' title='bbox 3328 1643 3414 1682; x_wconf 86' lang='lat' dir='ltr'><strong>re-</strong></span> 
     </span>
    </p>
   </div>
   <div class='ocr_carea' id='block_1_64' title="bbox 1818 1718 3410 1788">
    <p class='ocr_par' dir='ltr' id='par_1_64' title="bbox 1818 1718 3410 1788">
     <span class='ocr_line' id='line_1_64' title="bbox 1818 1718 3410 1788; baseline 0.001 -16"><span class='ocrx_word' id='word_1_445' title='bbox 1818 1722 2079 1788; x_wconf 87' lang='lat' dir='ltr'><strong>gularum.</strong></span> <span class='ocrx_word' id='word_1_446' title='bbox 2098 1729 2322 1776; x_wconf 89' lang='lat' dir='ltr'><strong>auctore</strong></span> <span class='ocrx_word' id='word_1_447' title='bbox 2349 1719 2405 1775; x_wconf 95' lang='grc'><strong>8.</strong></span> <span class='ocrx_word' id='word_1_448' title='bbox 2438 1719 2729 1775; x_wconf 86' lang='lat' dir='ltr'><strong>Benedicto</strong></span> <span class='ocrx_word' id='word_1_449' title='bbox 2751 1719 2971 1773; x_wconf 69' lang='lat' dir='ltr'><strong>Anianm</strong></span> <span class='ocrx_word' id='word_1_450' title='bbox 3000 1718 3219 1782; x_wconf 80' lang='lat' dir='ltr'><strong>abbate,</strong></span> <span class='ocrx_word' id='word_1_451' title='bbox 3251 1733 3410 1788; x_wconf 83' lang='lat' dir='ltr'><strong>capp.</strong></span> 
     </span>
    </p>
   </div>
   <div class='ocr_carea' id='block_1_65' title="bbox 1817 1805 3411 1879">
    <p class='ocr_par' dir='ltr' id='par_1_65' title="bbox 1817 1805 3411 1879">
     <span class='ocr_line' id='line_1_65' title="bbox 1817 1805 3411 1879; baseline -0.001 -18"><span class='ocrx_word' id='word_1_452' title='bbox 1817 1807 1891 1861; x_wconf 72' lang='grc'><strong>42</strong></span> <span class='ocrx_word' id='word_1_453' title='bbox 1914 1817 1969 1863; x_wconf 93' lang='lat' dir='ltr'><strong>et</strong></span> <span class='ocrx_word' id='word_1_454' title='bbox 1996 1808 2096 1875; x_wconf 74' lang='grc'><strong>45,</strong></span> <span class='ocrx_word' id='word_1_455' title='bbox 2129 1808 2466 1879; x_wconf 88' lang='lat' dir='ltr'><strong>proindeque</strong></span> <span class='ocrx_word' id='word_1_456' title='bbox 2494 1808 2691 1878; x_wconf 90' lang='lat' dir='ltr'><strong>potiori</strong></span> <span class='ocrx_word' id='word_1_457' title='bbox 2716 1808 2837 1876; x_wconf 86' lang='lat' dir='ltr'><strong>jure</strong></span> <span class='ocrx_word' id='word_1_458' title='bbox 2864 1806 3116 1861; x_wconf 90' lang='lat' dir='ltr'><strong>monachi</strong></span> <span class='ocrx_word' id='word_1_459' title='bbox 3146 1805 3245 1859; x_wconf 90' lang='lat' dir='ltr'><strong>sibi</strong></span> <span class='ocrx_word' id='word_1_460' title='bbox 3274 1820 3411 1860; x_wconf 88' lang='lat' dir='ltr'><strong>ven-</strong></span> 
     </span>
    </p>
   </div>
   <div class='ocr_carea' id='block_1_66' title="bbox 1817 1896 3411 1968">
    <p class='ocr_par' dir='ltr' id='par_1_66' title="bbox 1817 1896 3411 1968">
     <span class='ocr_line' id='line_1_66' title="bbox 1817 1896 3411 1968; baseline 0 -17"><span class='ocrx_word' id='word_1_461' title='bbox 1817 1896 1999 1952; x_wconf 87' lang='lat' dir='ltr'><strong>dicare</strong></span> <span class='ocrx_word' id='word_1_462' title='bbox 2029 1907 2257 1968; x_wconf 90' lang='lat' dir='ltr'><strong>possunt</strong></span> <span class='ocrx_word' id='word_1_463' title='bbox 2285 1908 2527 1955; x_wconf 85' lang='lat' dir='ltr'><strong>veterum</strong></span> <span class='ocrx_word' id='word_1_464' title='bbox 2568 1898 2636 1954; x_wconf 89' lang='lat' dir='ltr'><strong>de</strong></span> <span class='ocrx_word' id='word_1_465' title='bbox 2676 1900 2782 1953; x_wconf 87' lang='lat' dir='ltr'><strong>vita</strong></span> <span class='ocrx_word' id='word_1_466' title='bbox 2811 1897 3134 1954; x_wconf 69' lang='lat' dir='ltr'><strong>cinnobitica</strong></span> <span class='ocrx_word' id='word_1_467' title='bbox 3175 1904 3230 1951; x_wconf 91' lang='lat' dir='ltr'><strong>et</strong></span> <span class='ocrx_word' id='word_1_468' title='bbox 3258 1911 3411 1953; x_wconf 89' lang='lat' dir='ltr'><strong>com-</strong></span> 
     </span>
    </p>
   </div>
   <div class='ocr_carea' id='block_1_67' title="bbox 1817 1989 2326 2044">
    <p class='ocr_par' dir='ltr' id='par_1_67' title="bbox 1817 1989 2326 2044">
     <span class='ocr_line' id='line_1_67' title="bbox 1817 1989 2326 2044; baseline 0.006 -3"><span class='ocrx_word' id='word_1_469' title='bbox 1817 1989 1966 2042; x_wconf 90' lang='lat' dir='ltr'><strong>muni</strong></span> <span class='ocrx_word' id='word_1_470' title='bbox 1999 1989 2326 2044; x_wconf 89' lang='lat' dir='ltr'><strong>testimonia.</strong></span> 
     </span>
    </p>
   </div>
   <div class='ocr_carea' id='block_1_68' title="bbox 1890 2076 3413 2147">
    <p class='ocr_par' dir='ltr' id='par_1_68' title="bbox 1890 2076 3413 2147">
     <span class='ocr_line' id='line_1_68' title="bbox 1890 2076 3413 2147; baseline 0.003 -17"><span class='ocrx_word' id='word_1_471' title='bbox 1890 2076 2043 2142; x_wconf 85' lang='lat' dir='ltr'><strong>Quod</strong></span> <span class='ocrx_word' id='word_1_472' title='bbox 2098 2085 2310 2147; x_wconf 87' lang='lat' dir='ltr'><strong>spectat</strong></span> <span class='ocrx_word' id='word_1_473' title='bbox 2362 2077 2431 2131; x_wconf 88' lang='lat' dir='ltr'><strong>ad</strong></span> <span class='ocrx_word' id='word_1_474' title='bbox 2492 2076 2788 2133; x_wconf 85' lang='lat' dir='ltr'><strong>Ecclesiam</strong></span> <span class='ocrx_word' id='word_1_475' title='bbox 2845 2077 3256 2133; x_wconf 79' lang='lat' dir='ltr'><strong>Alexandrinam</strong></span> <span class='ocrx_word' id='word_1_476' title='bbox 3311 2080 3413 2135; x_wconf 90' lang='lat' dir='ltr'><strong>sub</strong></span> 
     </span>
    </p>
   </div>
   <div class='ocr_carea' id='block_1_69' title="bbox 1818 2163 3448 2240">
    <p class='ocr_par' dir='ltr' id='par_1_69' title="bbox 1818 2163 3448 2240">
     <span class='ocr_line' id='line_1_69' title="bbox 1818 2163 3448 2240; baseline 0.002 -19"><span class='ocrx_word' id='word_1_477' title='bbox 1818 2163 1875 2221; x_wconf 90' lang='lat' dir='ltr'><strong>S.</strong></span> <span class='ocrx_word' id='word_1_478' title='bbox 1900 2166 2079 2222; x_wconf 82' lang='lat' dir='ltr'><strong>Marco</strong></span> <span class='ocrx_word' id='word_1_479' title='bbox 2104 2169 2390 2223; x_wconf 81' lang='lat' dir='ltr'><strong>sanctitate</strong></span> <span class='ocrx_word' id='word_1_480' title='bbox 2411 2166 2866 2235; x_wconf 83' lang='lat' dir='ltr'><strong>ﬂorentissimam,</strong></span> <span class='ocrx_word' id='word_1_481' title='bbox 2902 2171 3143 2240; x_wconf 82' lang='lat' dir='ltr'><strong>plerique</strong></span> <span class='ocrx_word' id='word_1_482' title='bbox 3173 2180 3411 2225; x_wconf 85' lang='lat' dir='ltr'><strong>veterum</strong></span> <span class='ocrx_word' id='word_1_483' title='bbox 3444 2194 3448 2199; x_wconf 83' lang='lat'><strong><em>-</em></strong></span> 
     </span>
    </p>
   </div>
   <div class='ocr_carea' id='block_1_70' title="bbox 1816 2258 3412 2329">
    <p class='ocr_par' dir='ltr' id='par_1_70' title="bbox 1816 2258 3412 2329">
     <span class='ocr_line' id='line_1_70' title="bbox 1816 2258 3412 2329; baseline 0.001 -18"><span class='ocrx_word' id='word_1_484' title='bbox 1816 2258 1908 2326; x_wconf 90' lang='lat' dir='ltr'><strong>qui</strong></span> <span class='ocrx_word' id='word_1_485' title='bbox 1934 2258 2001 2313; x_wconf 89' lang='lat' dir='ltr'><strong>de</strong></span> <span class='ocrx_word' id='word_1_486' title='bbox 2028 2260 2190 2313; x_wconf 89' lang='lat' dir='ltr'><strong>rebus</strong></span> <span class='ocrx_word' id='word_1_487' title='bbox 2217 2260 2531 2314; x_wconf 83' lang='lat' dir='ltr'><strong>monasticis</strong></span> <span class='ocrx_word' id='word_1_488' title='bbox 2558 2268 2807 2329; x_wconf 86' lang='lat' dir='ltr'><strong>egerunt,</strong></span> <span class='ocrx_word' id='word_1_489' title='bbox 2840 2260 2891 2313; x_wconf 91' lang='lat' dir='ltr'><strong>in</strong></span> <span class='ocrx_word' id='word_1_490' title='bbox 2922 2260 3037 2329; x_wconf 70' lang='lat' dir='ltr'><strong>ipsa</strong></span> <span class='ocrx_word' id='word_1_491' title='bbox 3067 2272 3121 2313; x_wconf 81' lang='lat' dir='ltr'><strong>et</strong></span> <span class='ocrx_word' id='word_1_492' title='bbox 3151 2262 3201 2313; x_wconf 93' lang='lat' dir='ltr'><strong>in</strong></span> <span class='ocrx_word' id='word_1_493' title='bbox 3230 2262 3412 2314; x_wconf 85' lang='lat' dir='ltr'><strong>thera-</strong></span> 
     </span>
    </p>
   </div>
   <div class='ocr_carea' id='block_1_71' title="bbox 1818 2346 3399 2418">
    <p class='ocr_par' dir='ltr' id='par_1_71' title="bbox 1818 2346 3399 2418">
     <span class='ocr_line' id='line_1_71' title="bbox 1818 2346 3399 2418; baseline 0.001 -17"><span class='ocrx_word' id='word_1_494' title='bbox 1818 2349 1992 2418; x_wconf 91' lang='lat' dir='ltr'><strong>peutis</strong></span> <span class='ocrx_word' id='word_1_495' title='bbox 2033 2346 2272 2403; x_wconf 85' lang='lat' dir='ltr'><strong>Philonis</strong></span> <span class='ocrx_word' id='word_1_496' title='bbox 2311 2364 2342 2402; x_wconf 91' lang='lat' dir='ltr'><strong>a</strong></span> <span class='ocrx_word' id='word_1_497' title='bbox 2386 2346 2591 2404; x_wconf 84' lang='lat' dir='ltr'><strong>Joanne</strong></span> <span class='ocrx_word' id='word_1_498' title='bbox 2641 2349 2880 2403; x_wconf 90' lang='lat' dir='ltr'><strong>Diacono</strong></span> <span class='ocrx_word' id='word_1_499' title='bbox 2932 2351 3399 2414; x_wconf 83' lang='lat' dir='ltr'><strong>commemoratis,</strong></span> 
     </span>
    </p>
   </div>
   <div class='ocr_carea' id='block_1_72' title="bbox 1817 2439 3413 2509">
    <p class='ocr_par' dir='ltr' id='par_1_72' title="bbox 1817 2439 3413 2509">
     <span class='ocr_line' id='line_1_72' title="bbox 1817 2439 3413 2509; baseline 0.003 -18"><span class='ocrx_word' id='word_1_500' title='bbox 1817 2439 2157 2508; x_wconf 88' lang='lat' dir='ltr'><strong>propositum</strong></span> <span class='ocrx_word' id='word_1_501' title='bbox 2231 2454 2351 2497; x_wconf 88' lang='lat' dir='ltr'><strong>esse</strong></span> <span class='ocrx_word' id='word_1_502' title='bbox 2426 2450 2597 2494; x_wconf 87' lang='lat' dir='ltr'><strong>status</strong></span> <span class='ocrx_word' id='word_1_503' title='bbox 2661 2442 2967 2509; x_wconf 78' lang='lat' dir='ltr'><strong>politiacque</strong></span> <span class='ocrx_word' id='word_1_504' title='bbox 3027 2442 3413 2495; x_wconf 84' lang='lat' dir='ltr'><strong>monachorum</strong></span> 
     </span>
    </p>
   </div>
   <div class='ocr_carea' id='block_1_73' title="bbox 1817 2530 3056 2599">
    <p class='ocr_par' dir='ltr' id='par_1_73' title="bbox 1817 2530 3056 2599">
     <span class='ocr_line' id='line_1_73' title="bbox 1817 2530 3056 2599; baseline 0.003 -18"><span class='ocrx_word' id='word_1_505' title='bbox 1817 2530 2114 2599; x_wconf 80' lang='lat' dir='ltr'><strong>exemplar,</strong></span> <span class='ocrx_word' id='word_1_506' title='bbox 2147 2544 2252 2583; x_wconf 90' lang='lat' dir='ltr'><strong>non</strong></span> <span class='ocrx_word' id='word_1_507' title='bbox 2282 2530 2686 2595; x_wconf 88' lang='lat' dir='ltr'><strong>canonicorum,</strong></span> <span class='ocrx_word' id='word_1_508' title='bbox 2714 2538 3056 2585; x_wconf 84' lang='lat' dir='ltr'><strong>censuerunt.</strong></span> 
     </span>
    </p>
   </div>
   <div class='ocr_carea' id='block_1_74' title="bbox 1888 2618 3415 2690">
    <p class='ocr_par' dir='ltr' id='par_1_74' title="bbox 1888 2618 3415 2690">
     <span class='ocr_line' id='line_1_74' title="bbox 1888 2618 3415 2690; baseline 0.002 -19"><span class='ocrx_word' id='word_1_509' title='bbox 1888 2619 1941 2673; x_wconf 89' lang='lat'><strong>7.</strong></span> <span class='ocrx_word' id='word_1_510' title='bbox 1989 2620 2223 2690; x_wconf 79' lang='lat' dir='ltr'><strong>Exploso</strong></span> <span class='ocrx_word' id='word_1_511' title='bbox 2264 2620 2398 2675; x_wconf 88' lang='lat' dir='ltr'><strong>falso</strong></span> <span class='ocrx_word' id='word_1_512' title='bbox 2429 2621 2719 2675; x_wconf 87' lang='lat' dir='ltr'><strong>verborum</strong></span> <span class='ocrx_word' id='word_1_513' title='bbox 2762 2619 2985 2674; x_wconf 86' lang='lat' dir='ltr'><strong>Joannis</strong></span> <span class='ocrx_word' id='word_1_514' title='bbox 3031 2619 3248 2675; x_wconf 86' lang='lat' dir='ltr'><strong>Diaconi</strong></span> <span class='ocrx_word' id='word_1_515' title='bbox 3278 2618 3415 2675; x_wconf 82' lang='lat' dir='ltr'><strong>ﬁcti-</strong></span> 
     </span>
    </p>
   </div>
   <div class='ocr_carea' id='block_1_75' title="bbox 1818 2708 3413 2779">
    <p class='ocr_par' dir='ltr' id='par_1_75' title="bbox 1818 2708 3413 2779">
     <span class='ocr_line' id='line_1_75' title="bbox 1818 2708 3413 2779; baseline 0.001 -16"><span class='ocrx_word' id='word_1_516' title='bbox 1818 2708 2000 2779; x_wconf 78' lang='lat' dir='ltr'><strong>tioquc</strong></span> <span class='ocrx_word' id='word_1_517' title='bbox 2028 2726 2207 2777; x_wconf 91' lang='lat' dir='ltr'><strong>sensu,</strong></span> <span class='ocrx_word' id='word_1_518' title='bbox 2251 2711 2520 2765; x_wconf 86' lang='lat' dir='ltr'><strong>sincerum</strong></span> <span class='ocrx_word' id='word_1_519' title='bbox 2545 2711 2658 2779; x_wconf 89' lang='lat' dir='ltr'><strong>jam</strong></span> <span class='ocrx_word' id='word_1_520' title='bbox 2690 2718 2744 2765; x_wconf 91' lang='lat' dir='ltr'><strong>et</strong></span> <span class='ocrx_word' id='word_1_521' title='bbox 2772 2711 3058 2778; x_wconf 87' lang='lat' dir='ltr'><strong>genuinum</strong></span> <span class='ocrx_word' id='word_1_522' title='bbox 3089 2711 3413 2779; x_wconf 79' lang='lat' dir='ltr'><strong>aperiamus.</strong></span> 
     </span>
    </p>
   </div>
   <div class='ocr_carea' id='block_1_76' title="bbox 1817 2800 3409 2870">
    <p class='ocr_par' dir='ltr' id='par_1_76' title="bbox 1817 2800 3409 2870">
     <span class='ocr_line' id='line_1_76' title="bbox 1817 2800 3409 2870; baseline -0.001 -13"><span class='ocrx_word' id='word_1_523' title='bbox 1817 2800 1874 2857; x_wconf 91' lang='lat' dir='ltr'><strong>S.</strong></span> <span class='ocrx_word' id='word_1_524' title='bbox 1899 2800 2192 2870; x_wconf 84' lang='lat' dir='ltr'><strong>Gregorius</strong></span> <span class='ocrx_word' id='word_1_525' title='bbox 2215 2802 2308 2870; x_wconf 92' lang='lat' dir='ltr'><strong>qui</strong></span> <span class='ocrx_word' id='word_1_526' title='bbox 2336 2801 2617 2856; x_wconf 87' lang='lat' dir='ltr'><strong>monachis</strong></span> <span class='ocrx_word' id='word_1_527' title='bbox 2645 2801 3042 2855; x_wconf 81' lang='lat' dir='ltr'><strong>convictoribus</strong></span> <span class='ocrx_word' id='word_1_528' title='bbox 3066 2816 3191 2854; x_wconf 84' lang='lat' dir='ltr'><strong>usus</strong></span> <span class='ocrx_word' id='word_1_529' title='bbox 3215 2801 3409 2866; x_wconf 80' lang='lat' dir='ltr'><strong>fuerat,</strong></span> 
     </span>
    </p>
   </div>
   <div class='ocr_carea' id='block_1_77' title="bbox 1817 2888 3413 2962">
    <p class='ocr_par' dir='ltr' id='par_1_77' title="bbox 1817 2888 3413 2962">
     <span class='ocr_line' id='line_1_77' title="bbox 1817 2888 3413 2962; baseline -0.003 -14"><span class='ocrx_word' id='word_1_530' title='bbox 1817 2907 1941 2949; x_wconf 89' lang='lat' dir='ltr'><strong>cum</strong></span> <span class='ocrx_word' id='word_1_531' title='bbox 1969 2891 2437 2962; x_wconf 83' lang='lat' dir='ltr'><strong>Constantinopoli</strong></span> <span class='ocrx_word' id='word_1_532' title='bbox 2466 2888 2872 2962; x_wconf 87' lang='lat' dir='ltr'><strong>apocrisiarium</strong></span> <span class='ocrx_word' id='word_1_533' title='bbox 2903 2894 3120 2959; x_wconf 81' lang='lat' dir='ltr'><strong>ageret,</strong></span> <span class='ocrx_word' id='word_1_534' title='bbox 3154 2899 3207 2941; x_wconf 88' lang='lat' dir='ltr'><strong>ut</strong></span> <span class='ocrx_word' id='word_1_535' title='bbox 3236 2905 3413 2943; x_wconf 85' lang='lat' dir='ltr'><strong>eorum</strong></span> 
     </span>
    </p>
   </div>
   <div class='ocr_carea' id='block_1_78' title="bbox 1816 2981 3416 3053">
    <p class='ocr_par' dir='ltr' id='par_1_78' title="bbox 1816 2981 3416 3053">
     <span class='ocr_line' id='line_1_78' title="bbox 1816 2981 3416 3053; baseline -0.002 -16"><span class='ocrx_word' id='word_1_536' title='bbox 1816 2984 2052 3053; x_wconf 73' lang='lat' dir='ltr'><strong>exemplo</strong></span> <span class='ocrx_word' id='word_1_537' title='bbox 2082 3000 2283 3053; x_wconf 86' lang='lat' dir='ltr'><strong>semper</strong></span> <span class='ocrx_word' id='word_1_538' title='bbox 2306 2983 2375 3036; x_wconf 87' lang='lat' dir='ltr'><strong>ad</strong></span> <span class='ocrx_word' id='word_1_539' title='bbox 2404 2982 2655 3037; x_wconf 89' lang='lat' dir='ltr'><strong>orationis</strong></span> <span class='ocrx_word' id='word_1_540' title='bbox 2686 2981 2945 3051; x_wconf 87' lang='lat' dir='ltr'><strong>placidum</strong></span> <span class='ocrx_word' id='word_1_541' title='bbox 2975 2981 3116 3034; x_wconf 86' lang='lat' dir='ltr'><strong>littus</strong></span> <span class='ocrx_word' id='word_1_542' title='bbox 3145 2981 3291 3052; x_wconf 88' lang='lat' dir='ltr'><strong>quasi</strong></span> <span class='ocrx_word' id='word_1_543' title='bbox 3321 2998 3416 3034; x_wconf 81' lang='lat' dir='ltr'><strong>an-</strong></span> 
     </span>
    </p>
   </div>
   <div class='ocr_carea' id='block_1_79' title="bbox 1818 3070 3415 3145">
    <p class='ocr_par' dir='ltr' id='par_1_79' title="bbox 1818 3070 3415 3145">
     <span class='ocr_line' id='line_1_79' title="bbox 1818 3070 3415 3145; baseline 0 -20"><span class='ocrx_word' id='word_1_544' title='bbox 1818 3074 1989 3128; x_wconf 78' lang='lat' dir='ltr'><strong>chorte</strong></span> <span class='ocrx_word' id='word_1_545' title='bbox 2016 3076 2137 3145; x_wconf 76' lang='lat' dir='ltr'><strong>fune</strong></span> <span class='ocrx_word' id='word_1_546' title='bbox 2174 3075 2569 3144; x_wconf 77' lang='lat' dir='ltr'><strong>restringeretur</strong></span> <span class='ocrx_word' id='word_1_547' title='bbox 2609 3071 2871 3144; x_wconf 76' lang='lat' dir='ltr'><strong>(Prwfat.</strong></span> <span class='ocrx_word' id='word_1_548' title='bbox 2905 3070 3098 3125; x_wconf 59' lang='lat' dir='ltr'><strong>Morel.</strong></span> <span class='ocrx_word' id='word_1_549' title='bbox 3120 3072 3169 3141; x_wconf 91' lang='lat'><strong>),</strong></span> <span class='ocrx_word' id='word_1_550' title='bbox 3198 3071 3415 3126; x_wconf 86' lang='lat' dir='ltr'><strong>eosdem</strong></span> 
     </span>
    </p>
   </div>
   <div class='ocr_carea' id='block_1_80' title="bbox 1818 3159 3413 3232">
    <p class='ocr_par' dir='ltr' id='par_1_80' title="bbox 1818 3159 3413 3232">
     <span class='ocr_line' id='line_1_80' title="bbox 1818 3159 3413 3232; baseline -0.002 -14"><span class='ocrx_word' id='word_1_551' title='bbox 1818 3164 1987 3218; x_wconf 90' lang='lat' dir='ltr'><strong>voluit</strong></span> <span class='ocrx_word' id='word_1_552' title='bbox 2014 3164 2216 3218; x_wconf 89' lang='lat' dir='ltr'><strong>habere</strong></span> <span class='ocrx_word' id='word_1_553' title='bbox 2246 3163 2662 3218; x_wconf 81' lang='lat' dir='ltr'><strong>contubernales</strong></span> <span class='ocrx_word' id='word_1_554' title='bbox 2680 3203 2696 3229; x_wconf 90' lang='lat'><strong>,</strong></span> <span class='ocrx_word' id='word_1_555' title='bbox 2727 3170 3013 3232; x_wconf 82' lang='lat' dir='ltr'><strong>pestquam</strong></span> <span class='ocrx_word' id='word_1_556' title='bbox 3041 3161 3106 3214; x_wconf 85' lang='lat' dir='ltr'><strong>ad</strong></span> <span class='ocrx_word' id='word_1_557' title='bbox 3130 3159 3413 3230; x_wconf 78' lang='lat' dir='ltr'><strong>pontiﬁca-</strong></span> 
     </span>
    </p>
   </div>
   <div class='ocr_carea' id='block_1_81' title="bbox 1817 3251 3415 3323">
    <p class='ocr_par' dir='ltr' id='par_1_81' title="bbox 1817 3251 3415 3323">
     <span class='ocr_line' id='line_1_81' title="bbox 1817 3251 3415 3323; baseline -0.001 -14"><span class='ocrx_word' id='word_1_558' title='bbox 1817 3265 1930 3309; x_wconf 88' lang='lat' dir='ltr'><strong>tum</strong></span> <span class='ocrx_word' id='word_1_559' title='bbox 1962 3256 2160 3309; x_wconf 87' lang='lat' dir='ltr'><strong>invitus</strong></span> <span class='ocrx_word' id='word_1_560' title='bbox 2199 3262 2385 3323; x_wconf 85' lang='lat' dir='ltr'><strong>raptus</strong></span> <span class='ocrx_word' id='word_1_561' title='bbox 2416 3262 2499 3308; x_wconf 90' lang='lat' dir='ltr'><strong>est</strong></span> <span class='ocrx_word' id='word_1_562' title='bbox 2522 3292 2539 3317; x_wconf 88' lang='lat'><strong>,</strong></span> <span class='ocrx_word' id='word_1_563' title='bbox 2597 3253 2965 3323; x_wconf 88' lang='lat' dir='ltr'><strong>palatiumque</strong></span> <span class='ocrx_word' id='word_1_564' title='bbox 3002 3267 3157 3306; x_wconf 87' lang='lat' dir='ltr'><strong>suum</strong></span> <span class='ocrx_word' id='word_1_565' title='bbox 3190 3251 3333 3307; x_wconf 89' lang='lat' dir='ltr'><strong>velut</strong></span> <span class='ocrx_word' id='word_1_566' title='bbox 3361 3254 3415 3307; x_wconf 91' lang='lat' dir='ltr'><strong>in</strong></span> 
     </span>
    </p>
   </div>
   <div class='ocr_carea' id='block_1_82' title="bbox 1817 3340 3413 3415">
    <p class='ocr_par' dir='ltr' id='par_1_82' title="bbox 1817 3340 3413 3415">
     <span class='ocr_line' id='line_1_82' title="bbox 1817 3340 3413 3415; baseline -0.001 -16"><span class='ocrx_word' id='word_1_567' title='bbox 1817 3345 2031 3415; x_wconf 84' lang='lat' dir='ltr'><strong>aliquod</strong></span> <span class='ocrx_word' id='word_1_568' title='bbox 2062 3344 2447 3399; x_wconf 90' lang='lat' dir='ltr'><strong>monasterium</strong></span> <span class='ocrx_word' id='word_1_569' title='bbox 2477 3343 2781 3411; x_wconf 86' lang='lat' dir='ltr'><strong>convertit,</strong></span> <span class='ocrx_word' id='word_1_570' title='bbox 2818 3343 2909 3396; x_wconf 90' lang='lat' dir='ltr'><strong>ubi</strong></span> <span class='ocrx_word' id='word_1_571' title='bbox 2948 3340 3282 3397; x_wconf 78' lang='lat' dir='ltr'><strong>familiariter</strong></span> <span class='ocrx_word' id='word_1_572' title='bbox 3309 3343 3413 3413; x_wconf 87' lang='lat' dir='ltr'><strong>ipsi</strong></span> 
     </span>
    </p>
   </div>
   <div class='ocr_carea' id='block_1_83' title="bbox 1814 3431 3409 3504">
    <p class='ocr_par' dir='ltr' id='par_1_83' title="bbox 1814 3431 3409 3504">
     <span class='ocr_line' id='line_1_83' title="bbox 1814 3431 3409 3504; baseline -0.001 -16"><span class='ocrx_word' id='word_1_573' title='bbox 1814 3434 2119 3490; x_wconf 89' lang='lat' dir='ltr'><strong>assidebant</strong></span> <span class='ocrx_word' id='word_1_574' title='bbox 2134 3434 2323 3490; x_wconf 88' lang='lat' dir='ltr'><strong>selecti</strong></span> <span class='ocrx_word' id='word_1_575' title='bbox 2342 3433 2561 3504; x_wconf 88' lang='lat' dir='ltr'><strong>quidam</strong></span> <span class='ocrx_word' id='word_1_576' title='bbox 2585 3449 2653 3488; x_wconf 80' lang='lat' dir='ltr'><strong>ex</strong></span> <span class='ocrx_word' id='word_1_577' title='bbox 2674 3433 2969 3487; x_wconf 86' lang='lat' dir='ltr'><strong>monachis.</strong></span> <span class='ocrx_word' id='word_1_578' title='bbox 2992 3431 3099 3487; x_wconf 79' lang='lat' dir='ltr'><strong>Sex</strong></span> <span class='ocrx_word' id='word_1_579' title='bbox 3116 3434 3409 3487; x_wconf 79' lang='lat' dir='ltr'><strong>monachos</strong></span> 
     </span>
    </p>
   </div>
   <div class='ocr_carea' id='block_1_84' title="bbox 1818 3522 3415 3595">
    <p class='ocr_par' dir='ltr' id='par_1_84' title="bbox 1818 3522 3415 3595">
     <span class='ocr_line' id='line_1_84' title="bbox 1818 3522 3415 3595; baseline -0.003 -15"><span class='ocrx_word' id='word_1_580' title='bbox 1818 3526 2021 3595; x_wconf 82' lang='lat' dir='ltr'><strong>pietate</strong></span> <span class='ocrx_word' id='word_1_581' title='bbox 2058 3540 2123 3582; x_wconf 88' lang='lat' dir='ltr'><strong>ac</strong></span> <span class='ocrx_word' id='word_1_582' title='bbox 2150 3525 2436 3580; x_wconf 84' lang='lat' dir='ltr'><strong>sanctitate</strong></span> <span class='ocrx_word' id='word_1_583' title='bbox 2464 3525 2700 3593; x_wconf 87' lang='lat' dir='ltr'><strong>insignes</strong></span> <span class='ocrx_word' id='word_1_584' title='bbox 2734 3533 2984 3578; x_wconf 89' lang='lat' dir='ltr'><strong>recenset</strong></span> <span class='ocrx_word' id='word_1_585' title='bbox 3017 3522 3255 3578; x_wconf 82' lang='lat' dir='ltr'><strong>Joannes</strong></span> <span class='ocrx_word' id='word_1_586' title='bbox 3287 3522 3415 3576; x_wconf 83' lang='lat' dir='ltr'><strong>Dia-</strong></span> 
     </span>
    </p>
   </div>
   <div class='ocr_carea' id='block_1_85' title="bbox 1820 3612 3417 3686">
    <p class='ocr_par' dir='ltr' id='par_1_85' title="bbox 1820 3612 3417 3686">
     <span class='ocr_line' id='line_1_85' title="bbox 1820 3612 3417 3686; baseline -0.003 -14"><span class='ocrx_word' id='word_1_587' title='bbox 1820 3631 2011 3672; x_wconf 92' lang='lat' dir='ltr'><strong>conus.</strong></span> <span class='ocrx_word' id='word_1_588' title='bbox 2037 3615 2279 3682; x_wconf 85' lang='lat' dir='ltr'><strong>Quatuor</strong></span> <span class='ocrx_word' id='word_1_589' title='bbox 2298 3630 2514 3686; x_wconf 90' lang='lat' dir='ltr'><strong>quoque</strong></span> <span class='ocrx_word' id='word_1_590' title='bbox 2534 3615 2763 3671; x_wconf 89' lang='lat' dir='ltr'><strong>clericos</strong></span> <span class='ocrx_word' id='word_1_591' title='bbox 2784 3614 3027 3667; x_wconf 89' lang='lat' dir='ltr'><strong>nominat</strong></span> <span class='ocrx_word' id='word_1_592' title='bbox 3053 3612 3336 3683; x_wconf 87' lang='lat' dir='ltr'><strong>prudentia</strong></span> <span class='ocrx_word' id='word_1_593' title='bbox 3360 3621 3417 3668; x_wconf 91' lang='lat' dir='ltr'><strong>et</strong></span> 
     </span>
    </p>
   </div>
   <div class='ocr_carea' id='block_1_86' title="bbox 1817 3704 3411 3777">
    <p class='ocr_par' dir='ltr' id='par_1_86' title="bbox 1817 3704 3411 3777">
     <span class='ocr_line' id='line_1_86' title="bbox 1817 3704 3411 3777; baseline -0.004 -14"><span class='ocrx_word' id='word_1_594' title='bbox 1817 3707 2121 3763; x_wconf 88' lang='lat' dir='ltr'><strong>eruditione</strong></span> <span class='ocrx_word' id='word_1_595' title='bbox 2149 3707 2507 3777; x_wconf 87' lang='lat' dir='ltr'><strong>conspicuos,</strong></span> <span class='ocrx_word' id='word_1_596' title='bbox 2540 3719 2771 3775; x_wconf 91' lang='lat' dir='ltr'><strong>quorum</strong></span> <span class='ocrx_word' id='word_1_597' title='bbox 2797 3719 3018 3775; x_wconf 84' lang='lat' dir='ltr'><strong>operam</strong></span> <span class='ocrx_word' id='word_1_598' title='bbox 3046 3712 3102 3758; x_wconf 89' lang='lat' dir='ltr'><strong>et</strong></span> <span class='ocrx_word' id='word_1_599' title='bbox 3129 3704 3411 3759; x_wconf 90' lang='lat' dir='ltr'><strong>consilium</strong></span> 
     </span>
    </p>
   </div>
   <div class='ocr_carea' id='block_1_87' title="bbox 1813 3791 3412 3864">
    <p class='ocr_par' dir='ltr' id='par_1_87' title="bbox 1813 3791 3412 3864">
     <span class='ocr_line' id='line_1_87' title="bbox 1813 3791 3412 3864; baseline -0.004 -12"><span class='ocrx_word' id='word_1_600' title='bbox 1813 3797 1930 3852; x_wconf 89' lang='lat' dir='ltr'><strong>sive</strong></span> <span class='ocrx_word' id='word_1_601' title='bbox 1971 3796 2025 3850; x_wconf 91' lang='lat' dir='ltr'><strong>in</strong></span> <span class='ocrx_word' id='word_1_602' title='bbox 2064 3794 2319 3850; x_wconf 74' lang='lat' dir='ltr'><strong>Ecclesiae.</strong></span> <span class='ocrx_word' id='word_1_603' title='bbox 2356 3795 2618 3864; x_wconf 86' lang='lat' dir='ltr'><strong>negotiis,</strong></span> <span class='ocrx_word' id='word_1_604' title='bbox 2648 3793 2764 3849; x_wconf 88' lang='lat' dir='ltr'><strong>sive</strong></span> <span class='ocrx_word' id='word_1_605' title='bbox 2793 3793 2846 3846; x_wconf 93' lang='lat' dir='ltr'><strong>in</strong></span> <span class='ocrx_word' id='word_1_606' title='bbox 2881 3793 3074 3847; x_wconf 83' lang='lat' dir='ltr'><strong>studiis</strong></span> <span class='ocrx_word' id='word_1_607' title='bbox 3100 3791 3412 3846; x_wconf 86' lang='lat' dir='ltr'><strong>adhibebat.</strong></span> 
     </span>
    </p>
   </div>
   <div class='ocr_carea' id='block_1_88' title="bbox 1818 3886 3484 3951">
    <p class='ocr_par' dir='ltr' id='par_1_88' title="bbox 1818 3886 3484 3951">
     <span class='ocr_line' id='line_1_88' title="bbox 1818 3886 3484 3951; baseline -0.001 -9"><span class='ocrx_word' id='word_1_608' title='bbox 1818 3886 2089 3945; x_wconf 70' lang='lat' dir='ltr'><strong>Praeterea</strong></span> <span class='ocrx_word' id='word_1_609' title='bbox 2114 3903 2235 3944; x_wconf 91' lang='lat' dir='ltr'><strong>cum</strong></span> <span class='ocrx_word' id='word_1_610' title='bbox 2259 3902 2290 3942; x_wconf 90' lang='lat' dir='ltr'><strong>a</strong></span> <span class='ocrx_word' id='word_1_611' title='bbox 2310 3886 2558 3943; x_wconf 90' lang='lat' dir='ltr'><strong>cubiculo</strong></span> <span class='ocrx_word' id='word_1_612' title='bbox 2582 3900 2681 3941; x_wconf 88' lang='lat' dir='ltr'><strong>suo</strong></span> <span class='ocrx_word' id='word_1_613' title='bbox 2708 3886 2992 3941; x_wconf 70' lang='lat' dir='ltr'><strong>smculares</strong></span> <span class='ocrx_word' id='word_1_614' title='bbox 3020 3900 3209 3941; x_wconf 89' lang='lat' dir='ltr'><strong>omnes</strong></span> <span class='ocrx_word' id='word_1_615' title='bbox 3228 3900 3410 3941; x_wconf 85' lang='lat' dir='ltr'><strong>remo-</strong></span> <span class='ocrx_word' id='word_1_616' title='bbox 3474 3942 3484 3951; x_wconf 63' lang='lat'><strong>,</strong></span> 
     </span>
    </p>
   </div>
   <div class='ocr_carea' id='block_1_89' title="bbox 1812 3977 3408 4051">
    <p class='ocr_par' dir='ltr' id='par_1_89' title="bbox 1812 3977 3408 4051">
     <span class='ocr_line' id='line_1_89' title="bbox 1812 3977 3408 4051; baseline -0.001 -16"><span class='ocrx_word' id='word_1_617' title='bbox 1812 3980 1979 4036; x_wconf 89' lang='lat' dir='ltr'><strong>visset</strong></span> <span class='ocrx_word' id='word_1_618' title='bbox 2007 3978 2173 4051; x_wconf 89' lang='lat' dir='ltr'><strong>(quod</strong></span> <span class='ocrx_word' id='word_1_619' title='bbox 2196 3979 2359 4035; x_wconf 89' lang='lat' dir='ltr'><strong>etiam</strong></span> <span class='ocrx_word' id='word_1_620' title='bbox 2385 3987 2444 4034; x_wconf 93' lang='lat' dir='ltr'><strong>ut</strong></span> <span class='ocrx_word' id='word_1_621' title='bbox 2467 3978 2619 4034; x_wconf 81' lang='lat' dir='ltr'><strong>ﬁeret</strong></span> <span class='ocrx_word' id='word_1_622' title='bbox 2642 3994 2673 4033; x_wconf 89' lang='lat' dir='ltr'><strong>a</strong></span> <span class='ocrx_word' id='word_1_623' title='bbox 2694 3977 3036 4049; x_wconf 88' lang='lat' dir='ltr'><strong>pontilicibus</strong></span> <span class='ocrx_word' id='word_1_624' title='bbox 3057 3978 3408 4048; x_wconf 89' lang='lat' dir='ltr'><strong>imposterum</strong></span> 
     </span>
    </p>
   </div>
   <div class='ocr_carea' id='block_1_90' title="bbox 1810 4067 3402 4143">
    <p class='ocr_par' dir='ltr' id='par_1_90' title="bbox 1810 4067 3402 4143">
     <span class='ocr_line' id='line_1_90' title="bbox 1810 4067 3402 4143; baseline -0.001 -18"><span class='ocrx_word' id='word_1_625' title='bbox 1810 4070 2050 4126; x_wconf 89' lang='lat' dir='ltr'><strong>decrevit</strong></span> <span class='ocrx_word' id='word_1_626' title='bbox 2070 4069 2312 4125; x_wconf 81' lang='lat' dir='ltr'><strong>Romana</strong></span> <span class='ocrx_word' id='word_1_627' title='bbox 2350 4073 2586 4141; x_wconf 86' lang='lat' dir='ltr'><strong>synolus</strong></span> <span class='ocrx_word' id='word_1_628' title='bbox 2623 4068 2857 4143; x_wconf 67' lang='grc' dir='ltr'><strong>[θεον-ει.</strong></span> <span class='ocrx_word' id='word_1_629' title='bbox 2896 4067 2950 4139; x_wconf 77' lang='grc'><strong>1]</strong></span> <span class='ocrx_word' id='word_1_630' title='bbox 2989 4069 3106 4138; x_wconf 85' lang='lat' dir='ltr'><strong>ipso</strong></span> <span class='ocrx_word' id='word_1_631' title='bbox 3136 4068 3402 4141; x_wconf 90' lang='lat' dir='ltr'><strong>auctore),</strong></span> 
     </span>
    </p>
   </div>
   <div class='ocr_carea' id='block_1_91' title="bbox 1809 4160 3407 4230">
    <p class='ocr_par' dir='ltr' id='par_1_91' title="bbox 1809 4160 3407 4230">
     <span class='ocr_line' id='line_1_91' title="bbox 1809 4160 3407 4230; baseline 0 -16"><span class='ocrx_word' id='word_1_632' title='bbox 1809 4160 2072 4230; x_wconf 88' lang='lat' dir='ltr'><strong>quosdam</strong></span> <span class='ocrx_word' id='word_1_633' title='bbox 2102 4175 2168 4217; x_wconf 84' lang='lat' dir='ltr'><strong>ex</strong></span> <span class='ocrx_word' id='word_1_634' title='bbox 2197 4160 2409 4216; x_wconf 89' lang='lat' dir='ltr'><strong>clericis</strong></span> <span class='ocrx_word' id='word_1_635' title='bbox 2436 4168 2491 4215; x_wconf 93' lang='lat' dir='ltr'><strong>et</strong></span> <span class='ocrx_word' id='word_1_636' title='bbox 2523 4176 2589 4215; x_wconf 80' lang='lat' dir='ltr'><strong>ex</strong></span> <span class='ocrx_word' id='word_1_637' title='bbox 2624 4160 2904 4215; x_wconf 87' lang='lat' dir='ltr'><strong>monachis</strong></span> <span class='ocrx_word' id='word_1_638' title='bbox 2942 4160 3407 4215; x_wconf 88' lang='lat' dir='ltr'><strong>iudiscriminatim</strong></span> 
     </span>
    </p>
   </div>
   <div class='ocr_carea' id='block_1_92' title="bbox 1811 4247 3407 4320">
    <p class='ocr_par' dir='ltr' id='par_1_92' title="bbox 1811 4247 3407 4320">
     <span class='ocr_line' id='line_1_92' title="bbox 1811 4247 3407 4320; baseline 0.001 -15"><span class='ocrx_word' id='word_1_639' title='bbox 1811 4251 2137 4307; x_wconf 87' lang='lat' dir='ltr'><strong>accersierat</strong></span> <span class='ocrx_word' id='word_1_640' title='bbox 2172 4252 2265 4320; x_wconf 90' lang='lat' dir='ltr'><strong>qui</strong></span> <span class='ocrx_word' id='word_1_641' title='bbox 2306 4252 2407 4307; x_wconf 92' lang='lat' dir='ltr'><strong>sibi</strong></span> <span class='ocrx_word' id='word_1_642' title='bbox 2454 4247 2841 4307; x_wconf 75' lang='lat' dir='ltr'><strong>ministrarent.</strong></span> <span class='ocrx_word' id='word_1_643' title='bbox 2884 4250 3125 4318; x_wconf 86' lang='lat' dir='ltr'><strong>Quorum</strong></span> <span class='ocrx_word' id='word_1_644' title='bbox 3166 4252 3407 4307; x_wconf 90' lang='lat' dir='ltr'><strong>omnium</strong></span> 
     </span>
    </p>
   </div>
   <div class='ocr_carea' id='block_1_93' title="bbox 1812 4342 3411 4414">
    <p class='ocr_par' dir='ltr' id='par_1_93' title="bbox 1812 4342 3411 4414">
     <span class='ocr_line' id='line_1_93' title="bbox 1812 4342 3411 4414; baseline 0.003 -18"><span class='ocrx_word' id='word_1_645' title='bbox 1812 4342 2242 4409; x_wconf 85' lang='lat' dir='ltr'><strong>unanimitatem,</strong></span> <span class='ocrx_word' id='word_1_646' title='bbox 2276 4343 2403 4399; x_wconf 91' lang='lat' dir='ltr'><strong>licet</strong></span> <span class='ocrx_word' id='word_1_647' title='bbox 2425 4343 2478 4398; x_wconf 90' lang='lat' dir='ltr'><strong>in</strong></span> <span class='ocrx_word' id='word_1_648' title='bbox 2503 4343 2713 4398; x_wconf 78' lang='lat' dir='ltr'><strong>diversa</strong></span> <span class='ocrx_word' id='word_1_649' title='bbox 2741 4343 3092 4414; x_wconf 80' lang='lat' dir='ltr'><strong>professione,</strong></span> <span class='ocrx_word' id='word_1_650' title='bbox 3135 4345 3411 4414; x_wconf 85' lang='lat' dir='ltr'><strong>vitamque</strong></span> 
     </span>
    </p>
   </div>
   <div class='ocr_carea' id='block_1_94' title="bbox 152 4433 3406 4540">
    <p class='ocr_par' dir='ltr' id='par_1_94' title="bbox 152 4433 3406 4540">
     <span class='ocr_line' id='line_1_94' title="bbox 152 4433 3406 4540; baseline 0.003 -49"><span class='ocrx_word' id='word_1_651' title='bbox 152 4438 261 4494; x_wconf 82' lang='lat' dir='ltr'><strong>Nam</strong></span> <span class='ocrx_word' id='word_1_652' title='bbox 284 4457 343 4497; x_wconf 82' lang='lat' dir='ltr'><strong>ex</strong></span> <span class='ocrx_word' id='word_1_653' title='bbox 369 4443 596 4498; x_wconf 88' lang='lat' dir='ltr'><strong>historia</strong></span> <span class='ocrx_word' id='word_1_654' title='bbox 625 4443 901 4499; x_wconf 73' lang='lat' dir='ltr'><strong>relationis</strong></span> <span class='ocrx_word' id='word_1_655' title='bbox 922 4443 979 4499; x_wconf 89' lang='lat' dir='ltr'><strong>s.</strong></span> <span class='ocrx_word' id='word_1_656' title='bbox 1007 4444 1259 4501; x_wconf 88' lang='lat' dir='ltr'><strong>Walarici</strong></span> <span class='ocrx_word' id='word_1_657' title='bbox 1285 4446 1541 4502; x_wconf 82' lang='lat' dir='ltr'><strong>discimus</strong></span> <span class='ocrx_word' id='word_1_658' title='bbox 1563 4446 1709 4518; x_wconf 78' lang='lat' dir='ltr'><strong>(Ma-</strong></span> <span class='ocrx_word' id='word_1_659' title='bbox 1744 4481 1794 4540; x_wconf 62' lang='grc' dir='ltr'><strong>Β</strong></span> <span class='ocrx_word' id='word_1_660' title='bbox 1818 4434 2075 4488; x_wconf 78' lang='lat' dir='ltr'><strong>socialem</strong></span> <span class='ocrx_word' id='word_1_661' title='bbox 2102 4442 2157 4487; x_wconf 69' lang='lat' dir='ltr'><strong>et</strong></span> <span class='ocrx_word' id='word_1_662' title='bbox 2181 4449 2522 4489; x_wconf 77' lang='lat' dir='ltr'><strong>communem</strong></span> <span class='ocrx_word' id='word_1_663' title='bbox 2546 4434 2836 4489; x_wconf 72' lang='lat' dir='ltr'><strong>admiratus</strong></span> <span class='ocrx_word' id='word_1_664' title='bbox 2862 4433 3098 4491; x_wconf 78' lang='lat' dir='ltr'><strong>Joannes</strong></span> <span class='ocrx_word' id='word_1_665' title='bbox 3120 4435 3406 4502; x_wconf 83' lang='lat' dir='ltr'><strong>Diaconus.</strong></span> 
     </span>
    </p>
   </div>
   <div class='ocr_carea' id='block_1_95' title="bbox 154 4528 1710 4603">
    <p class='ocr_par' dir='ltr' id='par_1_95' title="bbox 154 4528 1710 4603">
     <span class='ocr_line' id='line_1_95' title="bbox 154 4528 1710 4603; baseline 0.009 -23"><span class='ocrx_word' id='word_1_666' title='bbox 154 4528 263 4597; x_wconf 62' lang='grc' dir='ltr'><strong>θαι,</strong></span> <span class='ocrx_word' id='word_1_667' title='bbox 289 4548 410 4588; x_wconf 61' lang='lat' dir='ltr'><strong>suac.</strong></span> <span class='ocrx_word' id='word_1_668' title='bbox 442 4534 497 4603; x_wconf 93' lang='lat' dir='ltr'><strong>v)</strong></span> <span class='ocrx_word' id='word_1_669' title='bbox 527 4535 821 4590; x_wconf 90' lang='lat' dir='ltr'><strong>canonicos</strong></span> <span class='ocrx_word' id='word_1_670' title='bbox 858 4536 979 4591; x_wconf 91' lang='lat' dir='ltr'><strong>illos</strong></span> <span class='ocrx_word' id='word_1_671' title='bbox 1008 4537 1294 4593; x_wconf 69' lang='lat' dir='ltr'><strong>saeculares</strong></span> <span class='ocrx_word' id='word_1_672' title='bbox 1332 4537 1531 4593; x_wconf 87' lang='lat' dir='ltr'><strong>fuisse:</strong></span> <span class='ocrx_word' id='word_1_673' title='bbox 1568 4538 1710 4594; x_wconf 86' lang='lat' dir='ltr'><strong>Tunc</strong></span> 
     </span>
    </p>
   </div>
   <div class='ocr_carea' id='block_1_96' title="bbox 153 4623 1709 4699">
    <p class='ocr_par' dir='ltr' id='par_1_96' title="bbox 153 4623 1709 4699">
     <span class='ocr_line' id='line_1_96' title="bbox 153 4623 1709 4699; baseline 0.006 -24"><span class='ocrx_word' id='word_1_674' title='bbox 153 4624 370 4692; x_wconf 71' lang='lat' dir='ltr'><strong>prwfatus</strong></span> <span class='ocrx_word' id='word_1_675' title='bbox 399 4623 523 4677; x_wconf 73' lang='lat' dir='ltr'><strong>Dux</strong></span> <span class='ocrx_word' id='word_1_676' title='bbox 550 4625 713 4696; x_wconf 65' lang='grc'><strong>264</strong></span> <span class='ocrx_word' id='word_1_677' title='bbox 742 4642 931 4696; x_wconf 83' lang='lat' dir='ltr'><strong>magna</strong></span> <span class='ocrx_word' id='word_1_678' title='bbox 960 4627 1307 4681; x_wconf 84' lang='lat' dir='ltr'><strong>sollicitudine</strong></span> <span class='ocrx_word' id='word_1_679' title='bbox 1330 4646 1614 4699; x_wconf 87' lang='lat' dir='ltr'><strong>procurans</strong></span> <span class='ocrx_word' id='word_1_680' title='bbox 1645 4630 1709 4685; x_wconf 82' lang='lat' dir='ltr'><strong>S.</strong></span> 
     </span>
    </p>
   </div>
   <div class='ocr_carea' id='block_1_97' title="bbox 155 4709 1709 4790">
    <p class='ocr_par' dir='ltr' id='par_1_97' title="bbox 155 4709 1709 4790">
     <span class='ocr_line' id='line_1_97' title="bbox 155 4709 1709 4790; baseline 0.006 -26"><span class='ocrx_word' id='word_1_681' title='bbox 155 4709 377 4769; x_wconf 83' lang='lat' dir='ltr'><strong>Walarici</strong></span> <span class='ocrx_word' id='word_1_682' title='bbox 400 4716 594 4783; x_wconf 87' lang='lat' dir='ltr'><strong>locum,</strong></span> <span class='ocrx_word' id='word_1_683' title='bbox 622 4716 810 4787; x_wconf 83' lang='lat' dir='ltr'><strong>abjecit</strong></span> <span class='ocrx_word' id='word_1_684' title='bbox 846 4716 911 4769; x_wconf 90' lang='lat' dir='ltr'><strong>ab</strong></span> <span class='ocrx_word' id='word_1_685' title='bbox 934 4733 992 4770; x_wconf 91' lang='lat' dir='ltr'><strong>eo</strong></span> <span class='ocrx_word' id='word_1_686' title='bbox 1021 4717 1322 4771; x_wconf 79' lang='lat' dir='ltr'><strong>swculurem</strong></span> <span class='ocrx_word' id='word_1_687' title='bbox 1350 4721 1709 4790; x_wconf 85' lang='lat' dir='ltr'><strong>congregatio-</strong></span> 
     </span>
    </p>
   </div>
   <div class='ocr_carea' id='block_1_98' title="bbox 151 4808 1710 4879">
    <p class='ocr_par' dir='ltr' id='par_1_98' title="bbox 151 4808 1710 4879">
     <span class='ocr_line' id='line_1_98' title="bbox 151 4808 1710 4879; baseline 0.008 -23"><span class='ocrx_word' id='word_1_688' title='bbox 151 4820 265 4869; x_wconf 78' lang='lat' dir='ltr'><strong>nem,</strong></span> <span class='ocrx_word' id='word_1_689' title='bbox 274 4816 320 4858; x_wconf 87' lang='lat' dir='ltr'><strong>et</strong></span> <span class='ocrx_word' id='word_1_690' title='bbox 334 4810 627 4879; x_wconf 79' lang='lat' dir='ltr'><strong>aggregavit</strong></span> <span class='ocrx_word' id='word_1_691' title='bbox 642 4808 696 4861; x_wconf 90' lang='lat' dir='ltr'><strong>in</strong></span> <span class='ocrx_word' id='word_1_692' title='bbox 710 4825 770 4862; x_wconf 87' lang='lat' dir='ltr'><strong>eo</strong></span> <span class='ocrx_word' id='word_1_693' title='bbox 783 4808 1067 4878; x_wconf 84' lang='lat' dir='ltr'><strong>regularem</strong></span> <span class='ocrx_word' id='word_1_694' title='bbox 1079 4809 1313 4863; x_wconf 87' lang='lat' dir='ltr'><strong>ordinem</strong></span> <span class='ocrx_word' id='word_1_695' title='bbox 1322 4811 1710 4869; x_wconf 84' lang='lat' dir='ltr'><strong>monachorum.</strong></span> 
     </span>
    </p>
   </div>
   <div class='ocr_carea' id='block_1_99' title="bbox 152 4891 1714 4969">
    <p class='ocr_par' dir='ltr' id='par_1_99' title="bbox 152 4891 1714 4969">
     <span class='ocr_line' id='line_1_99' title="bbox 152 4891 1714 4969; baseline 0.006 -25"><span class='ocrx_word' id='word_1_696' title='bbox 152 4891 211 4948; x_wconf 85' lang='lat' dir='ltr'><strong>Ita</strong></span> <span class='ocrx_word' id='word_1_697' title='bbox 234 4897 453 4966; x_wconf 88' lang='lat' dir='ltr'><strong>scriptor</strong></span> <span class='ocrx_word' id='word_1_698' title='bbox 467 4912 686 4967; x_wconf 84' lang='lat' dir='ltr'><strong>suppar,</strong></span> <span class='ocrx_word' id='word_1_699' title='bbox 703 4912 863 4967; x_wconf 88' lang='lat' dir='ltr'><strong>quem</strong></span> <span class='ocrx_word' id='word_1_700' title='bbox 895 4897 1069 4950; x_wconf 87' lang='lat' dir='ltr'><strong>latere</strong></span> <span class='ocrx_word' id='word_1_701' title='bbox 1099 4913 1204 4951; x_wconf 92' lang='lat' dir='ltr'><strong>non</strong></span> <span class='ocrx_word' id='word_1_702' title='bbox 1218 4898 1392 4967; x_wconf 89' lang='lat' dir='ltr'><strong>potuit</strong></span> <span class='ocrx_word' id='word_1_703' title='bbox 1406 4900 1494 4967; x_wconf 89' lang='lat' dir='ltr'><strong>qui</strong></span> <span class='ocrx_word' id='word_1_704' title='bbox 1510 4908 1565 4954; x_wconf 89' lang='lat' dir='ltr'><strong>et</strong></span> <span class='ocrx_word' id='word_1_705' title='bbox 1581 4915 1714 4969; x_wconf 81' lang='lat' dir='ltr'><strong>qua-</strong></span> 
     </span>
    </p>
   </div>
   <div class='ocr_carea' id='block_1_100' title="bbox 151 4982 1711 5060">
    <p class='ocr_par' dir='ltr' id='par_1_100' title="bbox 151 4982 1711 5060">
     <span class='ocr_line' id='line_1_100' title="bbox 151 4982 1711 5060; baseline 0.006 -24"><span class='ocrx_word' id='word_1_706' title='bbox 151 4982 215 5039; x_wconf 85' lang='lat' dir='ltr'><strong>les</strong></span> <span class='ocrx_word' id='word_1_707' title='bbox 232 4986 419 5042; x_wconf 84' lang='lat' dir='ltr'><strong>luerint</strong></span> <span class='ocrx_word' id='word_1_708' title='bbox 441 4988 530 5044; x_wconf 88' lang='lat' dir='ltr'><strong>isti</strong></span> <span class='ocrx_word' id='word_1_709' title='bbox 576 4987 822 5043; x_wconf 89' lang='lat' dir='ltr'><strong>canonici</strong></span> <span class='ocrx_word' id='word_1_710' title='bbox 853 4995 910 5042; x_wconf 90' lang='lat' dir='ltr'><strong>ut</strong></span> <span class='ocrx_word' id='word_1_711' title='bbox 938 4987 1017 5043; x_wconf 88' lang='lat' dir='ltr'><strong>sal</strong></span> <span class='ocrx_word' id='word_1_712' title='bbox 1039 4987 1358 5050; x_wconf 87' lang='lat' dir='ltr'><strong>infatuatum</strong></span> <span class='ocrx_word' id='word_1_713' title='bbox 1409 4989 1554 5045; x_wconf 87' lang='lat' dir='ltr'><strong>foras</strong></span> <span class='ocrx_word' id='word_1_714' title='bbox 1580 5006 1711 5060; x_wconf 88' lang='lat' dir='ltr'><strong>pro-</strong></span> 
     </span>
    </p>
   </div>
   <div class='ocr_carea' id='block_1_101' title="bbox 148 5073 1711 5150">
    <p class='ocr_par' dir='ltr' id='par_1_101' title="bbox 148 5073 1711 5150">
     <span class='ocr_line' id='line_1_101' title="bbox 148 5073 1711 5150; baseline 0.003 -19"><span class='ocrx_word' id='word_1_715' title='bbox 148 5073 276 5143; x_wconf 83' lang='lat' dir='ltr'><strong>jecti,</strong></span> <span class='ocrx_word' id='word_1_716' title='bbox 327 5080 463 5137; x_wconf 78' lang='lat' dir='ltr'><strong>forte</strong></span> <span class='ocrx_word' id='word_1_717' title='bbox 515 5079 637 5134; x_wconf 90' lang='lat' dir='ltr'><strong>ideo</strong></span> <span class='ocrx_word' id='word_1_718' title='bbox 687 5078 1004 5147; x_wconf 86' lang='lat' dir='ltr'><strong>Gregoriani</strong></span> <span class='ocrx_word' id='word_1_719' title='bbox 1033 5078 1236 5133; x_wconf 89' lang='lat' dir='ltr'><strong>ordinis</strong></span> <span class='ocrx_word' id='word_1_720' title='bbox 1287 5078 1414 5135; x_wconf 90' lang='lat' dir='ltr'><strong>dicti</strong></span> <span class='ocrx_word' id='word_1_721' title='bbox 1462 5080 1605 5150; x_wconf 88' lang='lat' dir='ltr'><strong>quod</strong></span> <span class='ocrx_word' id='word_1_722' title='bbox 1654 5081 1711 5135; x_wconf 91' lang='lat' dir='ltr'><strong>in</strong></span> 
     </span>
    </p>
   </div>
   <div class='ocr_carea' id='block_1_102' title="bbox 151 5169 1708 5241">
    <p class='ocr_par' dir='ltr' id='par_1_102' title="bbox 151 5169 1708 5241">
     <span class='ocr_line' id='line_1_102' title="bbox 151 5169 1708 5241; baseline 0.004 -20"><span class='ocrx_word' id='word_1_723' title='bbox 151 5169 420 5234; x_wconf 87' lang='lat' dir='ltr'><strong>psalmodia</strong></span> <span class='ocrx_word' id='word_1_724' title='bbox 463 5171 705 5227; x_wconf 89' lang='lat' dir='ltr'><strong>ordinem</strong></span> <span class='ocrx_word' id='word_1_725' title='bbox 737 5172 1036 5227; x_wconf 82' lang='lat' dir='ltr'><strong>Romanum</strong></span> <span class='ocrx_word' id='word_1_726' title='bbox 1066 5187 1098 5225; x_wconf 88' lang='lat' dir='ltr'><strong>a</strong></span> <span class='ocrx_word' id='word_1_727' title='bbox 1129 5170 1392 5241; x_wconf 88' lang='lat' dir='ltr'><strong>Gregorio</strong></span> <span class='ocrx_word' id='word_1_728' title='bbox 1415 5172 1708 5227; x_wconf 90' lang='lat' dir='ltr'><strong>concinna-</strong></span> 
     </span>
    </p>
   </div>
   <div class='ocr_carea' id='block_1_103' title="bbox 153 5262 1709 5334">
    <p class='ocr_par' dir='ltr' id='par_1_103' title="bbox 153 5262 1709 5334">
     <span class='ocr_line' id='line_1_103' title="bbox 153 5262 1709 5334; baseline 0.006 -25"><span class='ocrx_word' id='word_1_729' title='bbox 153 5262 244 5310; x_wconf 89' lang='lat' dir='ltr'><strong>tum</strong></span> <span class='ocrx_word' id='word_1_730' title='bbox 270 5270 620 5331; x_wconf 87' lang='lat' dir='ltr'><strong>sequerentur</strong></span> <span class='ocrx_word' id='word_1_731' title='bbox 650 5264 669 5334; x_wconf 92' lang='lat'><strong>(</strong></span> <span class='ocrx_word' id='word_1_732' title='bbox 699 5278 810 5317; x_wconf 89' lang='lat' dir='ltr'><strong>non</strong></span> <span class='ocrx_word' id='word_1_733' title='bbox 837 5264 1195 5317; x_wconf 89' lang='lat' dir='ltr'><strong>monasticum</strong></span> <span class='ocrx_word' id='word_1_734' title='bbox 1223 5263 1434 5331; x_wconf 89' lang='lat' dir='ltr'><strong>qualem</strong></span> <span class='ocrx_word' id='word_1_735' title='bbox 1464 5264 1709 5334; x_wconf 64' lang='lat' dir='ltr'><strong>praescri-</strong></span> 
     </span>
    </p>
   </div>
   <div class='ocr_carea' id='block_1_104' title="bbox 149 5346 1706 5424">
    <p class='ocr_par' dir='ltr' id='par_1_104' title="bbox 149 5346 1706 5424">
     <span class='ocr_line' id='line_1_104' title="bbox 149 5346 1706 5424; baseline 0.007 -24"><span class='ocrx_word' id='word_1_736' title='bbox 149 5346 213 5401; x_wconf 86' lang='lat' dir='ltr'><strong>bit</strong></span> <span class='ocrx_word' id='word_1_737' title='bbox 236 5348 289 5403; x_wconf 91' lang='lat' dir='ltr'><strong>S.</strong></span> <span class='ocrx_word' id='word_1_738' title='bbox 332 5352 695 5424; x_wconf 85' lang='lat' dir='ltr'><strong>Benedictus),</strong></span> <span class='ocrx_word' id='word_1_739' title='bbox 727 5361 783 5408; x_wconf 90' lang='lat' dir='ltr'><strong>et</strong></span> <span class='ocrx_word' id='word_1_740' title='bbox 819 5362 1007 5423; x_wconf 89' lang='lat' dir='ltr'><strong>postea</strong></span> <span class='ocrx_word' id='word_1_741' title='bbox 1034 5356 1388 5409; x_wconf 86' lang='lat' dir='ltr'><strong>observarunt</strong></span> <span class='ocrx_word' id='word_1_742' title='bbox 1416 5356 1508 5423; x_wconf 91' lang='lat' dir='ltr'><strong>qui</strong></span> <span class='ocrx_word' id='word_1_743' title='bbox 1539 5370 1706 5411; x_wconf 88' lang='lat' dir='ltr'><strong>cano-</strong></span> 
     </span>
    </p>
   </div>
   <div class='ocr_carea' id='block_1_105' title="bbox 150 5441 1712 5503">
    <p class='ocr_par' dir='ltr' id='par_1_105' title="bbox 150 5441 1712 5503">
     <span class='ocr_line' id='line_1_105' title="bbox 150 5441 1712 5503; baseline 0.007 -11"><span class='ocrx_word' id='word_1_744' title='bbox 150 5441 263 5496; x_wconf 82' lang='lat' dir='ltr'><strong>nicis</strong></span> <span class='ocrx_word' id='word_1_745' title='bbox 280 5455 655 5501; x_wconf 88' lang='lat' dir='ltr'><strong>successerunt</strong></span> <span class='ocrx_word' id='word_1_746' title='bbox 678 5447 733 5501; x_wconf 90' lang='lat' dir='ltr'><strong>in</strong></span> <span class='ocrx_word' id='word_1_747' title='bbox 755 5445 813 5501; x_wconf 91' lang='lat' dir='ltr'><strong>S.</strong></span> <span class='ocrx_word' id='word_1_748' title='bbox 844 5445 1093 5503; x_wconf 86' lang='lat' dir='ltr'><strong>Walarici</strong></span> <span class='ocrx_word' id='word_1_749' title='bbox 1120 5446 1346 5502; x_wconf 85' lang='lat' dir='ltr'><strong>ecclesia</strong></span> <span class='ocrx_word' id='word_1_750' title='bbox 1378 5446 1712 5503; x_wconf 89' lang='lat' dir='ltr'><strong>Benedictini</strong></span> 
     </span>
    </p>
   </div>
   <div class='ocr_carea' id='block_1_106' title="bbox 150 5526 392 5588">
    <p class='ocr_par' dir='ltr' id='par_1_106' title="bbox 150 5526 392 5588">
     <span class='ocr_line' id='line_1_106' title="bbox 150 5526 392 5588; baseline 0.029 -7"><span class='ocrx_word' id='word_1_751' title='bbox 150 5526 392 5588; x_wconf 76' lang='lat' dir='ltr'><strong>Monachi.</strong></span> 
     </span>
    </p>
   </div>
   <div class='ocr_carea' id='block_1_107' title="bbox 208 5624 1709 5686">
    <p class='ocr_par' dir='ltr' id='par_1_107' title="bbox 208 5624 1709 5686">
     <span class='ocr_line' id='line_1_107' title="bbox 208 5624 1709 5686; baseline 0.007 -11"><span class='ocrx_word' id='word_1_752' title='bbox 208 5624 254 5676; x_wconf 77' lang='lat'><strong>6.</strong></span> <span class='ocrx_word' id='word_1_753' title='bbox 291 5625 347 5679; x_wconf 91' lang='lat' dir='ltr'><strong>Id</strong></span> <span class='ocrx_word' id='word_1_754' title='bbox 390 5625 527 5683; x_wconf 86' lang='lat' dir='ltr'><strong>fallit</strong></span> <span class='ocrx_word' id='word_1_755' title='bbox 554 5628 730 5684; x_wconf 88' lang='lat' dir='ltr'><strong>virum</strong></span> <span class='ocrx_word' id='word_1_756' title='bbox 767 5629 934 5685; x_wconf 91' lang='lat' dir='ltr'><strong>nimio</strong></span> <span class='ocrx_word' id='word_1_757' title='bbox 974 5629 1027 5684; x_wconf 92' lang='lat' dir='ltr'><strong>in</strong></span> <span class='ocrx_word' id='word_1_758' title='bbox 1056 5630 1299 5685; x_wconf 88' lang='lat' dir='ltr'><strong>ordinem</strong></span> <span class='ocrx_word' id='word_1_759' title='bbox 1335 5645 1489 5685; x_wconf 91' lang='lat' dir='ltr'><strong>suum</strong></span> <span class='ocrx_word' id='word_1_760' title='bbox 1529 5631 1709 5686; x_wconf 91' lang='lat' dir='ltr'><strong>studio</strong></span> 
     </span>
    </p>
   </div>
   <div class='ocr_carea' id='block_1_108' title="bbox 152 5719 1710 5803">
    <p class='ocr_par' dir='ltr' id='par_1_108' title="bbox 152 5719 1710 5803">
     <span class='ocr_line' id='line_1_108' title="bbox 152 5719 1710 5803; baseline 0.01 -38"><span class='ocrx_word' id='word_1_761' title='bbox 152 5722 479 5782; x_wconf 66' lang='lat' dir='ltr'><strong>aestuantem,</strong></span> <span class='ocrx_word' id='word_1_762' title='bbox 516 5719 660 5803; x_wconf 78' lang='lat' dir='ltr'><strong>quod</strong></span> <span class='ocrx_word' id='word_1_763' title='bbox 708 5721 1012 5793; x_wconf 88' lang='lat' dir='ltr'><strong>ubicunque</strong></span> <span class='ocrx_word' id='word_1_764' title='bbox 1051 5722 1172 5778; x_wconf 75' lang='lat' dir='ltr'><strong>vita:</strong></span> <span class='ocrx_word' id='word_1_765' title='bbox 1217 5722 1517 5780; x_wconf 87' lang='lat' dir='ltr'><strong>communis</strong></span> <span class='ocrx_word' id='word_1_766' title='bbox 1556 5720 1710 5793; x_wconf 82' lang='lat' dir='ltr'><strong>juxta</strong></span> 
     </span>
    </p>
   </div>
   <div class='ocr_carea' id='block_1_109' title="bbox 1819 4523 3412 4581">
    <p class='ocr_par' dir='ltr' id='par_1_109' title="bbox 1819 4523 3412 4581">
     <span class='ocr_line' id='line_1_109' title="bbox 1819 4523 3412 4581; baseline 0.003 -4"><span class='ocrx_word' id='word_1_767' title='bbox 1819 4539 1927 4580; x_wconf 89' lang='lat' dir='ltr'><strong>non</strong></span> <span class='ocrx_word' id='word_1_768' title='bbox 1948 4523 2212 4578; x_wconf 86' lang='lat' dir='ltr'><strong>dubitavit</strong></span> <span class='ocrx_word' id='word_1_769' title='bbox 2232 4524 2414 4579; x_wconf 86' lang='lat' dir='ltr'><strong>dicere</strong></span> <span class='ocrx_word' id='word_1_770' title='bbox 2434 4523 2489 4577; x_wconf 92' lang='lat' dir='ltr'><strong>in</strong></span> <span class='ocrx_word' id='word_1_771' title='bbox 2510 4538 2574 4578; x_wconf 90' lang='lat' dir='ltr'><strong>ea</strong></span> <span class='ocrx_word' id='word_1_772' title='bbox 2598 4524 2856 4579; x_wconf 87' lang='lat' dir='ltr'><strong>societate</strong></span> <span class='ocrx_word' id='word_1_773' title='bbox 2885 4532 2941 4579; x_wconf 91' lang='lat' dir='ltr'><strong>et</strong></span> <span class='ocrx_word' id='word_1_774' title='bbox 2961 4525 3245 4580; x_wconf 86' lang='lat' dir='ltr'><strong>concordia</strong></span> <span class='ocrx_word' id='word_1_775' title='bbox 3270 4527 3412 4581; x_wconf 88' lang='lat' dir='ltr'><strong>visas</strong></span> 
     </span>
    </p>
   </div>
   <div class='ocr_carea' id='block_1_110' title="bbox 1819 4615 3410 4686">
    <p class='ocr_par' dir='ltr' id='par_1_110' title="bbox 1819 4615 3410 4686">
     <span class='ocr_line' id='line_1_110' title="bbox 1819 4615 3410 4686; baseline 0.001 -14"><span class='ocrx_word' id='word_1_776' title='bbox 1819 4632 1940 4672; x_wconf 89' lang='lat' dir='ltr'><strong>esse</strong></span> <span class='ocrx_word' id='word_1_777' title='bbox 1969 4616 2133 4671; x_wconf 85' lang='lat' dir='ltr'><strong>veluti</strong></span> <span class='ocrx_word' id='word_1_778' title='bbox 2161 4616 2425 4671; x_wconf 88' lang='lat' dir='ltr'><strong>redivivas</strong></span> <span class='ocrx_word' id='word_1_779' title='bbox 2453 4616 2702 4670; x_wconf 83' lang='lat' dir='ltr'><strong>fundatas</strong></span> <span class='ocrx_word' id='word_1_780' title='bbox 2722 4616 2789 4670; x_wconf 91' lang='lat' dir='ltr'><strong>ab</strong></span> <span class='ocrx_word' id='word_1_781' title='bbox 2810 4617 3069 4686; x_wconf 87' lang='lat' dir='ltr'><strong>apostolis</strong></span> <span class='ocrx_word' id='word_1_782' title='bbox 3093 4618 3232 4685; x_wconf 90' lang='lat' dir='ltr'><strong>apud</strong></span> <span class='ocrx_word' id='word_1_783' title='bbox 3258 4615 3410 4673; x_wconf 89' lang='lat' dir='ltr'><strong>Jcro-</strong></span> 
     </span>
    </p>
   </div>
   <div class='ocr_carea' id='block_1_111' title="bbox 1818 4705 3409 4780">
    <p class='ocr_par' dir='ltr' id='par_1_111' title="bbox 1818 4705 3409 4780">
     <span class='ocr_line' id='line_1_111' title="bbox 1818 4705 3409 4780; baseline 0.001 -17"><span class='ocrx_word' id='word_1_784' title='bbox 1818 4708 2108 4780; x_wconf 86' lang='lat' dir='ltr'><strong>solymam,</strong></span> <span class='ocrx_word' id='word_1_785' title='bbox 2143 4717 2199 4762; x_wconf 91' lang='lat' dir='ltr'><strong>et</strong></span> <span class='ocrx_word' id='word_1_786' title='bbox 2227 4706 2566 4762; x_wconf 74' lang='lat' dir='ltr'><strong>AlexanJria:</strong></span> <span class='ocrx_word' id='word_1_787' title='bbox 2606 4722 2636 4761; x_wconf 91' lang='lat' dir='ltr'><strong>a</strong></span> <span class='ocrx_word' id='word_1_788' title='bbox 2673 4706 2732 4762; x_wconf 92' lang='grc'><strong>8.</strong></span> <span class='ocrx_word' id='word_1_789' title='bbox 2764 4706 2947 4761; x_wconf 82' lang='lat' dir='ltr'><strong>Marco</strong></span> <span class='ocrx_word' id='word_1_790' title='bbox 2975 4705 3262 4762; x_wconf 87' lang='lat' dir='ltr'><strong>Ecclesias.</strong></span> <span class='ocrx_word' id='word_1_791' title='bbox 3290 4706 3409 4764; x_wconf 72' lang='lat' dir='ltr'><strong>Ca:-</strong></span> 
     </span>
    </p>
   </div>
   <div class='ocr_carea' id='block_1_112' title="bbox 1820 4801 3404 4872">
    <p class='ocr_par' dir='ltr' id='par_1_112' title="bbox 1820 4801 3404 4872">
     <span class='ocr_line' id='line_1_112' title="bbox 1820 4801 3404 4872; baseline -0.002 -14"><span class='ocrx_word' id='word_1_792' title='bbox 1820 4811 1996 4859; x_wconf 84' lang='lat' dir='ltr'><strong>terum</strong></span> <span class='ocrx_word' id='word_1_793' title='bbox 2024 4804 2094 4859; x_wconf 88' lang='lat' dir='ltr'><strong>de</strong></span> <span class='ocrx_word' id='word_1_794' title='bbox 2121 4804 2397 4859; x_wconf 88' lang='lat' dir='ltr'><strong>canonicis</strong></span> <span class='ocrx_word' id='word_1_795' title='bbox 2425 4803 2756 4872; x_wconf 87' lang='lat' dir='ltr'><strong>regularibus</strong></span> <span class='ocrx_word' id='word_1_796' title='bbox 2784 4817 2814 4855; x_wconf 89' lang='lat' dir='ltr'><strong>a</strong></span> <span class='ocrx_word' id='word_1_797' title='bbox 2839 4801 3098 4870; x_wconf 84' lang='lat' dir='ltr'><strong>Gregorio</strong></span> <span class='ocrx_word' id='word_1_798' title='bbox 3127 4801 3404 4868; x_wconf 88' lang='lat' dir='ltr'><strong>institutis,</strong></span> 
     </span>
    </p>
   </div>
   <div class='ocr_carea' id='block_1_113' title="bbox 1821 4893 3408 4968">
    <p class='ocr_par' dir='ltr' id='par_1_113' title="bbox 1821 4893 3408 4968">
     <span class='ocr_line' id='line_1_113' title="bbox 1821 4893 3408 4968; baseline -0.003 -15"><span class='ocrx_word' id='word_1_799' title='bbox 1821 4912 1889 4953; x_wconf 93' lang='lat' dir='ltr'><strong>ne</strong></span> <span class='ocrx_word' id='word_1_800' title='bbox 1914 4897 2129 4968; x_wconf 88' lang='lat' dir='ltr'><strong>quidem</strong></span> <span class='ocrx_word' id='word_1_801' title='bbox 2158 4911 2256 4966; x_wconf 89' lang='lat' dir='ltr'><strong>per</strong></span> <span class='ocrx_word' id='word_1_802' title='bbox 2282 4896 2548 4951; x_wconf 89' lang='lat' dir='ltr'><strong>somnium</strong></span> <span class='ocrx_word' id='word_1_803' title='bbox 2576 4895 2861 4963; x_wconf 86' lang='lat' dir='ltr'><strong>cogitavit,</strong></span> <span class='ocrx_word' id='word_1_804' title='bbox 2900 4895 3097 4964; x_wconf 87' lang='lat' dir='ltr'><strong>quippe</strong></span> <span class='ocrx_word' id='word_1_805' title='bbox 3124 4909 3243 4948; x_wconf 90' lang='lat' dir='ltr'><strong>cum</strong></span> <span class='ocrx_word' id='word_1_806' title='bbox 3274 4893 3408 4949; x_wconf 90' lang='lat' dir='ltr'><strong>nulli</strong></span> 
     </span>
    </p>
   </div>
   <div class='ocr_carea' id='block_1_114' title="bbox 1821 4984 3398 5054">
    <p class='ocr_par' dir='ltr' id='par_1_114' title="bbox 1821 4984 3398 5054">
     <span class='ocr_line' id='line_1_114' title="bbox 1821 4984 3398 5054; baseline 0.001 -13"><span class='ocrx_word' id='word_1_807' title='bbox 1821 4989 2143 5043; x_wconf 87' lang='lat' dir='ltr'><strong>lucrintsive</strong></span> <span class='ocrx_word' id='word_1_808' title='bbox 2155 4987 2212 5040; x_wconf 93' lang='grc'><strong>8.</strong></span> <span class='ocrx_word' id='word_1_809' title='bbox 2231 4986 2478 5054; x_wconf 86' lang='lat' dir='ltr'><strong>Gregorii</strong></span> <span class='ocrx_word' id='word_1_810' title='bbox 2492 4985 2607 5041; x_wconf 88' lang='lat' dir='ltr'><strong>sive</strong></span> <span class='ocrx_word' id='word_1_811' title='bbox 2620 4987 2781 5039; x_wconf 90' lang='lat' dir='ltr'><strong>etiam</strong></span> <span class='ocrx_word' id='word_1_812' title='bbox 2798 4984 3022 5039; x_wconf 84' lang='lat' dir='ltr'><strong>Joannis</strong></span> <span class='ocrx_word' id='word_1_813' title='bbox 3043 4984 3398 5054; x_wconf 90' lang='lat' dir='ltr'><strong>temporibus.</strong></span> 
     </span>
    </p>
   </div>
   <div class='ocr_carea' id='block_1_115' title="bbox 1820 5076 3403 5147">
    <p class='ocr_par' dir='ltr' id='par_1_115' title="bbox 1820 5076 3403 5147">
     <span class='ocr_line' id='line_1_115' title="bbox 1820 5076 3403 5147; baseline -0.002 -14"><span class='ocrx_word' id='word_1_814' title='bbox 1820 5077 2008 5147; x_wconf 85' lang='lat' dir='ltr'><strong>Neque</strong></span> <span class='ocrx_word' id='word_1_815' title='bbox 2041 5078 2183 5132; x_wconf 90' lang='lat' dir='ltr'><strong>enim</strong></span> <span class='ocrx_word' id='word_1_816' title='bbox 2207 5076 2272 5132; x_wconf 89' lang='lat' dir='ltr'><strong>iis</strong></span> <span class='ocrx_word' id='word_1_817' title='bbox 2296 5076 2633 5132; x_wconf 88' lang='lat' dir='ltr'><strong>adscribendi</strong></span> <span class='ocrx_word' id='word_1_818' title='bbox 2670 5083 2798 5129; x_wconf 88' lang='lat' dir='ltr'><strong>sunt</strong></span> <span class='ocrx_word' id='word_1_819' title='bbox 2816 5076 2997 5130; x_wconf 88' lang='lat' dir='ltr'><strong>clerici</strong></span> <span class='ocrx_word' id='word_1_820' title='bbox 3031 5090 3220 5129; x_wconf 90' lang='lat' dir='ltr'><strong>omnes</strong></span> <span class='ocrx_word' id='word_1_821' title='bbox 3244 5078 3403 5143; x_wconf 77' lang='lat' dir='ltr'><strong>juxta</strong></span> 
     </span>
    </p>
   </div>
   <div class='ocr_carea' id='block_1_116' title="bbox 1819 5167 3405 5236">
    <p class='ocr_par' dir='ltr' id='par_1_116' title="bbox 1819 5167 3405 5236">
     <span class='ocr_line' id='line_1_116' title="bbox 1819 5167 3405 5236; baseline -0.002 -11"><span class='ocrx_word' id='word_1_822' title='bbox 1819 5184 2057 5225; x_wconf 83' lang='lat' dir='ltr'><strong>canones</strong></span> <span class='ocrx_word' id='word_1_823' title='bbox 2077 5176 2133 5222; x_wconf 90' lang='lat' dir='ltr'><strong>et</strong></span> <span class='ocrx_word' id='word_1_824' title='bbox 2152 5168 2365 5236; x_wconf 89' lang='lat' dir='ltr'><strong>regulas</strong></span> <span class='ocrx_word' id='word_1_825' title='bbox 2390 5167 2639 5221; x_wconf 71' lang='lat' dir='ltr'><strong>Ecclesim</strong></span> <span class='ocrx_word' id='word_1_826' title='bbox 2660 5181 2840 5221; x_wconf 88' lang='lat' dir='ltr'><strong>mores</strong></span> <span class='ocrx_word' id='word_1_827' title='bbox 2860 5175 3253 5236; x_wconf 90' lang='lat' dir='ltr'><strong>componentes</strong></span> <span class='ocrx_word' id='word_1_828' title='bbox 3274 5183 3405 5223; x_wconf 91' lang='lat' dir='ltr'><strong>suos</strong></span> 
     </span>
    </p>
   </div>
   <div class='ocr_carea' id='block_1_117' title="bbox 1816 5260 3407 5332">
    <p class='ocr_par' dir='ltr' id='par_1_117' title="bbox 1816 5260 3407 5332">
     <span class='ocr_line' id='line_1_117' title="bbox 1816 5260 3407 5332; baseline -0.001 -16"><span class='ocrx_word' id='word_1_829' title='bbox 1816 5277 1955 5332; x_wconf 90' lang='lat' dir='ltr'><strong>quos</strong></span> <span class='ocrx_word' id='word_1_830' title='bbox 1982 5262 2049 5315; x_wconf 91' lang='lat' dir='ltr'><strong>ab</strong></span> <span class='ocrx_word' id='word_1_831' title='bbox 2071 5261 2291 5315; x_wconf 83' lang='lat' dir='ltr'><strong>exordio</strong></span> <span class='ocrx_word' id='word_1_832' title='bbox 2317 5260 2586 5315; x_wconf 81' lang='lat' dir='ltr'><strong>exstitisse</strong></span> <span class='ocrx_word' id='word_1_833' title='bbox 2610 5268 2852 5329; x_wconf 87' lang='lat' dir='ltr'><strong>constat,</strong></span> <span class='ocrx_word' id='word_1_834' title='bbox 2884 5260 2983 5314; x_wconf 89' lang='lat' dir='ltr'><strong>nisi</strong></span> <span class='ocrx_word' id='word_1_835' title='bbox 3016 5261 3154 5314; x_wconf 90' lang='lat' dir='ltr'><strong>votis</strong></span> <span class='ocrx_word' id='word_1_836' title='bbox 3190 5260 3407 5315; x_wconf 90' lang='lat' dir='ltr'><strong>fuerunt</strong></span> 
     </span>
    </p>
   </div>
   <div class='ocr_carea' id='block_1_118' title="bbox 1817 5348 3406 5420">
    <p class='ocr_par' dir='ltr' id='par_1_118' title="bbox 1817 5348 3406 5420">
     <span class='ocr_line' id='line_1_118' title="bbox 1817 5348 3406 5420; baseline -0.001 -13"><span class='ocrx_word' id='word_1_837' title='bbox 1817 5350 2040 5420; x_wconf 86' lang='lat' dir='ltr'><strong>alligati.</strong></span> <span class='ocrx_word' id='word_1_838' title='bbox 2070 5349 2213 5404; x_wconf 87' lang='lat' dir='ltr'><strong>Sane</strong></span> <span class='ocrx_word' id='word_1_839' title='bbox 2246 5350 2313 5403; x_wconf 91' lang='lat' dir='ltr'><strong>ab</strong></span> <span class='ocrx_word' id='word_1_840' title='bbox 2344 5348 2630 5403; x_wconf 89' lang='lat' dir='ltr'><strong>undecimo</strong></span> <span class='ocrx_word' id='word_1_841' title='bbox 2670 5350 2866 5405; x_wconf 71' lang='lat' dir='ltr'><strong>saeculo</strong></span> <span class='ocrx_word' id='word_1_842' title='bbox 2905 5350 3289 5405; x_wconf 86' lang='lat' dir='ltr'><strong>canonicorum</strong></span> <span class='ocrx_word' id='word_1_843' title='bbox 3319 5364 3406 5405; x_wconf 89' lang='lat' dir='ltr'><strong>re-</strong></span> 
     </span>
    </p>
   </div>
   <div class='ocr_carea' id='block_1_119' title="bbox 1815 5439 3405 5512">
    <p class='ocr_par' dir='ltr' id='par_1_119' title="bbox 1815 5439 3405 5512">
     <span class='ocr_line' id='line_1_119' title="bbox 1815 5439 3405 5512; baseline 0.001 -16"><span class='ocrx_word' id='word_1_844' title='bbox 1815 5443 2109 5512; x_wconf 86' lang='lat' dir='ltr'><strong>gularium,</strong></span> <span class='ocrx_word' id='word_1_845' title='bbox 2154 5440 2245 5510; x_wconf 88' lang='lat' dir='ltr'><strong>qui</strong></span> <span class='ocrx_word' id='word_1_846' title='bbox 2274 5439 2663 5494; x_wconf 89' lang='lat' dir='ltr'><strong>monachorum</strong></span> <span class='ocrx_word' id='word_1_847' title='bbox 2692 5455 2875 5506; x_wconf 90' lang='lat' dir='ltr'><strong>more,</strong></span> <span class='ocrx_word' id='word_1_848' title='bbox 2907 5440 3095 5497; x_wconf 88' lang='lat' dir='ltr'><strong>iisdem</strong></span> <span class='ocrx_word' id='word_1_849' title='bbox 3126 5440 3238 5495; x_wconf 85' lang='lat' dir='ltr'><strong>fere</strong></span> <span class='ocrx_word' id='word_1_850' title='bbox 3263 5440 3405 5497; x_wconf 87' lang='lat' dir='ltr'><strong>votis</strong></span> 
     </span>
    </p>
   </div>
   <div class='ocr_carea' id='block_1_120' title="bbox 1814 5530 3403 5601">
    <p class='ocr_par' dir='ltr' id='par_1_120' title="bbox 1814 5530 3403 5601">
     <span class='ocr_line' id='line_1_120' title="bbox 1814 5530 3403 5601; baseline -0.001 -10"><span class='ocrx_word' id='word_1_851' title='bbox 1814 5532 2058 5601; x_wconf 86' lang='lat' dir='ltr'><strong>obligati,</strong></span> <span class='ocrx_word' id='word_1_852' title='bbox 2088 5532 2198 5585; x_wconf 85' lang='lat' dir='ltr'><strong>suis</strong></span> <span class='ocrx_word' id='word_1_853' title='bbox 2222 5530 2505 5585; x_wconf 87' lang='lat' dir='ltr'><strong>abbatibus</strong></span> <span class='ocrx_word' id='word_1_854' title='bbox 2529 5540 2622 5584; x_wconf 88' lang='lat' dir='ltr'><strong>aut</strong></span> <span class='ocrx_word' id='word_1_855' title='bbox 2643 5533 2943 5601; x_wconf 71' lang='lat' dir='ltr'><strong>praepositis</strong></span> <span class='ocrx_word' id='word_1_856' title='bbox 2966 5532 3276 5587; x_wconf 71' lang='lat' dir='ltr'><strong>oheJientes</strong></span> <span class='ocrx_word' id='word_1_857' title='bbox 3301 5534 3403 5590; x_wconf 85' lang='lat' dir='ltr'><strong>sub</strong></span> 
     </span>
    </p>
   </div>
   <div class='ocr_carea' id='block_1_121' title="bbox 1816 5622 3400 5697">
    <p class='ocr_par' dir='ltr' id='par_1_121' title="bbox 1816 5622 3400 5697">
     <span class='ocr_line' id='line_1_121' title="bbox 1816 5622 3400 5697; baseline 0.001 -17"><span class='ocrx_word' id='word_1_858' title='bbox 1816 5636 1962 5681; x_wconf 86' lang='lat' dir='ltr'><strong>arcta</strong></span> <span class='ocrx_word' id='word_1_859' title='bbox 1991 5622 2268 5693; x_wconf 88' lang='lat' dir='ltr'><strong>disciplina</strong></span> <span class='ocrx_word' id='word_1_860' title='bbox 2299 5622 2572 5685; x_wconf 84' lang='lat' dir='ltr'><strong>viverent,</strong></span> <span class='ocrx_word' id='word_1_861' title='bbox 2616 5638 2758 5694; x_wconf 59' lang='lat' dir='ltr'><strong>saepe</strong></span> <span class='ocrx_word' id='word_1_862' title='bbox 2793 5624 2849 5679; x_wconf 83' lang='lat' dir='ltr'><strong>lit</strong></span> <span class='ocrx_word' id='word_1_863' title='bbox 2876 5626 3079 5681; x_wconf 90' lang='lat' dir='ltr'><strong>mentio</strong></span> <span class='ocrx_word' id='word_1_864' title='bbox 3109 5627 3248 5697; x_wconf 90' lang='lat' dir='ltr'><strong>apud</strong></span> <span class='ocrx_word' id='word_1_865' title='bbox 3272 5625 3400 5682; x_wconf 84' lang='lat' dir='ltr'><strong>Ful-</strong></span> 
     </span>
    </p>
   </div>
   <div class='ocr_carea' id='block_1_122' title="bbox 1814 5712 3399 5784">
    <p class='ocr_par' dir='ltr' id='par_1_122' title="bbox 1814 5712 3399 5784">
     <span class='ocr_line' id='line_1_122' title="bbox 1814 5712 3399 5784; baseline 0 -10"><span class='ocrx_word' id='word_1_866' title='bbox 1814 5717 2026 5776; x_wconf 88' lang='lat' dir='ltr'><strong>bertum</strong></span> <span class='ocrx_word' id='word_1_867' title='bbox 2044 5755 2059 5784; x_wconf 89' lang='lat'><strong>,</strong></span> <span class='ocrx_word' id='word_1_868' title='bbox 2092 5713 2444 5783; x_wconf 86' lang='lat' dir='ltr'><strong>Bcrnardum,</strong></span> <span class='ocrx_word' id='word_1_869' title='bbox 2474 5712 2693 5773; x_wconf 86' lang='lat' dir='ltr'><strong>Petrum</strong></span> <span class='ocrx_word' id='word_1_870' title='bbox 2724 5713 3029 5780; x_wconf 80' lang='lat' dir='ltr'><strong>Blesenscm</strong></span> <span class='ocrx_word' id='word_1_871' title='bbox 3056 5728 3110 5778; x_wconf 89' lang='lat' dir='ltr'><strong>et</strong></span> <span class='ocrx_word' id='word_1_872' title='bbox 3137 5719 3272 5778; x_wconf 82' lang='lat' dir='ltr'><strong>alios</strong></span> <span class='ocrx_word' id='word_1_873' title='bbox 3300 5736 3399 5775; x_wconf 83' lang='lat' dir='ltr'><strong>au-</strong></span> 
     </span>
    </p>
   </div>
  </div>
