3976 6302
583 267 651 322 79
1036 263 1097 321 S.
1136 260 1462 321 GBEGORII
1504 261 1715 316 MAGNI
1756 258 1933 324 VITA,
1975 256 2068 312 EX
2108 255 2133 311 Ὲ

2242 256 2269 312 5
2302 252 2610 311 SClllPTl‘i
2652 252 3040 307 ADOBNA'I‘A.
3083 252 3210 306 LIB.
3245 253 3331 307 lll.

3696 252 3799 306 390

545 368 724 414 ctores
744 369 956 415 comvos
986 373 998 410 :
1028 356 1363 411 abbatiarum
1392 363 1483 408 aut
1510 354 1734 407 aliorum
1762 349 2119 406 monasterio-
2146 354 2191 409 Α
2224 348 2439 416 Quando
2468 347 2684 401 eosdem
2703 386 2719 412 ,
2765 346 2989 414 jubente
3035 345 3375 402 sanctissimo
3422 344 3710 416 pontifice,
3751 347 3800 399 in

547 465 665 503 rum
712 463 815 519 pro
869 448 1173 515 hujusmodi
1223 444 1497 501 canonicis
1544 452 1670 498 tunc
1721 448 2119 497 exstructorum

550 540 784 610 Origines
812 539 1085 601 novimus,
1128 536 1212 588 vel
1253 535 1475 587 aliorum
1506 532 1616 600 jam
1658 531 1980 585 exstantium
2005 542 2124 597 qua:

553 629 681 698 ipsis
715 629 974 684 cesserint
1013 626 1335 678 mutationes
1384 622 1547 690 (ipsis
1584 622 1723 676 enim
1763 620 2124 690 prmpositurs:

554 735 659 773 non
688 734 869 789 pauczn
896 718 1097 771 ordinis
1122 717 1177 768 8.
1214 714 1487 769 Benedicti
1515 723 1638 768 sunt
1658 728 1929 769 concessa:
1947 753 1961 776 ,
1992 726 2128 781 quas

555 810 692 862 inter
719 809 916 861 eminet
945 806 1351 860 celeberrimum
1379 802 1438 857 S.
1470 802 1699 859 Victoris
1724 803 1861 871 apud
1894 801 2130 856 Parisios

552 899 929 963 ascetcrium);
973 896 1042 951 de
1080 898 1161 950 his
1196 910 1325 950 vero
1364 904 1490 950 ante
1531 896 1657 949 illud
1697 887 1949 951 saeculum
1999 893 2129 948 nihil

551 991 805 1044 occurrit.
830 990 961 1044 Nam
988 989 1445 1058 Aquisgranenses
1464 988 1705 1042 canonici
1736 996 1827 1039 ant
1846 987 1935 1056 qui
1957 986 2133 1041 Chro-

551 1080 773 1149 degangi
802 1080 1037 1150 regulam
1065 1080 1427 1141 sectabantur,
1456 1078 1543 1132 vel
1566 1079 1724 1133 etiam
1756 1076 1975 1145 Eugenii
2008 1076 2049 1129 ll
2072 1084 2132 1131 et

552 1170 746 1225 Leonis
775 1170 867 1238 IV,
894 1187 1003 1225 non
1023 1171 1196 1225 solum
1226 1185 1255 1223 a
1286 1169 1550 1237 religiosis
1568 1176 1625 1222 et
1644 1168 1973 1222 solemnibus
1988 1166 2131 1220 votis

552 1263 714 1316 soluti
746 1264 1011 1328 vivebant,
1038 1263 1132 1317 sed
1155 1262 1315 1316 etiam
1339 1275 1406 1316 ex
1427 1260 1730 1329 regularum
1750 1273 1968 1312 suarum
1992 1272 2133 1326 pra:-

554 1353 754 1421 scripto
779 1353 1021 1407 nonnihil
1042 1352 1241 1422 proprii
1264 1350 1533 1404 habebant
1552 1358 1613 1403 et
1634 1348 1855 1417 peculii;
1883 1356 1906 1382 ³·
1929 1346 2132 1400 fatente

554 1444 671 1512 ipso
698 1444 1079 1499 canonicorum
1106 1442 1273 1512 regul.
1297 1449 1531 1501 oratore,
1558 1454 1717 1510 quem
1742 1440 1829 1493 hic
1848 1441 2133 1508 impugna-

555 1548 692 1587 rnus.
721 1532 888 1587 Porro
912 1533 994 1587 vel
1024 1534 1140 1587 hare
1165 1532 1278 1585 sola
1306 1530 1506 1600 proprii
1534 1531 1788 1596 retentio,
1817 1544 1883 1583 ex
1906 1532 2134 1598 ipsemet

554 1626 748 1692 regula:
770 1625 1044 1690 instituto,
1072 1638 1103 1677 a
1133 1624 1378 1677 canonici
1410 1623 1673 1691 regularis
1701 1630 1842 1677 statu
1866 1622 2004 1677 adeo
2033 1624 2123 1677 ab-

2224 440 2592 494 Cantuariensi
2616 437 2846 493 Ecclesia
2874 439 3145 494 institutos
3165 439 3377 494 asserit.

2295 526 2347 579 9.
2383 526 2559 582 Primo
2589 527 2806 596 quidem
2840 527 2989 597 lingit
3016 543 3082 581 ex
3111 528 3387 583 monachis
3414 527 3482 582 ad
3514 525 3806 596 Anglorum

2225 619 2631 673 conversionem
2656 620 3053 688 procurandum
3078 620 3332 683 delectis,
3372 636 3402 673 a
3448 621 3505 674 8.
3550 619 3810 688 Gregorio

2227 713 2430 767 nullum
2468 720 2562 766 aut
2594 712 2899 767 ordinatum
2940 721 3033 766 aut
3056 712 3431 767 ordinandum
3461 727 3530 765 cx
3571 711 3810 781 ejusdem

2228 805 2490 860 sententia
2510 805 2691 867 luisse,
2715 813 2911 874 praeter
2922 805 3271 873 Augustinum
3294 822 3306 857 :
3336 802 3572 856 Necdum
3597 803 3809 866 scilicet,

2230 895 2427 963 inquit,
2476 893 2757 962 Gregorius
2791 894 3050 965 cogitabat
3092 894 3157 947 de
3184 896 3558 949 monachorum
3599 895 3812 947 ordina-

2230 987 2396 1050 tione;
2421 986 2774 1040 tantummodo
2800 989 3135 1057 Augustinum
3158 988 3231 1041 eis
3250 990 3545 1057 episcopum
3567 988 3817 1041 ordinan-

2232 1076 2375 1141 dum,
2404 1078 2448 1129 si
2476 1076 2542 1129 ab
2572 1077 2752 1148 Anglis
2782 1079 3178 1147 susciperentur,
3207 1078 3532 1148 disposuerat
3558 1076 3711 1145 (Lib.
3744 1093 3816 1139 χι.

2232 1185 2315 1237 ep.
2345 1166 2413 1220 58
2440 1178 2488 1221 et
2515 1171 2669 1236 seq.).
2705 1167 2844 1237 Ergo
2873 1184 2968 1223 eos
3006 1185 3111 1223 non
3154 1169 3221 1222 ad
3254 1169 3399 1223 verbi
3429 1170 3595 1223 divini
3629 1169 3819 1238 pradi-

2233 1260 2496 1315 caticnem
2540 1268 2631 1315 aut
2674 1261 2739 1314 ad
2782 1276 2994 1316 sacrum
3046 1262 3397 1315 ministerium
3429 1261 3607 1331 (quod
3638 1269 3817 1313 tamen

2234 1352 2347 1422 ipse
2395 1352 2591 1421 ubique
2612 1353 2843 1417 clamat,
2876 1351 2905 1391 ι’
2935 1353 3396 1407 consentientibus
3424 1352 3569 1407 Beda
3592 1393 3607 1414 ,
3658 1352 3820 1405 Boni-

2234 1444 2373 1499 lacio
2395 1444 2485 1511 ιν,
2510 1444 2788 1515 Scriptore
2806 1444 2937 1499 Viue
2957 1444 3015 1499 S.
3032 1443 3280 1513 Augu~t.,
3298 1445 3453 1513 etc.),
3480 1444 3578 1497 sed
3592 1443 3824 1499 fortasse

2234 1536 2302 1589 ad
2331 1536 2478 1590 olera
2507 1534 2758 1598 serenda,
2792 1545 2884 1589 aut
2911 1535 2977 1589 ad
3007 1536 3251 1604 coquinm
3281 1550 3465 1589 curam
3492 1534 3818 1589 habendam.

2234 1624 2332 1680 Gul
2358 1628 2499 1681 enim
2530 1627 2759 1697 sapienti
2786 1627 2967 1681 veniat
2994 1628 3046 1681 in
3077 1635 3331 1690 mentem,
3361 1628 3578 1681 mittere
3601 1626 3668 1680 ad
3690 1641 3824 1695 opus

552 1714 765 1781 horret,
814 1722 871 1767 ut
908 1720 1140 1779 evertat,
1173 1721 1228 1767 et
1255 1712 1565 1767 sreculat‘em
1602 1727 1728 1768 eum
1752 1712 1975 1767 (alliciat.
2010 1712 2125 1785 (Cf.
2162 1723 2206 1782 Β
2234 1721 2588 1789 apostolicum
2620 1720 2785 1774 laicos
2814 1719 2974 1773 etiam
3006 1734 3277 1787 nunquam
3310 1717 3679 1782 ordinandas,
3712 1733 3827 1771 ma-

553 1802 689 1856 Gall.
716 1804 903 1857 Christ.
930 1804 1149 1857 Alberic.
1178 1803 1248 1856 ad
1269 1820 1355 1856 an.
1376 1803 1561 1877 1029.)

622 1894 674 1947 8.
704 1893 832 1948 Scio
862 1893 1109 1965 equidem
1136 1894 1417 1948 minimum
1456 1894 1780 1951 discriminis
1804 1895 1944 1950 inter
1969 1911 2132 1952 cano-

551 1988 726 2047 nicum
749 1990 1057 2043 szecnlarem
1086 1995 1141 2042 et
1170 1988 1467 2056 regularem
1491 1988 1706 2060 agnosci
1738 2003 1769 2041 a
1800 1990 2133 2057 {lisquisitio-

550 2094 677 2133 num
701 2087 921 2133 auctore
940 2078 1079 2148 apud
1103 2093 1263 2147 quem
1284 2094 1391 2134 non
1414 2079 1615 2149 absque
1636 2088 1858 2148 stupore
1878 2080 1983 2148 legi
2007 2096 2056 2134 c.
2078 2081 2128 2147 l,

550 2182 650 2226 art.
674 2172 726 2237 ‘2,
752 2186 875 2241 pag.
898 2172 965 2225 8:
990 2171 1240 2227 Caeterum
1256 2174 1341 2243 qui
1362 2174 1647 2227 meminerit
1669 2174 1945 2227 monachos
1968 2171 2133 2227 Bene-

550 2264 769 2316 dictinos
788 2265 842 2315 in
868 2262 1099 2315 ordinem
1127 2263 1534 2327 Cluniacensem,
1566 2272 1653 2316 aut
1677 2262 2044 2331 Tyrouensem,
2076 2264 2131 2316 in

551 2353 783 2404 ordinem
811 2350 1022 2419 majoris
1051 2351 1352 2405 monasterii
1381 2362 1531 2422 atque
1559 2353 1612 2405 in
1639 2352 1769 2405 alios
1799 2350 1923 2405 bene
1945 2352 2131 2406 multos

552 2443 757 2496 ordines
787 2444 945 2512 {uisse
974 2458 1024 2495 ιι
1054 2441 1243 2495 sarculo
1271 2450 1419 2509 atque
1447 2458 1518 2496 ιιι
1547 2440 1843 2496 distributos
1861 2482 1874 2505 ,
1906 2443 1950 2495 is
1978 2444 2132 2512 facile

552 2535 799 2604 intelliget
828 2532 1078 2603 quomodo
1101 2534 1155 2585 id
1184 2542 1378 2603 tempus
1409 2533 1719 2602 regularium
1743 2532 1870 2587 ordo
1894 2538 1945 2586 et
1969 2548 2129 2587 swcu-

551 2624 738 2676 larium
768 2622 894 2676 ordo
923 2624 1318 2689 canonicorum,
1367 2623 1567 2675 tametsi
1592 2632 1801 2690 uterque
1835 2622 2133 2677 uniusmodi

551 2731 661 2767 esse
688 2711 971 2781 debuisset,
1010 2714 1146 2767 inter
1170 2730 1226 2767 se
1254 2713 1503 2784 distingui
1532 2730 1592 2767 ac
1625 2714 1821 2767 secerni
1850 2715 2126 2783 potuerint.

554 2803 703 2858 Unde
731 2804 891 2858 infert
918 2822 931 2857 :
964 2804 1055 2857 sed
1083 2822 1243 2875 neque
1269 2807 1447 2858 doctus
1487 2807 1737 2876 quispim
1766 2806 1813 2859 si
1840 2806 2021 2860 viderit
2046 2822 2132 2860 re—

550 2900 724 2968 giones
740 2897 1003 2951 canonicis
1021 2896 1353 2951 stecularibus
1370 2898 1689 2952 abundantes
1707 2899 1794 2952 diu
1811 2899 2130 2971 regularibus

549 2989 797 3055 caruisse,
822 2988 942 3041 inde
962 2989 1238 3059 quidquam
1266 2990 1434 3042 eliciet
1460 2989 1530 3041 ad
1556 2990 1944 3062 impingendam
1964 2993 2131 3045 'cano—

2238 1810 2379 1863 xime
2409 1825 2528 1862 cum
2552 1824 2829 1864 sacrorum
2856 1808 3217 1864 ministrorum
3243 1808 3396 1863 adest
3415 1808 3574 1877 copia
3592 1810 3617 1861 ἲ

2306 1896 2459 1952 Haud
2486 1899 2738 1967 equidem
2766 1896 3001 1952 difﬁteor
3024 1913 3052 1951 a
3082 1896 3347 1967 Gregorio
3372 1899 3550 1953 solum
3576 1896 3830 1974 Augusti-

2234 2002 2361 2042 num
2383 1988 2450 2041 ad
2474 1988 2836 2059 episcopalem
2861 1988 3176 2057 dignitatem
3197 2030 3214 2057 ,
3248 1988 3428 2042 statim
3449 2031 3463 2055 ,
3490 2004 3622 2043 cum
3655 1988 3831 2043 adhuc

2234 2092 2435 2147 anceps
2458 2087 2604 2133 esset
2637 2079 2704 2133 de
2728 2086 2957 2145 eventu,
2997 2078 3267 2133 delectum
3310 2078 3493 2134 fuisse.
3532 2079 3736 2133 Verum
3767 2079 3831 2133 de

2235 2167 2353 2223 aliis
2397 2168 2675 2224 odinibus
2718 2177 2811 2224 aut
2854 2170 3090 2225 nondum
3132 2170 3376 2235 collatis,
3420 2179 3515 2224 aut
3554 2186 3831 2239 nunquam

2235 2256 2574 2312 conferendis
2605 2258 2885 2329 Augustini
2915 2259 3186 2315 sodalibus
3227 2260 3394 2313 altum
3422 2261 3626 2329 ubique
3668 2262 3831 2315 silen-

2237 2347 2388 2402 tium.
2414 2347 2526 2402 lmo
2547 2364 2615 2403 ex
2637 2350 2917 2404 monachis
2936 2350 3053 2417 ejus
3074 2350 3408 2419 adjutoribus
3424 2351 3542 2405 lere
3554 2359 3835 2420 quotquot

2235 2437 2511 2502 novimus,
2538 2438 2784 2508 episcopi
2826 2437 3005 2505 fuere,
3036 2447 3097 2492 ut
3137 2439 3367 2495 Mellitus
3411 2440 3835 2508 Londoniensis,

2233 2524 2413 2582 Justus
2441 2526 2736 2595 Rollensis;
2766 2542 2873 2598 qua
2898 2529 2968 2585 de
2993 2546 3052 2584 re
3074 2529 3331 2599 legendus
3360 2531 3526 2585 Beda.

2326 2618 2415 2673 10.
2457 2617 2706 2675 Secundo
2748 2620 2927 2691 placet
2966 2623 3353 2677 canonicorum
3380 2624 3711 2691 regular-ium
3744 2639 3836 2692 pa-

2236 2722 2424 2775 trono,
2471 2709 2817 2765 Laurentium
2849 2712 3220 2784 presbyterum
3249 2730 3414 2767 unum
3445 2731 3511 2769 ex
3547 2714 3836 2784 Augustini

2234 2801 2433 2869 sociis,
2456 2818 2531 2858 ex
2562 2819 2786 2858 numero
2807 2813 2862 2860 et
2881 2820 3046 2859 censu
3080 2806 3468 2861 monachorum
3498 2822 3838 2877 expungere,

2237 2894 2455 2966 suisque
2484 2896 2816 2952 adscribere.
2859 2896 2976 2964 Quo
3005 2913 3136 2953 vero
3160 2899 3311 2967 jure,
3356 2914 3477 2954 cum
3516 2916 3614 2955 eos
3647 2918 3840 2957 omnes

2238 2988 2533 3042 monachos
2558 2987 2793 3043 clament
2822 2988 2876 3043 S.
2912 2989 3223 3059 Gregorius,
3257 2991 3420 3059 Beda,
3452 3001 3511 3048 et
3540 2994 3630 3048 alii
3658 2996 3840 3065 quide

553 3080 682 3131 uicis
713 3078 1032 3149 regularibus
1058 3080 1355 3133 novitatem.
1382 3080 1624 3152 Alioquin
1645 3082 1801 3135 simili
1829 3092 2130 3150 argumento
2162 3106 2206 3167 ρ
2242 3078 2373 3149 ipsis
2395 3078 2723 3147 loquuntur?
2753 3080 2887 3134 Nam
2909 3082 3033 3149 quia
3058 3083 3341 3154 presbyter
3360 3084 3512 3138 erat?
3533 3087 3693 3155 quasi
3712 3095 3841 3141 tunc

548 3183 754 3221 necesse
777 3177 851 3221 est
878 3178 933 3220 ut
960 3169 1199 3237 conﬁciat
1228 3185 1261 3221 α
1291 3167 1709 3224 Cluniacensibus
1734 3180 1822 3223 aut
1850 3171 2130 3241 azqua‘libus

550 3260 813 3311 monachis
843 3276 954 3312 esse
978 3259 1298 3313 Benedictini
1320 3260 1517 3314 ordinis
1544 3260 1792 3314 sumenda
1820 3262 2131 3331 primordia.

552 3348 739 3416 Itaque
757 3348 830 3402 ad
859 3357 1095 3404 mentem
1121 3349 1309 3419 nuperi
1339 3350 1637 3419 scriptoris,
1670 3350 1723 3403 in
1756 3351 1942 3407 ordine
1964 3368 2136 3408 cano-

554 3438 796 3493 nicorum
820 3439 962 3493 haud
992 3439 1162 3508 majus
1193 3447 1277 3494 est
1303 3439 1588 3494 discrimen
1610 3440 1883 3510 regulares
1910 3442 2049 3496 inter
2072 3457 2137 3498 ac

554 3531 859 3595 saiculares,
892 3547 1050 3600 quam
1081 3532 1135 3586 in
1164 3532 1352 3588 ordine
1380 3533 1730 3589 Benezlictino
1759 3535 1896 3590 inter
1922 3536 2137 3591 Clunia-

557 3635 769 3688 censes,
802 3620 1158 3693 Tyroncnses,
1193 3633 1318 3690 etc.,
1351 3626 1440 3694 qui
1469 3641 1588 3681 cum
1619 3642 1805 3681 omnes
1828 3628 2137 3695 magistram

554 3722 906 3782 sequerentur
958 3715 1198 3783 regulam
1246 3715 1308 3771 S.
1363 3716 1666 3786 Benedicti,
1722 3720 2139 3789 eorumdemque

554 3813 801 3859 votorum
838 3806 955 3874 lege
999 3815 1339 3873 tenerentur,
1384 3824 1549 3878 penes
1585 3811 1966 3866 minutissimos
2004 3812 2139 3867 ritus

556 3894 806 3965 distingui
836 3905 1040 3950 tantum
1070 3906 1351 3966 poterant,
1398 3907 1456 3953 ut
1493 3900 1670 3967 aiunt,
1703 3900 2137 3969 accidentaliter;

560 3985 791 4054 indeque
842 4002 1179 4056 consequens
1220 3996 1304 4043 est
1356 3989 1489 4043 nihil
1536 4004 1654 4045 esse
1702 3990 1845 4059 quod
1893 4001 2140 4047 secernat

557 4078 873 4132 canonicum
904 4078 1206 4145 regularem
1251 4094 1281 4132 a
1326 4079 1567 4133 saeculari
1604 4081 1780 4150 quoad
1820 4082 2137 4149 essentiam,

562 4167 627 4220 ad
650 4182 807 4235 (gnam
837 4169 1060 4236 proinde
1087 4183 1259 4238 neque
1277 4178 1403 4224 vota
1431 4185 1608 4240 neque
1630 4171 1891 4239 religiosa:
1913 4173 2032 4226 vita:
2058 4170 2159 4226 in?

564 4257 748 4310 stituta
776 4259 1085 4325 pertinent,
1136 4259 1229 4311 sed
1256 4260 1403 4313 velut
1446 4260 1585 4315 inter
1618 4261 1909 4331 adiaphora
1942 4263 2141 4317 debent

564 4346 870 4409 amandari,
916 4347 1345 4418 levissimumque
1392 4352 1760 4406 tantummodo
1807 4355 2140 4409 constituunt

555 4438 932 4493 dill'erentiam.

631 4527 710 4581 Ad
755 4528 902 4596 btuc,
948 4527 1150 4595 fateor,
1192 4529 1416 4599 expavi;
1457 4538 1513 4584 et
1552 4530 1649 4585 nisi
1688 4539 1814 4585 nota
1863 4534 2139 4603 scriptoris

557 4618 776 4689 ejusque
804 4620 1065 4674 sodalium
1082 4620 1278 4689 religio
1304 4636 1554 4675 securum
1573 4638 1665 4684 .me
1682 4622 1951 4691 fecissent,
1982 4626 2140 4681 valde

560 4711 760 4764 veritus
784 4709 1032 4775 luissem,
1065 4725 1131 4764 ne
1162 4713 1298 4765 forte
1329 4712 1394 4766 iis
1422 4713 1649 4769 defectio
1679 4717 2040 4786 transitusque
2070 4718 2137 4773 ad

561 4801 851 4856 earonicos
879 4801 1160 4856 saeculares
1188 4810 1486 4871 pararetur,
1520 4818 1656 4872 quos
1677 4807 1812 4860 adeo
1836 4808 2059 4875 vicinos,
2087 4821 2141 4864 et

558 4895 648 4947 vix
666 4893 937 4947 levissima
956 4894 1253 4947 differentia
1277 4893 1787 4950 discretos-ostendit
1800 4897 2138 4970 Disquisitio-

555 5001 676 5037 ttttm
704 4999 919 5053 parcns.
944 4983 1139 5038 Verum
1170 4984 1283 5039 haec
1310 4985 1411 5055 ipsi
1438 4984 1680 5051 incaute,
1714 4987 2136 5060 inconsultisque

558 5077 787 5130 maxime
804 5092 913 5131 sua:
934 5078 1365 5145 congregationis
1386 5078 1801 5146 religiosissimis
1814 5083 2134 5150 prmpositis,

554 5170 818 5225 excidisse
843 5172 1061 5226 credere
1098 5172 1378 5226 maluerim
1400 5215 1413 5240 ,
1443 5188 1601 5241 quam
1633 5173 1770 5226 ultra
1802 5188 2009 5241 urgere.
2041 5173 2137 5229 His

556 5259 738 5329 itaque
767 5263 995 5328 omissis,
1026 5273 1308 5333 postquam
1338 5264 1681 5333 probavimus
1709 5264 1869 5335 p'ane
1894 5265 2136 5320 ﬁctilium

558 5364 675 5403 esse
703 5351 848 5419 quod
875 5354 1198 5421 excogitavit
1227 5354 1314 5409 hic
1338 5354 1569 5423 scriptor
1588 5354 1654 5409 de
1683 5355 1956 5409 canonicis
1980 5371 2140 5425 regu-

556 5439 759 5496 laribus
802 5444 853 5497 in
892 5443 1126 5500 Ecclesia
1168 5444 1412 5499 Romana
1444 5458 1470 5496 a
1497 5443 1760 5512 Gregorio
1801 5442 1992 5513 Magno
2032 5446 2140 5501 for—

558 5532 751 5601 matis,
803 5537 1164 5605 expendamus
1206 5537 1368 5607 265
1414 5543 1591 5590 utrum
1633 5536 1825 5594 melius
1865 5537 2137 5609 divinarit,

634 5652 655 5714 ξ’
684 5642 808 5710 l‘ag.
838 5646 925 5709 34,
954 5647 1077 5711 505,
1103 5648 1226 5714 519..
1256 5646 1379 5711 313,
1404 5648 1535 5703 323.

628 5712 655 5751 δ
688 5714 817 5771 Vide
844 5730 1005 5786 supra
1026 5728 1081 5773 et
1110 5712 1245 5774 intra
1274 5720 1301 5788 §
1339 5718 1397 5772 ll
1431 5728 1485 5775 et
1516 5717 1602 5771 l5.

2239 3169 2370 3225 malli
2399 3171 2727 3226 exstitissent
2766 3172 2818 3225 in
2858 3175 3206 3228 monasteriis
3249 3176 3589 3245 presbyteri,
3642 3187 3838 3231 contra

2237 3278 2399 3333 quam
2430 3266 2659 3334 probant
2693 3274 2776 3321 tot
2807 3268 2867 3321 S.
2895 3266 3140 3335 Gregorii
3176 3279 3197 3305 ε
3220 3270 3490 3338 epistolas.
3520 3270 3840 3325 Gotselinus

2237 3356 2292 3410 in
2314 3356 2435 3411 Vita
2465 3357 2523 3412 S.
2556 3357 2836 3426 Augustini
2874 3376 2997 3413 eum
3026 3361 3250 3429 ejusque
3284 3371 3632 3432 synnnystas,
3668 3380 3701 3415 a
3733 3380 3840 3415 ma-

2240 3452 2399 3506 ternis
2440 3452 2718 3507 uisceribus
2748 3456 3129 3508 monasterialis
3162 3454 3408 3509 Ecclesia:
3437 3456 3647 3509 artdsos
3680 3458 3842 3526 fuisse

2239 3542 2403 3608 dicit;
2440 3546 2693 3614 additque
2720 3556 2796 3601 tot
2823 3546 3112 3602 Dominica:
3150 3549 3427 3619 legationis
3458 3551 3840 3619 manipulares,

2238 3634 2309 3686 ad
2336 3634 2683 3705 quadraginta
2713 3640 3006 3703 numerari,
3034 3645 3171 3706 quot
3195 3638 3447 3692 videlicet
3472 3637 3618 3691 Beda
3648 3628 3840 3692 narrat

2241 3724 2309 3779 ad
2351 3725 2583 3780 insulam
2615 3725 2876 3781 Tanetum
2918 3728 3261 3797 applicuisse.
3303 3727 3445 3798 Ergo
3474 3727 3659 3783 nullus
3687 3727 3840 3781 locus

2239 3815 2561 3885 relinquitur
2590 3818 2917 3889 presbyteris
2943 3834 3049 3873 non
3081 3820 3362 3874 monachis
3390 3820 3511 3874 sive
3549 3835 3618 3872 ex
3642 3818 3803 3871 italia
3822 3860 3837 3885 ,

2239 3907 2361 3962 sive'
2396 3924 2463 3963 ex
2508 3908 2682 3962 Gallia
2726 3910 3043 3979 assumptis,
3087 3909 3375 3978 nequidem
3426 3910 3840 3963 Arelatensibus

2239 4013 2376 4069 quos
2400 4014 2502 4054 suo
2523 4000 2697 4054 ordini
2728 4001 3100 4056 liberalissime
3130 4000 3312 4054 tn'buit
3339 4000 3699 4068 Disquisitor;
3734 4000 3851 4052 lin-'

2239 4091 2422 4162 sitque
2451 4094 2766 4163 religionem
2793 4094 3108 4149 canonicam
3131 4094 3196 4147 ad
3228 4092 3503 4160 Anglicam
3531 4090 3837 4146 Ecrlesiam

2239 4181 2512 4239 detulisse.
2544 4184 2853 4253 lnjunxerat
2882 4186 3095 4254 quidem
3122 4200 3259 4255 papa
3284 4184 3580 4253 Augustino
3603 4184 3837 4253 ejusque

2239 4274 2402 4328 sociis
2433 4284 2489 4328 ut
2519 4277 2588 4328 ad
2616 4278 2815 4347 agenda
2842 4277 2949 4331 lucc
2974 4294 3001 4330 e
3023 4278 3186 4330 vicino
3213 4292 3382 4329 secum
3412 4274 3657 4328 deberent
3687 4293 3838 4354 pres-

2240 4362 2443 4433 bytcros
2477 4366 2681 4421 ducere.
2732 4367 2929 4421 Verum
2961 4366 3187 4422 fortasse
3219 4368 3393 4422 nullus
3423 4367 3592 4421 adfuit
3634 4370 3730 4437 qui
3770 4369 3835 4421 ad

2169 4492 2219 4552 D
2243 4453 2567 4523 legationem
2611 4468 2666 4511 et
2702 4458 3189 4527 peregrinationem
3226 4459 3365 4513 hanc
3392 4465 3611 4527 paratus
3656 4470 3835 4521 esset;

2244 4546 2674 4614 quandoquidem
2704 4548 2862 4602 docet
2891 4547 3031 4603 Beda
3059 4548 3198 4620 (Lib.
3224 4565 3259 4613 ι,
3291 4566 3408 4618 cap.
3435 4548 3526 4614 25)
3556 4555 3835 4617 accepisse

2242 4653 2337 4693 eos
2366 4639 2429 4693 de
2455 4649 2602 4709 gente
2638 4622 2965 4694 Francorum
2996 4643 3296 4709 interprer
3315 4680 3331 4703 ,
3363 4647 3420 4693 at
3446 4639 3511 4693 de
3540 4641 3836 4707 assumptis

2242 4729 2572 4799 presbyteris
2601 4730 2821 4783 omnino
2850 4730 2999 4791 silet;
3031 4730 3175 4797 quod
3204 4731 3249 4783 si
3276 4728 3479 4783 factum
3512 4730 3652 4783 foret
3672 4771 3687 4794 ,
3728 4746 3833 4783 non

2241 4818 2429 4872 fuisset
2475 4818 2921 4873 dissimulaturos.
2972 4819 3121 4874 Adde
3176 4818 3528 4887 Augustinum
3579 4828 3831 4873 coactum

2241 4907 2403 4963 fuisse
2431 4924 2600 4964 novos
2622 4924 2681 4963 ex
2709 4908 2955 4963 Romano
2981 4908 3036 4962 S.
3064 4910 3289 4963 Andreae
3321 4910 3653 4964 monasterio
3683 4909 3833 4963 verbi

2242 5000 2405 5055 divini
2429 5017 2703 5070 praecones
2730 5002 3025 5067 advocare;
3060 5002 3199 5057 haud
3220 5002 3377 5057 dubie
3402 5002 3524 5071 quia
3558 5002 3609 5056 in
3643 5002 3832 5056 Galliis

2240 5108 2429 5161 parum
2460 5092 2681 5146 subsidii
2710 5101 2897 5147 nactus
2918 5101 3080 5149 esset.

2315 5181 2401 5235 ll.
2434 5183 2563 5236 Esto
2587 5178 2953 5239 tamen'secuti
2972 5185 3080 5237 sint
3100 5200 3194 5238 eos
3216 5184 3459 5238 nonnulli
3485 5184 3834 5239 Arelatenses

2244 5276 2575 5345 presbyteri;
2609 5276 2791 5344 quidni
2821 5276 3060 5331 dicamus
3097 5290 3191 5331 eos
3234 5276 3395 5331 luisse
3434 5277 3591 5331 simul
3636 5290 3833 5330 mona-

2242 5365 2403 5426 chos,
2434 5375 2487 5419 et
2525 5363 2748 5418 forsitan
2779 5379 2846 5418 ex
2874 5366 2977 5419 illis
3005 5366 3295 5421 Lirinensis
3334 5365 3645 5420 monasterii
3676 5379 3832 5434 prcs-

2239 5454 2443 5526 byteris
2470 5471 2606 5525 quos
2636 5454 2817 5508 laudat
2844 5455 2903 5510 S.
2946 5456 3271 5526 Gregorius?
3314 5458 3563 5511 nimirum
3600 5472 3668 5509 ne
3697 5470 3831 5523 pro.

2239 5545 2489 5601 fessionis
2536 5545 2816 5601 diversitas
2853 5546 3052 5615 aliquid
3092 5547 3327 5615 dissidii,
3379 5557 3437 5603 ut
3484 5549 3571 5617 lit,
3621 5547 3676 5603 in
3723 5548 3831 5603 huc

2318 5669 2336 5695 ε
2376 5657 2504 5712 Vide
2532 5658 2823 5728 praesertim
2849 5657 2941 5713 lib.
2968 5675 3037 5725 vr,
3065 5675 3149 5730 ep.
3184 5658 3268 5715 56.
