3976 6320
96 316 179 371 :13]
576 299 634 357 S.
676 296 1007 355 GREGORII
1049 293 1266 353 MAGNI
1308 290 1491 361 VITA,
1532 289 1625 346 EX
1666 289 1838 348 EJUS
1875 289 2183 348 SCRIPTIS
2224 289 2617 345 ADORNATA.
2662 288 2790 342 UB.
2833 286 2921 345 lll.
3238 288 3344 344 382

94 434 262 485 sancto
286 424 431 475 cmtu
461 420 774 482 generaret,
817 412 1112 465 monachos
1150 408 1429 462 monachis
1455 405 1664 461 sociare
1696 407 1739 466 Δ
1769 414 1948 461 ctores
1974 407 2254 474 nequidem
2282 407 2332 460 in
2358 406 2653 476 appenilice
2683 404 3037 473 Epistolarum
3070 400 3268 456 Urbani
3306 403 3346 457 l-l

93 514 256 574 debuit
284 507 538 576 Virgilius
567 502 897 557 Arelatensis
924 502 1241 571 episcopus,
1272 499 1506 553 maxime
1536 510 1658 551 cum

97 603 364 667 Lirinensis
394 596 692 653 monachus
716 594 929 659 fuisset,
961 594 1036 647 uti
1064 608 1131 648 ex
1152 591 1269 662 ejus
1296 589 1661 661 prmdecessoo

97 702 222 757 ribus
247 687 628 764 quampluritni
656 684 796 757 (Lib.
827 699 899 749 vr,
928 698 1011 752 ep.
1045 681 1158 745 56).

158 792 339 845 Demus
355 782 518 837 etiam
536 779 879 850 presbyteros
892 775 1109 843 aliquos
1129 770 1437 826 monasticis
1457 768 1663 837 legibus

104 884 373 939 nullatenus
405 873 697 930 adstrictos
734 867 1033 938 Augustino
1073 864 1310 920 sociatos
1351 876 1501 925 esse;
1533 859 1663 930 quid

104 974 205 1030 inde
229 970 402 1024 eliciet
437 965 521 1019 vir
543 963 765 1028 doctus,
810 961 878 1015 ad
914 958 1297 1014 eanonicorum
1338 954 1662 1021 regularium

104 1062 467 1119 institutionem
513 1053 568 1108 in
612 1049 986 1107 Cantuariensi
1024 1047 1263 1102 Ecclesia
1293 1043 1664 1117 probandam?

103 1158 228 1229 quasi
256 1168 384 1207 vero
414 1147 601 1204 clerici
630 1160 694 1200 ac
718 1143 1018 1214 presbyteri
1047 1155 1236 1196 omnes
1254 1181 1269 1204 ,
1310 1139 1414 1193 illis
1447 1146 1661 1207 tempo-

104 1228 224 1306 ribus
258 1244 322 1299 ad
358 1254 551 1297 eorum
592 1236 833 1291 ordinem
879 1230 1249 1304 pertinerent?
1286 1228 1666 1303 Difficultatem

104 1357 288 1397 omnem
309 1381 324 1407 ,
361 1336 407 1391 si
437 1348 543 1403 qua
569 1334 914 1393 occurreret,
948 1326 1164 1380 tolleret
1193 1322 1405 1377 unicum
1436 1334 1664 1376 venera-

105 1434 202 1487 bilis
227 1428 378 1483 Beda:
404 1423 769 1480 testimonium
801 1432 962 1488 supra
989 1417 1237 1471 rel-itum.
1269 1412 1430 1467 Solus
1466 1420 1549 1468 est
1577 1411 1667 1480 qui

106 1520 485 1591 responsionem
526 1516 589 1571 S.
631 1512 875 1583 Gregorii
920 1511 988 1565 ad
1029 1498 1310 1579 Augustini
1349 1509 1571 1577 quaesita
1601 1508 1669 1562 de

105 1618 192 1670 viti
213 1610 479 1668 communi
502 1610 553 1663 in
576 1605 947 1681 Cantuariensi
968 1604 1208 1660 Ecclesia
1232 1602 1492 1658 servanda
1514 1601 1669 1657 nobis

108 1706 464 1769 transmiserit;
499 1701 651 1771 cujus
688 1697 919 1770 proinde
948 1698 1218 1768 legitimus
1253 1704 1336 1752 est
1376 1695 1663 1765 interpres.

110 1802 162 1853 At
186 1814 301 1852 vero
329 1796 396 1850 de
420 1780 527 1849 vita
552 1791 875 1849 cmnobitica
898 1790 1282 1845 monachorum
1310 1789 1553 1845 eamdem
1585 1791 1668 1844 in-
1703 1771 1747 1832 Β

110 1894 303 1947 tellexit.
330 1890 519 1957 Neque
545 1904 678 1942 sane
704 1886 954 1956 ignorare
983 1886 1159 1954 potuit
1187 1885 1421 1955 scriptor
1447 1885 1676 1953 diligen-

110 1984 315 2037 tissimus
341 1991 395 2033 et
422 1978 793 2041 doctissimus,
825 1992 1073 2047 peneque
1108 1992 1338 2047 suppar,
1369 1977 1587 2047 quinam
1616 1982 1674 2031 et

108 2073 268 2143 quales
296 2072 359 2124 ab
387 2070 540 2124 initio
571 2070 673 2124 hac
698 2069 751 2122 in
791 2067 1032 2123 Ecclesia
1064 2069 1338 2123 notissima
1372 2070 1533 2123 totius
1562 2070 1674 2123 An-

110 2170 286 2237 glorum
314 2169 486 2235 gentis
528 2166 781 2237 primaria
819 2165 932 2219 Deo
958 2164 1336 2229 militaverint,
1369 2164 1547 2218 clerici
1577 2179 1677 2218 seu

112 2260 324 2316 canonici
370 2259 685 2330 regulares,
744 2272 813 2313 an
864 2255 1146 2323 monachi;
1196 2270 1318 2310 cum
1366 2256 1676 2311 etiamnunc

112 2351 227 2405 haud
256 2353 559 2419 ignoremus
579 2365 824 2419 quamam
855 2348 1099 2404 ecclesia:
1118 2347 1472 2412 cathedrales,
1497 2363 1615 2416 quae
1644 2362 1674 2401 a

115 2443 340 2509 trecentis
368 2441 522 2495 annis
552 2440 828 2495 canon‘cis
853 2440 1193 2495 saecularibus
1221 2449 1519 2505 cesserunt,
1548 2440 1675 2494 olim

113 2542 185 2585 aut
208 2548 235 2585 a
256 2532 537 2588 canonicis
566 2530 928 2599 regularibus,
970 2540 1061 2584 aut
1093 2547 1118 2583 a
1160 2530 1436 2583 monachis
1474 2528 1678 2584 fuerint

114 2633 380 2695 occupatis.
428 2622 563 2690 Quis
602 2633 786 2678 autem
832 2622 935 2679 nisi
982 2634 1186 2675 temere
1236 2622 1451 2689 credat,
1502 2622 1677 2677 virum

114 2716 372 2770 sanctitate
398 2714 773 2783 conspicuum,
805 2710 1007 2783 ﬁngere
1033 2713 1269 2769 voluisse
1289 2715 1493 2769 nullum
1515 2716 1677 2773 alium

116 2817 289 2876 praeter
330 2808 628 2863 monachos
667 2808 872 2863 elerum
927 2808 980 2862 in
1024 2806 1262 2862 Ecclesia
1307 2804 1680 2863 Cantuariensi

118 2904 389 2969 exstitisse;
422 2903 566 2972 quod
593 2903 709 2960 falsi
740 2904 1019 2961 revincere
1047 2904 1206 2961 facile
1228 2904 1495 2975 potuisset
1519 2905 1680 2975 quili-

116 2992 186 3048 bet
210 2996 258 3049 in
289 2990 478 3066 Anglia
502 2997 699 3052 natus?

1764 495 1938 550 locum
1979 496 2270 561 dederunt,
2304 495 2605 564 respondeo
2648 494 2728 549 his
2762 493 2939 547 verbis
2977 494 3349 547 tantummodo

1762 583 2049 652 significari
2092 584 2149 639 S.
2183 582 2503 652 Gregorium
2534 583 2809 637 canonicis
2839 581 3170 649 regularibus
3200 580 3351 634 insti-

1760 674 1973 729 tuendis
1998 676 2049 728 in
2071 690 2164 729 sua
2184 674 2251 728 ad
2267 674 2620 743 Augustinum
2640 675 2993 740 responsione
3014 673 3317 741 praelusisse
3337 690 3349 724 :

1763 764 2215 831 quemadmodum
2246 764 2337 835 (ut
2378 766 2431 818 in
2481 765 2670 819 eadem
2702 763 2902 819 Urbani
2934 766 3095 835 266
3124 765 3348 834 epistola

1764 855 1978 923 legitur)
2003 855 2233 923 apostoli
2258 856 2311 908 in
2328 853 2567 911 Ecclesia
2583 854 3031 925 Jerosolymitana
3048 855 3353 909 communia

1765 959 1885 1000 esse
1911 944 2089 998 omnia
2128 944 2487 1010 instituendo,
2528 954 2587 999 et
2628 943 2874 999 Urbanus
2903 960 3039 1014 papa
3064 953 3119 998 et
3155 952 3356 1013 martyr

1764 1034 1873 1090 suis
1908 1034 2140 1089 decretis
2182 1035 2335 1104 (quae
2365 1043 2545 1088 tamen
2576 1050 2675 1101 pro
2712 1035 2909 1103 spuriis
2940 1033 3141 1088 habent
3168 1047 3358 1086 omnes

1765 1123 1989 1195 eruditi)
2018 1123 2404 1178 canonicorum
2443 1124 2770 1191 regularium
2799 1124 3132 1193 disciplinam
3162 1125 3360 1193 pratvie

1766 1213 2064 1268 delineasse
2093 1211 2377 1276 dicuntur;
2410 1228 2587 1280 neque
2632 1214 2776 1266 enim
2818 1212 3053 1281 exempli
3081 1215 3251 1281 gratia
3289 1215 3360 1269 de

1765 1318 1950 1357 corium
1979 1303 2314 1357 institutione
2336 1302 2551 1371 proprie
2570 1301 2713 1355 dicta
2738 1302 2963 1370 intelligi
2988 1310 3215 1369 possunt
3234 1318 3361 1371 quae

1766 1392 1833 1446 dc
1872 1391 2110 1447 Ecclesia
2137 1390 2583 1463 Jerusolymitana
2629 1391 2819 1445 scribit
2846 1391 2902 1446 S.
2941 1392 3139 1455 Lucas,
3174 1392 3224 1444 in
3255 1406 3362 1459 qua

1766 1492 1964 1553 prmter
1981 1484 2285 1552 apostolos,
2317 1483 2636 1552 discipulos,
2662 1482 2927 1546 clericos,
2961 1489 3115 1535 crant
3146 1480 3362 1534 uxorati

1767 1572 1909 1638 laici,
1942 1574 2132 1636 vidum,
2168 1573 2418 1627 mulieres
2456 1573 2631 1629 omnis
2658 1574 2834 1627 aetatis
2862 1582 2916 1628 et
2939 1572 3285 1627 conditionis.

1841 1663 1986 1721 Sane
2050 1680 2119 1720 ex
2165 1664 2440 1719 veteribus
2487 1679 2594 1718 non
2645 1663 2801 1733 pauci
2833 1678 2931 1718 nec
2960 1663 3126 1716 inliuti
3166 1662 3369 1716 ordinis

1800 1755 2079 1825 criptores,
2112 1754 2425 1809 monasticae
2448 1754 2567 1807 vitae
2597 1754 3009 1819 institutionem,
3038 1758 3103 1806 ad
3134 1752 3366 1815 Heliam,

1774 1845 2039 1901 Joannem
2087 1845 2383 1915 Baptistam
2406 1885 2424 1911 ,
2465 1854 2519 1899 et
2549 1845 2824 1913 apostolos
2852 1843 3211 1899 revocandam
3243 1860 3370 1897 cen-

1776 1945 2020 1993 suerunt.
2070 1935 2359 1991 Cassianus
2402 1936 2611 1991 lleliam
2642 1944 2695 1990 et
2724 1936 2973 1991 Elistcum
3024 1936 3372 2004 professionis

1775 2030 1935 2097 hujus
1970 2029 2223 2084 fundasse
2268 2028 2559 2098 primordia
2600 2027 2763 2083 docet
2806 2028 2899 2080 lib.
2934 2043 2951 2080 ι
2980 2029 3207 2082 lnstitut.
3237 2042 3284 2081 c.
3314 2028 3371 2094 2,

1777 2124 1921 2194 quod
1968 2125 2132 2180 etiam
2177 2125 2365 2180 asserit
2404 2124 2763 2195 Hieronymus
2788 2126 2949 2195 epist.
2976 2125 3062 2185 15,
3096 2124 3162 2178 ad
3195 2123 3373 2179 Pauli-

1779 2230 1903 2268 num
1949 2232 1963 2267 :
2012 2214 2389 2268 Monachorum
2434 2216 2675 2285 princeps
2719 2216 2951 2270 Joannes
2999 2217 3235 2284 Baptista
3263 2224 3373 2284 est,

1782 2308 1953 2378 inquit
1981 2306 2400 2378 Chrysostomus
2449 2310 2594 2361 hom.
2630 2308 2655 2361 1
2690 2309 2742 2362 in
2775 2309 3033 2374 Marcum,
3066 2308 3149 2361 cui
3179 2306 3377 2361 sull‘ra-

1778 2408 1934 2467 gatur
1979 2397 2314 2453 Sozomenus
2344 2399 2435 2453 lib.
2468 2416 2482 2453 ι
2513 2397 2652 2452 Hist.
2682 2415 2733 2454 c.
2768 2398 2854 2453 12.
2888 2399 3237 2452 Monasticnm
3286 2413 3378 2451 or-

1778 2486 1959 2541 dinem
1986 2487 2329 2541 commendat
2359 2487 2664 2541 Bernardus
2692 2488 2746 2541 in
2779 2487 3007 2556 Apolog.
3041 2487 3107 2539 ad
3156 2486 3378 2542 Guillel-

1781 2594 1929 2633 mum
1960 2578 2211 2632 abbatem
2233 2619 2251 2647 ,
2291 2579 2435 2649 quod
2465 2581 2659 2649 primus
2690 2580 2787 2649 fuit
2810 2582 2869 2633 in
2901 2579 3135 2633 Ecclesia
3158 2620 3172 2643 ,
3214 2582 3316 2634 imo
3346 2595 3382 2634 a

1783 2688 1881 2743 quo
1910 2673 2060 2739 coepit
2102 2669 2357 2737 Ecclesia,
2397 2688 2496 2741 quo
2526 2672 2697 2724 nullus
2726 2672 2778 2723 in
2808 2681 2949 2724 terra
2976 2672 3196 2724 similior
3224 2687 3379 2740 unge-

1781 2763 1901 2817 licis
1944 2760 2213 2815 ordinibus
2238 2801 2253 2824 ,
2305 2763 2453 2831 cujus
2496 2762 2716 2830 apostoli
2764 2762 3102 2823 institutores,
3152 2760 3295 2828 cujus
3328 2760 3381 2813 lii

1782 2872 1905 2928 quos
1960 2853 2159 2907 Paulus
2209 2862 2311 2906 tam
2356 2870 2493 2923 sirpe
2530 2864 2741 2907 sanctos
2784 2853 3011 2922 appellat
3055 2852 3381 2906 inchoatores

1782 2949 2109 3001 exstiterunt.
2141 2943 2269 2998 l'lzec
2318 2943 2621 2997 Bcrnardus
2670 2942 2955 2997 conlirmat
3004 2941 3169 2995 allato
3226 2938 3381 2995 Lucae

1786 3043 1807 3089 t
1840 3033 2113 3098 stimoni‘o,
2157 3038 2265 3086 act.
2310 3046 2381 3095 ιν,
2406 3030 2471 3086 de
2495 3031 2602 3084 vita
2627 3029 2951 3085 communia
2976 3028 3159 3097 primis
3181 3026 3383 3082 Christi

170 3109 246 3163 12.
268 3107 437 3178 igitur
457 3116 516 3162 ut
534 3108 642 3179 jam
666 3108 833 3166 fusius
852 3109 996 3166 dicta
1019 3108 1353 3180 colligamus,
1380 3119 1435 3167 et
1450 3126 1520 3166 ex
1543 3124 1679 3181 prae-

1789 3123 2053 3193 discipulis
2114 3123 2418 3177 observata.
2485 3120 2770 3175 lnnumera
2848 3136 3127 3190 possemus
3197 3119 3370 3172 addu-

120 3199 270 3253 missis
306 3199 724 3268 interpretemur
751 3199 809 3255 S.
838 3199 1151 3272 Gregorium
1184 3202 1482 3272 Augustino
1514 3204 1680 3258 inter-

116 3291 305 3359 roganti
329 3304 353 3328 ι·
383 3292 802 3362 respondentem
851 3294 870 3367 (
888 3312 955 3351 ex
992 3296 1108 3365 ejus
1134 3299 1274 3353 enim
1316 3299 1683 3367 responsionis

120 3381 444 3451 intelligentia
477 3383 677 3453 pendet
709 3384 867 3454 hujus
893 3389 1277 3442 controversiae
1311 3389 1681 3457 compositio).

120 3469 274 3528 Primo
310 3472 364 3528 S.
396 3470 691 3544 Gregorius
717 3476 1037 3546 discipulum
1052 3494 1214 3532 suum
1239 3479 1545 3535 meminisse
1570 3479 1688 3532 vult

120 3567 217 3619 ritze
245 3567 563 3622 monasticae
584 3582 744 3636 quam
776 3568 961 3622 Romae
990 3568 1261 3639 professus
1282 3578 1365 3624 est
1395 3558 1449 3624 in
1479 3569 1537 3624 S.
1572 3568 1684 3622 An-

119 3656 236 3711 dreae
260 3659 548 3714 asoeterio.
590 3662 757 3727 Quia,
796 3661 1000 3731 inquit,
1046 3663 1345 3732 fraternitas
1368 3670 1464 3714 tua
1500 3678 1687 3715 mona-

122 3750 239 3801 sterii
267 3750 465 3821 regulis
501 3751 741 3819 erudita,
775 3760 880 3807 etc.
908 3751 1158 3807 Secundo
1186 3767 1307 3807 eum
1346 3754 1592 3807 hortatur
1620 3751 1688 3807 ad

125 3839 261 3893 vitam
289 3842 674 3897 cmonbiticam
711 3852 767 3898 et
807 3859 1148 3899 communem
1179 3859 1299 3898 cum
1327 3844 1543 3900 clericis
1580 3843 1695 3898 suis

126 3928 422 3998 ducendam,
454 3936 669 3989 seorsim
696 3935 810 4004 ﬁeri
840 3952 943 3988 non
965 3934 1111 3989 debet
1135 3934 1388 3988 aclericis
1416 3936 1557 3997 suis;
1581 3950 1690 4002 quo

127 4024 312 4079 nomine
343 4024 717 4093 significantur
754 4036 865 4081 tum
892 4028 1146 4083 monachi
1187 4028 1254 4082 ad
1294 4028 1690 4098 praedicandum

129 4113 376 4181 adjutores
414 4118 464 4170 ei
495 4118 633 4183 dati,
666 4126 721 4171 et
759 4118 811 4172 in
854 4127 1060 4187 partem
1093 4119 1290 4175 laboris
1318 4120 1526 4185 vocati,
1579 4129 1690 4174 tum

130 4205 265 4259 etiam
289 4207 535 4275 juniores
556 4209 741 4265 clerici
762 4226 897 4280 quos
920 4212 1290 4280 instituebant,
1322 4223 1575 4283 tanquam
1606 4231 1694 4269 se-

132 4298 311 4353 m'narii
330 4302 657 4371 episcopalis
680 4303 915 4372 pra‘fecti
938 4304 1485 4361 etadministratores.
1511 4307 1695 4363 Tertio

132 4394 348 4459 providet
377 4396 542 4450 victui
578 4397 903 4452 clericorum
934 4398 1175 4464 illorum,
1222 4398 1446 4466 quibus,
1485 4413 1607 4453 cum
1640 4399 1693 4452 in

134 4487 273 4542 sacris
294 4487 576 4543 ordinibus
601 4490 879 4544 constituti
908 4506 1011 4545 non
1042 4499 1243 4554 essent,
1273 4503 1471 4543 uxores
1494 4488 1695 4543 dueere

135 4575 337 4633 licebat:
374 4581 438 4634 Si
467 4583 557 4651 qui
587 4599 705 4637 vero
736 4592 856 4636 sunt
883 4583 1055 4636 clerici
1091 4591 1239 4637 extra
1282 4596 1456 4635 sacros
1485 4582 1696 4634 ordines

136 4670 392 4735 constituti,
422 4672 513 4741 qui
541 4688 595 4725 se
619 4672 883 4725 continere
909 4689 1012 4726 non
1040 4681 1274 4741 possunt,
1303 4671 1481 4725 sortiri
1509 4686 1697 4724 uxores

137 4758 307 4825 debent,
338 4773 389 4816 et
419 4766 678 4834 stipendia
700 4782 793 4819 sua
814 4767 1040 4819 exterius
1068 4766 1313 4834 reci-pere.

196 4850 273 4907 l3.
296 4852 389 4909 llis
419 4855 669 4909 omnibus
698 4855 1045 4922 argumentis,
1078 4855 1185 4908 imo
1226 4851 1700 4909 demonstrationi-

138 4941 244 5006 bas,
288 4945 506 4999 unicum
548 4946 702 4999 nobis
728 4947 976 5015 ohjieilur
1008 4945 1206 5002 Urbani
1238 4946 1280 4999 ll
1313 4947 1697 5010 testimonium,

140 5043 265 5088 certe
288 5051 465 5103 grave,
500 5046 557 5092 et
577 5053 605 5091 a
638 5038 998 5093 Benedictinis
1026 5055 1091 5095 eo
1119 5039 1291 5093 minus
1318 5037 1698 5108 respuendum,

140 5124 260 5189 quod
292 5125 400 5193 ipse
423 5143 491 5181 ex
521 5128 578 5181 S.
614 5127 884 5183 Benedicti
912 5130 1111 5184 familia
1149 5128 1307 5183 fuerit
1336 5130 1402 5183 ad
1432 5144 1700 5183 summum

142 5218 487 5283 pontificatum
524 5231 848 5291 assumptus.
878 5223 928 5278 Is
959 5224 1139 5292 itaque
1176 5224 1227 5277 in
1257 5222 1483 5299 quadam
1510 5222 1575 5276 ad
1606 5238 1701 5276 ca-

144 5308 340 5363 nonicos
362 5311 633 5377 regulares
650 5313 759 5367 seri
767 5323 854 5382 pta
868 5315 1093 5383 epistola
1113 5322 1356 5378 testatur,
1380 5315 1702 5384 Gregorium

144 5397 277 5450 ruam
314 5404 617 5455 canonicam
662 5404 947 5475 Augustino
994 5405 1275 5475 Anglorum
1315 5407 1702 5476 archiepiscopo

144 5483 492 5546 itutituendam
534 5497 866 5564 prmcepisse;
898 5495 1198 5550 hauddubie
1232 5496 1449 5564 quando
1485 5496 1550 5549 ad
1581 5510 1704 5551 eum

145 5579 334 5648 scripsit
352 5593 412 5636 ut
442 5585 800 5639 communiter
827 5600 949 5640 eum
980 5586 1089 5642 suis
1108 5586 1314 5641 viveret
1334 5586 1560 5641 clericis.

209 5670 466 5740 Quidquid
490 5675 563 5729 sit
582 5674 648 5729 de
670 5675 771 5731 hac
796 5676 1028 5746 epistola
1052 5677 1139 5733 cui
1170 5678 1519 5734 conciliorum
1547 5675 1709 5732 colle-

218 5790 239 5817 ⁸
272 5782 392 5839 Vide
422 5801 652 5859 Suprac.
678 5787 731 5855 5,
766 5787 791 5859 §
824 5787 873 5844 5.
922 5830 927 5833 -

1729 4532 1776 4587 D

1784 3232 1908 3274 cere
1937 3216 2050 3271 sive
2080 3229 2145 3267 ex
2173 3214 2372 3269 sanctis
2404 3213 2672 3278 Patribus,
2705 3214 2818 3268 sive
2845 3213 3006 3267 etiam
3040 3227 3104 3265 ex
3136 3210 3381 3266 conciliis

1782 3308 1899 3362 loca
1931 3307 2073 3360 idem
2104 3305 2483 3373 significantia.

1854 3396 2039 3463 Neque
2070 3402 2247 3447 tamen
2279 3393 2483 3448 idcirco
2513 3392 2580 3447 de
2606 3393 2884 3448 monachis
2913 3392 3255 3447 instituendis
3281 3391 3383 3444 ali-

1784 3486 2001 3558 quando
2028 3487 2296 3556 cogitasse
2324 3486 2602 3555 apostolos
2630 3486 2943 3550 asserimus,
2975 3496 3067 3539 aut
3094 3483 3160 3538 de
3190 3484 3387 3539 talibus

1787 3580 2097 3635 auctoribus
2153 3579 2309 3634 nobis
2365 3577 2705 3643 blandimur;
2766 3578 3138 3632 adumbratam
3184 3576 3389 3630 solum-

1788 3672 1951 3727 modo
1978 3671 2034 3724 in
2063 3687 2248 3724 eorum
2278 3670 2545 3740 exemplis
2574 3685 2635 3723 ae
2666 3669 2924 3723 institutis
2948 3667 3304 3721 monasticam
3334 3673 3391 3720 et

1760 3761 2167 3818 °cmn0biticam
2190 3762 2356 3815 vitam
2379 3761 2625 3824 dicimus,
2649 3760 2807 3830 idque
2827 3758 3130 3827 significare
3152 3756 3339 3811 voluis
3357 3770 3391 3811 ο

1790 3854 2090 3923 scriptores
2118 3851 2366 3906 laudatos
2390 3893 2407 3918 ,
2436 3866 2558 3905 cum
2588 3850 2656 3904 ad
2682 3849 3070 3903 monachorum
3114 3861 3392 3902 commen-

1790 3943 2064 3996 dationem
2088 3956 2182 3997 eos
2212 3941 2278 3994 ab
2307 3940 2567 4010 apostolis
2592 3940 2855 4009 prodiisse
2875 3947 3161 4007 ortumque
3188 3937 3390 3992 ducere

1790 4033 2230 4104 pronuntiarunt.
2280 4032 2369 4086 Sic
2419 4030 2678 4100 explicari
2726 4045 2942 4102 quoque
2995 4028 3194 4094 debet,
3245 4027 3389 4094 quod

1794 4126 2040 4182 Urbanus
2082 4124 2124 4178 ll
2155 4132 2209 4177 et
2235 4124 2323 4177 alii
2355 4122 2423 4178 de
2450 4122 2725 4178 canonicis
2752 4122 2938 4175 dixere
2968 4136 3107 4188 quos
3137 4119 3393 4173 videbant

1795 4220 2171 4277 cmnobiticam
2220 4219 2383 4273 vitam
2429 4218 2627 4272 sectari
2672 4226 2729 4271 et
2779 4216 3072 4271 monachos
3114 4213 3393 4277 aemulari,

1796 4325 2124 4380 prorsusqne
2170 4316 2322 4363 nutat
2370 4306 2632 4377 quidquid
2686 4321 2784 4376 pro
2835 4320 3022 4360 eorum
3075 4304 3395 4373 antiquitate

1796 4400 2113 4456 stabilienda
2145 4398 2269 4452 inde
2299 4398 2433 4468 petit
2457 4398 2540 4450 vir
2568 4396 2781 4450 doetus.

1871 4495 1949 4548 Ex
1980 4494 2137 4547 dictis
2167 4505 2295 4558 ergo
2325 4490 2635 4560 planissime
2679 4488 2846 4557 liquet
2888 4486 2939 4540 in
2986 4484 3222 4539 Ecclesia
3248 4482 3395 4537 Can-

1804 4585 2077 4647 tuariensi,
2119 4583 2186 4637 ab
2217 4582 2383 4652 ipsius
2412 4581 2659 4646 exordio,
2702 4579 2849 4632 solos
2902 4577 3161 4631 militasse
3207 4590 3397 4628 mona-

1804 4677 1958 4743 chos,
1992 4690 2100 4728 non
2132 4688 2295 4745 puros
2321 4672 2569 4727 clericos.
2614 4669 2765 4724 Unde
2794 4670 2919 4723 licet
2950 4668 3001 4721 in
3032 4667 3397 4720 adversarium

1804 4767 1909 4821 hoc
1954 4772 2325 4834 argumentum
2375 4772 2691 4829 retorquere
2718 4777 2730 4811 :
2757 4758 2819 4812 Si
2862 4774 3020 4810 unam
3050 4758 3184 4809 hanc
3224 4757 3398 4809 sedem

1804 4866 1939 4911 recte
1966 4854 2231 4907 canonicis
2262 4851 2463 4905 clericis
2510 4849 2875 4919 adjudicavero
2902 4885 2916 4910 ,
2969 4846 3137 4913 inquit
3180 4845 3397 4915 (dicam

1808 4961 1943 5014 ego,
1974 4942 2307 5011 monachis),
2369 4958 2471 4995 non
2530 4939 2783 4993 immerito
2835 4936 3139 4990 concludam
3172 4934 3396 5003 reliquas

1806 5038 2008 5108 Anglia:
2035 5035 2180 5088 sedes
2209 5034 2651 5103 pontiﬁcales.....
2683 5031 2944 5085 canonicis
2973 5030 3173 5083 clericis
3203 5027 3397 5100 (dicam

1805 5128 2083 5184 monachis
2114 5127 2344 5193 clericis)
2376 5127 2616 5180 similiter
2655 5123 2938 5178 obvenisse.

1878 5218 1965 5272 14.
2010 5217 2132 5272 llaec
2179 5218 2568 5271 monachorum
2602 5217 2654 5283 in
2700 5214 3070 5270 ecclesiastico
3099 5212 3398 5267 ministerio

1807 5310 2072 5381 prtecipua
2117 5308 2411 5361 auctoritas
2454 5322 2575 5361 cum
2614 5320 2801 5361 eorum
2830 5305 3052 5358 :ernulos
3078 5303 3400 5357 commovisd-

1811 5414 1912 5463 set.
1946 5402 2174 5457 Mellitus
2205 5417 2340 5455 unus
2369 5417 2437 5455 ex
2468 5401 2743 5471 Augustini
2770 5400 2930 5455 sociis
2976 5399 3260 5453 Londoniw
3287 5399 3399 5468 epi-

1814 5514 1999 5567 scopus
2033 5495 2252 5549 Romam
2281 5496 2435 5559 venit,
2487 5494 2552 5547 de
2594 5493 2896 5547 necessariis
2924 5491 3172 5546 Ecclesia’
3206 5491 3400 5562 Anglo-

1815 5605 1928 5641 rum
1959 5588 2127 5639 causis
2158 5602 2270 5638 cum
2300 5587 2580 5654 apostolico
2609 5599 2744 5653 papa
2769 5582 3036 5654 Bonifacio
3066 5591 3401 5639 tractaturus.

1820 5677 1887 5733 Et
1927 5693 2041 5731 cum
2083 5676 2217 5731 idem
2262 5690 2400 5744 papa
2445 5673 2897 5729 ret'erendissimus
2925 5685 3124 5747 coyeret
3153 5674 3401 5745 agitedum
