3976 6308
622 284 728 339 583

1102 276 1163 331 8.
1202 276 1525 344 GllEGORll
1564 274 1782 331 MAGNI
1822 274 2005 338 VITA,
2048 273 2139 328 EX
2180 271 2342 328 EJUS
2381 272 2688 330 SCRlP'flS
2728 272 3124 329 ADURNATA.
3168 273 3296 330 LIB.
3338 275 3421 332 lil.
3460 280 3471 289 ‘

3780 278 3871 337 385

622 394 977 462 episcoporum
1008 389 1205 458 Italiae,
1237 391 1301 445 de
1329 392 1433 446 vita
1463 389 1828 443 monachorum
1857 398 1905 442 et
1933 396 2096 459 quiete
2123 404 2209 442 or-
2239 391 2284 447 Α
2373 399 2550 462 {women
2574 388 2919 462 ἱηςρειιιηξη-τ
2940 388 2988 438 ες.
3011 387 3400 462 (Σιοιρεὴργίεηεε
3435 392 3609 462 synodi
3649 391 3874 462 gentium

623 485 929 549 dinaturus;
968 492 1017 537 et
1059 486 1168 553 ipse
1204 483 1435 537 Mellitus
1466 483 1597 535 inter
1640 497 1724 534 eos
1771 481 2028 534 assedit...
2060 495 2121 535 ac
2146 480 2203 532 in

631 573 961 628 Britanniam
989 573 1191 625 rediens
1221 588 1389 624 secum
1434 570 1719 641 Anglorum
1762 568 2012 622 Ecclesia:
2056 585 2206 620 man-

627 665 749 717 data
777 674 928 734 atque
956 660 1275 715 observanda
1303 661 1510 723 detulit,
1551 676 1653 713 una
1683 677 1794 713 cum
1820 659 2046 728 epistolis
2075 675 2205 729 quas

621 755 758 808 idem
786 752 1015 822 pontifex
1046 749 1154 804 Deo
1183 750 1370 805 dilecto
1399 752 1785 821 archiepiscopo
1819 750 2115 818 Laurentio,
2154 755 2203 804 et

618 844 755 896 clero
784 843 1038 908 uniuerso,
1066 841 1302 895 similiter
1328 852 1377 895 et
1406 841 1708 898 Edilbertho
1730 844 1859 913 regi,
1891 850 2043 911 atque
2062 843 2203 912 genti

616 930 901 999 Anglorum
928 928 1119 984 direxit
1148 930 1314 999 (Beda
1342 931 1431 985 lib.
1458 948 1517 999 ιι,
1558 931 1701 987 Hist.
1732 949 1779 986 c.
1808 932 1886 1002 tl).
1915 932 2059 986 lnter
2083 932 2203 985 lau-

617 1018 739 1070 data
774 1017 1045 1084 mandata,
1078 1020 1485 1076 celeberrimum
1517 1034 1599 1077 est
1628 1023 1909 1077 Decretum
1942 1022 2088 1091 quod
2127 1024 2201 1078 ita

617 1108 802 1178 incipit
828 1125 843 1163 :
867 1110 1002 1163 Sunt
1029 1112 1268 1165 nonnulli
1298 1112 1415 1181 {ulti
1442 1112 1584 1167 nullo
1611 1114 1850 1184 dogmate
1879 1118 1895 1181 (
1922 1113 2036 1180 vel,
2079 1121 2203 1167 sunt

618 1199 858 1254 nonnulli
907 1201 1055 1255 stulti
1103 1200 1424 1270 dogmatis),
1459 1204 1625 1272 magis
1673 1204 1782 1257 zelo
1836 1203 2202 1257 amaritudinis

618 1306 770 1359 quam
825 1290 1111 1344 dilectionis
1173 1291 1513 1360 inflammati,
1560 1300 1845 1345 asserentes
1889 1292 2200 1355 monachos,

617 1380 736 1445 quia
764 1380 954 1433 mundo
981 1382 1167 1435 mortui
1206 1391 1326 1434 sunt
1358 1390 1407 1434 et
1447 1380 1582 1446 Deo,
1625 1384 1823 1448 vivunt,
1865 1382 2202 1437 sacerdotalis

619 1470 772 1538 ofﬁcii
799 1470 1030 1537 potentia
1059 1470 1185 1540 (vel,
1217 1471 1538 1525 sacerdotali
1568 1469 1769 1541 ofticio)
1802 1472 2060 1542 indignas,
2092 1481 2201 1528 etc.

619 1566 803 1636 (Tom.
849 1566 887 1620 V
916 1566 1152 1635 Concil.)
1183 1566 1285 1621 Eos
1313 1567 1506 1621 refellit
1529 1583 1769 1621 summus
1793 1567 2053 1637 pontifex,
2085 1583 2199 1622 ma-

619 1657 762 1710 xime
806 1656 1065 1726 exemplis
1105 1655 1349 1724 Gregorii
1378 1656 1551 1724 Magni
1583 1666 1637 1711 et
1668 1656 1946 1725 Augustini
1975 1658 2089 1727 ejus
2118 1658 2200 1712 di-

616 1746 830 1814 scipuli,
855 1746 946 1814 qui
977 1746 1045 1801 lic
1080 1754 1102 1800 t
1128 1746 1400 1812 monachi,
1432 1747 1720 1815 pontiﬁcali
1751 1747 2009 1815 dignitate
2034 1749 2195 1803 fulse-

613 1844 769 1900 t'llut;
797 1835 1085 1906 additque:
1109 1834 1290 1907 Neque
1328 1838 1464 1890 enim
1504 1837 1805 1892 Benedictus
1831 1840 2199 1894 monachorum

613 1938 918 1999 prteceptor,
942 1929 1094 1999 hujus
1124 1930 1197 1982 rei
1226 1929 1399 2000 aliquo
1429 1929 1578 1984 modo
1608 1932 1705 2001 fuit
1730 1931 2051 1986 interdictor.

686 2018 773 2072 15.
814 2018 1106 2089 Epistolam
1135 2019 1202 2072 ad
1231 2018 1599 2073 Edilberthum
1630 2034 1829 2088 regem,
1860 2020 2013 2089 cujus
2049 2021 2199 2078 Beda

615 2107 877 2167 meminit,
909 2107 1170 2163 habemus
1198 2108 1250 2160 in
1281 2108 1571 2163 novissima
1601 2109 1919 2163 collectione
1946 2111 2198 2166 concilio-

615 2214 757 2266 rum,
805 2213 873 2252 ex
921 2213 1026 2266 qua
1073 2212 1191 2266 qua:
1239 2198 1304 2251 ad
1352 2207 1593 2252 nostrum
1637 2199 1973 2268 propositum
2004 2200 2201 2255 iaciunt

617 2288 747 2341 satis
775 2288 878 2341 erit
905 2287 1211 2342 exscribere
1237 2304 1250 2341 :
1277 2285 1603 2358 QuaprOpter
1621 2327 1635 2353 ,
1666 2289 1889 2359 gloriose
1916 2289 2021 2359 ﬁli,
2065 2290 2201 2361 quod

618 2380 681 2431 ab
713 2378 997 2447 apostolica
1023 2378 1143 2433 sede
1170 2396 1263 2449 per
1289 2381 1645 2451 coepiscopum
1673 2390 1903 2435 nostrum
1942 2381 2199 2438 Mellitum

617 2470 935 2538 postulastis,
967 2470 1141 2526 libenti
1170 2473 1343 2527 animo
1373 2474 1725 2540 concedimus;
1756 2475 1812 2529 id
1831 2483 1927 2540 est,
1950 2486 2008 2529 ut
2032 2485 2199 2532 vestra

615 2562 906 2634 benignitas
933 2567 988 2619 in
1013 2569 1325 2621 monasterio
1352 2568 1408 2621 in
1437 2566 1815 2624 Dorovcrnensi
1844 2572 2047 2626 civitate
2073 2589 2200 2628 con-

613 2656 820 2721 stituto,
868 2657 1003 2727 quod
1045 2668 1252 2712 sanctus
1293 2659 1471 2715 doctor
1499 2669 1661 2714 vester
1688 2663 1999 2732 Augustinus
2037 2663 2201 2719 beatas

614 2750 875 2801 memoria:
900 2745 1133 2819 Gregorii
1164 2749 1446 2819 discipulus
1469 2753 1637 2805 sancti
1675 2752 1965 2807 Saluatoris
2001 2754 2199 2809 nomini

614 2839 948 2901 consecravit,
978 2840 1061 2892 cui
1089 2839 1159 2892 ad
1185 2856 1414 2911 prwsens
1439 2858 1658 2912 prteesse
1703 2843 2022 2913 dignoscitur
2064 2845 2197 2898 dile-

612 2927 868 2981 ctissimus
897 2930 1061 2998 frater
1085 2939 1261 2984 noster
1281 2930 1621 2998 Laurentius;
1657 2933 1868 2987 licenter
1893 2952 1985 3005 per
2024 2938 2197 2990 omnia

612 3019 978 3073 monachorum
1019 3022 1323 3091 regulariter
1362 3023 1632 3077 viventium
1680 3025 2046 3081 habitationem
2090 3037 2200 3081 sta-

615 3116 724 3159 tuat
747 3125 763 3161 :
787 3109 1070 3177 apostolica
1100 3113 1405 3166 auctoritate
1432 3113 1780 3180 decernentes,
1812 3124 1869 3167 ut
1894 3118 1996 3185 ipsi
2020 3129 2198 3173 vestra!
2223 3124 2266 3183 C

613 3196 797 3249 salutis
845 3198 1211 3266 prwdicatores
1258 3203 1535 3266 monachi,
1585 3205 1952 3258 monachorum
1996 3224 2196 3279 gregem

614 3283 712 3336 sibi
760 3288 1017 3339 associent
1063 3286 1277 3357 (Μήτι).
1309 3289 1386 3343 Ex
1424 3291 1506 3346 his
1536 3292 1703 3362 liquet
1732 3295 2198 3365 metropolitanum

615 3372 672 3426 8.
697 3374 988 3429 Salvatoris
1005 3368 1288 3431 ecclesiam
1313 3379 1380 3432 ab
1401 3381 1621 3436 exordio
1644 3386 2021 3439 monasterium
2039 3386 2201 3444 fuisse

615 3461 814 3516 dictam
862 3474 1084 3533 propter
1128 3466 1486 3526 inhabitantes
1523 3475 1834 3529 monachos.
1876 3475 1992 3531 Non
2024 3478 2197 3534 solum

616 3563 795 3607 autem
818 3563 989 3609 ratum
1020 3555 1205 3612 habuit
1233 3575 1469 3617 summus
1498 3564 1738 3632 pontifex
1766 3566 2013 3622 traditam
2035 3568 2203 3627 fuisse

614 3647 893 3701 monachis
918 3648 1058 3704 hanc
1092 3651 1394 3719 ecclesiam,
1438 3656 1533 3711 sed
1571 3658 1734 3713 etiam
1778 3662 2073 3731 apostolica
2101 3679 2204 3719 au-

611 3737 863 3792 ctoritate
888 3738 1126 3796 decrevit
1154 3751 1211 3797 ut
1238 3746 1615 3815 praedicatores
1656 3752 1902 3807 monachi
1929 3753 2066 3809 alios
2093 3755 2197 3812 sibi

612 3831 905 3887 monachos
932 3833 1223 3905 sociarent,
1264 3853 1295 3893 a
1325 3840 1519 3908 quibus
1549 3840 1617 3896 ad
1646 3851 1894 3913 posteros
1936 3849 2198 3904 monasti-

612 3934 734 3974 cum
764 3922 1062 3979 institutum
1087 3940 1491 3998 propagaretur.
1520 3932 1635 3989 Non
1665 3949 1793 4004 ergo
1820 3940 2196 3997 centendimus

614 4011 908 4067 monachos
954 4015 1021 4069 ad
1066 4017 1348 4073 ecclesiam
1374 4020 1572 4078 Christi
1600 4023 2038 4085 Cantuariensem
2062 4071 2078 4098 ,
2125 4045 2194 4087 ex

614 4096 867 4156 Bonilacii
912 4103 1104 4161 litteris
1147 4108 1408 4167 admissos
1436 4129 1595 4181 esse,
1634 4125 1693 4170 ut
1736 4110 1958 4177 credere
1985 4096 2195 4180 videtur

612 4191 992 4287 canenticorum
1012 4197 1331 4265 regularium
1355 4210 1632 4271 patronus,
1654 4207 1746 4262 sed
1773 4208 2010 4278 ejusdem
2039 4229 2191 4287 papa:

613 4278 931 4333 auctoritate
957 4281 1010 4336 in
1041 4284 1198 4354 hujus
1224 4290 1461 4346 ecclesiae
1489 4298 1828 4362 possessione
1847 4278 2192 4360 confirmatos

613 4370 669 4460 et
695 4374 946 4421 assertos.
974 4368 1256 4429 Somniare
1282 4387 1460 4433 autem
1489 4384 1733 4440 eumdem
1764 4403 1937 4445 causa:
1972 4407 2189 4460 prorsus

613 4450 908 4554 desperatae
937 4467 1174 4557 actorem
1203 4482 1341 4535 pene
1366 4469 1612 4540 dixerim,
1640 4475 1765 4530 dum
1796 4476 1945 4547 ﬁngit
1970 4450 2187 4539 Bonlla-
2218 4498 2266 4557 ο

612 4542 679 4639 cii
712 4560 974 4604 consensu
1004 4562 1096 4607 aut
1120 4555 1339 4615 decreto
1368 4561 1651 4630 adjunctos
1678 4570 1947 4627 canonicis
1974 4572 2186 4639 regula-

612 4633 758 4730 ribus
788 4635 949 4693 fuisse
979 4646 1298 4715 monachos,
1345 4653 1432 4722 qui
1468 4656 1808 4723 psalmodiam
1835 4633 2185 4730 quotidianam

611 4722 925 4820 absolverent
954 4731 1073 4787 dum
1102 4737 1183 4790 illi
1209 4740 1381 4795 clerici
1406 4784 1420 4810 ,
1460 4722 1585 4814 quos
1613 4748 1717 4801 alio
1758 4722 1962 4820 publica
1990 4756 2187 4811 utilitas

610 4814 839 4883 vocabat,
886 4819 1042 4875 libere
1069 4826 1402 4896 fungerentur
1429 4835 1567 4887 omni
1594 4837 1931 4894 ecclesiastico
1957 4858 2186 4900 munere.

611 4902 772 4972 Nugae
796 4923 944 4977 sane,
971 4915 1121 4982 quasi
1151 4933 1277 4974 vero
1304 4921 1510 4991 priores
1538 4923 1693 4992 hujus
1721 4928 1963 4983 ecclesiae
1991 4932 2185 5000 praedi-

611 5004 821 5053 cntores
845 5012 902 5054 et
930 5003 1259 5063 habitatores
1293 5026 1399 5065 non
1438 5015 1683 5069 monachi
1712 5031 1742 5070 a
1768 5017 2048 5075 Bonifacio
2084 5037 2184 5092 ap-

613 5087 959 5159 pellarentur,
985 5095 1076 5149 sed
1098 5096 1311 5166 clerici;
1343 5110 1435 5155 aut
1462 5103 1649 5170 ullum,
1679 5114 1799 5175 post
1822 5124 1882 5161 ea
1906 5122 2025 5177 (ma:
2047 5087 2185 5165 disii-

612 5191 751 5245 mus,
800 5192 1137 5253 recepturum
1182 5190 1250 5243 ab
1295 5190 1444 5253 initio
1475 5193 1526 5246 in
1558 5195 1781 5251 ecclesia
1813 5196 2185 5257 Cantuariensi

610 5268 926 5330 clericorum
956 5293 1063 5333 non
1092 5282 1474 5338 monachorum
1502 5287 1780 5355 vestigium
1808 5301 2111 5359 appareret.

1099 5372 1258 5441 267
1292 5372 1521 5429 CAPUT
1560 5374 1668 5431 vu.

609 5468 799 5546 Ancon.
824 5500 878 5546 τ
911 5475 950 5525 l.
971 5476 1166 5546 Anglia;
1190 5487 1413 5546 monachi
1439 5485 1576 5536 fuere
1614 5488 1674 5537 ah
1699 5491 1832 5541 initio
1855 5493 2184 5546 Beuedietini.

675 5532 927 5613 [ll‘linBiv'lLlll
952 5532 1083 5613 dicta
1100 5532 1447 5613 conﬁrmant—up
1460 5532 1533 5613 ξιὲ
1547 5532 1599 5597 8.
1614 5532 2185 5613 oié‘é’éiifsi'ifeiié'iii

669 5594 955 5668 Stirlegibus
976 5602 1307 5668 adstrigtoLj
1329 5606 1373 5653 Ξ.
1403 5594 1798 5663 Prima—ratio.

670 5654 965 5732 ﬁ-fgeugda
1009 5676 1068 5709 ex
1113 5663 1166 5712 s.
1192 5654 2178 5732 mirum:viié‘éér'i'ﬂmié'Q'ECSI'ZI

669 5712 843 5766 Tertia
868 5721 991 5770 ratio
1030 5735 1093 5773 ex
1121 5712 1805 5796 veteribuslitdrﬁiqubibu‘s

2374 447 2547 495 frustra
2590 451 2728 498 nobis
2766 451 3031 508 objertum.
3053 451 3184 497 -—~6.
3215 452 3274 499 lit
3311 447 3616 501 venerabilis
3657 456 3877 505 “edas.—

2370 510 2417 575 7_.
2444 508 2585 575 Aliud
2611 519 2953 575 argumentum
2976 523 3037 575 ex
3066 511 3393 575 S._]lenedicti
3410 514 3589 575 regula
3606 528 3704 575 per
3726 530 3873 566 mona-

2370 570 2487 617 chos
2508 570 2691 630 Auglos
2711 573 2758 617 in
2784 570 3093 619 Germaniam
3116 571 3295 622 delata.
3320 600 3381 607 —
3401 574 3447 622 8.
3474 570 3873 628 Bollandianorum

2372 643 2449 739 eaf
2570 644 2628 678 re
2667 633 2934 680 sententia.
2957 658 3022 668 —
3043 634 3089 683 9.
3114 633 3443 684 Maresbamus
3487 636 3637 684 aliter
3677 641 3873 691 sentiens

2372 704 2424 739 re
2447 703 2475 738 e
2518 705 2632 739 Lor.

2369 703 2632 739 I'CIGIII'JH'.

2381 773 2431 826 l.
2474 772 2966 829 Commemoratum
2994 774 3049 830 S.
3084 774 3357 831 Benedicti
3401 791 3600 833 nomen
3631 792 3661 832 a
3686 793 3872 838 summo

2307 863 2561 934 pontiﬁce
2589 864 2881 932 Bonifacio,
2915 866 3097 922 addito
3125 867 3285 921 etiam
3314 869 3665 937 prasceptoris
3702 886 3869 925 mona-

2306 954 2530 1009 chorum
2560 955 2738 1018 titulo,
2763 956 2853 1010 ubi
2883 957 3115 1011 maxime
3143 957 3211 1013 de
3239 959 3627 1013 monachorum
3650 959 3872 1029 Anglica-

2306 1060 2497 1100 norum
2546 1046 2933 1117 tranquillitate
2980 1049 3275 1117 agebatur,
3324 1064 3430 1103 non
3481 1050 3709 1106 obscure
3737 1055 3869 1110 nobis

2305 1136 2697 1205 conjiciendum
2743 1139 2950 1209 praebet
2994 1140 3199 1208 Anglia).
3243 1140 3542 1195 monachos
3582 1149 3704 1196 tunc
3730 1142 3871 1199 fuisse

2304 1227 2713 1297 Benedictinos;
2757 1231 2871 1286 sive
2899 1232 2931 1286 ii
2960 1240 3139 1287 essent
3165 1231 3447 1301 Augustini
3478 1233 3612 1287 socii
3638 1237 3867 1302 supersti-

2304 1328 2384 1375 tes
2406 1359 2424 1388 ,
2471 1321 2583 1376 sive
2612 1321 2688 1376 illi
2717 1337 2855 1392 quos
2897 1322 2997 1378 sibi
3044 1332 3165 1394 post
3193 1323 3487 1393 legitimam
3520 1324 3866 1394 probationem

2302 1424 2520 1481 sureque
2565 1412 2970 1479 congregationi
3015 1413 3307 1467 sociarunt.
3347 1412 3551 1467 Verum
3590 1413 3712 1482 quid
3749 1431 3864 1485 epos

2302 1510 2385 1555 est
2410 1504 2755 1571 conjecturis,
2788 1504 2876 1559 ubi
2911 1513 2990 1559 tot
3015 1504 3211 1559 adsunt
3236 1504 3753 1561 demonstrationes?
3778 1509 3865 1564 hoc

2301 1611 2431 1653 sane
2458 1598 2677 1653 nomine
2704 1597 2876 1667 digna:
2905 1608 3031 1654 sunt
3057 1599 3317 1665 rationes,
3365 1615 3503 1669 quas
3549 1594 3863 1657 doctissimus

2302 1687 2641 1744 Mabillonius
2691 1689 2743 1743 in
2790 1690 2895 1746 hoc
2942 1698 3312 1759 argumentum
3354 1693 3654 1760 congessit,
3696 1695 3863 1748 tumin

2230 1766 2270 1824 Β
2300 1780 2503 1848 praefat.
2535 1782 2601 1835 ad
2630 1782 2879 1837 saeculum
2911 1781 2930 1835 l
2959 1782 3231 1837 Benediet.
3263 1782 3290 1854 ς
3320 1784 3380 1847 8;
3416 1792 3531 1837 tum
3559 1783 3610 1836 in
3640 1783 3861 1837 observa-

2279 1871 2531 1926 ‘tionibns
2564 1873 2772 1940 praeviis
2803 1874 2869 1927 ad
2916 1873 2971 1928 S.
3009 1873 3239 1929 Wilfridi
3269 1875 3435 1928 vitam
3470 1874 3489 1927 Ι
3522 1884 3670 1944 parte
3696 1875 3859 1930 Srcculi

2298 1961 2366 2016 IV
2398 1962 2707 2030 Benedict.;
2744 1972 2854 2018 tum
2885 1966 3263 2020 Analectorum
3290 1974 3440 2021 tomo
3474 1966 3537 2034 ll,
3564 1967 3615 2020 in
3642 1967 3859 2021 disserta-

2299 2052 2443 2107 tione
2470 2054 2536 2110 de
2565 2055 2622 2110 S.
2655 2054 2899 2125 Gregorii
2944 2059 3289 2123 monachato,
3337 2069 3493 2129 parte
3523 2075 3577 2120 ιι,
3608 2057 3633 2129 §
3662 2058 3722 2119 8,
3754 2071 3854 2125 pag.

2301 2139 2405 2192 175
2426 2150 2482 2195 et
2505 2158 2656 2211 seq.;
2688 2124 2800 2197 tum
2832 2147 3062 2212 denique
3091 2124 3374 2199 Annalium
3404 2124 3681 2202 Benedict.
3706 2124 3784 2202 lib.
3812 2124 3853 2215 ᾗ,

2302 2231 2330 2304 §
2368 2232 2450 2298 l8,
2485 2250 2549 2288 ac
2579 2235 2631 2289 in
2660 2237 2959 2304 appendice
2987 2237 3027 2303 Ι,
3062 2252 3180 2307 pag.
3231 2236 3333 2291 655
3360 2247 3413 2293 et
3440 2255 3556 2308 seq.
3592 2238 3857 2310 Principuas

2299 2332 2479 2378 autem
2530 2324 2769 2380 delibare
2816 2327 2882 2381 ad
2930 2337 3171 2383 nostrum
3224 2330 3352 2384 satis
3399 2331 3508 2384 erit
3559 2332 3855 2399 institutum;

2299 2415 2441 2470 unde
2464 2432 2800 2485 consequens
2821 2420 2943 2481 erit.
2968 2421 3109 2489 quod
3132 2421 3241 2488 jam
3261 2436 3478 2490 quoque
3497 2422 3719 2478 diximus
3738 2423 3856 2495 (Lib.

2299 2520 2333 2568 ι,
2367 2522 2413 2559 c.
2457 2505 2512 2574 5,
2557 2509 2583 2577 §
2618 2507 2814 2580 5-10),
2847 2508 2904 2564 S.
2936 2508 3252 2581 Gregorium
3284 2511 3683 2583 Benedictinam
3719 2529 3857 2584 regu-

2298 2598 2403 2653 lam
2430 2600 2767 2669 observasse,
2797 2602 3293 2673 observandamque
3321 2605 3432 2660 suis
3463 2606 3855 2663 commendasse.

2368 2690 2421 2746 2.
2465 2690 2638 2747 Prima
2666 2693 2885 2749 ducitur
2921 2708 2987 2750 ex
3027 2694 3326 2750 indubitate
3352 2694 3411 2750 S.
3443 2695 3706 2751 Aldhelmi
3730 2697 3859 2750 testi-

2296 2783 2501 2847 monio,
2547 2785 2639 2853 qui
2685 2786 2752 2841 ab
2790 2785 3058 2842 Hadriano
3088 2786 3282 2842 abbate
3309 2789 3625 2843 monasterii
3651 2788 3703 2843 S.
3736 2787 3856 2844 Petri

2297 2871 2436 2942 apud
2467 2871 2808 2928 Cantuarium
2842 2875 3074 2945 primum
3095 2876 3353 2943 eruditus,
3372 2875 3568 2931 deinde
3595 2877 3856 2933 monachus

2297 2970 2353 3016 et
2380 2962 2545 3017 abbas
2570 2963 2623 3019 in
2650 2966 2903 3022 coenobio
2924 2965 3274 3023 Maildunensi
3294 2982 3391 3023 seu
3416 2966 3850 3025 Malmesburiensi

2298 3054 2440 3125 apud
2466 3056 2905 3121 West-Saxones,
2933 3075 3157 3129 quorum
3184 3060 3345 3114 etiam
3374 3060 3661 3132 episcopus
3682 3059 3786 3122 fuit,
3810 3061 3851 3113 in

2298 3145 2539 3202 carmine
2563 3145 2630 3202 de
2651 3146 2975 3218 virginitate,
3007 3148 3065 3204 8.
3092 3147 3441 3205 Benedictum
3466 3150 3570 3207 hoc
3589 3149 3753 3220 elogio
3771 3151 3850 3205 de-

2299 3234 2477 3306 signat
2500 3255 2515 3291 :

2481 3326 2672 3394 Erimus
2694 3330 2775 3391 qui
2803 3331 2972 3378 statuit
2993 3339 3168 3379 nostra
3190 3334 3460 3382 certamina
3487 3335 3616 3394 vitm,

2487 3388 2935 3456 Qualiter’optatam
2959 3394 3404 3456 teneantcoenobia
3430 3388 3664 3456 normain,

2488 3456 2698 3515 Quoque
2717 3454 2855 3501 modo
2880 3462 3113 3514 properet
3134 3454 3322 3503 directo
3342 3457 3542 3504 tramite
3564 3454 3762 3515 Sanetus,

2487 3511 2559 3573 Ad
2579 3526 2786 3573 superos
2810 3511 3046 3563 scandens
3068 3515 3297 3563 cmlorum
3323 3518 3532 3565 culmina
3557 3516 3704 3565 cultor

2486 3571 3175 3638 Qujusprmelarampandens
3196 3578 3258 3625 ab
3279 3579 3481 3638 origine
3506 3579 3646 3626 vitam

2485 3632 2761 3695 Gregorius
2780 3632 3158 3698 priesul'chartis
3176 3632 3512 3700 descripserat
3532 3640 3666 3688 olim.

2297 3732 2395 3788 Hic
2425 3735 2707 3792 manifeste
2732 3737 2788 3792 8.
2832 3738 3142 3794 Aldhelmus
3172 3741 3473 3796 monachus
3498 3750 3554 3796 et
3576 3742 3744 3805 abbas,
3773 3738 3847 3807 qui

2296 3826 2485 3883 eodem
2515 3832 2713 3886 sarculo
2741 3848 2847 3902 quo
2875 3832 2933 3888 S.
2980 3833 3307 3904 Augustinus
3334 3835 3563 3904 ejusque
3591 3835 3713 3890 socii
3758 3834 3847 3886 An-

2295 3915 2412 3984 glos
2439 3919 2505 3972 ad
2538 3920 2698 3975 ﬁdem
2723 3918 3079 3978 Christianam
3111 3924 3450 3979 adduxerunt
3478 3925 3652 3980 ﬂoruit
3688 3926 3707 3994 (
3725 3924 3849 3978 devi-

2295 4010 2373 4065 xit
2401 4012 2543 4067 enim
2575 4023 2780 4069 tantum
2809 4032 2896 4072 an.
2932 4015 3056 4080 Μ),
3096 4026 3233 4073 teste
3261 4017 3471 4089 Beda),
3510 4019 3677 4089 palam
3706 4026 3847 4071 testa-

2294 4109 2382 4156 tur
2428 4102 2777 4160 Benedictum
2826 4107 2948 4162 vitae
2996 4109 3345 4176 monasticxe,
3395 4124 3559 4177 quam
3608 4107 3849 4178 professus

2294 4193 2470 4249 fuerat
2515 4197 2986 4268 observabantque
3030 4198 3320 4268 Anglicana
3366 4199 3709 4265 monasteria,
3754 4198 3847 4267 pri-

2296 4301 2443 4340 mum
2476 4286 2639 4342 fuisse
2680 4289 3062 4343 institutorem.

2362 4376 2413 4430 5.
2455 4376 2753 4432 Secundam
2793 4379 3053 4434 rationem
3076 4378 3380 4448 suppeditat
3408 4380 3533 4433 vilic
3560 4378 3616 4434 8.
3647 4373 3844 4432 Wilfridi

2290 4466 2739 4536 scriptorcozevus
2757 4466 2959 4525 Eddius
2978 4468 3302 4541 Stephanus,
3325 4469 3469 4537 apud
3486 4483 3638 4538 quem
3658 4473 3844 4522 sanctus

2294 4556 2569 4611 Wilfridns
2598 4559 2670 4612 ita
2708 4559 2943 4629 loquitur
2961 4560 3027 4613 ad
3047 4559 3309 4631 synodum
3331 4559 3447 4627 ejus
3469 4574 3624 4615 causa
3646 4569 3843 4621 congre-

2292 4655 2469 4715 gatam
2495 4663 2508 4699 :
2536 4647 2725 4701 Nonne
2745 4646 2763 4718 [
2784 4649 2867 4703 Al.
2891 4646 3145 4719 Necnon]
3191 4666 3283 4719 ego
3312 4649 3510 4717 primus
3550 4656 3657 4716 post
3679 4645 3841 4698 obitum

2292 4742 2573 4810 primorum
2600 4757 2869 4808 procerum
2888 4758 2919 4793 a
2943 4742 3003 4796 S.
3023 4739 3272 4813 Gregorio
3301 4742 3608 4796 directorum
3635 4739 3786 4793 curari
3798 4745 3841 4787 ut

2294 4831 2515 4886 Scoticaz
2553 4834 2803 4887 virulenta
2832 4833 3171 4904 plantationis
3211 4835 3443 4904 germina
3488 4833 3837 4886 eradicarcm...

2293 4922 2371 4975 vel
2405 4923 2655 4993 quomodo
2684 4924 2840 4976 vitam
2862 4924 3227 4978 monachorum
3247 4925 3526 4978 secundum
3555 4922 3764 4994 regulam
3787 4919 3837 4973 S.

2293 5013 2554 5069 Benedicti
2585 5016 2749 5086 patris
2770 5056 2785 5081 ,
2828 5032 2979 5087 quam
3008 5017 3179 5069 nullus
3205 5019 3346 5085 prior
3373 5017 3567 5070 invexit
3593 5014 3813 5067 constitue

2290 5122 2398 5159 rem
2448 5105 2681 5177 (Saecul.
2730 5122 2782 5160 tv
2821 5105 3106 5172 Benedict.,
3139 5114 3275 5177 part.
3321 5105 3383 5172 l,
3428 5107 3482 5159 in
3510 5098 3835 5174 Appendice);

2289 5194 2494 5251 scilicet
2523 5195 2664 5266 apud
2697 5193 3236 5251 Ultra-Humbrenses
3266 5214 3279 5249 :
3306 5212 3426 5250 nam
3456 5197 3508 5251 in
3537 5210 3693 5264 regno
3717 5192 3838 5246 Can-

2291 5284 2349 5337 tii
2376 5282 2487 5352 jam
2531 5293 2802 5352 receptam
2833 5285 2995 5341 fuisse
3022 5288 3079 5340 S.
3112 5286 3383 5342 Benedicti
3413 5288 3676 5356 regulam,
3711 5284 3839 5339 inde-

2290 5386 2395 5439 que
2423 5371 2490 5425 ad
2516 5372 3137 5431 Nordam—Humbrorum
3167 5378 3414 5432 ctenohia
3443 5378 3525 5432 vel
3548 5374 3837 5432 instituenda

2285 5461 2371 5515 vel
2400 5463 2727 5519 restituenda
2756 5480 2785 5518 a
2815 5464 2871 5519 S.
2901 5465 3147 5522 Wilfrido
3191 5469 3422 5523 delatam
3451 5468 3613 5525 fuisse
3638 5468 3838 5538 probant

2284 5551 2400 5608 haec
2428 5552 2574 5608 Eddii
2600 5555 2761 5609 verba
2788 5571 2837 5610 c.
2873 5557 2941 5610 14
2970 5575 2982 5610 :
3008 5556 3256 5612 Ecbertus
3285 5576 3476 5631 quoque
3500 5576 3593 5613 rex
3633 5557 3835 5612 Cantua-

2283 5645 2476 5698 riorum
2506 5646 2773 5716 religiosus
2793 5688 2807 5714 ,
2838 5650 3133 5718 pontiﬁcem
3164 5642 3393 5703 nostrum
3420 5649 3490 5701 ad
3516 5665 3570 5703 se
3601 5646 3837 5701 accersivit

2280 5743 2329 5788 et
2358 5733 2462 5789 illic
2491 5735 2811 5806 presbyteros
2856 5738 3157 5795 multos.....
3205 5738 3574 5795 ordiuavit.....
3624 5734 3828 5791 omnibus
