3976 6314
92 269 184 325 585
577 259 644 317 S.
684 260 1012 318 GBEGORII
1052 261 1265 318 MAGNI
1307 262 1486 329 VITA,
1529 263 1620 319 EX
1660 266 1822 325 Ε]υὸ
1861 268 2166 329 SCRIPTIS
2203 271 2596 334 ADORNATA.
2638 278 2766 335 LIB.
2809 278 2901 335 111.
3246 284 3353 341 380

93 370 591 468 cltum-friuoﬁilfa
632 370 799 468 οθῖξξα
826 387 920 438 per
948 370 1099 442 ριιιηι
1130 372 1509 468 εραιὶιξμςεηετ
1540 390 1656 429 eum
1684 379 1733 437 Δ
1760 382 2019 450 suspicari
2050 383 2177 441 licet
2207 386 2225 455 (
2248 386 2293 441 si
2336 387 2440 442 alia
2470 403 2577 444 non
2606 399 2954 460 suppeterent
2994 404 3306 463 argumenta
3331 399 3353 468 )

94 460 356 522 cantoribus
398 459 476 511 Αἰ
483 459 583 514 dde
608 469 659 513 et
685 458 889 525 Enna,
921 470 970 514 et
1000 462 1459 516 caementariis...”
1489 463 1544 517 in
1574 480 1651 518 re-

1760 472 2023 540 synodum
2052 474 2559 534 Cloveshoviensem
2585 520 2600 544 ,
2630 458 2891 537 Joannem
2937 458 3203 541 laudando
3249 458 3363 544 sub

94 556 268 628 gionem
296 566 441 604 suam
471 557 729 604 revertens
759 566 873 603 cum
899 551 1077 622 regula
1104 550 1390 619 Benedicti,
1418 553 1657 608 instituta

94 643 412 701 Etclesiarum
438 638 565 695 bene
590 639 899 695 melioravit.

148 758 193 812 ι.
233 753 406 810 Tertia
435 754 578 809 ratio
607 754 808 824 petitur
835 767 903 807 ex
931 752 1203 808 veteribus
1232 753 1432 809 litaniis
1470 754 1658 824 Angli-

92 849 231 914 canis,
259 862 390 917 quas
418 862 449 900 a
481 846 629 901 mille
674 846 865 901 saltem
913 846 1096 910 annis,
1147 855 1202 900 et
1248 855 1375 901 ante
1401 847 1656 902 tan-“lum

92 958 164 997 rm
190 939 534 996 concinnatas
560 937 754 1008 probat
781 936 1125 992 doctissimus
1151 936 1515 1006 Mabillordus,
1543 946 1655 993 tum

92 1050 143 1088 ex
170 1029 451 1101 pervctusti
499 1028 703 1085 codicis
730 1028 1131 1083 cbaracteribus
1176 1027 1652 1095 semi-Saxonicis;

90 1134 179 1178 tum
204 1122 433 1176 maxime
479 1119 624 1191 quod
654 1120 706 1173 in
738 1119 816 1174 eis
861 1118 1038 1173 nullus
1084 1119 1365 1173 invocetur
1392 1127 1487 1173 aut
1514 1134 1654 1174 com-

91 1220 391 1269 memoretur
434 1219 656 1266 sanctus
692 1209 870 1264 medio
910 1209 1107 1265 smculo
1151 1225 1223 1264 vn
1263 1207 1513 1275 inferior;
1545 1225 1654 1264 non

88 1306 303 1365 Mellitus,
351 1320 462 1359 non
508 1302 782 1365 Paulinus,
829 1300 1176 1367 Cuthbertus,
1208 1300 1508 1367 Willridus,
1556 1300 1651 1355 Ai-

88 1400 227 1453 danus
252 1406 308 1452 et
337 1397 430 1451 alii
461 1396 697 1467 plurimi,
730 1395 910 1451 multis
938 1396 1329 1451 recensitorum
1360 1395 1411 1449 in
1442 1395 1655 1449 litania-

87 1504 181 1544 rum
204 1487 344 1542 serie
374 1485 662 1541 Beatorum
710 1486 999 1540 sanctitate
1043 1492 1098 1539 et
1125 1484 1369 1538 doctrina
1399 1485 1556 1554 longe
1585 1485 1652 1539 il-

88 1578 367 1644 lustriores;
395 1578 486 1647 qui
511 1568 641 1633 Sane
664 1575 1005 1647 prtetermissi
1028 1591 1135 1631 non
1158 1574 1401 1641 fuissent,
1434 1576 1479 1632 si
1507 1575 1651 1632 diem

86 1670 168 1739 jam
193 1654 513 1723 clausissent
542 1676 866 1733 extremum,
913 1675 968 1721 et
997 1666 1064 1721 de
1106 1681 1293 1720 eorum
1341 1667 1648 1733 sanctitate,

1757 562 2003 633 Apostoli
2034 568 2272 635 nomine,
2310 586 2514 626 morem
2543 573 2773 640 gessisse
2801 574 2859 629 8.
2893 574 3207 632 Benedicto.

1828 652 1880 707 6.
1923 652 2076 720 Quod
2112 665 2321 726 spectat
2350 660 2417 714 ad
2446 662 2807 717 venerabilem
2853 662 3073 728 Bedam,
3120 664 3173 719 in
3206 674 3231 701 ι
3264 664 3351 720 lli-

1756 743 1935 797 storiaa
1963 745 2230 801 Abbatum
2278 748 2752 807 Wiremutensium
2788 761 2844 806 et
2893 751 3252 809 Girwensium
3286 758 3354 810 ab

1757 836 1875 907 ipso
1903 838 2061 893 edita:
2091 841 2226 896 libro
2254 856 2272 896 ι
2300 843 2526 911 legimus
2570 845 2629 900 S.
2680 845 3025 901 Benedictum
3066 841 3351 919 BiscOpum

1756 938 2001 1000 quartam
2032 932 2419 999 profectionem
2449 936 2675 989 Romam
2706 951 3025 1005 aggressum
3045 954 3185 1005 esse,
3229 950 3349 1011 post

1756 1022 2112 1092 compositum
2153 1023 2304 1093 juxta
2339 1025 2589 1095 Regulam
2619 1030 3025 1081 monasterium.
3059 1028 3233 1094 Quam
3266 1047 3337 1084 re

1755 1117 1933 1182 gulam
1959 1116 2203 1184 intelligit
2232 1117 2331 1170 nisi
2359 1117 2778 1183 benedictinam,
2804 1129 3000 1187 praeter
3020 1136 3179 1189 quam
3201 1122 3345 1177 nulla

1756 1208 1854 1264 l'uit
1882 1209 1934 1263 in
1967 1208 2260 1263 Occidente
2290 1209 2395 1263 late
2423 1212 2753 1278 propagata?
2784 1212 2980 1266 Verum
3011 1214 3149 1268 hanc
3178 1216 3348 1284 ipsam

1755 1312 1941 1373 postea
1986 1302 2131 1356 clare
2174 1301 2420 1369 designat
2466 1301 2609 1356 Beda
2661 1302 2899 1357 referens
2946 1304 3001 1359 in
3050 1303 3154 1359 line
3184 1307 3350 1362 libris

1756 1394 1870 1447 hsce
1896 1391 2105 1446 abbatis
2133 1392 2212 1447 sui
2243 1392 2405 1446 verba
2438 1392 2489 1445 in
2535 1392 2781 1447 oratione
2809 1401 3048 1450 extrema
3095 1395 3161 1449 ad
3191 1396 3345 1450 disc-i4

1755 1484 1910 1553 pulos
1945 1483 2126 1537 habita
2155 1500 2168 1535 :
2196 1482 2417 1537 Multum
2466 1492 2711 1549 cuvetote,
2765 1487 2994 1555 fratres,
3045 1504 3111 1540 ne
3154 1488 3351 1557 deforis

1756 1574 1967 1628 aliunde
1996 1574 2135 1627 vobis
2164 1583 2364 1643 putrem
2394 1576 2643 1646 quieratis
2660 1592 2677 1639 ;
2708 1575 2799 1628 sed
2819 1577 2910 1646 jus
2923 1585 2976 1629 ta
3005 1577 3142 1645 quod
3169 1579 3350 1647 regula

1754 1665 1932 1734 magni
1958 1664 2217 1735 quondam
2245 1665 2445 1718 abbatis
2476 1664 2761 1728 Benedicti,
2787 1667 2944 1735 juxta
2974 1668 3109 1738 quod
3135 1669 3342 1737 privile-

87 1757 508 1828 quemalmodum
540 1766 727 1827 postea
755 1755 950 1812 saeculo
977 1772 1070 1811 vui
1100 1756 1454 1811 constitisset.
1485 1755 1543 1811 In
1571 1757 1652 1812 his
1684 1765 1732 1825 Β
1756 1756 1830 1825 gii
1872 1756 2027 1809 vestri
2053 1757 2315 1811 continent
2343 1757 2549 1811 decreta
2571 1798 2585 1822 ,
2634 1759 2689 1811 in
2718 1769 2967 1812 conventu
2998 1773 3177 1814 vestra:
3223 1776 3349 1815 con-

87 1859 232 1904 antem
284 1848 482 1903 litaniis
528 1847 587 1902 S.
624 1837 909 1903 Benedicti
956 1862 1153 1902 nomen
1202 1847 1285 1901 bis
1330 1847 1650 1902 inclamatur
1753 1851 2088 1919 gregationis,
2121 1852 2379 1904 communi
2408 1851 2623 1905 consilio
2653 1852 3007 1920 perquiratis,
3049 1853 3134 1923 qui
3165 1869 3345 1907 securi-

86 1948 182 2011 post
206 1940 263 1994 S.
297 1939 722 2010 Hieronymum,
769 1948 895 1994 ante
932 1937 1030 1994 SS.
1063 1938 1321 1993 Hilarium
1366 1947 1419 1993 et
1467 1938 1648 1994 Marti-
1751 1941 1872 1994 dum
1903 1942 2017 1994 vita:
2046 1943 2283 1994 meritum
2327 1950 2377 1993 el
2416 1942 2687 2011 sapientite
2711 1941 3005 1995 doctrinam
3028 1982 3044 2008 ,
3076 1944 3248 2011 aptior
3278 1945 3346 1996 ad

89 2048 217 2097 num;
243 2033 397 2102 quod
418 2041 797 2100 argumentum
828 2040 913 2087 est
949 2031 1355 2095 validissimum,
1386 2030 1445 2085 S.
1481 2035 1650 2087 Bene-
1752 2031 1853 2084 tale
1901 2032 2244 2085 ministerium
2298 2031 2667 2101 perficiendum
2725 2032 3030 2103 digniorque
3081 2032 3343 2102 probetur.

88 2126 254 2180 dictum
304 2126 443 2194 apud
494 2141 591 2180 eos
639 2125 728 2197 qui
773 2124 1076 2194 hujusmodi
1111 2125 1308 2180 litaniis
1339 2126 1649 2193 utebantur,
1752 2121 1844 2176 lla:
1888 2131 2015 2177 sunt
2059 2122 2215 2177 dotes
2244 2137 2379 2191 quas
2429 2122 2480 2175 in
2503 2121 2751 2188 eligendo
2781 2122 2991 2176 Abbate
3020 2124 3255 2192 postulat
3281 2122 3341 2179 S.

87 2216 265 2287 patroni
312 2215 493 2271 locum
543 2217 839 2271 obtinuisse
882 2234 894 2269 :
939 2216 1176 2285 alioquin
1224 2231 1320 2271 cur
1366 2216 1453 2270 hic
1500 2220 1649 2270 solus
1751 2212 2073 2268 Benedictus
2100 2212 2318 2282 chulm
2346 2227 2466 2281 cap.
2502 2211 2588 2264 64.

88 2316 577 2361 commemoraretur
604 2307 818 2362 omissis
848 2305 1165 2371 Pachomio,
1207 2306 1465 2372 Antoiiio,
1499 2305 1649 2361 Basi-
1819 2303 2121 2359 Ceolfridus
2149 2306 2318 2360 abbas
2341 2345 2355 2369 ,
2398 2303 2609 2372 Biscopi
2640 2318 2922 2359 successor
2944 2343 2958 2369 ,
2992 2318 3140 2357 mare
3170 2312 3345 2360 trans-

88 2397 156 2462 lio,
180 2396 546 2453 Columbano?
595 2397 706 2453 Cur
734 2398 814 2453 bis
844 2399 1207 2464 invocaretur,
1236 2397 1380 2467 quod
1410 2398 1538 2453 nulli
1565 2398 1647 2452 al-
1750 2396 2038 2461 missurus,
2070 2396 2259 2450 eadem
2289 2396 2400 2450 suis
2449 2394 2698 2448 lratrihus
2727 2394 3016 2464 praecepit:
3045 2393 3231 2449 Utilius
3255 2397 3344 2449 de-

88 2489 162 2542 teri
188 2505 521 2556 concessum,
554 2500 911 2560 praeterquam
959 2488 1017 2543 S.
1067 2489 1343 2559 Stephano
1372 2498 1428 2544 et
1456 2490 1513 2544 S.
1545 2490 1651 2544 Ma-
1748 2489 1924 2547 crevit,
1951 2488 2123 2555 inquit
2151 2487 2293 2540 Beda
2313 2485 2550 2553 ejusdem
2573 2485 3002 2553 congregationis
3026 2487 3339 2550 ntmzachtts,

88 2584 157 2635 τίω
181 2592 255 2637 ter
282 2584 606 2654 appellatae?
654 2583 823 2638 Porro
864 2582 1030 2637 usitas
1060 2582 1226 2638 fuisse
1270 2582 1484 2637 litanias
1530 2583 1650 2640 illas
1749 2580 1843 2633 lib.
1895 2595 1951 2640 ιι,
2001 2579 2123 2632 dato
2172 2576 2420 2649 fratribus
2464 2586 2739 2657 praecepto,
2773 2585 2829 2629 ut
2849 2576 3004 2645 juxta
3033 2577 3113 2629 sui
3143 2586 3336 2629 statuta

87 2673 126 2726 in
162 2676 372 2744 Anglia;
407 2677 515 2730 imo
546 2692 644 2747 pro
676 2674 865 2745 Anglia
897 2678 1268 2741 concinnatus,
1310 2676 1505 2748 probat
1532 2676 1647 2732 lucc
1750 2669 2019 2740 privilegii,
2045 2669 2299 2738 juxtaque
2327 2668 2558 2737 regulam
2587 2668 2648 2721 S.
2694 2666 2897 2720 abbatis
2946 2666 3244 2733 Benedicti,
3278 2668 3343 2721 de

87 2765 409 2833 supplicatio:
436 2764 506 2819 Ut
554 2768 746 2819 clerum
794 2775 843 2819 et
881 2766 1078 2834 plebem
1115 2766 1400 2837 Anglorum
1437 2783 1647 2821 conser-
1748 2761 1858 2814 suis
1885 2759 2011 2830 ipsis
2041 2773 2239 2829 patrem
2269 2760 2352 2829 qui
2381 2759 2552 2829 aptior
2577 2773 2686 2811 esse
2714 2757 2981 2828 eligerent.

88 2872 177 2908 rare
202 2857 443 2929 digneris,
479 2865 527 2909 te
555 2874 819 2928 rogamus,
850 2856 974 2909 audi
1003 2873 1095 2911 nos
1118 2873 1138 2922 ;
1180 2857 1376 2912 nullius
1427 2857 1649 2913 alterius
1821 2852 1953 2908 Cum
1978 2852 2114 2906 idem
2139 2850 2459 2905 venerabilis
2488 2849 2720 2919 scriptor
2741 2856 2949 2902 asserat
2977 2848 3070 2901 lib.
3092 2863 3130 2915 ι,
3159 2846 3342 2902 Bisco-

90 2948 232 3014 gentis
259 2947 402 3002 facta
430 2938 728 3002 mentione.
1749 2958 1876 3013 pum
1924 2956 2045 2995 eam
2082 2939 2353 3010 discipulis
2396 2940 2508 2993 suis
2556 2938 2793 3007 regulam
2837 2937 3138 3003 tradidisse,
3179 2953 3340 3007 quam

138 3064 183 3119 5.
226 3063 313 3120 llis
349 3080 506 3136 aequa
532 3064 685 3120 lance
710 3063 1037 3135 ponderatis,
1066 3063 1511 3120 Cloveshovianae
1552 3080 1643 3136 sy-
1751 3034 1803 3088 in
1833 3033 2018 3136 “ea?”
2046 3040 2103 3086 ﬂ
2129 3038 2333 3100 septem
2365 3027 3339 3136 "'093A5Ff’lriisjf‘?{‘{S‘La‘iiifg

87 3115 195 3211 ...ί
227 3115 1188 3214 ‘s'esse};suasistis}.
1210 3115 1643 3225 unum.
1673 3138 1715 3197 c
2056 3136 2283 3225 "unum
2318 3134 2478 3221 ξιηειιη
2652 3115 3146 3225 cateruae
3196 3116 3342 3225 ιὐεξί

86 3206 646 3322 ξιξεῖιὲςιῖἐιίξᾷιῖὸῖζῖ
682 3206 1174 3305 ..Iii;:..}ii;1;ii;;‘
1191 3206 1648 3318 .i;..1‘.;:;;;;;,bi.
1749 3206 3339 3322 ff”"f’}’f_‘{{"1_ffljffﬂ‘ﬁi"“fjfﬁf‘i‘ﬁ'ﬁ‘iffﬂff35:32

88 3298 1161 3406 “magna;
1196 3298 1648 3409 isseisse;
1749 3304 2022 3409 ειςιιεσίομε
2058 3301 2312 3409 ,τεευιεηη
2355 3299 2407 3355 in
2453 3298 2655 3368 Αηειίεε
2695 3298 3039 3353 monasteriis

87 3432 208 3485 nulla
234 3433 280 3486 in
306 3432 412 3487 illis
438 3440 533 3486 aut
560 3430 618 3485 S.
647 3430 944 3494 Benedicti,
978 3437 1070 3484 aut
1108 3396 1459 3500 prdmulgatm
1490 3429 1557 3482 ab
1581 3443 1648 3483 eo
1747 3396 1910 3451 fuisse
1938 3403 1993 3450 et
2021 3396 2273 3463 Vigu's‘e'

88 3524 257 3591 regula:
300 3526 454 3579 lieret
499 3524 721 3579 mentio.
756 3524 953 3579 Verum
1003 3539 1071 3578 ne
1124 3522 1253 3577 illud
1281 3522 1496 3593 quidem
1525 3521 1650 3576 licet

90 3618 219 3671 nobis
236 3631 535 3687 opponere;
565 3631 687 3671 nam
712 3616 763 3670 in
789 3614 999 3688 synodo
1023 3614 1389 3670 Clovesltovia:
1414 3613 1645 3682 legitur;

98 3708 315 3763 l’icesimo
362 3719 548 3778 quarto
574 3710 831 3762 sancitum
859 3716 933 3761 est
965 3708 1212 3778 capitulo,
1242 3718 1298 3760 ut
1326 3708 1371 3760 si
1400 3707 1513 3778 quis
1551 3721 1650 3759 sa:-

90 3802 304 3855 cularium
330 3810 529 3854 sanctte
557 3800 895 3870 professionis
925 3799 1232 3870 famulatum
1254 3797 1426 3852 subire
1447 3797 1649 3850 deside-

92 3899 177 3957 rat,
201 3908 293 3945 non
336 3900 494 3944 antea
536 3899 765 3945 tonsurae
794 3890 1021 3943 habitum
1051 3891 1300 3960 suscipiat
1328 3906 1481 3961 quam
1510 3888 1650 3942 illius

92 3984 370 4038 conversatio
412 3994 462 4037 et
504 4000 705 4037 morum
751 3982 974 4052 qualitas
1023 3981 1305 4035 secundum
1352 3980 1651 4034 monastica:

93 4076 249 4144 regulae
276 4076 629 4146 deﬁnitionem
662 4075 988 4145 manifestius
1017 4073 1287 4143 probetur,
1324 4073 1479 4143 juxta
1518 4090 1647 4143 apo-

94 4166 289 4219 stolicum
320 4175 664 4236 prteceptum:
682 4164 905 4218 Probate
932 4164 1166 4234 spiritus,
1198 4163 1241 4216 si
1270 4178 1333 4215 ea:
1359 4160 1469 4215 Deo
1494 4171 1650 4228 sunt;

95 4259 173 4310 nisi
213 4260 380 4330 aliqua
430 4256 758 4311 rationabilis
788 4272 945 4309 causa
973 4263 1027 4308 ut
1058 4262 1177 4307 ante
1205 4253 1555 4323 suscipiantur
1595 4254 1653 4307 in

1817 3510 1871 3565 7.
1913 3509 2028 3563 Non
2076 3507 2253 3560 minus
2295 3504 2528 3558 validum
2578 3502 2915 3573 depromitur
2944 3511 3342 3570 argumentum,

1749 3616 1815 3655 ex
1854 3598 2244 3669 propagatione
2272 3595 2467 3662 regula:
2499 3593 2858 3648 Benedictinm
2889 3592 2940 3646 in
2972 3591 3257 3646 Germania
3288 3601 3349 3647 et

1748 3692 1938 3746 vicinis
1965 3689 2271 3756 regionibus
2314 3685 2853 3756 septentrionalibus,
2903 3693 3124 3738 auctore
3152 3683 3210 3738 S.
3242 3682 3349 3736 Bo-

1750 3781 1944 3836 nifacio
1993 3781 2221 3847 aliisque
2268 3777 2549 3831 monachis
2597 3793 2661 3830 es
2713 3775 2901 3843 Anglia
2955 3774 3230 3843 proiectis,
3279 3773 3347 3827 ad

1752 3872 1907 3926 Iidem
1938 3868 2296 3924 Christianam
2322 3865 2777 3919 disseminandam
2800 3882 2814 3917 :
2839 3864 2929 3933 qui
2958 3862 3207 3918 videlicet
3229 3862 3349 3931 plu-

1750 3964 1883 4017 rima
1914 3959 2158 4014 carnobia
2206 3956 2582 4021 condidi-runt,
2614 3956 2666 4008 in
2698 3955 2780 4009 his
2812 3953 3044 4008 maxime
3080 3952 3349 4008 FUMCHEO

1752 4052 2139 4108 moiiasterium
2171 4057 2282 4103 tota
2318 4046 2528 4115 Europa
2564 4045 2758 4100 nedum
2789 4044 3077 4098 Germania
3107 4043 3348 4098 celeber-

1752 4144 1969 4204 rirnum,
2023 4138 2111 4192 ubi
2156 4137 2290 4191 ritus
2337 4133 2714 4189 Benedictinos
2742 4132 2809 4187 ab
2838 4131 3064 4187 exordio
3113 4116 3383 4200 viguisse'

1753 4234 2019 4290 inlicia'tur
2044 4245 2222 4284 nemo.
2254 4226 2514 4281 Nimirum
2538 4240 2697 4294 quam
2728 4240 2757 4277 a
2785 4222 3080 4299 majoribus
3100 4223 3209 4277 suis
3238 4223 3351 4276 Au-

97 4350 509 4419 rongregationem
539 4350 635 4401 rite
680 4346 1008 4415 persuadeat.
1043 4343 1321 4411 Quaenam,
1351 4356 1502 4411 rogo,
1534 4356 1651 4396 me-

1760 4342 1821 4396 gu
1857 4334 1969 4379 tno
1998 4321 2222 4391 ejusque
2266 4317 2540 4373 sodalibus
2568 4315 2812 4384 Gregorii
2854 4313 3030 4383 Magni
3075 4314 3350 4383 discipulis

96 4408 464 4494 diaglegcmo
494 4408 714 4502 meum,
764 4453 872 4507 quo
899 4408 1334 4508 zesvtemporé
1361 4408 1646 4490 ροξιεῃίυη,
1757 4415 2094 4484 Romanique
2141 4409 2453 4466 monasterii
2486 4408 2724 4467 alumnis
2770 4414 3093 4476 acceperant
3123 4408 3174 4460 hi
3206 4408 3347 4460 sacri

98 4524 430 4584 Cloveshoviae
477 4529 810 4583 celebratum
857 4537 962 4596 est,
1014 4528 1197 4597 regula
1233 4526 1527 4580 monastica
1576 4525 1647 4579 ita

1760 4509 1901 4563 verbi
1948 4518 2244 4576 praacones,
2296 4500 2539 4555 eamdem
2570 4500 2622 4554 in
2666 4500 2863 4554 erectis
2894 4512 2923 4551 a
2971 4513 3029 4551 se
3072 4500 3351 4551 asceteriis

100 4617 289 4673 celebris
313 4628 451 4686 erat,
485 4628 543 4673 ut
567 4617 883 4688 simpliciter
913 4589 1169 4688 nulloque
1197 4617 1401 4683 addito,
1432 4615 1651 4671 nomine

1760 4602 1822 4655 ob
1852 4599 2143 4654 crvandam
2176 4595 2552 4660 tradiderunt,
2600 4601 2656 4646 et
2699 4592 2751 4646 in
2801 4590 2965 4660 ipsius
3001 4589 3257 4644 institutis
3282 4589 3352 4643 ad

99 4704 279 4778 Regula:
308 4711 622 4766 monasticae
650 4686 1043 4778 designaretur,
1071 4686 1266 4779 praeter
1289 4708 1346 4763 8.
1379 4707 1654 4763 Benedicti
1754 4692 2009 4747 alliuSSim
2038 4686 2310 4745 secundis
2339 4686 2404 4741 ad
2435 4692 2665 4779 "10':me
2713 4696 2884 4779 “suae
2912 4689 3347 4779 Ρθΐεθνθτείςυυξο

100 4771 300 4865 regulam
330 4802 382 4855 in
421 4800 576 4870 cujus
621 4816 741 4870 cap.
767 4771 858 4853 '58
902 4771 1096 4868 legitur
1141 4817 1153 4851 :
1188 4796 1406 4852 Noriter
1449 4798 1654 4851 veniens
1756 4783 1870 4838 Ηυο
1905 4779 2207 4837 revocanda
2237 4786 2508 4873 ειξηῑ-(Ιξξω
2537 4775 2721 4873 libro:
2747 4772 3000 4873 ἀξιῖῐξῖυδν
3031 4787 3151 4841 (⁵³1)·
3198 4771 3251 4836 ⁵ο
3284 4773 3353 4873 ‘le

99 4892 187 4957 quis
210 4892 274 4944 ad
298 4894 705 4954 conversionem,
739 4907 843 4944 non
871 4891 916 4943 ei
946 4889 1116 4961 facilis
1156 4889 1411 4941 tribuatur
1450 4888 1651 4958 ingres-

1760 4872 1815 4929 S.
1846 4870 2115 4926 Benedicti
2146 4868 2329 4936 regula
2357 4868 2407 4921 in
2424 4865 2668 4919 Romano
2688 4862 2745 4919 8.
2774 4862 2999 4917 Andreae
3020 4870 3281 4917 monaste;
3298 4862 3351 4916 io

98 4954 247 5049 usu
272 4982 463 5034 Joann.
499 4982 607 5049 tv),
653 4979 746 5034 sed
789 4981 919 5032 sicut
946 4954 1042 5033 'ait
1084 4978 1398 5049 Apostolus:
1426 4954 1653 5028 Probute
1757 4972 2032 5034 suscepta,
2060 4971 2114 5017 et
2141 4962 2207 5014 ab
2238 4959 2469 5028 ipsomet
2494 4954 2844 5049 S.Gregorio
2870 4960 3108 5049 servata.

98 5044 275 5137 spiritus
304 5074 436 5125 sica:
470 5044 767 5125 Deo'sunt?
810 5069 1010 5124 Deinde
1052 5044 1376 5139 praescriptis
1404 5067 1654 5120 omnibus
1832 5059 1884 5114 8.
1929 5056 2021 5110 llis
2070 5053 2368 5108 rationibus
2396 5050 2522 5104 victi
2553 5046 2883 5139 Bollandiani
2930 5044 3085 5139 socii.
3131 5051 3348 5139 οοηξηιῇ

100 5162 148 5214 ad
173 5164 534 5232 probationem
565 5172 620 5218 et
650 5163 1016 5233 receptionem
1048 5135 1397 5223 not'itiorutn,
1428 5158 1651 5226 subjun-

1760 5149 1897 5204 riam
1926 5147 2054 5200 olim
2083 5142 2254 5197 secuti
2297 5139 2641 5205 sententiam,
2692 5136 2906 5191 tandem
2946 5135 3090 5191 ultro
3118 5135 3352 5190 confessi

99 5226 332 5317 giturzEt
354 5256 468 5326 jam
497 5273 563 5309 ex
587 5255 680 5309 illa
718 5226 802 5307 die
837 5255 891 5308 in
935 5253 1331 5324 congregatione
1372 5259 1656 5320 reputatur.
1763 5246 1887 5295 διιοῑ
1929 5234 2304 5326 Βθιὶθάῖεῐίῐξοβ
2351 5232 2581 5326 "inanima
2626 5244 2739 5326 “im
2784 5226 3241 5326 υθνοξίωίίίταάίηξ
3274 5240 3352 5326 ’⁸ο

97 5315 249 5413 Neque
285 5315 500 5401 silentio
542 5315 1054 5417 prmtermittendurri
1096 5315 1310 5398 videtur
1349 5342 1400 5396 in
1429 5315 1659 5409 utroque
1762 5326 2129 5402 ρνορεηιοάιιηι
2168 5321 2422 5376 ευίίίεηίῖα
2470 5318 3095 5417 ῥυξιιειίηιξωξὶιιείιυθ
3137 5315 3351 5417 δξκξθιθε

96 5408 898 5506 contextuSJoanncm.praeter
917 5432 1657 5502 solitumvocariApostolum
1762 5424 1903 5478 inter
1947 5432 2075 5472 suos
2120 5427 2426 5506 numerarer
2456 5410 2672 5506 Ωυίξωε
2702 5410 2762 5506 -8ί
2807 5409 2990 5506 “dele

94 5524 392 5596 simpliciter,
424 5529 571 5599 quod
599 5499 897 5583 soli-Paulo
918 5543 984 5582 ex
1006 5542 1155 5582 more
1178 5499 1426 5580 tribuitur
1452 5542 1466 5591 ;
1513 5523 1656 5579 unde
1759 5513 2030 5572 laudatam
2078 5522 2239 5576 supra
2269 5503 2425 5559 Eddii
2454 5502 2877 5557 lucubrationem
2906 5501 2974 5558 de
3018 5500 3076 5556 S.
3113 5499 3347 5557 Wilfridi

153 5667 174 5695 ι
206 5659 348 5784 ﬂans
376 5658 837 5786 tslstorilﬂicujus
862 5658 1107 5715 meminit
1135 5656 1450 5713 Guilelmus
1480 5651 1820 5709 Malmesbur.
1858 5646 1953 5703 lib.
1980 5661 2018 5714 ι,
2049 5658 2098 5701 c.
2131 5641 2184 5710 ὅ,
2215 5638 2422 5710 primus
2449 5635 2621 5694 edidit
2646 5634 2881 5694 lacobus
2906 5633 3149 5693 Warmus
3176 5607 3345 5706 eques

154 5740 286 5786 ratus
354 5748 386 5786 u
448 5746 521 5784 Im
692 5767 706 5782 .

98 5740 286 5787 auratus
310 5740 521 5787 Dubltnt
556 5740 706 5783 H503.
