  <div class='ocr_page' id='page_1' title='image "/cluster/home/n/w/nwhite01/storage/ocr_20150623/75/uva.x000827087/201.png"; bbox 0 0 3976 6312; ppageno 0'>
   <div class='ocr_carea' id='block_1_1' title="bbox 674 275 776 332">
    <p class='ocr_par' dir='ltr' id='par_1_1' title="bbox 674 275 776 332">
     <span class='ocr_line' id='line_1_1' title="bbox 674 275 776 332; baseline 0 -1"><span class='ocrx_word' id='word_1_1' title='bbox 674 275 776 332; x_wconf 75' lang='lat'><strong>58&#39;!</strong></span> 
     </span>
    </p>
   </div>
   <div class='ocr_carea' id='block_1_2' title="bbox 1164 265 3935 335">
    <p class='ocr_par' dir='ltr' id='par_1_2' title="bbox 1164 265 3935 335">
     <span class='ocr_line' id='line_1_2' title="bbox 1164 265 3935 335; baseline 0 -6"><span class='ocrx_word' id='word_1_2' title='bbox 1164 273 1226 330; x_wconf 87' lang='lat' dir='ltr'><strong>S.</strong></span> <span class='ocrx_word' id='word_1_3' title='bbox 1264 271 1587 328; x_wconf 75' lang='lat' dir='ltr'><strong>GREGORII</strong></span> <span class='ocrx_word' id='word_1_4' title='bbox 1628 267 1841 325; x_wconf 64' lang='lat' dir='ltr'><strong>MAGNI</strong></span> <span class='ocrx_word' id='word_1_5' title='bbox 1882 269 2062 335; x_wconf 69' lang='lat' dir='ltr'><strong>VITA,</strong></span> <span class='ocrx_word' id='word_1_6' title='bbox 2110 271 2200 325; x_wconf 76' lang='lat' dir='ltr'><strong>EX</strong></span> <span class='ocrx_word' id='word_1_7' title='bbox 2243 266 2410 324; x_wconf 84' lang='lat' dir='ltr'><strong>EJUS</strong></span> <span class='ocrx_word' id='word_1_8' title='bbox 2450 265 2757 326; x_wconf 62' lang='lat' dir='ltr'><strong>SC’RIPTIS</strong></span> <span class='ocrx_word' id='word_1_9' title='bbox 2800 268 3189 325; x_wconf 71' lang='lat' dir='ltr'><strong>ADORNATA.</strong></span> <span class='ocrx_word' id='word_1_10' title='bbox 3223 270 3349 326; x_wconf 86' lang='lat' dir='ltr'><strong>LIB.</strong></span> <span class='ocrx_word' id='word_1_11' title='bbox 3394 270 3478 326; x_wconf 90' lang='lat' dir='ltr'><strong>lll.</strong></span> <span class='ocrx_word' id='word_1_12' title='bbox 3852 276 3935 332; x_wconf 48' lang='grc' dir='ltr'><strong>δη</strong></span> 
     </span>
    </p>
   </div>
   <div class='ocr_carea' id='block_1_3' title="bbox 672 379 3937 465">
    <p class='ocr_par' dir='ltr' id='par_1_3' title="bbox 672 379 3937 465">
     <span class='ocr_line' id='line_1_3' title="bbox 672 379 3937 465; baseline -0.006 -15"><span class='ocrx_word' id='word_1_13' title='bbox 672 395 782 450; x_wconf 81' lang='lat' dir='ltr'><strong>vita</strong></span> <span class='ocrx_word' id='word_1_14' title='bbox 827 391 1105 465; x_wconf 78' lang='lat' dir='ltr'><strong>(nondum</strong></span> <span class='ocrx_word' id='word_1_15' title='bbox 1151 392 1292 448; x_wconf 86' lang='lat' dir='ltr'><strong>enim</strong></span> <span class='ocrx_word' id='word_1_16' title='bbox 1339 404 1459 444; x_wconf 88' lang='lat' dir='ltr'><strong>eam</strong></span> <span class='ocrx_word' id='word_1_17' title='bbox 1505 402 1537 443; x_wconf 91' lang='lat' dir='ltr'><strong>e</strong></span> <span class='ocrx_word' id='word_1_18' title='bbox 1574 385 1809 443; x_wconf 78' lang='lat' dir='ltr'><strong>tenebris</strong></span> <span class='ocrx_word' id='word_1_19' title='bbox 1835 392 2050 439; x_wconf 86' lang='lat' dir='ltr'><strong>eruerat</strong></span> <span class='ocrx_word' id='word_1_20' title='bbox 2076 396 2258 439; x_wconf 83' lang='lat' dir='ltr'><strong>noster</strong></span> <span class='ocrx_word' id='word_1_21' title='bbox 2286 391 2330 444; x_wconf 81' lang='grc' dir='ltr'><strong>Α</strong></span> <span class='ocrx_word' id='word_1_22' title='bbox 2360 379 2651 450; x_wconf 77' lang='lat' dir='ltr'><strong>Gregorius</strong></span> <span class='ocrx_word' id='word_1_23' title='bbox 2692 382 2895 436; x_wconf 89' lang='lat' dir='ltr'><strong>amicos</strong></span> <span class='ocrx_word' id='word_1_24' title='bbox 2923 396 3050 436; x_wconf 85' lang='lat' dir='ltr'><strong>suos</strong></span> <span class='ocrx_word' id='word_1_25' title='bbox 3077 381 3143 435; x_wconf 86' lang='lat' dir='ltr'><strong>ad</strong></span> <span class='ocrx_word' id='word_1_26' title='bbox 3173 383 3374 449; x_wconf 85' lang='lat' dir='ltr'><strong>gratias</strong></span> <span class='ocrx_word' id='word_1_27' title='bbox 3403 382 3514 437; x_wconf 79' lang='lat' dir='ltr'><strong>Deo</strong></span> <span class='ocrx_word' id='word_1_28' title='bbox 3544 397 3647 451; x_wconf 89' lang='lat' dir='ltr'><strong>pro</strong></span> <span class='ocrx_word' id='word_1_29' title='bbox 3678 389 3831 440; x_wconf 87' lang='lat' dir='ltr'><strong>tanto</strong></span> <span class='ocrx_word' id='word_1_30' title='bbox 3854 386 3937 443; x_wconf 73' lang='lat' dir='ltr'><strong>be-</strong></span> 
     </span>
    </p>
   </div>
   <div class='ocr_carea' id='block_1_4' title="bbox 677 476 2258 549">
    <p class='ocr_par' dir='ltr' id='par_1_4' title="bbox 677 476 2258 549">
     <span class='ocr_line' id='line_1_4' title="bbox 677 476 2258 549; baseline -0.006 -10"><span class='ocrx_word' id='word_1_31' title='bbox 677 485 1033 549; x_wconf 82' lang='lat' dir='ltr'><strong>biabitlonius,</strong></span> <span class='ocrx_word' id='word_1_32' title='bbox 1066 496 1187 537; x_wconf 86' lang='lat' dir='ltr'><strong>cum</strong></span> <span class='ocrx_word' id='word_1_33' title='bbox 1218 484 1330 536; x_wconf 61' lang='lat' dir='ltr'><strong>haec</strong></span> <span class='ocrx_word' id='word_1_34' title='bbox 1359 480 1502 534; x_wconf 89' lang='lat' dir='ltr'><strong>docti</strong></span> <span class='ocrx_word' id='word_1_35' title='bbox 1533 479 1631 532; x_wconf 75' lang='lat' dir='ltr'><strong>viri</strong></span> <span class='ocrx_word' id='word_1_36' title='bbox 1662 476 2021 546; x_wconf 83' lang='lat' dir='ltr'><strong>scriberent),</strong></span> <span class='ocrx_word' id='word_1_37' title='bbox 2046 484 2258 530; x_wconf 90' lang='lat' dir='ltr'><strong>remota</strong></span> 
     </span>
    </p>
   </div>
   <div class='ocr_carea' id='block_1_5' title="bbox 676 568 2261 636">
    <p class='ocr_par' dir='ltr' id='par_1_5' title="bbox 676 568 2261 636">
     <span class='ocr_line' id='line_1_5' title="bbox 676 568 2261 636; baseline -0.008 -5"><span class='ocrx_word' id='word_1_38' title='bbox 676 578 823 631; x_wconf 84' lang='lat' dir='ltr'><strong>omni</strong></span> <span class='ocrx_word' id='word_1_39' title='bbox 850 575 1182 631; x_wconf 73' lang='lat' dir='ltr'><strong>dubitatione</strong></span> <span class='ocrx_word' id='word_1_40' title='bbox 1229 588 1294 626; x_wconf 90' lang='lat' dir='ltr'><strong>ac</strong></span> <span class='ocrx_word' id='word_1_41' title='bbox 1333 571 1681 625; x_wconf 73' lang='lat' dir='ltr'><strong>ﬂuctuatione</strong></span> <span class='ocrx_word' id='word_1_42' title='bbox 1708 610 1723 631; x_wconf 95' lang='lat'><strong>,</strong></span> <span class='ocrx_word' id='word_1_43' title='bbox 1774 568 1831 622; x_wconf 88' lang='lat' dir='ltr'><strong>S.</strong></span> <span class='ocrx_word' id='word_1_44' title='bbox 1883 568 2261 636; x_wconf 78' lang='lat' dir='ltr'><strong>Augustinum,</strong></span> 
     </span>
    </p>
   </div>
   <div class='ocr_carea' id='block_1_6' title="bbox 676 656 2261 734">
    <p class='ocr_par' dir='ltr' id='par_1_6' title="bbox 676 656 2261 734">
     <span class='ocr_line' id='line_1_6' title="bbox 676 656 2261 734; baseline -0.008 -13"><span class='ocrx_word' id='word_1_45' title='bbox 676 666 966 734; x_wconf 60' lang='lat' dir='ltr'><strong>Angloru&#39;n</strong></span> <span class='ocrx_word' id='word_1_46' title='bbox 997 663 1302 732; x_wconf 78' lang='lat' dir='ltr'><strong>apostolum</strong></span> <span class='ocrx_word' id='word_1_47' title='bbox 1332 660 1557 729; x_wconf 70' lang='lat' dir='ltr'><strong>ejusque</strong></span> <span class='ocrx_word' id='word_1_48' title='bbox 1586 660 1764 713; x_wconf 84' lang='lat' dir='ltr'><strong>socios</strong></span> <span class='ocrx_word' id='word_1_49' title='bbox 1793 657 2151 712; x_wconf 77' lang='lat' dir='ltr'><strong>Benedictina:</strong></span> <span class='ocrx_word' id='word_1_50' title='bbox 2178 656 2261 710; x_wconf 80' lang='lat' dir='ltr'><strong>fa-</strong></span> 
     </span>
    </p>
   </div>
   <div class='ocr_carea' id='block_1_7' title="bbox 674 754 1277 822">
    <p class='ocr_par' dir='ltr' id='par_1_7' title="bbox 674 754 1277 822">
     <span class='ocr_line' id='line_1_7' title="bbox 674 754 1277 822; baseline -0.012 -13"><span class='ocrx_word' id='word_1_51' title='bbox 674 756 833 809; x_wconf 74' lang='lat' dir='ltr'><strong>miliae</strong></span> <span class='ocrx_word' id='word_1_52' title='bbox 862 754 1277 822; x_wconf 86' lang='lat' dir='ltr'><strong>adjudieassent.</strong></span> 
     </span>
    </p>
   </div>
   <div class='ocr_carea' id='block_1_8' title="bbox 742 837 2264 906">
    <p class='ocr_par' dir='ltr' id='par_1_8' title="bbox 742 837 2264 906">
     <span class='ocr_line' id='line_1_8' title="bbox 742 837 2264 906; baseline -0.005 -7"><span class='ocrx_word' id='word_1_53' title='bbox 742 845 795 899; x_wconf 89' lang='lat'><strong>9.</strong></span> <span class='ocrx_word' id='word_1_54' title='bbox 837 844 1006 897; x_wconf 83' lang='lat' dir='ltr'><strong>Aliter</strong></span> <span class='ocrx_word' id='word_1_55' title='bbox 1033 857 1163 896; x_wconf 82' lang='lat' dir='ltr'><strong>sane</strong></span> <span class='ocrx_word' id='word_1_56' title='bbox 1196 841 1362 896; x_wconf 86' lang='lat' dir='ltr'><strong>sentit</strong></span> <span class='ocrx_word' id='word_1_57' title='bbox 1389 840 1625 895; x_wconf 67' lang='lat' dir='ltr'><strong>Joannes</strong></span> <span class='ocrx_word' id='word_1_58' title='bbox 1655 838 2024 892; x_wconf 81' lang='lat' dir='ltr'><strong>Maresbamus</strong></span> <span class='ocrx_word' id='word_1_59' title='bbox 2054 837 2104 892; x_wconf 87' lang='lat' dir='ltr'><strong>in</strong></span> <span class='ocrx_word' id='word_1_60' title='bbox 2137 851 2264 906; x_wconf 85' lang='lat' dir='ltr'><strong>pro—</strong></span> 
     </span>
    </p>
   </div>
   <div class='ocr_carea' id='block_1_9' title="bbox 670 930 2261 1007">
    <p class='ocr_par' dir='ltr' id='par_1_9' title="bbox 670 930 2261 1007">
     <span class='ocr_line' id='line_1_9' title="bbox 670 930 2261 1007; baseline 0 -20"><span class='ocrx_word' id='word_1_61' title='bbox 670 935 844 1007; x_wconf 75' lang='lat' dir='ltr'><strong>pylzco</strong></span> <span class='ocrx_word' id='word_1_62' title='bbox 870 935 937 989; x_wconf 88' lang='lat' dir='ltr'><strong>ad</strong></span> <span class='ocrx_word' id='word_1_63' title='bbox 956 933 1320 988; x_wconf 70' lang='lat' dir='ltr'><strong>Menasticum</strong></span> <span class='ocrx_word' id='word_1_64' title='bbox 1350 934 1701 1000; x_wconf 79' lang='lat' dir='ltr'><strong>Anglicanam</strong></span> <span class='ocrx_word' id='word_1_65' title='bbox 1727 949 1739 993; x_wconf 85' lang='lat'><strong>;</strong></span> <span class='ocrx_word' id='word_1_66' title='bbox 1772 932 1884 1000; x_wconf 88' lang='lat' dir='ltr'><strong>qui,</strong></span> <span class='ocrx_word' id='word_1_67' title='bbox 1932 931 2058 987; x_wconf 82' lang='lat' dir='ltr'><strong>hcet</strong></span> <span class='ocrx_word' id='word_1_68' title='bbox 2088 930 2261 987; x_wconf 83' lang='lat' dir='ltr'><strong>fatea-</strong></span> 
     </span>
    </p>
   </div>
   <div class='ocr_carea' id='block_1_10' title="bbox 673 1019 2259 1093">
    <p class='ocr_par' dir='ltr' id='par_1_10' title="bbox 673 1019 2259 1093">
     <span class='ocr_line' id='line_1_10' title="bbox 673 1019 2259 1093; baseline -0.003 -15"><span class='ocrx_word' id='word_1_69' title='bbox 673 1035 758 1079; x_wconf 90' lang='lat' dir='ltr'><strong>tur</strong></span> <span class='ocrx_word' id='word_1_70' title='bbox 801 1025 1088 1080; x_wconf 79' lang='lat' dir='ltr'><strong>maximam</strong></span> <span class='ocrx_word' id='word_1_71' title='bbox 1134 1025 1273 1093; x_wconf 84' lang='lat' dir='ltr'><strong>apud</strong></span> <span class='ocrx_word' id='word_1_72' title='bbox 1324 1024 1525 1093; x_wconf 85' lang='lat' dir='ltr'><strong>Anglos</strong></span> <span class='ocrx_word' id='word_1_73' title='bbox 1573 1022 1700 1078; x_wconf 91' lang='lat' dir='ltr'><strong>olim</strong></span> <span class='ocrx_word' id='word_1_74' title='bbox 1744 1019 1912 1077; x_wconf 83' lang='lat' dir='ltr'><strong>fuisse</strong></span> <span class='ocrx_word' id='word_1_75' title='bbox 1958 1021 2154 1089; x_wconf 74' lang='lat' dir='ltr'><strong>regula:</strong></span> <span class='ocrx_word' id='word_1_76' title='bbox 2201 1020 2259 1075; x_wconf 88' lang='lat' dir='ltr'><strong>S.</strong></span> 
     </span>
    </p>
   </div>
   <div class='ocr_carea' id='block_1_11' title="bbox 671 1110 2263 1174">
    <p class='ocr_par' dir='ltr' id='par_1_11' title="bbox 671 1110 2263 1174">
     <span class='ocr_line' id='line_1_11' title="bbox 671 1110 2263 1174; baseline -0.001 -7"><span class='ocrx_word' id='word_1_77' title='bbox 671 1113 947 1169; x_wconf 74' lang='lat' dir='ltr'><strong>Benedicti</strong></span> <span class='ocrx_word' id='word_1_78' title='bbox 978 1114 1357 1174; x_wconf 82' lang='lat' dir='ltr'><strong>reverentiam,</strong></span> <span class='ocrx_word' id='word_1_79' title='bbox 1391 1112 1634 1166; x_wconf 83' lang='lat' dir='ltr'><strong>eamdem</strong></span> <span class='ocrx_word' id='word_1_80' title='bbox 1667 1120 1845 1165; x_wconf 90' lang='lat' dir='ltr'><strong>tamen</strong></span> <span class='ocrx_word' id='word_1_81' title='bbox 1876 1110 1945 1165; x_wconf 89' lang='lat' dir='ltr'><strong>ab</strong></span> <span class='ocrx_word' id='word_1_82' title='bbox 1974 1125 2119 1165; x_wconf 86' lang='lat' dir='ltr'><strong>anno</strong></span> <span class='ocrx_word' id='word_1_83' title='bbox 2145 1118 2263 1165; x_wconf 89' lang='lat' dir='ltr'><strong>tan-</strong></span> 
     </span>
    </p>
   </div>
   <div class='ocr_carea' id='block_1_12' title="bbox 670 1201 2262 1271">
    <p class='ocr_par' dir='ltr' id='par_1_12' title="bbox 670 1201 2262 1271">
     <span class='ocr_line' id='line_1_12' title="bbox 670 1201 2262 1271; baseline -0.004 -12"><span class='ocrx_word' id='word_1_84' title='bbox 670 1214 784 1260; x_wconf 88' lang='lat' dir='ltr'><strong>tum</strong></span> <span class='ocrx_word' id='word_1_85' title='bbox 824 1202 932 1259; x_wconf 75' lang='lat'><strong>965</strong></span> <span class='ocrx_word' id='word_1_86' title='bbox 978 1205 1032 1258; x_wconf 82' lang='lat' dir='ltr'><strong>in</strong></span> <span class='ocrx_word' id='word_1_87' title='bbox 1079 1203 1385 1271; x_wconf 74' lang='lat' dir='ltr'><strong>Anglicanis</strong></span> <span class='ocrx_word' id='word_1_88' title='bbox 1431 1201 1778 1257; x_wconf 84' lang='lat' dir='ltr'><strong>monasteriis</strong></span> <span class='ocrx_word' id='word_1_89' title='bbox 1825 1208 2099 1270; x_wconf 80' lang='lat' dir='ltr'><strong>receptam</strong></span> <span class='ocrx_word' id='word_1_90' title='bbox 2144 1215 2262 1254; x_wconf 89' lang='lat' dir='ltr'><strong>esse</strong></span> 
     </span>
    </p>
   </div>
   <div class='ocr_carea' id='block_1_13' title="bbox 671 1289 2262 1364">
    <p class='ocr_par' dir='ltr' id='par_1_13' title="bbox 671 1289 2262 1364">
     <span class='ocr_line' id='line_1_13' title="bbox 671 1289 2262 1364; baseline -0.004 -14"><span class='ocrx_word' id='word_1_91' title='bbox 671 1296 947 1351; x_wconf 68' lang='lat' dir='ltr'><strong>contendit</strong></span> <span class='ocrx_word' id='word_1_92' title='bbox 978 1336 995 1360; x_wconf 93' lang='lat'><strong>,</strong></span> <span class='ocrx_word' id='word_1_93' title='bbox 1047 1294 1117 1349; x_wconf 88' lang='lat' dir='ltr'><strong>ob</strong></span> <span class='ocrx_word' id='word_1_94' title='bbox 1163 1293 1352 1364; x_wconf 87' lang='lat' dir='ltr'><strong>synodi</strong></span> <span class='ocrx_word' id='word_1_95' title='bbox 1416 1292 1782 1348; x_wconf 77' lang='lat' dir='ltr'><strong>Cloveshoviaa</strong></span> <span class='ocrx_word' id='word_1_96' title='bbox 1832 1306 1896 1345; x_wconf 88' lang='lat' dir='ltr'><strong>ac</strong></span> <span class='ocrx_word' id='word_1_97' title='bbox 1940 1289 2262 1345; x_wconf 77' lang='lat' dir='ltr'><strong>venerabilis</strong></span> 
     </span>
    </p>
   </div>
   <div class='ocr_carea' id='block_1_14' title="bbox 672 1383 2262 1454">
    <p class='ocr_par' dir='ltr' id='par_1_14' title="bbox 672 1383 2262 1454">
     <span class='ocr_line' id='line_1_14' title="bbox 672 1383 2262 1454; baseline -0.001 -16"><span class='ocrx_word' id='word_1_98' title='bbox 672 1386 826 1442; x_wconf 66' lang='lat' dir='ltr'><strong>Bella:</strong></span> <span class='ocrx_word' id='word_1_99' title='bbox 855 1388 953 1442; x_wconf 88' lang='lat' dir='ltr'><strong>hac</strong></span> <span class='ocrx_word' id='word_1_100' title='bbox 995 1386 1061 1441; x_wconf 84' lang='lat' dir='ltr'><strong>de</strong></span> <span class='ocrx_word' id='word_1_101' title='bbox 1105 1386 1291 1454; x_wconf 84' lang='lat' dir='ltr'><strong>regula</strong></span> <span class='ocrx_word' id='word_1_102' title='bbox 1320 1385 1610 1439; x_wconf 89' lang='lat' dir='ltr'><strong>silentium.</strong></span> <span class='ocrx_word' id='word_1_103' title='bbox 1647 1383 1843 1438; x_wconf 79' lang='lat' dir='ltr'><strong>Verum</strong></span> <span class='ocrx_word' id='word_1_104' title='bbox 1870 1383 2121 1451; x_wconf 75' lang='lat' dir='ltr'><strong>negantia</strong></span> <span class='ocrx_word' id='word_1_105' title='bbox 2146 1383 2262 1437; x_wconf 58' lang='lat' dir='ltr'><strong>hac</strong></span> 
     </span>
    </p>
   </div>
   <div class='ocr_carea' id='block_1_15' title="bbox 646 1473 2259 1547">
    <p class='ocr_par' dir='ltr' id='par_1_15' title="bbox 646 1473 2259 1547">
     <span class='ocr_line' id='line_1_15' title="bbox 646 1473 2259 1547; baseline -0.002 -16"><span class='ocrx_word' id='word_1_106' title='bbox 646 1518 647 1521; x_wconf 58' lang='grc' dir='ltr'><strong>η</strong></span> <span class='ocrx_word' id='word_1_107' title='bbox 671 1488 985 1547; x_wconf 82' lang='lat' dir='ltr'><strong>argumenta</strong></span> <span class='ocrx_word' id='word_1_108' title='bbox 1009 1477 1120 1545; x_wconf 89' lang='lat' dir='ltr'><strong>jam</strong></span> <span class='ocrx_word' id='word_1_109' title='bbox 1148 1475 1478 1530; x_wconf 70' lang='lat' dir='ltr'><strong>sufﬁcienter</strong></span> <span class='ocrx_word' id='word_1_110' title='bbox 1505 1474 1775 1539; x_wconf 81' lang='lat' dir='ltr'><strong>diluimus,</strong></span> <span class='ocrx_word' id='word_1_111' title='bbox 1801 1473 2025 1542; x_wconf 89' lang='lat' dir='ltr'><strong>prolatis</strong></span> <span class='ocrx_word' id='word_1_112' title='bbox 2055 1482 2167 1527; x_wconf 90' lang='lat' dir='ltr'><strong>tum</strong></span> <span class='ocrx_word' id='word_1_113' title='bbox 2195 1490 2259 1528; x_wconf 80' lang='lat' dir='ltr'><strong>ex</strong></span> 
     </span>
    </p>
   </div>
   <div class='ocr_carea' id='block_1_16' title="bbox 669 1564 2261 1638">
    <p class='ocr_par' dir='ltr' id='par_1_16' title="bbox 669 1564 2261 1638">
     <span class='ocr_line' id='line_1_16' title="bbox 669 1564 2261 1638; baseline -0.003 -16"><span class='ocrx_word' id='word_1_114' title='bbox 669 1570 880 1624; x_wconf 84' lang='lat' dir='ltr'><strong>laudata</strong></span> <span class='ocrx_word' id='word_1_115' title='bbox 911 1567 1151 1638; x_wconf 84' lang='lat' dir='ltr'><strong>synodo,</strong></span> <span class='ocrx_word' id='word_1_116' title='bbox 1182 1575 1295 1620; x_wconf 87' lang='lat' dir='ltr'><strong>tum</strong></span> <span class='ocrx_word' id='word_1_117' title='bbox 1324 1581 1391 1619; x_wconf 78' lang='lat' dir='ltr'><strong>ex</strong></span> <span class='ocrx_word' id='word_1_118' title='bbox 1422 1565 1712 1619; x_wconf 82' lang='lat' dir='ltr'><strong>venerabili</strong></span> <span class='ocrx_word' id='word_1_119' title='bbox 1739 1565 2002 1633; x_wconf 85' lang='lat' dir='ltr'><strong>scriptore</strong></span> <span class='ocrx_word' id='word_1_120' title='bbox 2026 1579 2132 1619; x_wconf 84' lang='lat' dir='ltr'><strong>non</strong></span> <span class='ocrx_word' id='word_1_121' title='bbox 2163 1564 2261 1618; x_wconf 85' lang='lat' dir='ltr'><strong>du-</strong></span> 
     </span>
    </p>
   </div>
   <div class='ocr_carea' id='block_1_17' title="bbox 665 1657 2260 1727">
    <p class='ocr_par' dir='ltr' id='par_1_17' title="bbox 665 1657 2260 1727">
     <span class='ocr_line' id='line_1_17' title="bbox 665 1657 2260 1727; baseline -0.002 -13"><span class='ocrx_word' id='word_1_122' title='bbox 665 1661 769 1716; x_wconf 90' lang='lat' dir='ltr'><strong>biis</strong></span> <span class='ocrx_word' id='word_1_123' title='bbox 795 1662 864 1719; x_wconf 89' lang='lat' dir='ltr'><strong>de</strong></span> <span class='ocrx_word' id='word_1_124' title='bbox 910 1658 1255 1715; x_wconf 87' lang='lat' dir='ltr'><strong>Benedictina</strong></span> <span class='ocrx_word' id='word_1_125' title='bbox 1284 1658 1467 1727; x_wconf 86' lang='lat' dir='ltr'><strong>regula</strong></span> <span class='ocrx_word' id='word_1_126' title='bbox 1499 1657 1839 1713; x_wconf 83' lang='lat' dir='ltr'><strong>testimoniis.</strong></span> <span class='ocrx_word' id='word_1_127' title='bbox 1875 1657 2105 1712; x_wconf 81' lang='lat' dir='ltr'><strong>Aliunde</strong></span> <span class='ocrx_word' id='word_1_128' title='bbox 2133 1672 2260 1711; x_wconf 88' lang='lat' dir='ltr'><strong>vero</strong></span> 
     </span>
    </p>
   </div>
   <div class='ocr_carea' id='block_1_18' title="bbox 2368 471 3938 540">
    <p class='ocr_par' dir='ltr' id='par_1_18' title="bbox 2368 471 3938 540">
     <span class='ocr_line' id='line_1_18' title="bbox 2368 471 3938 540; baseline 0.003 -14"><span class='ocrx_word' id='word_1_129' title='bbox 2368 472 2559 527; x_wconf 86' lang='lat' dir='ltr'><strong>nelieio</strong></span> <span class='ocrx_word' id='word_1_130' title='bbox 2594 471 2827 539; x_wconf 82' lang='lat' dir='ltr'><strong>agendas</strong></span> <span class='ocrx_word' id='word_1_131' title='bbox 2871 472 3063 527; x_wconf 85' lang='lat' dir='ltr'><strong>litteris</strong></span> <span class='ocrx_word' id='word_1_132' title='bbox 3091 472 3201 526; x_wconf 87' lang='lat' dir='ltr'><strong>suis</strong></span> <span class='ocrx_word' id='word_1_133' title='bbox 3227 473 3559 540; x_wconf 82' lang='lat' dir='ltr'><strong>provocavit.</strong></span> <span class='ocrx_word' id='word_1_134' title='bbox 3595 472 3679 525; x_wconf 88' lang='lat' dir='ltr'><strong>Ad</strong></span> <span class='ocrx_word' id='word_1_135' title='bbox 3713 472 3771 527; x_wconf 86' lang='lat' dir='ltr'><strong>S.</strong></span> <span class='ocrx_word' id='word_1_136' title='bbox 3802 474 3938 531; x_wconf 62' lang='lat' dir='ltr'><strong>Euloo</strong></span> 
     </span>
    </p>
   </div>
   <div class='ocr_carea' id='block_1_19' title="bbox 2336 561 3936 634">
    <p class='ocr_par' dir='ltr' id='par_1_19' title="bbox 2336 561 3936 634">
     <span class='ocr_line' id='line_1_19' title="bbox 2336 561 3936 634; baseline 0.003 -18"><span class='ocrx_word' id='word_1_137' title='bbox 2336 564 2529 632; x_wconf 15' lang='lat' dir='ltr'><strong>igium,</strong></span> <span class='ocrx_word' id='word_1_138' title='bbox 2582 579 2611 618; x_wconf 91' lang='lat' dir='ltr'><strong>a</strong></span> <span class='ocrx_word' id='word_1_139' title='bbox 2650 578 2757 634; x_wconf 90' lang='lat' dir='ltr'><strong>quo</strong></span> <span class='ocrx_word' id='word_1_140' title='bbox 2786 579 2959 633; x_wconf 87' lang='lat' dir='ltr'><strong>nuper</strong></span> <span class='ocrx_word' id='word_1_141' title='bbox 2987 563 3165 617; x_wconf 68' lang='lat' dir='ltr'><strong>laetum</strong></span> <span class='ocrx_word' id='word_1_142' title='bbox 3197 561 3266 616; x_wconf 88' lang='lat' dir='ltr'><strong>de</strong></span> <span class='ocrx_word' id='word_1_143' title='bbox 3298 563 3676 617; x_wconf 77' lang='lat' dir='ltr'><strong>iizcreticorum</strong></span> <span class='ocrx_word' id='word_1_144' title='bbox 3732 579 3936 622; x_wconf 87' lang='lat' dir='ltr'><strong>convcr-</strong></span> 
     </span>
    </p>
   </div>
   <div class='ocr_carea' id='block_1_20' title="bbox 2365 653 3937 719">
    <p class='ocr_par' dir='ltr' id='par_1_20' title="bbox 2365 653 3937 719">
     <span class='ocr_line' id='line_1_20' title="bbox 2365 653 3937 719; baseline 0.002 -12"><span class='ocrx_word' id='word_1_145' title='bbox 2365 654 2515 708; x_wconf 79' lang='lat' dir='ltr'><strong>siune</strong></span> <span class='ocrx_word' id='word_1_146' title='bbox 2539 694 2552 719; x_wconf 94' lang='lat'><strong>,</strong></span> <span class='ocrx_word' id='word_1_147' title='bbox 2600 662 2655 707; x_wconf 91' lang='lat' dir='ltr'><strong>et</strong></span> <span class='ocrx_word' id='word_1_148' title='bbox 2682 654 2749 707; x_wconf 91' lang='lat' dir='ltr'><strong>de</strong></span> <span class='ocrx_word' id='word_1_149' title='bbox 2777 653 3165 708; x_wconf 87' lang='lat' dir='ltr'><strong>catholicorum</strong></span> <span class='ocrx_word' id='word_1_150' title='bbox 3195 653 3482 707; x_wconf 65' lang='lat' dir='ltr'><strong>concordia</strong></span> <span class='ocrx_word' id='word_1_151' title='bbox 3513 653 3766 706; x_wconf 87' lang='lat' dir='ltr'><strong>nuntium</strong></span> <span class='ocrx_word' id='word_1_152' title='bbox 3804 669 3937 710; x_wconf 82' lang='lat' dir='ltr'><strong>acce-</strong></span> 
     </span>
    </p>
   </div>
   <div class='ocr_carea' id='block_1_21' title="bbox 2365 741 3937 816">
    <p class='ocr_par' dir='ltr' id='par_1_21' title="bbox 2365 741 3937 816">
     <span class='ocr_line' id='line_1_21' title="bbox 2365 741 3937 816; baseline 0.003 -18"><span class='ocrx_word' id='word_1_153' title='bbox 2365 753 2535 814; x_wconf 86' lang='lat' dir='ltr'><strong>perat,</strong></span> <span class='ocrx_word' id='word_1_154' title='bbox 2587 744 2659 798; x_wconf 92' lang='lat' dir='ltr'><strong>ita</strong></span> <span class='ocrx_word' id='word_1_155' title='bbox 2688 744 2874 798; x_wconf 86' lang='lat' dir='ltr'><strong>scribit</strong></span> <span class='ocrx_word' id='word_1_156' title='bbox 2900 763 2911 795; x_wconf 89' lang='lat'><strong>:</strong></span> <span class='ocrx_word' id='word_1_157' title='bbox 2943 741 3203 807; x_wconf 76' lang='lat' dir='ltr'><strong>Quoniam</strong></span> <span class='ocrx_word' id='word_1_158' title='bbox 3231 760 3348 797; x_wconf 83' lang='lat' dir='ltr'><strong>vere</strong></span> <span class='ocrx_word' id='word_1_159' title='bbox 3373 744 3427 796; x_wconf 79' lang='lat' dir='ltr'><strong>in</strong></span> <span class='ocrx_word' id='word_1_160' title='bbox 3459 742 3607 797; x_wconf 76' lang='lat' dir='ltr'><strong>bonis</strong></span> <span class='ocrx_word' id='word_1_161' title='bbox 3648 759 3767 813; x_wconf 72' lang='lat' dir='ltr'><strong>qua</strong></span> <span class='ocrx_word' id='word_1_162' title='bbox 3810 748 3937 816; x_wconf 79' lang='lat' dir='ltr'><strong>agitis</strong></span> 
     </span>
    </p>
   </div>
   <div class='ocr_carea' id='block_1_22' title="bbox 2365 833 3940 906">
    <p class='ocr_par' dir='ltr' id='par_1_22' title="bbox 2365 833 3940 906">
     <span class='ocr_line' id='line_1_22' title="bbox 2365 833 3940 906; baseline 0.001 -17"><span class='ocrx_word' id='word_1_163' title='bbox 2365 836 2473 890; x_wconf 88' lang='lat' dir='ltr'><strong>scio</strong></span> <span class='ocrx_word' id='word_1_164' title='bbox 2499 835 2633 906; x_wconf 89' lang='lat' dir='ltr'><strong>quod</strong></span> <span class='ocrx_word' id='word_1_165' title='bbox 2662 846 2711 888; x_wconf 86' lang='lat' dir='ltr'><strong>et</strong></span> <span class='ocrx_word' id='word_1_166' title='bbox 2739 837 2856 889; x_wconf 86' lang='lat' dir='ltr'><strong>aliis</strong></span> <span class='ocrx_word' id='word_1_167' title='bbox 2887 836 3242 905; x_wconf 81' lang='lat' dir='ltr'><strong>cangaudctis,</strong></span> <span class='ocrx_word' id='word_1_168' title='bbox 3272 843 3451 888; x_wconf 67' lang='lat' dir='ltr'><strong>vestra</strong></span> <span class='ocrx_word' id='word_1_169' title='bbox 3482 833 3626 888; x_wconf 64' lang='lat' dir='ltr'><strong>vobis</strong></span> <span class='ocrx_word' id='word_1_170' title='bbox 3666 837 3846 904; x_wconf 75' lang='lat' dir='ltr'><strong>gratias</strong></span> <span class='ocrx_word' id='word_1_171' title='bbox 3882 840 3940 891; x_wconf 78' lang='lat' dir='ltr'><strong>ri-</strong></span> 
     </span>
    </p>
   </div>
   <div class='ocr_carea' id='block_1_23' title="bbox 2366 924 3937 993">
    <p class='ocr_par' dir='ltr' id='par_1_23' title="bbox 2366 924 3937 993">
     <span class='ocr_line' id='line_1_23' title="bbox 2366 924 3937 993; baseline 0.001 -16"><span class='ocrx_word' id='word_1_172' title='bbox 2366 942 2472 978; x_wconf 70' lang='grc' dir='ltr'><strong>σενι</strong></span> <span class='ocrx_word' id='word_1_173' title='bbox 2501 925 2680 987; x_wconf 80' lang='lat' dir='ltr'><strong>reddo,</strong></span> <span class='ocrx_word' id='word_1_174' title='bbox 2725 933 2773 978; x_wconf 80' lang='lat' dir='ltr'><strong>et</strong></span> <span class='ocrx_word' id='word_1_175' title='bbox 2810 941 2915 977; x_wconf 79' lang='lat' dir='ltr'><strong>non</strong></span> <span class='ocrx_word' id='word_1_176' title='bbox 2952 924 3229 977; x_wconf 74' lang='lat' dir='ltr'><strong>dissimilia</strong></span> <span class='ocrx_word' id='word_1_177' title='bbox 3259 924 3479 979; x_wconf 82' lang='lat' dir='ltr'><strong>nuntio:</strong></span> <span class='ocrx_word' id='word_1_178' title='bbox 3510 925 3637 993; x_wconf 82' lang='lat' dir='ltr'><strong>quia</strong></span> <span class='ocrx_word' id='word_1_179' title='bbox 3677 924 3798 978; x_wconf 82' lang='lat' dir='ltr'><strong>dum</strong></span> <span class='ocrx_word' id='word_1_180' title='bbox 3838 942 3937 993; x_wconf 73' lang='lat' dir='ltr'><strong>9m</strong></span> 
     </span>
    </p>
   </div>
   <div class='ocr_carea' id='block_1_24' title="bbox 2363 1013 3935 1085">
    <p class='ocr_par' dir='ltr' id='par_1_24' title="bbox 2363 1013 3935 1085">
     <span class='ocr_line' id='line_1_24' title="bbox 2363 1013 3935 1085; baseline 0 -16"><span class='ocrx_word' id='word_1_181' title='bbox 2363 1014 2647 1085; x_wconf 75' lang='lat' dir='ltr'><strong>Anglorum</strong></span> <span class='ocrx_word' id='word_1_182' title='bbox 2674 1015 2728 1067; x_wconf 87' lang='lat' dir='ltr'><strong>in</strong></span> <span class='ocrx_word' id='word_1_183' title='bbox 2758 1014 2934 1070; x_wconf 78' lang='lat' dir='ltr'><strong>mundi</strong></span> <span class='ocrx_word' id='word_1_184' title='bbox 2979 1014 3169 1084; x_wconf 73' lang='lat' dir='ltr'><strong>angulo</strong></span> <span class='ocrx_word' id='word_1_185' title='bbox 3214 1013 3381 1082; x_wconf 82' lang='lat' dir='ltr'><strong>posita</strong></span> <span class='ocrx_word' id='word_1_186' title='bbox 3407 1055 3422 1079; x_wconf 96' lang='lat'><strong>,</strong></span> <span class='ocrx_word' id='word_1_187' title='bbox 3452 1014 3507 1067; x_wconf 86' lang='lat' dir='ltr'><strong>iu</strong></span> <span class='ocrx_word' id='word_1_188' title='bbox 3537 1013 3681 1069; x_wconf 73' lang='lat' dir='ltr'><strong>cuitu</strong></span> <span class='ocrx_word' id='word_1_189' title='bbox 3710 1014 3935 1083; x_wconf 66' lang='lat' dir='ltr'><strong>lignorum</strong></span> 
     </span>
    </p>
   </div>
   <div class='ocr_carea' id='block_1_25' title="bbox 2338 1105 3938 1176">
    <p class='ocr_par' dir='ltr' id='par_1_25' title="bbox 2338 1105 3938 1176">
     <span class='ocr_line' id='line_1_25' title="bbox 2338 1105 3938 1176; baseline 0.001 -17"><span class='ocrx_word' id='word_1_190' title='bbox 2338 1122 2425 1159; x_wconf 74' lang='lat' dir='ltr'><strong>ac</strong></span> <span class='ocrx_word' id='word_1_191' title='bbox 2467 1106 2697 1176; x_wconf 76' lang='lat' dir='ltr'><strong>lapidum</strong></span> <span class='ocrx_word' id='word_1_192' title='bbox 2741 1105 2942 1175; x_wconf 79' lang='lat' dir='ltr'><strong>per/ida</strong></span> <span class='ocrx_word' id='word_1_193' title='bbox 2980 1120 3277 1174; x_wconf 82' lang='lat' dir='ltr'><strong>nuncusque</strong></span> <span class='ocrx_word' id='word_1_194' title='bbox 3323 1113 3613 1159; x_wconf 77' lang='lat' dir='ltr'><strong>remaneret</strong></span> <span class='ocrx_word' id='word_1_195' title='bbox 3638 1142 3659 1166; x_wconf 12' lang='lat'><strong>,7</strong></span> <span class='ocrx_word' id='word_1_196' title='bbox 3696 1120 3761 1159; x_wconf 71' lang='lat' dir='ltr'><strong>ex</strong></span> <span class='ocrx_word' id='word_1_197' title='bbox 3788 1116 3938 1161; x_wconf 67' lang='lat' dir='ltr'><strong>ucstra</strong></span> 
     </span>
    </p>
   </div>
   <div class='ocr_carea' id='block_1_26' title="bbox 2364 1196 3937 1267">
    <p class='ocr_par' dir='ltr' id='par_1_26' title="bbox 2364 1196 3937 1267">
     <span class='ocr_line' id='line_1_26' title="bbox 2364 1196 3937 1267; baseline 0.003 -18"><span class='ocrx_word' id='word_1_198' title='bbox 2364 1196 2487 1253; x_wconf 70' lang='lat' dir='ltr'><strong>mihi</strong></span> <span class='ocrx_word' id='word_1_199' title='bbox 2517 1198 2772 1251; x_wconf 79' lang='lat' dir='ltr'><strong>orationis</strong></span> <span class='ocrx_word' id='word_1_200' title='bbox 2798 1197 3066 1267; x_wconf 84' lang='lat' dir='ltr'><strong>adjutorio</strong></span> <span class='ocrx_word' id='word_1_201' title='bbox 3090 1196 3304 1261; x_wconf 76' lang='lat' dir='ltr'><strong>placuit,</strong></span> <span class='ocrx_word' id='word_1_202' title='bbox 3334 1206 3391 1251; x_wconf 85' lang='lat' dir='ltr'><strong>ut</strong></span> <span class='ocrx_word' id='word_1_203' title='bbox 3420 1200 3487 1249; x_wconf 84' lang='lat' dir='ltr'><strong>ad</strong></span> <span class='ocrx_word' id='word_1_204' title='bbox 3517 1213 3639 1251; x_wconf 76' lang='lat' dir='ltr'><strong>eam</strong></span> <span class='ocrx_word' id='word_1_205' title='bbox 3664 1204 3937 1254; x_wconf 70' lang='lat' dir='ltr'><strong>monasterii</strong></span> 
     </span>
    </p>
   </div>
   <div class='ocr_carea' id='block_1_27' title="bbox 2362 1286 3936 1355">
    <p class='ocr_par' dir='ltr' id='par_1_27' title="bbox 2362 1286 3936 1355">
     <span class='ocr_line' id='line_1_27' title="bbox 2362 1286 3936 1355; baseline 0.002 -14"><span class='ocrx_word' id='word_1_206' title='bbox 2362 1287 2464 1341; x_wconf 80' lang='lat' dir='ltr'><strong>utci</strong></span> <span class='ocrx_word' id='word_1_207' title='bbox 2521 1287 2830 1342; x_wconf 68' lang='lat' dir='ltr'><strong>monachum</strong></span> <span class='ocrx_word' id='word_1_208' title='bbox 2874 1287 2926 1341; x_wconf 75' lang='lat' dir='ltr'><strong>in</strong></span> <span class='ocrx_word' id='word_1_209' title='bbox 2975 1286 3400 1355; x_wconf 76' lang='lat' dir='ltr'><strong>prwdicationem</strong></span> <span class='ocrx_word' id='word_1_210' title='bbox 3448 1289 3804 1342; x_wconf 73' lang='lat' dir='ltr'><strong>transmittere</strong></span> <span class='ocrx_word' id='word_1_211' title='bbox 3846 1290 3936 1344; x_wconf 76' lang='lat' dir='ltr'><strong>Deo</strong></span> 
     </span>
    </p>
   </div>
   <div class='ocr_carea' id='block_1_28' title="bbox 2364 1376 3951 1450">
    <p class='ocr_par' dir='ltr' id='par_1_28' title="bbox 2364 1376 3951 1450">
     <span class='ocr_line' id='line_1_28' title="bbox 2364 1376 3951 1450; baseline 0.003 -18"><span class='ocrx_word' id='word_1_212' title='bbox 2364 1387 2573 1435; x_wconf 83' lang='lat' dir='ltr'><strong>auctore</strong></span> <span class='ocrx_word' id='word_1_213' title='bbox 2600 1379 2885 1433; x_wconf 76' lang='lat' dir='ltr'><strong>debuissem</strong></span> <span class='ocrx_word' id='word_1_214' title='bbox 2918 1377 3065 1447; x_wconf 83' lang='lat' dir='ltr'><strong>(Lib.</strong></span> <span class='ocrx_word' id='word_1_215' title='bbox 3102 1393 3196 1432; x_wconf 79' lang='lat' dir='ltr'><strong>Vlll</strong></span> <span class='ocrx_word' id='word_1_216' title='bbox 3214 1419 3233 1445; x_wconf 89' lang='lat'><strong>,</strong></span> <span class='ocrx_word' id='word_1_217' title='bbox 3258 1394 3341 1444; x_wconf 81' lang='lat' dir='ltr'><strong>ep.</strong></span> <span class='ocrx_word' id='word_1_218' title='bbox 3370 1376 3460 1433; x_wconf 78' lang='lat'><strong>30.</strong></span> <span class='ocrx_word' id='word_1_219' title='bbox 3485 1380 3527 1446; x_wconf 89' lang='lat'><strong>).</strong></span> <span class='ocrx_word' id='word_1_220' title='bbox 3549 1378 3749 1436; x_wconf 82' lang='lat' dir='ltr'><strong>Narrat</strong></span> <span class='ocrx_word' id='word_1_221' title='bbox 3776 1392 3951 1450; x_wconf 75' lang='lat' dir='ltr'><strong>postea</strong></span> 
     </span>
    </p>
   </div>
   <div class='ocr_carea' id='block_1_29' title="bbox 2363 1467 3932 1541">
    <p class='ocr_par' dir='ltr' id='par_1_29' title="bbox 2363 1467 3932 1541">
     <span class='ocr_line' id='line_1_29' title="bbox 2363 1467 3932 1541; baseline 0.001 -18"><span class='ocrx_word' id='word_1_222' title='bbox 2363 1480 2496 1539; x_wconf 87' lang='lat' dir='ltr'><strong>quot</strong></span> <span class='ocrx_word' id='word_1_223' title='bbox 2523 1471 2841 1541; x_wconf 80' lang='lat' dir='ltr'><strong>quantisque</strong></span> <span class='ocrx_word' id='word_1_224' title='bbox 2887 1470 3157 1525; x_wconf 85' lang='lat' dir='ltr'><strong>miraculis</strong></span> <span class='ocrx_word' id='word_1_225' title='bbox 3204 1470 3533 1537; x_wconf 76' lang='lat' dir='ltr'><strong>Augustinus</strong></span> <span class='ocrx_word' id='word_1_226' title='bbox 3570 1467 3796 1537; x_wconf 82' lang='lat' dir='ltr'><strong>ejusque</strong></span> <span class='ocrx_word' id='word_1_227' title='bbox 3822 1474 3932 1527; x_wconf 85' lang='lat' dir='ltr'><strong>socii</strong></span> 
     </span>
    </p>
   </div>
   <div class='ocr_carea' id='block_1_30' title="bbox 2363 1558 3935 1630">
    <p class='ocr_par' dir='ltr' id='par_1_30' title="bbox 2363 1558 3935 1630">
     <span class='ocr_line' id='line_1_30' title="bbox 2363 1558 3935 1630; baseline 0 -15"><span class='ocrx_word' id='word_1_228' title='bbox 2363 1560 2508 1630; x_wconf 79' lang='lat' dir='ltr'><strong>apud</strong></span> <span class='ocrx_word' id='word_1_229' title='bbox 2537 1560 2741 1630; x_wconf 77' lang='lat' dir='ltr'><strong>Anglos</strong></span> <span class='ocrx_word' id='word_1_230' title='bbox 2765 1569 3113 1615; x_wconf 88' lang='lat' dir='ltr'><strong>coruscarent</strong></span> <span class='ocrx_word' id='word_1_231' title='bbox 3137 1576 3153 1626; x_wconf 90' lang='lat'><strong>;</strong></span> <span class='ocrx_word' id='word_1_232' title='bbox 3204 1559 3275 1613; x_wconf 87' lang='lat' dir='ltr'><strong>ita</strong></span> <span class='ocrx_word' id='word_1_233' title='bbox 3306 1566 3363 1613; x_wconf 88' lang='lat' dir='ltr'><strong>ut</strong></span> <span class='ocrx_word' id='word_1_234' title='bbox 3394 1558 3767 1627; x_wconf 81' lang='lat' dir='ltr'><strong>apostolorum</strong></span> <span class='ocrx_word' id='word_1_235' title='bbox 3794 1560 3935 1615; x_wconf 54' lang='lat' dir='ltr'><strong>virtu</strong></span> 
     </span>
    </p>
   </div>
   <div class='ocr_carea' id='block_1_31' title="bbox 2364 1649 3930 1720">
    <p class='ocr_par' dir='ltr' id='par_1_31' title="bbox 2364 1649 3930 1720">
     <span class='ocr_line' id='line_1_31' title="bbox 2364 1649 3930 1720; baseline -0.001 -14"><span class='ocrx_word' id='word_1_236' title='bbox 2364 1662 2446 1707; x_wconf 85' lang='lat' dir='ltr'><strong>tes</strong></span> <span class='ocrx_word' id='word_1_237' title='bbox 2470 1694 2486 1720; x_wconf 92' lang='lat'><strong>,</strong></span> <span class='ocrx_word' id='word_1_238' title='bbox 2534 1653 2584 1707; x_wconf 94' lang='lat' dir='ltr'><strong>in</strong></span> <span class='ocrx_word' id='word_1_239' title='bbox 2635 1652 2801 1720; x_wconf 82' lang='lat' dir='ltr'><strong>signis</strong></span> <span class='ocrx_word' id='word_1_240' title='bbox 2838 1667 2957 1720; x_wconf 71' lang='lat' dir='ltr'><strong>qua:</strong></span> <span class='ocrx_word' id='word_1_241' title='bbox 2985 1651 3350 1713; x_wconf 68' lang='lat' dir='ltr'><strong>exhibebant,</strong></span> <span class='ocrx_word' id='word_1_242' title='bbox 3396 1649 3600 1706; x_wconf 88' lang='lat' dir='ltr'><strong>imitari</strong></span> <span class='ocrx_word' id='word_1_243' title='bbox 3631 1650 3930 1709; x_wconf 79' lang='lat' dir='ltr'><strong>viderentur.</strong></span> 
     </span>
    </p>
   </div>
   <div class='ocr_carea' id='block_1_32' title="bbox 644 1740 3931 1824">
    <p class='ocr_par' dir='ltr' id='par_1_32' title="bbox 644 1740 3931 1824">
     <span class='ocr_line' id='line_1_32' title="bbox 644 1740 3931 1824; baseline -0.004 -17"><span class='ocrx_word' id='word_1_244' title='bbox 644 1753 733 1807; x_wconf 83' lang='lat' dir='ltr'><strong>ab</strong></span> <span class='ocrx_word' id='word_1_245' title='bbox 783 1751 1017 1806; x_wconf 68' lang='lat' dir='ltr'><strong>historiae</strong></span> <span class='ocrx_word' id='word_1_246' title='bbox 1062 1749 1292 1805; x_wconf 79' lang='lat' dir='ltr'><strong>veritate</strong></span> <span class='ocrx_word' id='word_1_247' title='bbox 1338 1764 1558 1817; x_wconf 77' lang='lat' dir='ltr'><strong>prorsus</strong></span> <span class='ocrx_word' id='word_1_248' title='bbox 1597 1748 1815 1803; x_wconf 84' lang='lat' dir='ltr'><strong>aberrat</strong></span> <span class='ocrx_word' id='word_1_249' title='bbox 1860 1747 2254 1813; x_wconf 77' lang='lat' dir='ltr'><strong>Maresbamus,</strong></span> <span class='ocrx_word' id='word_1_250' title='bbox 2291 1766 2330 1824; x_wconf 71' lang='grc' dir='ltr'><strong>Β</strong></span> <span class='ocrx_word' id='word_1_251' title='bbox 2367 1740 2516 1817; x_wconf 81' lang='lat' dir='ltr'><strong>Quod</strong></span> <span class='ocrx_word' id='word_1_252' title='bbox 2562 1743 2759 1797; x_wconf 80' lang='lat' dir='ltr'><strong>idcirco</strong></span> <span class='ocrx_word' id='word_1_253' title='bbox 2798 1743 3027 1806; x_wconf 82' lang='lat' dir='ltr'><strong>narravi,</strong></span> <span class='ocrx_word' id='word_1_254' title='bbox 3058 1742 3269 1811; x_wconf 80' lang='lat' dir='ltr'><strong>inquit,</strong></span> <span class='ocrx_word' id='word_1_255' title='bbox 3314 1750 3370 1795; x_wconf 91' lang='lat' dir='ltr'><strong>ut</strong></span> <span class='ocrx_word' id='word_1_256' title='bbox 3399 1742 3730 1811; x_wconf 71' lang='lat' dir='ltr'><strong>(agnoscatis</strong></span> <span class='ocrx_word' id='word_1_257' title='bbox 3757 1744 3866 1811; x_wconf 76' lang='lat' dir='ltr'><strong>quid</strong></span> <span class='ocrx_word' id='word_1_258' title='bbox 3890 1744 3931 1797; x_wconf 79' lang='lat' dir='ltr'><strong>in</strong></span> 
     </span>
    </p>
   </div>
   <div class='ocr_carea' id='block_1_33' title="bbox 664 1838 2252 1907">
    <p class='ocr_par' dir='ltr' id='par_1_33' title="bbox 664 1838 2252 1907">
     <span class='ocr_line' id='line_1_33' title="bbox 664 1838 2252 1907; baseline -0.002 -10"><span class='ocrx_word' id='word_1_259' title='bbox 664 1858 790 1897; x_wconf 91' lang='lat' dir='ltr'><strong>cum</strong></span> <span class='ocrx_word' id='word_1_260' title='bbox 818 1850 945 1896; x_wconf 87' lang='lat' dir='ltr'><strong>ante</strong></span> <span class='ocrx_word' id='word_1_261' title='bbox 988 1840 1241 1896; x_wconf 72' lang='lat' dir='ltr'><strong>szcculum</strong></span> <span class='ocrx_word' id='word_1_262' title='bbox 1272 1856 1308 1894; x_wconf 71' lang='grc' dir='ltr'>ι</span> <span class='ocrx_word' id='word_1_263' title='bbox 1336 1838 1393 1895; x_wconf 92' lang='lat' dir='ltr'><strong>S.</strong></span> <span class='ocrx_word' id='word_1_264' title='bbox 1426 1839 1704 1894; x_wconf 75' lang='lat' dir='ltr'><strong>Benedicti</strong></span> <span class='ocrx_word' id='word_1_265' title='bbox 1733 1838 1973 1907; x_wconf 81' lang='lat' dir='ltr'><strong>regulam</strong></span> <span class='ocrx_word' id='word_1_266' title='bbox 2001 1839 2252 1907; x_wconf 82' lang='lat' dir='ltr'><strong>Anglica-</strong></span> 
     </span>
    </p>
   </div>
   <div class='ocr_carea' id='block_1_34' title="bbox 665 1928 2257 1998">
    <p class='ocr_par' dir='ltr' id='par_1_34' title="bbox 665 1928 2257 1998">
     <span class='ocr_line' id='line_1_34' title="bbox 665 1928 2257 1998; baseline -0.001 -12"><span class='ocrx_word' id='word_1_267' title='bbox 665 1932 747 1986; x_wconf 90' lang='lat' dir='ltr'><strong>nis</strong></span> <span class='ocrx_word' id='word_1_268' title='bbox 776 1930 1117 1987; x_wconf 86' lang='lat' dir='ltr'><strong>monasteriis</strong></span> <span class='ocrx_word' id='word_1_269' title='bbox 1142 1930 1382 1998; x_wconf 82' lang='lat' dir='ltr'><strong>ignotam</strong></span> <span class='ocrx_word' id='word_1_270' title='bbox 1426 1928 1823 1997; x_wconf 76' lang='lat' dir='ltr'><strong>asseritzquod</strong></span> <span class='ocrx_word' id='word_1_271' title='bbox 1854 1941 2016 1997; x_wconf 89' lang='lat' dir='ltr'><strong>quam</strong></span> <span class='ocrx_word' id='word_1_272' title='bbox 2062 1928 2133 1983; x_wconf 85' lang='lat' dir='ltr'><strong>sit</strong></span> <span class='ocrx_word' id='word_1_273' title='bbox 2179 1937 2257 1984; x_wconf 85' lang='lat' dir='ltr'><strong>te-</strong></span> 
     </span>
    </p>
   </div>
   <div class='ocr_carea' id='block_1_35' title="bbox 665 2016 2260 2093">
    <p class='ocr_par' dir='ltr' id='par_1_35' title="bbox 665 2016 2260 2093">
     <span class='ocr_line' id='line_1_35' title="bbox 665 2016 2260 2093; baseline -0.003 -17"><span class='ocrx_word' id='word_1_274' title='bbox 665 2036 814 2076; x_wconf 89' lang='lat' dir='ltr'><strong>mere</strong></span> <span class='ocrx_word' id='word_1_275' title='bbox 856 2020 1059 2093; x_wconf 87' lang='lat' dir='ltr'><strong>dictum</strong></span> <span class='ocrx_word' id='word_1_276' title='bbox 1085 2059 1100 2085; x_wconf 95' lang='lat'><strong>,</strong></span> <span class='ocrx_word' id='word_1_277' title='bbox 1148 2019 1236 2074; x_wconf 80' lang='lat' dir='ltr'><strong>vel</strong></span> <span class='ocrx_word' id='word_1_278' title='bbox 1266 2033 1404 2074; x_wconf 88' lang='lat' dir='ltr'><strong>unus</strong></span> <span class='ocrx_word' id='word_1_279' title='bbox 1433 2017 1668 2072; x_wconf 78' lang='lat' dir='ltr'><strong>Joannes</strong></span> <span class='ocrx_word' id='word_1_280' title='bbox 1708 2016 1977 2072; x_wconf 86' lang='lat' dir='ltr'><strong>Diaconus</strong></span> <span class='ocrx_word' id='word_1_281' title='bbox 2023 2017 2260 2072; x_wconf 82' lang='lat' dir='ltr'><strong>ostendit</strong></span> 
     </span>
    </p>
   </div>
   <div class='ocr_carea' id='block_1_36' title="bbox 664 2106 2256 2178">
    <p class='ocr_par' dir='ltr' id='par_1_36' title="bbox 664 2106 2256 2178">
     <span class='ocr_line' id='line_1_36' title="bbox 664 2106 2256 2178; baseline -0.001 -13"><span class='ocrx_word' id='word_1_282' title='bbox 664 2113 760 2166; x_wconf 81' lang='lat' dir='ltr'><strong>lib.</strong></span> <span class='ocrx_word' id='word_1_283' title='bbox 790 2127 843 2167; x_wconf 82' lang='lat' dir='ltr'><strong>tv</strong></span> <span class='ocrx_word' id='word_1_284' title='bbox 870 2110 1007 2166; x_wconf 67' lang='lat' dir='ltr'><strong>Vina</strong></span> <span class='ocrx_word' id='word_1_285' title='bbox 1038 2112 1093 2166; x_wconf 91' lang='lat' dir='ltr'><strong>S.</strong></span> <span class='ocrx_word' id='word_1_286' title='bbox 1123 2108 1369 2177; x_wconf 78' lang='lat' dir='ltr'><strong>Gregorii</strong></span> <span class='ocrx_word' id='word_1_287' title='bbox 1398 2123 1519 2178; x_wconf 88' lang='lat' dir='ltr'><strong>cap.</strong></span> <span class='ocrx_word' id='word_1_288' title='bbox 1561 2107 1665 2161; x_wconf 71' lang='lat'><strong>82:</strong></span> <span class='ocrx_word' id='word_1_289' title='bbox 1692 2106 1845 2172; x_wconf 84' lang='lat' dir='ltr'><strong>Quod</strong></span> <span class='ocrx_word' id='word_1_290' title='bbox 1871 2125 2011 2173; x_wconf 81' lang='lat' dir='ltr'><strong>vero,</strong></span> <span class='ocrx_word' id='word_1_291' title='bbox 2062 2108 2256 2176; x_wconf 89' lang='lat' dir='ltr'><strong>inquit,</strong></span> 
     </span>
    </p>
   </div>
   <div class='ocr_carea' id='block_1_37' title="bbox 666 2198 2257 2273">
    <p class='ocr_par' dir='ltr' id='par_1_37' title="bbox 666 2198 2257 2273">
     <span class='ocr_line' id='line_1_37' title="bbox 666 2198 2257 2273; baseline -0.003 -16"><span class='ocrx_word' id='word_1_292' title='bbox 666 2203 927 2267; x_wconf 64' lang='lat' dir='ltr'><strong>monachi,</strong></span> <span class='ocrx_word' id='word_1_293' title='bbox 955 2203 1041 2273; x_wconf 86' lang='lat' dir='ltr'><strong>qui</strong></span> <span class='ocrx_word' id='word_1_294' title='bbox 1071 2218 1103 2254; x_wconf 90' lang='lat' dir='ltr'><strong>a</strong></span> <span class='ocrx_word' id='word_1_295' title='bbox 1131 2199 1379 2271; x_wconf 82' lang='lat' dir='ltr'><strong>Gregorio</strong></span> <span class='ocrx_word' id='word_1_296' title='bbox 1406 2199 1462 2251; x_wconf 82' lang='lat' dir='ltr'><strong>in</strong></span> <span class='ocrx_word' id='word_1_297' title='bbox 1494 2198 1785 2253; x_wconf 70' lang='lat' dir='ltr'><strong>Saxoniam</strong></span> <span class='ocrx_word' id='word_1_298' title='bbox 1826 2199 2257 2269; x_wconf 84' lang='lat' dir='ltr'><strong>(transmarinam</strong></span> 
     </span>
    </p>
   </div>
   <div class='ocr_carea' id='block_1_38' title="bbox 662 2289 2260 2359">
    <p class='ocr_par' dir='ltr' id='par_1_38' title="bbox 662 2289 2260 2359">
     <span class='ocr_line' id='line_1_38' title="bbox 662 2289 2260 2359; baseline -0.004 -10"><span class='ocrx_word' id='word_1_299' title='bbox 662 2294 871 2350; x_wconf 84' lang='lat' dir='ltr'><strong>scilicet</strong></span> <span class='ocrx_word' id='word_1_300' title='bbox 915 2307 1011 2347; x_wconf 91' lang='lat' dir='ltr'><strong>seu</strong></span> <span class='ocrx_word' id='word_1_301' title='bbox 1058 2290 1368 2359; x_wconf 83' lang='lat' dir='ltr'><strong>Anglicam)</strong></span> <span class='ocrx_word' id='word_1_302' title='bbox 1402 2290 1546 2346; x_wconf 86' lang='lat' dir='ltr'><strong>missi</strong></span> <span class='ocrx_word' id='word_1_303' title='bbox 1576 2298 1727 2354; x_wconf 85' lang='lat' dir='ltr'><strong>sunt,</strong></span> <span class='ocrx_word' id='word_1_304' title='bbox 1779 2289 1841 2345; x_wconf 87' lang='lat' dir='ltr'><strong>S.</strong></span> <span class='ocrx_word' id='word_1_305' title='bbox 1886 2290 2147 2347; x_wconf 78' lang='lat' dir='ltr'><strong>Benedicti</strong></span> <span class='ocrx_word' id='word_1_306' title='bbox 2176 2306 2260 2343; x_wconf 88' lang='lat' dir='ltr'><strong>re-</strong></span> 
     </span>
    </p>
   </div>
   <div class='ocr_carea' id='block_1_39' title="bbox 663 2380 2259 2454">
    <p class='ocr_par' dir='ltr' id='par_1_39' title="bbox 663 2380 2259 2454">
     <span class='ocr_line' id='line_1_39' title="bbox 663 2380 2259 2454; baseline -0.001 -18"><span class='ocrx_word' id='word_1_307' title='bbox 663 2384 798 2454; x_wconf 69' lang='lat' dir='ltr'><strong>gulas</strong></span> <span class='ocrx_word' id='word_1_308' title='bbox 829 2383 1021 2453; x_wconf 76' lang='lat' dir='ltr'><strong>fuerint</strong></span> <span class='ocrx_word' id='word_1_309' title='bbox 1050 2381 1364 2450; x_wconf 79' lang='lat' dir='ltr'><strong>mancipati;</strong></span> <span class='ocrx_word' id='word_1_310' title='bbox 1410 2381 1546 2434; x_wconf 86' lang='lat' dir='ltr'><strong>inter</strong></span> <span class='ocrx_word' id='word_1_311' title='bbox 1576 2380 1683 2435; x_wconf 89' lang='lat' dir='ltr'><strong>alia</strong></span> <span class='ocrx_word' id='word_1_312' title='bbox 1710 2382 1867 2435; x_wconf 83' lang='lat' dir='ltr'><strong>etiam</strong></span> <span class='ocrx_word' id='word_1_313' title='bbox 1911 2381 2043 2436; x_wconf 88' lang='lat' dir='ltr'><strong>illud</strong></span> <span class='ocrx_word' id='word_1_314' title='bbox 2086 2390 2259 2437; x_wconf 74' lang='lat' dir='ltr'><strong>osten-</strong></span> 
     </span>
    </p>
   </div>
   <div class='ocr_carea' id='block_1_40' title="bbox 663 2472 2257 2544">
    <p class='ocr_par' dir='ltr' id='par_1_40' title="bbox 663 2472 2257 2544">
     <span class='ocr_line' id='line_1_40' title="bbox 663 2472 2257 2544; baseline 0.002 -19"><span class='ocrx_word' id='word_1_315' title='bbox 663 2474 769 2540; x_wconf 87' lang='lat' dir='ltr'><strong>dit,</strong></span> <span class='ocrx_word' id='word_1_316' title='bbox 817 2472 952 2543; x_wconf 85' lang='lat' dir='ltr'><strong>quod</strong></span> <span class='ocrx_word' id='word_1_317' title='bbox 980 2489 1045 2526; x_wconf 80' lang='lat' dir='ltr'><strong>ea:</strong></span> <span class='ocrx_word' id='word_1_318' title='bbox 1072 2473 1233 2542; x_wconf 81' lang='lat' dir='ltr'><strong>ipsius</strong></span> <span class='ocrx_word' id='word_1_319' title='bbox 1264 2473 1529 2543; x_wconf 79' lang='lat' dir='ltr'><strong>discipulis</strong></span> <span class='ocrx_word' id='word_1_320' title='bbox 1558 2473 1644 2526; x_wconf 70' lang='lat' dir='ltr'><strong>vis;</strong></span> <span class='ocrx_word' id='word_1_321' title='bbox 1670 2480 1837 2542; x_wconf 80' lang='lat' dir='ltr'><strong>potest</strong></span> <span class='ocrx_word' id='word_1_322' title='bbox 1864 2474 1919 2527; x_wconf 82' lang='lat' dir='ltr'><strong>in</strong></span> <span class='ocrx_word' id='word_1_323' title='bbox 1948 2473 2052 2527; x_wconf 84' lang='lat' dir='ltr'><strong>illis</strong></span> <span class='ocrx_word' id='word_1_324' title='bbox 2092 2475 2257 2544; x_wconf 66' lang='lat' dir='ltr'><strong>parti«</strong></span> 
     </span>
    </p>
   </div>
   <div class='ocr_carea' id='block_1_41' title="bbox 664 2564 2256 2636">
    <p class='ocr_par' dir='ltr' id='par_1_41' title="bbox 664 2564 2256 2636">
     <span class='ocr_line' id='line_1_41' title="bbox 664 2564 2256 2636; baseline 0.001 -18"><span class='ocrx_word' id='word_1_325' title='bbox 664 2565 757 2618; x_wconf 85' lang='lat' dir='ltr'><strong>bus</strong></span> <span class='ocrx_word' id='word_1_326' title='bbox 783 2564 1066 2618; x_wconf 79' lang='lat' dir='ltr'><strong>monachus</strong></span> <span class='ocrx_word' id='word_1_327' title='bbox 1096 2565 1318 2621; x_wconf 78' lang='lat' dir='ltr'><strong>inueniri</strong></span> <span class='ocrx_word' id='word_1_328' title='bbox 1343 2604 1357 2631; x_wconf 85' lang='lat'><strong>,</strong></span> <span class='ocrx_word' id='word_1_329' title='bbox 1409 2581 1443 2619; x_wconf 91' lang='lat' dir='ltr'><strong>a</strong></span> <span class='ocrx_word' id='word_1_330' title='bbox 1488 2580 1586 2636; x_wconf 82' lang='lat' dir='ltr'><strong>quo</strong></span> <span class='ocrx_word' id='word_1_331' title='bbox 1615 2581 1719 2619; x_wconf 84' lang='lat' dir='ltr'><strong>non</strong></span> <span class='ocrx_word' id='word_1_332' title='bbox 1748 2565 2041 2619; x_wconf 81' lang='lat' dir='ltr'><strong>observetur</strong></span> <span class='ocrx_word' id='word_1_333' title='bbox 2071 2575 2178 2619; x_wconf 89' lang='lat' dir='ltr'><strong>tam</strong></span> <span class='ocrx_word' id='word_1_334' title='bbox 2201 2567 2256 2620; x_wconf 87' lang='lat' dir='ltr'><strong>in</strong></span> 
     </span>
    </p>
   </div>
   <div class='ocr_carea' id='block_1_42' title="bbox 662 2644 2332 2731">
    <p class='ocr_par' dir='ltr' id='par_1_42' title="bbox 662 2644 2332 2731">
     <span class='ocr_line' id='line_1_42' title="bbox 662 2644 2332 2731; baseline 0.002 -25"><span class='ocrx_word' id='word_1_335' title='bbox 662 2655 925 2723; x_wconf 82' lang='lat' dir='ltr'><strong>preposito</strong></span> <span class='ocrx_word' id='word_1_336' title='bbox 950 2670 1103 2724; x_wconf 82' lang='lat' dir='ltr'><strong>quam</strong></span> <span class='ocrx_word' id='word_1_337' title='bbox 1134 2654 1189 2707; x_wconf 80' lang='lat' dir='ltr'><strong>ist</strong></span> <span class='ocrx_word' id='word_1_338' title='bbox 1218 2653 1394 2708; x_wconf 79' lang='lat' dir='ltr'><strong>habitu</strong></span> <span class='ocrx_word' id='word_1_339' title='bbox 1422 2644 1604 2724; x_wconf 75' lang='lat' dir='ltr'><strong>regula</strong></span> <span class='ocrx_word' id='word_1_340' title='bbox 1637 2653 1698 2709; x_wconf 89' lang='lat' dir='ltr'><strong>S.</strong></span> <span class='ocrx_word' id='word_1_341' title='bbox 1730 2653 2016 2708; x_wconf 84' lang='lat' dir='ltr'><strong>Benedicti.</strong></span> <span class='ocrx_word' id='word_1_342' title='bbox 2043 2654 2258 2710; x_wconf 89' lang='lat' dir='ltr'><strong>Scribe-</strong></span> <span class='ocrx_word' id='word_1_343' title='bbox 2317 2717 2332 2731; x_wconf 49' lang='lat'><strong><em>.</em></strong></span> 
     </span>
    </p>
   </div>
   <div class='ocr_carea' id='block_1_43' title="bbox 660 2746 2257 2817">
    <p class='ocr_par' dir='ltr' id='par_1_43' title="bbox 660 2746 2257 2817">
     <span class='ocr_line' id='line_1_43' title="bbox 660 2746 2257 2817; baseline 0.001 -16"><span class='ocrx_word' id='word_1_344' title='bbox 660 2746 753 2801; x_wconf 88' lang='lat' dir='ltr'><strong>bat</strong></span> <span class='ocrx_word' id='word_1_345' title='bbox 780 2746 1016 2801; x_wconf 82' lang='lat' dir='ltr'><strong>Joannes</strong></span> <span class='ocrx_word' id='word_1_346' title='bbox 1062 2747 1330 2801; x_wconf 79' lang='lat' dir='ltr'><strong>Diaconos</strong></span> <span class='ocrx_word' id='word_1_347' title='bbox 1374 2761 1519 2801; x_wconf 88' lang='lat' dir='ltr'><strong>nono</strong></span> <span class='ocrx_word' id='word_1_348' title='bbox 1563 2746 1800 2813; x_wconf 72' lang='lat' dir='ltr'><strong>szcculo,</strong></span> <span class='ocrx_word' id='word_1_349' title='bbox 1850 2754 2068 2801; x_wconf 84' lang='lat' dir='ltr'><strong>centum</strong></span> <span class='ocrx_word' id='word_1_350' title='bbox 2118 2762 2257 2817; x_wconf 90' lang='lat' dir='ltr'><strong>pene</strong></span> 
     </span>
    </p>
   </div>
   <div class='ocr_carea' id='block_1_44' title="bbox 660 2835 2253 2903">
    <p class='ocr_par' dir='ltr' id='par_1_44' title="bbox 660 2835 2253 2903">
     <span class='ocr_line' id='line_1_44' title="bbox 660 2835 2253 2903; baseline 0.001 -14"><span class='ocrx_word' id='word_1_351' title='bbox 660 2838 815 2890; x_wconf 74' lang='lat' dir='ltr'><strong>annis</strong></span> <span class='ocrx_word' id='word_1_352' title='bbox 840 2845 967 2892; x_wconf 89' lang='lat' dir='ltr'><strong>ante</strong></span> <span class='ocrx_word' id='word_1_353' title='bbox 994 2836 1284 2891; x_wconf 88' lang='lat' dir='ltr'><strong>concilium</strong></span> <span class='ocrx_word' id='word_1_354' title='bbox 1326 2835 1705 2892; x_wconf 84' lang='lat' dir='ltr'><strong>Wintoniense</strong></span> <span class='ocrx_word' id='word_1_355' title='bbox 1733 2835 1973 2893; x_wconf 86' lang='lat' dir='ltr'><strong>habitum</strong></span> <span class='ocrx_word' id='word_1_356' title='bbox 2002 2852 2092 2893; x_wconf 86' lang='lat' dir='ltr'><strong>an.</strong></span> <span class='ocrx_word' id='word_1_357' title='bbox 2127 2835 2253 2903; x_wconf 82' lang='lat'><strong>965,</strong></span> 
     </span>
    </p>
   </div>
   <div class='ocr_carea' id='block_1_45' title="bbox 656 2925 2253 2996">
    <p class='ocr_par' dir='ltr' id='par_1_45' title="bbox 656 2925 2253 2996">
     <span class='ocr_line' id='line_1_45' title="bbox 656 2925 2253 2996; baseline 0.001 -14"><span class='ocrx_word' id='word_1_358' title='bbox 656 2926 712 2982; x_wconf 88' lang='lat' dir='ltr'><strong>in</strong></span> <span class='ocrx_word' id='word_1_359' title='bbox 733 2942 844 2996; x_wconf 89' lang='lat' dir='ltr'><strong>quo</strong></span> <span class='ocrx_word' id='word_1_360' title='bbox 865 2925 932 2983; x_wconf 86' lang='lat' dir='ltr'><strong>de</strong></span> <span class='ocrx_word' id='word_1_361' title='bbox 959 2927 1019 2982; x_wconf 88' lang='lat' dir='ltr'><strong>S.</strong></span> <span class='ocrx_word' id='word_1_362' title='bbox 1046 2926 1316 2983; x_wconf 86' lang='lat' dir='ltr'><strong>Benedicti</strong></span> <span class='ocrx_word' id='word_1_363' title='bbox 1344 2926 1530 2996; x_wconf 83' lang='lat' dir='ltr'><strong>regula</strong></span> <span class='ocrx_word' id='word_1_364' title='bbox 1560 2927 1611 2983; x_wconf 91' lang='lat' dir='ltr'><strong>in</strong></span> <span class='ocrx_word' id='word_1_365' title='bbox 1643 2928 1951 2996; x_wconf 86' lang='lat' dir='ltr'><strong>Anglicanis</strong></span> <span class='ocrx_word' id='word_1_366' title='bbox 1978 2938 2253 2984; x_wconf 82' lang='lat' dir='ltr'><strong>monaste-</strong></span> 
     </span>
    </p>
   </div>
   <div class='ocr_carea' id='block_1_46' title="bbox 658 3019 2253 3088">
    <p class='ocr_par' dir='ltr' id='par_1_46' title="bbox 658 3019 2253 3088">
     <span class='ocr_line' id='line_1_46' title="bbox 658 3019 2253 3088; baseline 0.002 -15"><span class='ocrx_word' id='word_1_367' title='bbox 658 3021 752 3074; x_wconf 86' lang='lat' dir='ltr'><strong>ri&#39;s</strong></span> <span class='ocrx_word' id='word_1_368' title='bbox 799 3019 1129 3075; x_wconf 86' lang='lat' dir='ltr'><strong>admittenda</strong></span> <span class='ocrx_word' id='word_1_369' title='bbox 1169 3027 1348 3074; x_wconf 86' lang='lat' dir='ltr'><strong>sctum</strong></span> <span class='ocrx_word' id='word_1_370' title='bbox 1377 3030 1564 3076; x_wconf 86' lang='lat' dir='ltr'><strong>censet</strong></span> <span class='ocrx_word' id='word_1_371' title='bbox 1591 3020 1993 3086; x_wconf 78' lang='lat' dir='ltr'><strong>Maresbamus;</strong></span> <span class='ocrx_word' id='word_1_372' title='bbox 2044 3030 2100 3076; x_wconf 91' lang='lat' dir='ltr'><strong>et</strong></span> <span class='ocrx_word' id='word_1_373' title='bbox 2141 3021 2253 3088; x_wconf 87' lang='lat' dir='ltr'><strong>jam</strong></span> 
     </span>
    </p>
   </div>
   <div class='ocr_carea' id='block_1_47' title="bbox 654 3110 2324 3193">
    <p class='ocr_par' dir='ltr' id='par_1_47' title="bbox 654 3110 2324 3193">
     <span class='ocr_line' id='line_1_47' title="bbox 654 3110 2324 3193; baseline 0.002 -29"><span class='ocrx_word' id='word_1_374' title='bbox 654 3126 726 3164; x_wconf 84' lang='lat' dir='ltr'><strong>eo</strong></span> <span class='ocrx_word' id='word_1_375' title='bbox 755 3119 999 3179; x_wconf 89' lang='lat' dir='ltr'><strong>tempore</strong></span> <span class='ocrx_word' id='word_1_376' title='bbox 1028 3110 1100 3164; x_wconf 90' lang='lat' dir='ltr'><strong>ita</strong></span> <span class='ocrx_word' id='word_1_377' title='bbox 1130 3111 1330 3180; x_wconf 88' lang='lat' dir='ltr'><strong>passim</strong></span> <span class='ocrx_word' id='word_1_378' title='bbox 1358 3110 1418 3168; x_wconf 87' lang='lat' dir='ltr'><strong>S.</strong></span> <span class='ocrx_word' id='word_1_379' title='bbox 1450 3112 1726 3167; x_wconf 85' lang='lat' dir='ltr'><strong>Benedicti</strong></span> <span class='ocrx_word' id='word_1_380' title='bbox 1756 3113 1938 3181; x_wconf 78' lang='lat' dir='ltr'><strong>regula</strong></span> <span class='ocrx_word' id='word_1_381' title='bbox 1970 3113 2023 3167; x_wconf 92' lang='lat' dir='ltr'><strong>in</strong></span> <span class='ocrx_word' id='word_1_382' title='bbox 2052 3113 2252 3182; x_wconf 78' lang='lat' dir='ltr'><strong>Anglia:</strong></span> <span class='ocrx_word' id='word_1_383' title='bbox 2282 3132 2324 3193; x_wconf 65' lang='grc' dir='ltr'>ρ</span> 
     </span>
    </p>
   </div>
   <div class='ocr_carea' id='block_1_48' title="bbox 664 3200 2255 3273">
    <p class='ocr_par' dir='ltr' id='par_1_48' title="bbox 664 3200 2255 3273">
     <span class='ocr_line' id='line_1_48' title="bbox 664 3200 2255 3273; baseline 0.004 -21"><span class='ocrx_word' id='word_1_384' title='bbox 664 3200 1006 3256; x_wconf 83' lang='lat' dir='ltr'><strong>monasteriis</strong></span> <span class='ocrx_word' id='word_1_385' title='bbox 1042 3200 1370 3266; x_wconf 88' lang='lat' dir='ltr'><strong>obtinuerat,</strong></span> <span class='ocrx_word' id='word_1_386' title='bbox 1422 3210 1483 3257; x_wconf 91' lang='lat' dir='ltr'><strong>ut</strong></span> <span class='ocrx_word' id='word_1_387' title='bbox 1527 3202 1615 3256; x_wconf 79' lang='lat' dir='ltr'><strong>vix</strong></span> <span class='ocrx_word' id='word_1_388' title='bbox 1666 3202 1721 3256; x_wconf 90' lang='lat' dir='ltr'><strong>in</strong></span> <span class='ocrx_word' id='word_1_389' title='bbox 1772 3211 1882 3257; x_wconf 89' lang='lat' dir='ltr'><strong>tota</strong></span> <span class='ocrx_word' id='word_1_390' title='bbox 1929 3203 2255 3273; x_wconf 81' lang='lat' dir='ltr'><strong>reperiretur</strong></span> 
     </span>
    </p>
   </div>
   <div class='ocr_carea' id='block_1_49' title="bbox 658 3290 2253 3367">
    <p class='ocr_par' dir='ltr' id='par_1_49' title="bbox 658 3290 2253 3367">
     <span class='ocr_line' id='line_1_49' title="bbox 658 3290 2253 3367; baseline 0.006 -24"><span class='ocrx_word' id='word_1_391' title='bbox 658 3290 849 3358; x_wconf 83' lang='lat' dir='ltr'><strong>Anglia</strong></span> <span class='ocrx_word' id='word_1_392' title='bbox 893 3290 979 3344; x_wconf 84' lang='lat' dir='ltr'><strong>vel</strong></span> <span class='ocrx_word' id='word_1_393' title='bbox 1026 3307 1164 3347; x_wconf 87' lang='lat' dir='ltr'><strong>unus</strong></span> <span class='ocrx_word' id='word_1_394' title='bbox 1210 3294 1506 3350; x_wconf 87' lang='lat' dir='ltr'><strong>monachus</strong></span> <span class='ocrx_word' id='word_1_395' title='bbox 1545 3294 1636 3363; x_wconf 90' lang='lat' dir='ltr'><strong>qui</strong></span> <span class='ocrx_word' id='word_1_396' title='bbox 1684 3294 1742 3349; x_wconf 89' lang='lat' dir='ltr'><strong>S.</strong></span> <span class='ocrx_word' id='word_1_397' title='bbox 1797 3294 2075 3351; x_wconf 86' lang='lat' dir='ltr'><strong>Benedicti</strong></span> <span class='ocrx_word' id='word_1_398' title='bbox 2106 3297 2253 3367; x_wconf 74' lang='lat' dir='ltr'><strong>leges</strong></span> 
     </span>
    </p>
   </div>
   <div class='ocr_carea' id='block_1_50' title="bbox 666 3381 2249 3452">
    <p class='ocr_par' dir='ltr' id='par_1_50' title="bbox 666 3381 2249 3452">
     <span class='ocr_line' id='line_1_50' title="bbox 666 3381 2249 3452; baseline 0.005 -18"><span class='ocrx_word' id='word_1_399' title='bbox 666 3396 773 3435; x_wconf 89' lang='lat' dir='ltr'><strong>non</strong></span> <span class='ocrx_word' id='word_1_400' title='bbox 821 3381 1158 3436; x_wconf 82' lang='lat' dir='ltr'><strong>observaret.</strong></span> <span class='ocrx_word' id='word_1_401' title='bbox 1205 3382 1391 3452; x_wconf 85' lang='lat' dir='ltr'><strong>Neque</strong></span> <span class='ocrx_word' id='word_1_402' title='bbox 1435 3400 1565 3439; x_wconf 85' lang='lat' dir='ltr'><strong>vero</strong></span> <span class='ocrx_word' id='word_1_403' title='bbox 1611 3385 1663 3439; x_wconf 89' lang='lat' dir='ltr'><strong>id</strong></span> <span class='ocrx_word' id='word_1_404' title='bbox 1708 3385 1879 3441; x_wconf 83' lang='lat' dir='ltr'><strong>levius</strong></span> <span class='ocrx_word' id='word_1_405' title='bbox 1908 3395 2172 3441; x_wconf 86' lang='lat' dir='ltr'><strong>a-sertum</strong></span> <span class='ocrx_word' id='word_1_406' title='bbox 2219 3404 2249 3443; x_wconf 84' lang='lat' dir='ltr'><strong>a</strong></span> 
     </span>
    </p>
   </div>
   <div class='ocr_carea' id='block_1_51' title="bbox 660 3470 2249 3549">
    <p class='ocr_par' dir='ltr' id='par_1_51' title="bbox 660 3470 2249 3549">
     <span class='ocr_line' id='line_1_51' title="bbox 660 3470 2249 3549; baseline 0.006 -24"><span class='ocrx_word' id='word_1_407' title='bbox 660 3470 871 3529; x_wconf 79' lang='lat' dir='ltr'><strong>Joanne</strong></span> <span class='ocrx_word' id='word_1_408' title='bbox 916 3472 1050 3527; x_wconf 74' lang='lat' dir='ltr'><strong>Vita:</strong></span> <span class='ocrx_word' id='word_1_409' title='bbox 1080 3471 1139 3531; x_wconf 86' lang='lat' dir='ltr'><strong>S.</strong></span> <span class='ocrx_word' id='word_1_410' title='bbox 1170 3472 1415 3543; x_wconf 76' lang='lat' dir='ltr'><strong>Gregorii</strong></span> <span class='ocrx_word' id='word_1_411' title='bbox 1462 3476 1727 3545; x_wconf 77' lang='lat' dir='ltr'><strong>scriptore</strong></span> <span class='ocrx_word' id='word_1_412' title='bbox 1753 3479 2127 3547; x_wconf 84' lang='lat' dir='ltr'><strong>suspicabitur,</strong></span> <span class='ocrx_word' id='word_1_413' title='bbox 2159 3481 2249 3549; x_wconf 90' lang='lat' dir='ltr'><strong>qui</strong></span> 
     </span>
    </p>
   </div>
   <div class='ocr_carea' id='block_1_52' title="bbox 662 3563 2248 3635">
    <p class='ocr_par' dir='ltr' id='par_1_52' title="bbox 662 3563 2248 3635">
     <span class='ocr_line' id='line_1_52' title="bbox 662 3563 2248 3635; baseline 0.006 -19"><span class='ocrx_word' id='word_1_414' title='bbox 662 3563 897 3619; x_wconf 87' lang='lat' dir='ltr'><strong>adducta</strong></span> <span class='ocrx_word' id='word_1_415' title='bbox 929 3580 1089 3634; x_wconf 86' lang='lat' dir='ltr'><strong>supra</strong></span> <span class='ocrx_word' id='word_1_416' title='bbox 1120 3580 1186 3623; x_wconf 74' lang='lat' dir='ltr'><strong>ex</strong></span> <span class='ocrx_word' id='word_1_417' title='bbox 1218 3566 1519 3632; x_wconf 87' lang='lat' dir='ltr'><strong>Aldhelmo,</strong></span> <span class='ocrx_word' id='word_1_418' title='bbox 1551 3567 1717 3635; x_wconf 86' lang='lat' dir='ltr'><strong>Beda,</strong></span> <span class='ocrx_word' id='word_1_419' title='bbox 1747 3568 1917 3625; x_wconf 80' lang='lat' dir='ltr'><strong>Eddio</strong></span> <span class='ocrx_word' id='word_1_420' title='bbox 1945 3578 2000 3624; x_wconf 91' lang='lat' dir='ltr'><strong>et</strong></span> <span class='ocrx_word' id='word_1_421' title='bbox 2024 3569 2248 3627; x_wconf 86' lang='lat' dir='ltr'><strong>Cloves—</strong></span> 
     </span>
    </p>
   </div>
   <div class='ocr_carea' id='block_1_53' title="bbox 661 3655 2245 3731">
    <p class='ocr_par' dir='ltr' id='par_1_53' title="bbox 661 3655 2245 3731">
     <span class='ocr_line' id='line_1_53' title="bbox 661 3655 2245 3731; baseline 0.006 -24"><span class='ocrx_word' id='word_1_422' title='bbox 661 3655 903 3710; x_wconf 88' lang='lat' dir='ltr'><strong>hoviensi</strong></span> <span class='ocrx_word' id='word_1_423' title='bbox 932 3655 1162 3710; x_wconf 89' lang='lat' dir='ltr'><strong>concilio</strong></span> <span class='ocrx_word' id='word_1_424' title='bbox 1208 3657 1518 3717; x_wconf 87' lang='lat' dir='ltr'><strong>testimonia</strong></span> <span class='ocrx_word' id='word_1_425' title='bbox 1560 3675 1669 3715; x_wconf 90' lang='lat' dir='ltr'><strong>non</strong></span> <span class='ocrx_word' id='word_1_426' title='bbox 1717 3662 2013 3718; x_wconf 89' lang='lat' dir='ltr'><strong>oscitanter</strong></span> <span class='ocrx_word' id='word_1_427' title='bbox 2039 3662 2245 3731; x_wconf 77' lang='lat' dir='ltr'><strong>legerit.</strong></span> 
     </span>
    </p>
   </div>
   <div class='ocr_carea' id='block_1_54' title="bbox 662 3744 2247 3823">
    <p class='ocr_par' dir='ltr' id='par_1_54' title="bbox 662 3744 2247 3823">
     <span class='ocr_line' id='line_1_54' title="bbox 662 3744 2247 3823; baseline 0.008 -25"><span class='ocrx_word' id='word_1_428' title='bbox 662 3744 925 3801; x_wconf 52' lang='lat' dir='ltr'><strong>Praeterea</strong></span> <span class='ocrx_word' id='word_1_429' title='bbox 956 3745 1243 3815; x_wconf 88' lang='lat' dir='ltr'><strong>Joannem,</strong></span> <span class='ocrx_word' id='word_1_430' title='bbox 1297 3757 1353 3805; x_wconf 90' lang='lat' dir='ltr'><strong>ut</strong></span> <span class='ocrx_word' id='word_1_431' title='bbox 1400 3749 1467 3805; x_wconf 90' lang='lat' dir='ltr'><strong>de</strong></span> <span class='ocrx_word' id='word_1_432' title='bbox 1494 3750 1552 3805; x_wconf 90' lang='lat' dir='ltr'><strong>S.</strong></span> <span class='ocrx_word' id='word_1_433' title='bbox 1585 3749 1829 3821; x_wconf 83' lang='lat' dir='ltr'><strong>Gregorii</strong></span> <span class='ocrx_word' id='word_1_434' title='bbox 1860 3754 2021 3811; x_wconf 88' lang='lat' dir='ltr'><strong>rebus</strong></span> <span class='ocrx_word' id='word_1_435' title='bbox 2063 3756 2247 3823; x_wconf 81' lang='lat' dir='ltr'><strong>gestis,</strong></span> 
     </span>
    </p>
   </div>
   <div class='ocr_carea' id='block_1_55' title="bbox 659 3839 2251 3923">
    <p class='ocr_par' dir='ltr' id='par_1_55' title="bbox 659 3839 2251 3923">
     <span class='ocr_line' id='line_1_55' title="bbox 659 3839 2251 3923; baseline 0.009 -31"><span class='ocrx_word' id='word_1_436' title='bbox 659 3852 723 3923; x_wconf 70' lang='lat' dir='ltr'><strong>ac</strong></span> <span class='ocrx_word' id='word_1_437' title='bbox 753 3840 1047 3907; x_wconf 74' lang='lat' dir='ltr'><strong>praisertini</strong></span> <span class='ocrx_word' id='word_1_438' title='bbox 1077 3839 1145 3896; x_wconf 90' lang='lat' dir='ltr'><strong>de</strong></span> <span class='ocrx_word' id='word_1_439' title='bbox 1174 3839 1466 3908; x_wconf 83' lang='lat' dir='ltr'><strong>Anglicana</strong></span> <span class='ocrx_word' id='word_1_440' title='bbox 1488 3841 1727 3901; x_wconf 88' lang='lat' dir='ltr'><strong>Ecclesia</strong></span> <span class='ocrx_word' id='word_1_441' title='bbox 1752 3846 1818 3900; x_wconf 86' lang='lat' dir='ltr'><strong>ab</strong></span> <span class='ocrx_word' id='word_1_442' title='bbox 1844 3845 1961 3915; x_wconf 83' lang='lat' dir='ltr'><strong>ejus</strong></span> <span class='ocrx_word' id='word_1_443' title='bbox 1981 3846 2251 3917; x_wconf 81' lang='lat' dir='ltr'><strong>discipulis</strong></span> 
     </span>
    </p>
   </div>
   <div class='ocr_carea' id='block_1_56' title="bbox 658 3929 2249 4011">
    <p class='ocr_par' dir='ltr' id='par_1_56' title="bbox 658 3929 2249 4011">
     <span class='ocr_line' id='line_1_56' title="bbox 658 3929 2249 4011; baseline 0.012 -28"><span class='ocrx_word' id='word_1_444' title='bbox 658 3929 877 3987; x_wconf 71' lang='lat' dir='ltr'><strong>{ululata</strong></span> <span class='ocrx_word' id='word_1_445' title='bbox 903 3974 916 3998; x_wconf 90' lang='lat'><strong>,</strong></span> <span class='ocrx_word' id='word_1_446' title='bbox 950 3934 1269 4003; x_wconf 85' lang='lat' dir='ltr'><strong>gubernata,</strong></span> <span class='ocrx_word' id='word_1_447' title='bbox 1318 3945 1615 4006; x_wconf 84' lang='lat' dir='ltr'><strong>propagata</strong></span> <span class='ocrx_word' id='word_1_448' title='bbox 1641 3937 1939 4007; x_wconf 87' lang='lat' dir='ltr'><strong>scriberet,</strong></span> <span class='ocrx_word' id='word_1_449' title='bbox 1969 3955 2075 3999; x_wconf 90' lang='lat' dir='ltr'><strong>non</strong></span> <span class='ocrx_word' id='word_1_450' title='bbox 2121 3956 2249 4011; x_wconf 81' lang='lat' dir='ltr'><strong>per—</strong></span> 
     </span>
    </p>
   </div>
   <div class='ocr_carea' id='block_1_57' title="bbox 653 4022 2247 4091">
    <p class='ocr_par' dir='ltr' id='par_1_57' title="bbox 653 4022 2247 4091">
     <span class='ocr_line' id='line_1_57' title="bbox 653 4022 2247 4091; baseline 0.008 -17"><span class='ocrx_word' id='word_1_451' title='bbox 653 4022 978 4079; x_wconf 83' lang='lat' dir='ltr'><strong>l&#39;unctoriam</strong></span> <span class='ocrx_word' id='word_1_452' title='bbox 1026 4024 1437 4091; x_wconf 83' lang='lat' dir='ltr'><strong>Anglicanarum</strong></span> <span class='ocrx_word' id='word_1_453' title='bbox 1466 4042 1649 4085; x_wconf 86' lang='lat' dir='ltr'><strong>rerum</strong></span> <span class='ocrx_word' id='word_1_454' title='bbox 1696 4029 1939 4085; x_wconf 87' lang='lat' dir='ltr'><strong>notitiam</strong></span> <span class='ocrx_word' id='word_1_455' title='bbox 1965 4030 2067 4089; x_wconf 88' lang='lat' dir='ltr'><strong>sibi</strong></span> <span class='ocrx_word' id='word_1_456' title='bbox 2095 4047 2247 4087; x_wconf 78' lang='lat' dir='ltr'><strong>com-</strong></span> 
     </span>
    </p>
   </div>
   <div class='ocr_carea' id='block_1_58' title="bbox 660 4115 2250 4190">
    <p class='ocr_par' dir='ltr' id='par_1_58' title="bbox 660 4115 2250 4190">
     <span class='ocr_line' id='line_1_58' title="bbox 660 4115 2250 4190; baseline 0.01 -26"><span class='ocrx_word' id='word_1_457' title='bbox 660 4126 877 4179; x_wconf 87' lang='lat' dir='ltr'><strong>parasse</strong></span> <span class='ocrx_word' id='word_1_458' title='bbox 925 4115 1339 4171; x_wconf 84' lang='lat' dir='ltr'><strong>constatzunde</strong></span> <span class='ocrx_word' id='word_1_459' title='bbox 1387 4117 1637 4185; x_wconf 88' lang='lat' dir='ltr'><strong>ignorare</strong></span> <span class='ocrx_word' id='word_1_460' title='bbox 1683 4134 1790 4175; x_wconf 90' lang='lat' dir='ltr'><strong>non</strong></span> <span class='ocrx_word' id='word_1_461' title='bbox 1837 4121 2011 4188; x_wconf 90' lang='lat' dir='ltr'><strong>potuit</strong></span> <span class='ocrx_word' id='word_1_462' title='bbox 2057 4122 2250 4190; x_wconf 83' lang='lat' dir='ltr'><strong>quibus</strong></span> 
     </span>
    </p>
   </div>
   <div class='ocr_carea' id='block_1_59' title="bbox 660 4202 2250 4277">
    <p class='ocr_par' dir='ltr' id='par_1_59' title="bbox 660 4202 2250 4277">
     <span class='ocr_line' id='line_1_59' title="bbox 660 4202 2250 4277; baseline 0.012 -23"><span class='ocrx_word' id='word_1_463' title='bbox 660 4202 1122 4270; x_wconf 80' lang='lat' dir='ltr'><strong>adstringerentur</strong></span> <span class='ocrx_word' id='word_1_464' title='bbox 1146 4205 1355 4273; x_wconf 81' lang='lat' dir='ltr'><strong>legibus</strong></span> <span class='ocrx_word' id='word_1_465' title='bbox 1382 4208 1584 4277; x_wconf 73' lang='lat' dir='ltr'><strong>Anglia:</strong></span> <span class='ocrx_word' id='word_1_466' title='bbox 1613 4212 2165 4269; x_wconf 86' lang='lat' dir='ltr'><strong>monasteria.Verum</strong></span> <span class='ocrx_word' id='word_1_467' title='bbox 2184 4217 2250 4273; x_wconf 87' lang='lat' dir='ltr'><strong>de</strong></span> 
     </span>
    </p>
   </div>
   <div class='ocr_carea' id='block_1_60' title="bbox 661 4284 2247 4362">
    <p class='ocr_par' dir='ltr' id='par_1_60' title="bbox 661 4284 2247 4362">
     <span class='ocr_line' id='line_1_60' title="bbox 661 4284 2247 4362; baseline 0.013 -23"><span class='ocrx_word' id='word_1_468' title='bbox 661 4286 767 4341; x_wconf 90' lang='lat' dir='ltr'><strong>hoc</strong></span> <span class='ocrx_word' id='word_1_469' title='bbox 794 4298 1111 4355; x_wconf 83' lang='lat' dir='ltr'><strong>argumento</strong></span> <span class='ocrx_word' id='word_1_470' title='bbox 1141 4284 1418 4361; x_wconf 81' lang='lat' dir='ltr'><strong>plusquam</strong></span> <span class='ocrx_word' id='word_1_471' title='bbox 1448 4297 1612 4362; x_wconf 88' lang='lat' dir='ltr'><strong>satis;</strong></span> <span class='ocrx_word' id='word_1_472' title='bbox 1661 4299 1895 4354; x_wconf 86' lang='lat' dir='ltr'><strong>maxime</strong></span> <span class='ocrx_word' id='word_1_473' title='bbox 1944 4316 2068 4359; x_wconf 88' lang='lat' dir='ltr'><strong>cum</strong></span> <span class='ocrx_word' id='word_1_474' title='bbox 2114 4303 2247 4361; x_wconf 87' lang='lat' dir='ltr'><strong>illud</strong></span> 
     </span>
    </p>
   </div>
   <div class='ocr_carea' id='block_1_61' title="bbox 662 4376 2244 4447">
    <p class='ocr_par' dir='ltr' id='par_1_61' title="bbox 662 4376 2244 4447">
     <span class='ocr_line' id='line_1_61' title="bbox 662 4376 2244 4447; baseline 0.013 -21"><span class='ocrx_word' id='word_1_475' title='bbox 662 4376 1008 4443; x_wconf 86' lang='lat' dir='ltr'><strong>occupaverit</strong></span> <span class='ocrx_word' id='word_1_476' title='bbox 1051 4378 1393 4437; x_wconf 81' lang='lat' dir='ltr'><strong>doctissimus</strong></span> <span class='ocrx_word' id='word_1_477' title='bbox 1440 4382 1800 4442; x_wconf 75' lang='lat' dir='ltr'><strong>Mabillonius.</strong></span> <span class='ocrx_word' id='word_1_478' title='bbox 1848 4387 2002 4445; x_wconf 87' lang='lat' dir='ltr'><strong>Nunc</strong></span> <span class='ocrx_word' id='word_1_479' title='bbox 2058 4391 2126 4446; x_wconf 87' lang='lat' dir='ltr'><strong>ad</strong></span> <span class='ocrx_word' id='word_1_480' title='bbox 2187 4391 2244 4447; x_wconf 91' lang='lat' dir='ltr'><strong>S.</strong></span> 
     </span>
    </p>
   </div>
   <div class='ocr_carea' id='block_1_62' title="bbox 662 4462 2328 4571">
    <p class='ocr_par' dir='ltr' id='par_1_62' title="bbox 662 4462 2328 4571">
     <span class='ocr_line' id='line_1_62' title="bbox 662 4462 2328 4571; baseline 0.014 -53"><span class='ocrx_word' id='word_1_481' title='bbox 662 4462 977 4571; x_wconf 70' lang='lat' dir='ltr'><strong>Gregorium</strong></span> <span class='ocrx_word' id='word_1_482' title='bbox 1001 4470 1303 4571; x_wconf 73' lang='lat' dir='ltr'><strong>redeamus,</strong></span> <span class='ocrx_word' id='word_1_483' title='bbox 1326 4474 1395 4571; x_wconf 79' lang='lat' dir='ltr'><strong>de</strong></span> <span class='ocrx_word' id='word_1_484' title='bbox 1422 4479 1696 4571; x_wconf 76' lang='lat' dir='ltr'><strong>conversis</strong></span> <span class='ocrx_word' id='word_1_485' title='bbox 1725 4480 1912 4550; x_wconf 86' lang='lat' dir='ltr'><strong>Anglis</strong></span> <span class='ocrx_word' id='word_1_486' title='bbox 1938 4484 1990 4537; x_wconf 91' lang='lat' dir='ltr'><strong>in</strong></span> <span class='ocrx_word' id='word_1_487' title='bbox 2017 4484 2246 4543; x_wconf 90' lang='lat' dir='ltr'><strong>Domino</strong></span> <span class='ocrx_word' id='word_1_488' title='bbox 2280 4512 2328 4571; x_wconf 72' lang='grc' dir='ltr'><strong>ι)</strong></span> 
     </span>
    </p>
   </div>
   <div class='ocr_carea' id='block_1_63' title="bbox 661 4558 2247 4645">
    <p class='ocr_par' dir='ltr' id='par_1_63' title="bbox 661 4558 2247 4645">
     <span class='ocr_line' id='line_1_63' title="bbox 661 4558 2247 4645; baseline 0.015 -35"><span class='ocrx_word' id='word_1_489' title='bbox 661 4558 1019 4617; x_wconf 83' lang='lat' dir='ltr'><strong>exsultantem</strong></span> <span class='ocrx_word' id='word_1_490' title='bbox 1043 4600 1060 4628; x_wconf 91' lang='lat'><strong>,</strong></span> <span class='ocrx_word' id='word_1_491' title='bbox 1109 4577 1173 4619; x_wconf 90' lang='lat' dir='ltr'><strong>ac</strong></span> <span class='ocrx_word' id='word_1_492' title='bbox 1202 4564 1268 4623; x_wconf 90' lang='lat' dir='ltr'><strong>de</strong></span> <span class='ocrx_word' id='word_1_493' title='bbox 1294 4565 1627 4625; x_wconf 83' lang='lat' dir='ltr'><strong>absolvenda</strong></span> <span class='ocrx_word' id='word_1_494' title='bbox 1676 4579 1827 4631; x_wconf 86' lang='lat' dir='ltr'><strong>tanto</strong></span> <span class='ocrx_word' id='word_1_495' title='bbox 1855 4589 2022 4645; x_wconf 86' lang='lat' dir='ltr'><strong>opere</strong></span> <span class='ocrx_word' id='word_1_496' title='bbox 2047 4578 2247 4637; x_wconf 80' lang='lat' dir='ltr'><strong>sollici—</strong></span> 
     </span>
    </p>
   </div>
   <div class='ocr_carea' id='block_1_64' title="bbox 657 4656 2002 4706">
    <p class='ocr_par' dir='ltr' id='par_1_64' title="bbox 657 4656 2002 4706">
     <span class='ocr_line' id='line_1_64' title="bbox 657 4656 2002 4706; baseline 0.005 -5"><span class='ocrx_word' id='word_1_497' title='bbox 657 4656 796 4706; x_wconf 88' lang='lat' dir='ltr'><strong>tum.</strong></span> <span class='ocrx_word' id='word_1_498' title='bbox 1996 4664 2002 4672; x_wconf 73' lang='grc'><em>’</em></span> 
     </span>
    </p>
   </div>
   <div class='ocr_carea' id='block_1_65' title="bbox 1158 4726 1747 4802">
    <p class='ocr_par' dir='ltr' id='par_1_65' title="bbox 1158 4726 1747 4802">
     <span class='ocr_line' id='line_1_65' title="bbox 1158 4726 1747 4802; baseline 0.005 -17"><span class='ocrx_word' id='word_1_499' title='bbox 1158 4728 1319 4802; x_wconf 74' lang='lat'><strong>239</strong></span> <span class='ocrx_word' id='word_1_500' title='bbox 1346 4726 1573 4785; x_wconf 86' lang='lat' dir='ltr'><strong>CAPUT</strong></span> <span class='ocrx_word' id='word_1_501' title='bbox 1612 4730 1747 4789; x_wconf 83' lang='lat' dir='ltr'><strong>Vlll.</strong></span> 
     </span>
    </p>
   </div>
   <div class='ocr_carea' id='block_1_66' title="bbox 656 4811 2243 4895">
    <p class='ocr_par' dir='ltr' id='par_1_66' title="bbox 656 4811 2243 4895">
     <span class='ocr_line' id='line_1_66' title="bbox 656 4811 2243 4895; baseline 0.015 -34"><span class='ocrx_word' id='word_1_502' title='bbox 656 4811 938 4895; x_wconf 35' lang='lat' dir='ltr'><strong>Anicul:</strong></span> <span class='ocrx_word' id='word_1_503' title='bbox 952 4815 1000 4895; x_wconf 73' lang='lat' dir='ltr'><strong>_l_.</strong></span> <span class='ocrx_word' id='word_1_504' title='bbox 1021 4817 1234 4895; x_wconf 32' lang='lat' dir='ltr'><strong>Sanctius</strong></span> <span class='ocrx_word' id='word_1_505' title='bbox 1252 4820 1520 4895; x_wconf 67' lang='lat' dir='ltr'><strong>Gregorius</strong></span> <span class='ocrx_word' id='word_1_506' title='bbox 1541 4822 1732 4895; x_wconf 77' lang='lat' dir='ltr'><strong>debitas</strong></span> <span class='ocrx_word' id='word_1_507' title='bbox 1754 4826 1847 4895; x_wconf 63' lang='lat' dir='ltr'><strong>sibi</strong></span> <span class='ocrx_word' id='word_1_508' title='bbox 1873 4840 1958 4895; x_wconf 71' lang='lat' dir='ltr'><strong>pro</strong></span> <span class='ocrx_word' id='word_1_509' title='bbox 1974 4828 2243 4895; x_wconf 78' lang='lat' dir='ltr'><strong>Anglorum</strong></span> 
     </span>
    </p>
   </div>
   <div class='ocr_carea' id='block_1_67' title="bbox 721 4879 2247 4948">
    <p class='ocr_par' dir='ltr' id='par_1_67' title="bbox 721 4879 2247 4948">
     <span class='ocr_line' id='line_1_67' title="bbox 721 4879 2247 4948; baseline 0.013 -26"><span class='ocrx_word' id='word_1_510' title='bbox 721 4880 1039 4948; x_wconf 81' lang='lat' dir='ltr'><strong>conversione</strong></span> <span class='ocrx_word' id='word_1_511' title='bbox 1076 4879 1246 4948; x_wconf 75' lang='lat' dir='ltr'><strong>laudes</strong></span> <span class='ocrx_word' id='word_1_512' title='bbox 1279 4882 1333 4948; x_wconf 79' lang='lat' dir='ltr'><strong>in</strong></span> <span class='ocrx_word' id='word_1_513' title='bbox 1354 4879 1473 4948; x_wconf 71' lang='lat' dir='ltr'><strong>alios</strong></span> <span class='ocrx_word' id='word_1_514' title='bbox 1504 4889 1712 4944; x_wconf 81' lang='lat' dir='ltr'><strong>regerit.</strong></span> <span class='ocrx_word' id='word_1_515' title='bbox 1738 4913 1797 4921; x_wconf 91' lang='lat'>—</span> <span class='ocrx_word' id='word_1_516' title='bbox 1820 4879 2247 4948; x_wconf 62' lang='lat' dir='ltr'><strong>2.&#39;Quantinulln:</strong></span> 
     </span>
    </p>
   </div>
   <div class='ocr_carea' id='block_1_68' title="bbox 721 4943 2246 5010">
    <p class='ocr_par' dir='ltr' id='par_1_68' title="bbox 721 4943 2246 5010">
     <span class='ocr_line' id='line_1_68' title="bbox 721 4943 2246 5010; baseline 0.013 -25"><span class='ocrx_word' id='word_1_517' title='bbox 721 4944 859 5010; x_wconf 74' lang='lat' dir='ltr'><strong>reret</strong></span> <span class='ocrx_word' id='word_1_518' title='bbox 883 4945 997 5010; x_wconf 79' lang='lat' dir='ltr'><strong>tunc</strong></span> <span class='ocrx_word' id='word_1_519' title='bbox 1019 4943 1193 5010; x_wconf 72' lang='lat' dir='ltr'><strong>religio</strong></span> <span class='ocrx_word' id='word_1_520' title='bbox 1233 4944 1283 4993; x_wconf 88' lang='lat' dir='ltr'><strong>in</strong></span> <span class='ocrx_word' id='word_1_521' title='bbox 1309 4943 1500 5010; x_wconf 65' lang='lat' dir='ltr'><strong>Anglia.</strong></span> <span class='ocrx_word' id='word_1_522' title='bbox 1524 4943 1585 5010; x_wconf 43' lang='grc' dir='ltr'><em>ᾖ</em></span> <span class='ocrx_word' id='word_1_523' title='bbox 1608 4948 1655 4997; x_wconf 76' lang='grc' dir='ltr'>ὅ.</span> <span class='ocrx_word' id='word_1_524' title='bbox 1681 4943 2107 5006; x_wconf 65' lang='grc' dir='ltr'><strong>υυωᾱθῐηἰ·θοιεης</strong></span> <span class='ocrx_word' id='word_1_525' title='bbox 2129 4967 2246 5005; x_wconf 82' lang='lat' dir='ltr'><strong>con-</strong></span> 
     </span>
    </p>
   </div>
   <div class='ocr_carea' id='block_1_69' title="bbox 721 5003 2244 5074">
    <p class='ocr_par' dir='ltr' id='par_1_69' title="bbox 721 5003 2244 5074">
     <span class='ocr_line' id='line_1_69' title="bbox 721 5003 2244 5074; baseline 0.014 -30"><span class='ocrx_word' id='word_1_526' title='bbox 721 5003 878 5074; x_wconf 62' lang='lat' dir='ltr'><strong>versis</strong></span> <span class='ocrx_word' id='word_1_527' title='bbox 918 5003 1141 5074; x_wconf 81' lang='lat' dir='ltr'><strong>indulget.</strong></span> <span class='ocrx_word' id='word_1_528' title='bbox 1163 5017 1303 5074; x_wconf 65' lang='lat' dir='ltr'><strong>papa.</strong></span> <span class='ocrx_word' id='word_1_529' title='bbox 1329 5003 1459 5074; x_wconf 30' lang='lat'><strong>—&quot;4_.</strong></span> <span class='ocrx_word' id='word_1_530' title='bbox 1487 5003 1725 5074; x_wconf 80' lang='lat' dir='ltr'><strong>lchorum</strong></span> <span class='ocrx_word' id='word_1_531' title='bbox 1770 5011 1953 5072; x_wconf 82' lang='lat' dir='ltr'><strong>templa</strong></span> <span class='ocrx_word' id='word_1_532' title='bbox 1976 5003 2244 5066; x_wconf 75' lang='lat' dir='ltr'><strong>Christiano</strong></span> 
     </span>
    </p>
   </div>
   <div class='ocr_carea' id='block_1_70' title="bbox 719 5067 2244 5137">
    <p class='ocr_par' dir='ltr' id='par_1_70' title="bbox 719 5067 2244 5137">
     <span class='ocr_line' id='line_1_70' title="bbox 719 5067 2244 5137; baseline 0.016 -32"><span class='ocrx_word' id='word_1_533' title='bbox 719 5068 814 5137; x_wconf 64' lang='lat' dir='ltr'><strong>ritu</strong></span> <span class='ocrx_word' id='word_1_534' title='bbox 853 5067 1121 5137; x_wconf 62' lang='lat' dir='ltr'><strong>consecrari</strong></span> <span class='ocrx_word' id='word_1_535' title='bbox 1158 5067 1318 5137; x_wconf 81' lang='lat' dir='ltr'><strong>jubet.</strong></span> <span class='ocrx_word' id='word_1_536' title='bbox 1343 5070 1478 5137; x_wconf 42' lang='grc' dir='ltr'><strong>ήδη</strong></span> <span class='ocrx_word' id='word_1_537' title='bbox 1505 5067 1935 5137; x_wconf 69' lang='lat' dir='ltr'><strong>Quias_neophytis</strong></span> <span class='ocrx_word' id='word_1_538' title='bbox 1981 5076 2149 5137; x_wconf 53' lang='grc' dir='ltr'><strong>θρωπε</strong></span> <span class='ocrx_word' id='word_1_539' title='bbox 2191 5089 2244 5129; x_wconf 88' lang='lat' dir='ltr'><strong>et</strong></span> 
     </span>
    </p>
   </div>
   <div class='ocr_carea' id='block_1_71' title="bbox 718 5127 2243 5193">
    <p class='ocr_par' dir='ltr' id='par_1_71' title="bbox 718 5127 2243 5193">
     <span class='ocr_line' id='line_1_71' title="bbox 718 5127 2243 5193; baseline 0.015 -26"><span class='ocrx_word' id='word_1_540' title='bbox 718 5132 900 5193; x_wconf 70' lang='lat' dir='ltr'><strong>agapes</strong></span> <span class='ocrx_word' id='word_1_541' title='bbox 940 5130 1255 5193; x_wconf 76' lang='lat' dir='ltr'><strong>concesserit.</strong></span> <span class='ocrx_word' id='word_1_542' title='bbox 1282 5153 1341 5163; x_wconf 92' lang='lat'><strong>-—</strong></span> <span class='ocrx_word' id='word_1_543' title='bbox 1375 5127 1425 5193; x_wconf 89' lang='lat'><strong>_6.</strong></span> <span class='ocrx_word' id='word_1_544' title='bbox 1454 5132 1757 5191; x_wconf 81' lang='lat' dir='ltr'><strong>Augustinus</strong></span> <span class='ocrx_word' id='word_1_545' title='bbox 1777 5127 1973 5185; x_wconf 61' lang='lat' dir='ltr'><strong>frustra</strong></span> <span class='ocrx_word' id='word_1_546' title='bbox 2015 5127 2243 5190; x_wconf 74' lang='lat' dir='ltr'><strong>Britones</strong></span> 
     </span>
    </p>
   </div>
   <div class='ocr_carea' id='block_1_72' title="bbox 717 5181 2242 5260">
    <p class='ocr_par' dir='ltr' id='par_1_72' title="bbox 717 5181 2242 5260">
     <span class='ocr_line' id='line_1_72' title="bbox 717 5181 2242 5260; baseline 0.014 -31"><span class='ocrx_word' id='word_1_547' title='bbox 717 5181 1016 5260; x_wconf 63' lang='lat' dir='ltr'><strong>dissidentes</strong></span> <span class='ocrx_word' id='word_1_548' title='bbox 1051 5188 1133 5260; x_wconf 59' lang='lat' dir='ltr'><strong>ad</strong></span> <span class='ocrx_word' id='word_1_549' title='bbox 1170 5202 1338 5260; x_wconf 75' lang='lat' dir='ltr'><strong>pacem</strong></span> <span class='ocrx_word' id='word_1_550' title='bbox 1374 5181 1560 5260; x_wconf 54' lang='lat' dir='ltr'><strong>invitat:</strong></span> <span class='ocrx_word' id='word_1_551' title='bbox 1604 5196 1694 5260; x_wconf 80' lang='lat' dir='ltr'><strong>Qui</strong></span> <span class='ocrx_word' id='word_1_552' title='bbox 1739 5181 2242 5260; x_wconf 50' lang='lat' dir='ltr'><strong>péiinzéiaé&quot;pligii§§</strong></span> 
     </span>
    </p>
   </div>
   <div class='ocr_carea' id='block_1_73' title="bbox 718 5243 2243 5319">
    <p class='ocr_par' dir='ltr' id='par_1_73' title="bbox 718 5243 2243 5319">
     <span class='ocr_line' id='line_1_73' title="bbox 718 5243 2243 5319; baseline 0.014 -28"><span class='ocrx_word' id='word_1_553' title='bbox 718 5243 849 5319; x_wconf 63' lang='lat' dir='ltr'><strong>dant.</strong></span> <span class='ocrx_word' id='word_1_554' title='bbox 880 5246 1137 5319; x_wconf 81' lang='lat' dir='ltr'><strong>Augustini</strong></span> <span class='ocrx_word' id='word_1_555' title='bbox 1170 5243 1350 5309; x_wconf 78' lang='lat' dir='ltr'><strong>obitus,</strong></span> <span class='ocrx_word' id='word_1_556' title='bbox 1378 5258 1429 5301; x_wconf 87' lang='lat' dir='ltr'><strong>et</strong></span> <span class='ocrx_word' id='word_1_557' title='bbox 1454 5261 1561 5315; x_wconf 75' lang='lat' dir='ltr'><strong>past</strong></span> <span class='ocrx_word' id='word_1_558' title='bbox 1596 5243 1793 5304; x_wconf 60' lang='lat' dir='ltr'><strong>dbituiu</strong></span> <span class='ocrx_word' id='word_1_559' title='bbox 1825 5243 2243 5313; x_wconf 53' lang='lat' dir='ltr'><strong>eiittué‘éaée&#39;ifil</strong></span> 
     </span>
    </p>
   </div>
   <div class='ocr_carea' id='block_1_74' title="bbox 719 5305 2240 5376">
    <p class='ocr_par' dir='ltr' id='par_1_74' title="bbox 719 5305 2240 5376">
     <span class='ocr_line' id='line_1_74' title="bbox 719 5305 2240 5376; baseline 0.015 -24"><span class='ocrx_word' id='word_1_560' title='bbox 719 5305 767 5376; x_wconf 67' lang='grc' dir='ltr'>ςῖ.</span> <span class='ocrx_word' id='word_1_561' title='bbox 793 5305 1036 5376; x_wconf 62' lang='lat' dir='ltr'><strong>Quantum</strong></span> <span class='ocrx_word' id='word_1_562' title='bbox 1052 5305 1501 5376; x_wconf 41' lang='grc' dir='ltr'><strong>Δεξὶιξε-εῑιιιιςεξὲίςονεὶει</strong></span> <span class='ocrx_word' id='word_1_563' title='bbox 1525 5330 1611 5376; x_wconf 83' lang='lat' dir='ltr'><strong>pro</strong></span> <span class='ocrx_word' id='word_1_564' title='bbox 1635 5305 2240 5374; x_wconf 32' lang='lat' dir='ltr'><strong>reconciliandis‘lti&#39;it‘onl-</strong></span> 
     </span>
    </p>
   </div>
   <div class='ocr_carea' id='block_1_75' title="bbox 717 5367 2240 5441">
    <p class='ocr_par' dir='ltr' id='par_1_75' title="bbox 717 5367 2240 5441">
     <span class='ocr_line' id='line_1_75' title="bbox 717 5367 2240 5441; baseline 0.01 -26"><span class='ocrx_word' id='word_1_565' title='bbox 717 5367 810 5416; x_wconf 85' lang='lat' dir='ltr'><strong>bus</strong></span> <span class='ocrx_word' id='word_1_566' title='bbox 839 5378 889 5417; x_wconf 91' lang='lat' dir='ltr'><strong>et</strong></span> <span class='ocrx_word' id='word_1_567' title='bbox 913 5367 1099 5441; x_wconf 60' lang='lat' dir='ltr'><strong>Scottis</strong></span> <span class='ocrx_word' id='word_1_568' title='bbox 1128 5371 1470 5441; x_wconf 70' lang='lat' dir='ltr'><strong>tabuiaveriut.</strong></span> <span class='ocrx_word' id='word_1_569' title='bbox 1490 5367 1550 5411; x_wconf 62' lang='lat'><strong>—&#39;</strong></span> <span class='ocrx_word' id='word_1_570' title='bbox 1567 5379 1613 5426; x_wconf 91' lang='lat'><strong>8.</strong></span> <span class='ocrx_word' id='word_1_571' title='bbox 1661 5379 1713 5427; x_wconf 90' lang='lat' dir='ltr'><strong>In</strong></span> <span class='ocrx_word' id='word_1_572' title='bbox 1739 5367 2240 5441; x_wconf 21' lang='lat' dir='ltr'><strong>AnglosVCbi-istia&#39;no.</strong></span> 
     </span>
    </p>
   </div>
   <div class='ocr_carea' id='block_1_76' title="bbox 752 5433 2241 5498">
    <p class='ocr_par' dir='ltr' id='par_1_76' title="bbox 752 5433 2241 5498">
     <span class='ocr_line' id='line_1_76' title="bbox 752 5433 2241 5498; baseline 0.015 -23"><span class='ocrx_word' id='word_1_573' title='bbox 752 5433 1237 5498; x_wconf 70' lang='lat' dir='ltr'><strong>ersecutio_deszevit.</strong></span> <span class='ocrx_word' id='word_1_574' title='bbox 1265 5436 1383 5498; x_wconf 71' lang='lat' dir='ltr'><strong>Quae.</strong></span> <span class='ocrx_word' id='word_1_575' title='bbox 1405 5442 1599 5487; x_wconf 63' lang='lat' dir='ltr'><strong>tandem</strong></span> <span class='ocrx_word' id='word_1_576' title='bbox 1624 5433 1844 5491; x_wconf 68' lang='grc' dir='ltr'><strong>δραεσιιινῖ</strong></span> <span class='ocrx_word' id='word_1_577' title='bbox 1860 5469 1919 5478; x_wconf 91' lang='grc'><strong><em>-</em></strong></span> <span class='ocrx_word' id='word_1_578' title='bbox 1936 5444 1982 5493; x_wconf 83' lang='grc'><strong>9.</strong></span> <span class='ocrx_word' id='word_1_579' title='bbox 2011 5433 2241 5498; x_wconf 79' lang='lat' dir='ltr'><strong>Britones</strong></span> 
     </span>
    </p>
   </div>
   <div class='ocr_carea' id='block_1_77' title="bbox 815 5492 2240 5569">
    <p class='ocr_par' dir='ltr' id='par_1_77' title="bbox 815 5492 2240 5569">
     <span class='ocr_line' id='line_1_77' title="bbox 815 5492 2240 5569; baseline 0.015 -31"><span class='ocrx_word' id='word_1_580' title='bbox 815 5492 949 5569; x_wconf 61' lang='lat' dir='ltr'><strong>insito</strong></span> <span class='ocrx_word' id='word_1_581' title='bbox 991 5493 1214 5569; x_wconf 60' lang='lat' dir='ltr'><strong>Romana?</strong></span> <span class='ocrx_word' id='word_1_582' title='bbox 1251 5496 1518 5548; x_wconf 82' lang='lat' dir='ltr'><strong>doctrinam</strong></span> <span class='ocrx_word' id='word_1_583' title='bbox 1558 5505 1779 5569; x_wconf 74' lang='lat' dir='ltr'><strong>ritusque</strong></span> <span class='ocrx_word' id='word_1_584' title='bbox 1813 5492 2115 5569; x_wconf 39' lang='lat' dir='ltr'><strong>suscipiunt.—</strong></span> <span class='ocrx_word' id='word_1_585' title='bbox 2132 5492 2240 5560; x_wconf 61' lang='lat'><strong>1766</strong></span> 
     </span>
    </p>
   </div>
   <div class='ocr_carea' id='block_1_78' title="bbox 719 5553 1895 5619">
    <p class='ocr_par' dir='ltr' id='par_1_78' title="bbox 719 5553 1895 5619">
     <span class='ocr_line' id='line_1_78' title="bbox 719 5553 1895 5619; baseline 0.014 -20"><span class='ocrx_word' id='word_1_586' title='bbox 719 5553 1060 5603; x_wconf 81' lang='lat' dir='ltr'><strong>bodiernomm</strong></span> <span class='ocrx_word' id='word_1_587' title='bbox 1082 5557 1352 5619; x_wconf 80' lang='lat' dir='ltr'><strong>Anglorum</strong></span> <span class='ocrx_word' id='word_1_588' title='bbox 1375 5553 1895 5616; x_wconf 63' lang='lat' dir='ltr'><strong>conversione&#39;votnm.</strong></span> 
     </span>
    </p>
   </div>
   <div class='ocr_carea' id='block_1_79' title="bbox 726 5651 2241 5739">
    <p class='ocr_par' dir='ltr' id='par_1_79' title="bbox 726 5651 2241 5739">
     <span class='ocr_line' id='line_1_79' title="bbox 726 5651 2241 5739; baseline 0.018 -36"><span class='ocrx_word' id='word_1_589' title='bbox 726 5651 778 5705; x_wconf 76' lang='grc'>1.</span> <span class='ocrx_word' id='word_1_590' title='bbox 820 5654 1067 5725; x_wconf 85' lang='lat' dir='ltr'><strong>Acceptis</strong></span> <span class='ocrx_word' id='word_1_591' title='bbox 1092 5674 1211 5729; x_wconf 72' lang='lat' dir='ltr'><strong>qum</strong></span> <span class='ocrx_word' id='word_1_592' title='bbox 1242 5661 1293 5715; x_wconf 93' lang='lat' dir='ltr'><strong>in</strong></span> <span class='ocrx_word' id='word_1_593' title='bbox 1324 5661 1613 5732; x_wconf 81' lang='lat' dir='ltr'><strong>Anglicana</strong></span> <span class='ocrx_word' id='word_1_594' title='bbox 1642 5670 1986 5739; x_wconf 83' lang='lat' dir='ltr'><strong>expeditione</strong></span> <span class='ocrx_word' id='word_1_595' title='bbox 2012 5672 2241 5731; x_wconf 80' lang='lat' dir='ltr'><strong>feliciter</strong></span> 
     </span>
    </p>
   </div>
   <div class='ocr_carea' id='block_1_80' title="bbox 655 5742 2236 5837">
    <p class='ocr_par' dir='ltr' id='par_1_80' title="bbox 655 5742 2236 5837">
     <span class='ocr_line' id='line_1_80' title="bbox 655 5742 2236 5837; baseline 0.019 -43"><span class='ocrx_word' id='word_1_596' title='bbox 655 5742 729 5796; x_wconf 80' lang='lat' dir='ltr'><strong>alr</strong></span> <span class='ocrx_word' id='word_1_597' title='bbox 752 5742 1049 5814; x_wconf 71' lang='lat' dir='ltr'><strong>Augustino</strong></span> <span class='ocrx_word' id='word_1_598' title='bbox 1092 5750 1315 5821; x_wconf 81' lang='lat' dir='ltr'><strong>ejusque</strong></span> <span class='ocrx_word' id='word_1_599' title='bbox 1343 5752 1597 5814; x_wconf 79' lang='lat' dir='ltr'><strong>fratribus</strong></span> <span class='ocrx_word' id='word_1_600' title='bbox 1635 5760 1688 5814; x_wconf 92' lang='lat' dir='ltr'><strong>in</strong></span> <span class='ocrx_word' id='word_1_601' title='bbox 1732 5761 1846 5818; x_wconf 86' lang='lat' dir='ltr'><strong>dies</strong></span> <span class='ocrx_word' id='word_1_602' title='bbox 1893 5766 2236 5837; x_wconf 77' lang='lat' dir='ltr'><strong>gerebantur,</strong></span> 
     </span>
    </p>
   </div>
   <div class='ocr_carea' id='block_1_81' title="bbox 2359 1833 3931 1905">
    <p class='ocr_par' dir='ltr' id='par_1_81' title="bbox 2359 1833 3931 1905">
     <span class='ocr_line' id='line_1_81' title="bbox 2359 1833 3931 1905; baseline 0.002 -18"><span class='ocrx_word' id='word_1_603' title='bbox 2359 1836 2720 1890; x_wconf 76' lang='lat' dir='ltr'><strong>Alexandrino</strong></span> <span class='ocrx_word' id='word_1_604' title='bbox 2766 1835 2954 1904; x_wconf 85' lang='lat' dir='ltr'><strong>populo</strong></span> <span class='ocrx_word' id='word_1_605' title='bbox 2984 1833 3255 1905; x_wconf 77' lang='lat' dir='ltr'><strong>loquenda,</strong></span> <span class='ocrx_word' id='word_1_606' title='bbox 3302 1843 3351 1888; x_wconf 78' lang='lat' dir='ltr'><strong>et</strong></span> <span class='ocrx_word' id='word_1_607' title='bbox 3395 1834 3518 1905; x_wconf 83' lang='lat' dir='ltr'><strong>quid</strong></span> <span class='ocrx_word' id='word_1_608' title='bbox 3542 1836 3601 1887; x_wconf 81' lang='lat' dir='ltr'><strong>in</strong></span> <span class='ocrx_word' id='word_1_609' title='bbox 3634 1836 3807 1888; x_wconf 80' lang='lat' dir='ltr'><strong>mundi</strong></span> <span class='ocrx_word' id='word_1_610' title='bbox 3831 1838 3931 1903; x_wconf 67' lang='lat' dir='ltr'><strong>ﬂai-</strong></span> 
     </span>
    </p>
   </div>
   <div class='ocr_carea' id='block_1_82' title="bbox 2360 1920 3928 1995">
    <p class='ocr_par' dir='ltr' id='par_1_82' title="bbox 2360 1920 3928 1995">
     <span class='ocr_line' id='line_1_82' title="bbox 2360 1920 3928 1995; baseline 0.001 -17"><span class='ocrx_word' id='word_1_611' title='bbox 2360 1924 2451 1978; x_wconf 79' lang='lat' dir='ltr'><strong>bus</strong></span> <span class='ocrx_word' id='word_1_612' title='bbox 2478 1926 2634 1995; x_wconf 83' lang='lat' dir='ltr'><strong>agitis</strong></span> <span class='ocrx_word' id='word_1_613' title='bbox 2675 1920 2893 1978; x_wconf 83' lang='lat' dir='ltr'><strong>oranda.</strong></span> <span class='ocrx_word' id='word_1_614' title='bbox 2935 1922 3131 1979; x_wconf 63' lang='lat' dir='ltr'><strong>Vestra</strong></span> <span class='ocrx_word' id='word_1_615' title='bbox 3156 1926 3293 1982; x_wconf 82' lang='lat' dir='ltr'><strong>enim</strong></span> <span class='ocrx_word' id='word_1_616' title='bbox 3338 1925 3607 1977; x_wconf 83' lang='lat' dir='ltr'><strong>arationes</strong></span> <span class='ocrx_word' id='word_1_617' title='bbox 3646 1935 3763 1978; x_wconf 81' lang='lat' dir='ltr'><strong>sunt</strong></span> <span class='ocrx_word' id='word_1_618' title='bbox 3798 1927 3845 1980; x_wconf 86' lang='lat' dir='ltr'><strong>in</strong></span> <span class='ocrx_word' id='word_1_619' title='bbox 3880 1945 3928 1983; x_wconf 82' lang='lat' dir='ltr'><strong>eo</strong></span> 
     </span>
    </p>
   </div>
   <div class='ocr_carea' id='block_1_83' title="bbox 2357 2014 3927 2085">
    <p class='ocr_par' dir='ltr' id='par_1_83' title="bbox 2357 2014 3927 2085">
     <span class='ocr_line' id='line_1_83' title="bbox 2357 2014 3927 2085; baseline 0.003 -18"><span class='ocrx_word' id='word_1_620' title='bbox 2357 2014 2469 2071; x_wconf 77' lang='lat' dir='ltr'><strong>loco</strong></span> <span class='ocrx_word' id='word_1_621' title='bbox 2514 2014 2598 2068; x_wconf 84' lang='lat' dir='ltr'><strong>ubi</strong></span> <span class='ocrx_word' id='word_1_622' title='bbox 2637 2031 2739 2069; x_wconf 83' lang='lat' dir='ltr'><strong>non</strong></span> <span class='ocrx_word' id='word_1_623' title='bbox 2767 2016 2910 2081; x_wconf 81' lang='lat' dir='ltr'><strong>estis,</strong></span> <span class='ocrx_word' id='word_1_624' title='bbox 2956 2031 3171 2085; x_wconf 79' lang='lat' dir='ltr'><strong>quorum</strong></span> <span class='ocrx_word' id='word_1_625' title='bbox 3214 2014 3539 2085; x_wconf 84' lang='lat' dir='ltr'><strong>operationes</strong></span> <span class='ocrx_word' id='word_1_626' title='bbox 3588 2026 3785 2069; x_wconf 67' lang='lat' dir='ltr'><strong>sancte</strong></span> <span class='ocrx_word' id='word_1_627' title='bbox 3806 2034 3927 2073; x_wconf 75' lang='lat' dir='ltr'><strong>tuaa-</strong></span> 
     </span>
    </p>
   </div>
   <div class='ocr_carea' id='block_1_84' title="bbox 2358 2105 3926 2177">
    <p class='ocr_par' dir='ltr' id='par_1_84' title="bbox 2358 2105 3926 2177">
     <span class='ocr_line' id='line_1_84' title="bbox 2358 2105 3926 2177; baseline 0.003 -18"><span class='ocrx_word' id='word_1_628' title='bbox 2358 2116 2590 2161; x_wconf 80' lang='lat' dir='ltr'><strong>strantur</strong></span> <span class='ocrx_word' id='word_1_629' title='bbox 2633 2107 2689 2161; x_wconf 90' lang='lat' dir='ltr'><strong>in</strong></span> <span class='ocrx_word' id='word_1_630' title='bbox 2735 2123 2796 2161; x_wconf 90' lang='lat' dir='ltr'><strong>eo</strong></span> <span class='ocrx_word' id='word_1_631' title='bbox 2834 2107 2945 2163; x_wconf 90' lang='lat' dir='ltr'><strong>loco</strong></span> <span class='ocrx_word' id='word_1_632' title='bbox 2974 2107 3027 2159; x_wconf 83' lang='lat' dir='ltr'><strong>in</strong></span> <span class='ocrx_word' id='word_1_633' title='bbox 3057 2123 3154 2177; x_wconf 85' lang='lat' dir='ltr'><strong>quo</strong></span> <span class='ocrx_word' id='word_1_634' title='bbox 3183 2107 3325 2160; x_wconf 84' lang='lat' dir='ltr'><strong>estis.</strong></span> <span class='ocrx_word' id='word_1_635' title='bbox 3356 2105 3445 2160; x_wconf 86' lang='lat' dir='ltr'><strong>Sic</strong></span> <span class='ocrx_word' id='word_1_636' title='bbox 3470 2105 3688 2162; x_wconf 87' lang='lat' dir='ltr'><strong>debitas</strong></span> <span class='ocrx_word' id='word_1_637' title='bbox 3713 2108 3807 2161; x_wconf 85' lang='lat' dir='ltr'><strong>sibi</strong></span> <span class='ocrx_word' id='word_1_638' title='bbox 3835 2108 3926 2163; x_wconf 83' lang='lat' dir='ltr'><strong>lau-</strong></span> 
     </span>
    </p>
   </div>
   <div class='ocr_carea' id='block_1_85' title="bbox 2358 2198 3924 2269">
    <p class='ocr_par' dir='ltr' id='par_1_85' title="bbox 2358 2198 3924 2269">
     <span class='ocr_line' id='line_1_85' title="bbox 2358 2198 3924 2269; baseline 0.001 -16"><span class='ocrx_word' id='word_1_639' title='bbox 2358 2199 2453 2253; x_wconf 51' lang='lat' dir='ltr'><strong>des</strong></span> <span class='ocrx_word' id='word_1_640' title='bbox 2478 2215 2573 2269; x_wconf 87' lang='lat' dir='ltr'><strong>pro</strong></span> <span class='ocrx_word' id='word_1_641' title='bbox 2595 2208 2745 2254; x_wconf 89' lang='lat' dir='ltr'><strong>tanto</strong></span> <span class='ocrx_word' id='word_1_642' title='bbox 2766 2214 2932 2268; x_wconf 88' lang='lat' dir='ltr'><strong>opere</strong></span> <span class='ocrx_word' id='word_1_643' title='bbox 2961 2198 3238 2267; x_wconf 85' lang='lat' dir='ltr'><strong>deprecari</strong></span> <span class='ocrx_word' id='word_1_644' title='bbox 3265 2199 3561 2253; x_wconf 88' lang='lat' dir='ltr'><strong>conabatur</strong></span> <span class='ocrx_word' id='word_1_645' title='bbox 3587 2198 3798 2253; x_wconf 86' lang='lat' dir='ltr'><strong>humilis</strong></span> <span class='ocrx_word' id='word_1_646' title='bbox 3818 2216 3924 2267; x_wconf 72' lang='lat' dir='ltr'><strong>pan-</strong></span> 
     </span>
    </p>
   </div>
   <div class='ocr_carea' id='block_1_86' title="bbox 2359 2289 3441 2361">
    <p class='ocr_par' dir='ltr' id='par_1_86' title="bbox 2359 2289 3441 2361">
     <span class='ocr_line' id='line_1_86' title="bbox 2359 2289 3441 2361; baseline -0.003 -15"><span class='ocrx_word' id='word_1_647' title='bbox 2359 2289 2426 2346; x_wconf 87' lang='lat' dir='ltr'><strong>tif</strong></span> <span class='ocrx_word' id='word_1_648' title='bbox 2438 2307 2514 2355; x_wconf 69' lang='grc' dir='ltr'><strong>ις,</strong></span> <span class='ocrx_word' id='word_1_649' title='bbox 2548 2306 2610 2345; x_wconf 88' lang='lat' dir='ltr'><strong>ac</strong></span> <span class='ocrx_word' id='word_1_650' title='bbox 2634 2291 2687 2345; x_wconf 91' lang='lat' dir='ltr'><strong>in</strong></span> <span class='ocrx_word' id='word_1_651' title='bbox 2717 2290 2983 2361; x_wconf 62' lang='lat' dir='ltr'><strong>quoslibet</strong></span> <span class='ocrx_word' id='word_1_652' title='bbox 3009 2290 3143 2344; x_wconf 88' lang='lat' dir='ltr'><strong>alios</strong></span> <span class='ocrx_word' id='word_1_653' title='bbox 3171 2302 3441 2356; x_wconf 83' lang='lat' dir='ltr'><strong>regerere.</strong></span> 
     </span>
    </p>
   </div>
   <div class='ocr_carea' id='block_1_87' title="bbox 2429 2376 3923 2444">
    <p class='ocr_par' dir='ltr' id='par_1_87' title="bbox 2429 2376 3923 2444">
     <span class='ocr_line' id='line_1_87' title="bbox 2429 2376 3923 2444; baseline -0.001 -9"><span class='ocrx_word' id='word_1_654' title='bbox 2429 2378 2479 2435; x_wconf 79' lang='grc'><strong>2.</strong></span> <span class='ocrx_word' id='word_1_655' title='bbox 2514 2378 2684 2444; x_wconf 66' lang='lat' dir='ltr'><strong>Quam</strong></span> <span class='ocrx_word' id='word_1_656' title='bbox 2711 2387 2837 2434; x_wconf 75' lang='lat' dir='ltr'><strong>tum:</strong></span> <span class='ocrx_word' id='word_1_657' title='bbox 2858 2376 3075 2433; x_wconf 70' lang='lat' dir='ltr'><strong>floreret</strong></span> <span class='ocrx_word' id='word_1_658' title='bbox 3098 2378 3149 2432; x_wconf 89' lang='lat' dir='ltr'><strong>itt</strong></span> <span class='ocrx_word' id='word_1_659' title='bbox 3177 2377 3451 2433; x_wconf 86' lang='lat' dir='ltr'><strong>Britannia</strong></span> <span class='ocrx_word' id='word_1_660' title='bbox 3474 2377 3669 2444; x_wconf 75' lang='lat' dir='ltr'><strong>religio</strong></span> <span class='ocrx_word' id='word_1_661' title='bbox 3697 2376 3923 2433; x_wconf 83' lang='lat' dir='ltr'><strong>Christia-</strong></span> 
     </span>
    </p>
   </div>
   <div class='ocr_carea' id='block_1_88' title="bbox 2357 2468 3924 2539">
    <p class='ocr_par' dir='ltr' id='par_1_88' title="bbox 2357 2468 3924 2539">
     <span class='ocr_line' id='line_1_88' title="bbox 2357 2468 3924 2539; baseline -0.003 -14"><span class='ocrx_word' id='word_1_662' title='bbox 2357 2485 2446 2533; x_wconf 83' lang='lat' dir='ltr'><strong>na,</strong></span> <span class='ocrx_word' id='word_1_663' title='bbox 2481 2471 2561 2525; x_wconf 84' lang='lat' dir='ltr'><strong>bis</strong></span> <span class='ocrx_word' id='word_1_664' title='bbox 2589 2470 2767 2526; x_wconf 74' lang='lat' dir='ltr'><strong>Verbis</strong></span> <span class='ocrx_word' id='word_1_665' title='bbox 2796 2471 3047 2539; x_wconf 75' lang='lat' dir='ltr'><strong>exprimit</strong></span> <span class='ocrx_word' id='word_1_666' title='bbox 3071 2485 3092 2525; x_wconf 89' lang='lat'><strong><em>:</em></strong></span> <span class='ocrx_word' id='word_1_667' title='bbox 3121 2468 3259 2524; x_wconf 82' lang='lat' dir='ltr'><strong>Ecce</strong></span> <span class='ocrx_word' id='word_1_668' title='bbox 3286 2470 3465 2539; x_wconf 80' lang='lat' dir='ltr'><strong>lingua</strong></span> <span class='ocrx_word' id='word_1_669' title='bbox 3496 2468 3804 2530; x_wconf 64' lang='lat' dir='ltr'><strong>Britannica.</strong></span> <span class='ocrx_word' id='word_1_670' title='bbox 3835 2488 3924 2539; x_wconf 70' lang='lat' dir='ltr'><strong>qua</strong></span> 
     </span>
    </p>
   </div>
   <div class='ocr_carea' id='block_1_89' title="bbox 2357 2558 3922 2631">
    <p class='ocr_par' dir='ltr' id='par_1_89' title="bbox 2357 2558 3922 2631">
     <span class='ocr_line' id='line_1_89' title="bbox 2357 2558 3922 2631; baseline 0 -19"><span class='ocrx_word' id='word_1_671' title='bbox 2357 2561 2433 2613; x_wconf 86' lang='lat' dir='ltr'><strong>nil</strong></span> <span class='ocrx_word' id='word_1_672' title='bbox 2453 2560 2598 2615; x_wconf 81' lang='lat' dir='ltr'><strong>aliud</strong></span> <span class='ocrx_word' id='word_1_673' title='bbox 2619 2568 2848 2622; x_wconf 73' lang='lat' dir='ltr'><strong>noverat,</strong></span> <span class='ocrx_word' id='word_1_674' title='bbox 2873 2577 3021 2631; x_wconf 84' lang='lat' dir='ltr'><strong>quam</strong></span> <span class='ocrx_word' id='word_1_675' title='bbox 3044 2558 3316 2614; x_wconf 86' lang='lat' dir='ltr'><strong>barbarum</strong></span> <span class='ocrx_word' id='word_1_676' title='bbox 3342 2562 3601 2629; x_wconf 76' lang='lat' dir='ltr'><strong>frendere,</strong></span> <span class='ocrx_word' id='word_1_677' title='bbox 3626 2560 3739 2631; x_wconf 85' lang='lat' dir='ltr'><strong>jam</strong></span> <span class='ocrx_word' id='word_1_678' title='bbox 3758 2560 3922 2613; x_wconf 76' lang='lat' dir='ltr'><strong>dudum</strong></span> 
     </span>
    </p>
   </div>
   <div class='ocr_carea' id='block_1_90' title="bbox 2358 2647 3919 2718">
    <p class='ocr_par' dir='ltr' id='par_1_90' title="bbox 2358 2647 3919 2718">
     <span class='ocr_line' id='line_1_90' title="bbox 2358 2647 3919 2718; baseline -0.002 -13"><span class='ocrx_word' id='word_1_679' title='bbox 2358 2648 2411 2705; x_wconf 80' lang='lat' dir='ltr'><strong>in</strong></span> <span class='ocrx_word' id='word_1_680' title='bbox 2444 2648 2634 2701; x_wconf 78' lang='lat' dir='ltr'><strong>dicinis</strong></span> <span class='ocrx_word' id='word_1_681' title='bbox 2665 2647 2901 2702; x_wconf 84' lang='lat' dir='ltr'><strong>laudibus</strong></span> <span class='ocrx_word' id='word_1_682' title='bbox 2934 2647 3209 2702; x_wconf 77' lang='lat' dir='ltr'><strong>Ilebrwum</strong></span> <span class='ocrx_word' id='word_1_683' title='bbox 3239 2650 3387 2718; x_wconf 67' lang='lat' dir='ltr'><strong>carpit</strong></span> <span class='ocrx_word' id='word_1_684' title='bbox 3417 2650 3660 2718; x_wconf 79' lang='lat' dir='ltr'><strong>Alleluya</strong></span> <span class='ocrx_word' id='word_1_685' title='bbox 3690 2666 3919 2703; x_wconf 80' lang='lat' dir='ltr'><strong>resonare.</strong></span> 
     </span>
    </p>
   </div>
   <div class='ocr_carea' id='block_1_91' title="bbox 2358 2734 3921 2807">
    <p class='ocr_par' dir='ltr' id='par_1_91' title="bbox 2358 2734 3921 2807">
     <span class='ocr_line' id='line_1_91' title="bbox 2358 2734 3921 2807; baseline -0.003 -18"><span class='ocrx_word' id='word_1_686' title='bbox 2358 2734 2492 2791; x_wconf 84' lang='lat' dir='ltr'><strong>Ecce</strong></span> <span class='ocrx_word' id='word_1_687' title='bbox 2515 2736 2774 2806; x_wconf 83' lang='lat' dir='ltr'><strong>quondam</strong></span> <span class='ocrx_word' id='word_1_688' title='bbox 2795 2737 3021 2791; x_wconf 87' lang='lat' dir='ltr'><strong>tumidus</strong></span> <span class='ocrx_word' id='word_1_689' title='bbox 3039 2775 3055 2804; x_wconf 88' lang='lat'><strong>,</strong></span> <span class='ocrx_word' id='word_1_690' title='bbox 3080 2737 3193 2807; x_wconf 81' lang='lat' dir='ltr'><strong>jam</strong></span> <span class='ocrx_word' id='word_1_691' title='bbox 3220 2736 3509 2791; x_wconf 79' lang='lat' dir='ltr'><strong>substratus</strong></span> <span class='ocrx_word' id='word_1_692' title='bbox 3534 2746 3827 2793; x_wconf 69' lang='lat' dir='ltr'><strong>sam-totum</strong></span> <span class='ocrx_word' id='word_1_693' title='bbox 3848 2753 3921 2807; x_wconf 77' lang='lat' dir='ltr'><strong>pe.</strong></span> 
     </span>
    </p>
   </div>
   <div class='ocr_carea' id='block_1_92' title="bbox 2357 2824 3921 2895">
    <p class='ocr_par' dir='ltr' id='par_1_92' title="bbox 2357 2824 3921 2895">
     <span class='ocr_line' id='line_1_92' title="bbox 2357 2824 3921 2895; baseline 0.001 -17"><span class='ocrx_word' id='word_1_694' title='bbox 2357 2824 2504 2878; x_wconf 70' lang='lat' dir='ltr'><strong>dibus</strong></span> <span class='ocrx_word' id='word_1_695' title='bbox 2541 2828 2694 2881; x_wconf 84' lang='lat' dir='ltr'><strong>servit</strong></span> <span class='ocrx_word' id='word_1_696' title='bbox 2739 2824 3011 2893; x_wconf 84' lang='lat' dir='ltr'><strong>Oceanus,</strong></span> <span class='ocrx_word' id='word_1_697' title='bbox 3048 2828 3259 2895; x_wconf 83' lang='lat' dir='ltr'><strong>ejusque</strong></span> <span class='ocrx_word' id='word_1_698' title='bbox 3296 2825 3543 2879; x_wconf 79' lang='lat' dir='ltr'><strong>barbaros</strong></span> <span class='ocrx_word' id='word_1_699' title='bbox 3574 2834 3776 2888; x_wconf 85' lang='lat' dir='ltr'><strong>matus,</strong></span> <span class='ocrx_word' id='word_1_700' title='bbox 3820 2842 3921 2894; x_wconf 76' lang='lat' dir='ltr'><strong>quos</strong></span> 
     </span>
    </p>
   </div>
   <div class='ocr_carea' id='block_1_93' title="bbox 2359 2914 3921 2986">
    <p class='ocr_par' dir='ltr' id='par_1_93' title="bbox 2359 2914 3921 2986">
     <span class='ocr_line' id='line_1_93' title="bbox 2359 2914 3921 2986; baseline 0.002 -21"><span class='ocrx_word' id='word_1_701' title='bbox 2359 2915 2544 2967; x_wconf 86' lang='lat' dir='ltr'><strong>terreni</strong></span> <span class='ocrx_word' id='word_1_702' title='bbox 2572 2916 2830 2985; x_wconf 80' lang='lat' dir='ltr'><strong>principes</strong></span> <span class='ocrx_word' id='word_1_703' title='bbox 2879 2914 3121 2969; x_wconf 83' lang='lat' dir='ltr'><strong>edomare</strong></span> <span class='ocrx_word' id='word_1_704' title='bbox 3152 2918 3292 2986; x_wconf 87' lang='lat' dir='ltr'><strong>ferro</strong></span> <span class='ocrx_word' id='word_1_705' title='bbox 3324 2917 3695 2984; x_wconf 75' lang='lat' dir='ltr'><strong>nequiverant,</strong></span> <span class='ocrx_word' id='word_1_706' title='bbox 3738 2916 3823 2968; x_wconf 85' lang='lat' dir='ltr'><strong>hos</strong></span> <span class='ocrx_word' id='word_1_707' title='bbox 3847 2932 3921 2983; x_wconf 78' lang='lat' dir='ltr'><strong>pro</strong></span> 
     </span>
    </p>
   </div>
   <div class='ocr_carea' id='block_1_94' title="bbox 2356 3004 3919 3073">
    <p class='ocr_par' dir='ltr' id='par_1_94' title="bbox 2356 3004 3919 3073">
     <span class='ocr_line' id='line_1_94' title="bbox 2356 3004 3919 3073; baseline 0 -18"><span class='ocrx_word' id='word_1_708' title='bbox 2356 3004 2528 3056; x_wconf 87' lang='lat' dir='ltr'><strong>divina</strong></span> <span class='ocrx_word' id='word_1_709' title='bbox 2559 3004 2836 3073; x_wconf 85' lang='lat' dir='ltr'><strong>formidine</strong></span> <span class='ocrx_word' id='word_1_710' title='bbox 2865 3005 3189 3060; x_wconf 87' lang='lat' dir='ltr'><strong>sacerdotum</strong></span> <span class='ocrx_word' id='word_1_711' title='bbox 3218 3022 3311 3058; x_wconf 89' lang='lat' dir='ltr'><strong>ora</strong></span> <span class='ocrx_word' id='word_1_712' title='bbox 3342 3005 3666 3073; x_wconf 78' lang='lat' dir='ltr'><strong>simplicibus</strong></span> <span class='ocrx_word' id='word_1_713' title='bbox 3695 3004 3847 3059; x_wconf 61' lang='lat' dir='ltr'><strong>t‘erbis</strong></span> <span class='ocrx_word' id='word_1_714' title='bbox 3867 3005 3919 3056; x_wconf 84' lang='lat' dir='ltr'><strong>li-</strong></span> 
     </span>
    </p>
   </div>
   <div class='ocr_carea' id='block_1_95' title="bbox 2358 3092 3922 3164">
    <p class='ocr_par' dir='ltr' id='par_1_95' title="bbox 2358 3092 3922 3164">
     <span class='ocr_line' id='line_1_95' title="bbox 2358 3092 3922 3164; baseline 0.001 -21"><span class='ocrx_word' id='word_1_715' title='bbox 2358 3100 2519 3162; x_wconf 88' lang='lat' dir='ltr'><strong>gant:</strong></span> <span class='ocrx_word' id='word_1_716' title='bbox 2549 3102 2598 3144; x_wconf 89' lang='lat' dir='ltr'><strong>et</strong></span> <span class='ocrx_word' id='word_1_717' title='bbox 2626 3094 2712 3164; x_wconf 88' lang='lat' dir='ltr'><strong>qui</strong></span> <span class='ocrx_word' id='word_1_718' title='bbox 2740 3101 2972 3146; x_wconf 73' lang='lat' dir='ltr'><strong>catervas</strong></span> <span class='ocrx_word' id='word_1_719' title='bbox 3003 3094 3343 3164; x_wconf 84' lang='lat' dir='ltr'><strong>pugnantium</strong></span> <span class='ocrx_word' id='word_1_720' title='bbox 3373 3092 3600 3161; x_wconf 82' lang='lat' dir='ltr'><strong>infidelis</strong></span> <span class='ocrx_word' id='word_1_721' title='bbox 3634 3110 3922 3162; x_wconf 70' lang='lat' dir='ltr'><strong>nequaquam</strong></span> 
     </span>
    </p>
   </div>
   <div class='ocr_carea' id='block_1_96' title="bbox 2357 3181 3917 3254">
    <p class='ocr_par' dir='ltr' id='par_1_96' title="bbox 2357 3181 3917 3254">
     <span class='ocr_line' id='line_1_96' title="bbox 2357 3181 3917 3254; baseline 0.001 -23"><span class='ocrx_word' id='word_1_722' title='bbox 2357 3189 2639 3247; x_wconf 88' lang='lat' dir='ltr'><strong>metuerat,</strong></span> <span class='ocrx_word' id='word_1_723' title='bbox 2678 3182 2794 3251; x_wconf 86' lang='lat' dir='ltr'><strong>jam</strong></span> <span class='ocrx_word' id='word_1_724' title='bbox 2840 3198 2977 3233; x_wconf 84' lang='lat' dir='ltr'><strong>nunc</strong></span> <span class='ocrx_word' id='word_1_725' title='bbox 3018 3182 3188 3252; x_wconf 83' lang='lat' dir='ltr'><strong>fidelis</strong></span> <span class='ocrx_word' id='word_1_726' title='bbox 3227 3181 3495 3235; x_wconf 81' lang='lat' dir='ltr'><strong>humilium</strong></span> <span class='ocrx_word' id='word_1_727' title='bbox 3536 3183 3745 3254; x_wconf 84' lang='lat' dir='ltr'><strong>linguas</strong></span> <span class='ocrx_word' id='word_1_728' title='bbox 3783 3184 3917 3234; x_wconf 79' lang='lat' dir='ltr'><strong>timet.</strong></span> 
     </span>
    </p>
   </div>
   <div class='ocr_carea' id='block_1_97' title="bbox 2356 3269 3920 3343">
    <p class='ocr_par' dir='ltr' id='par_1_97' title="bbox 2356 3269 3920 3343">
     <span class='ocr_line' id='line_1_97' title="bbox 2356 3269 3920 3343; baseline 0 -20"><span class='ocrx_word' id='word_1_729' title='bbox 2356 3269 2491 3334; x_wconf 82' lang='lat' dir='ltr'><strong>Quia</strong></span> <span class='ocrx_word' id='word_1_730' title='bbox 2530 3273 2667 3324; x_wconf 86' lang='lat' dir='ltr'><strong>enim</strong></span> <span class='ocrx_word' id='word_1_731' title='bbox 2698 3274 2953 3343; x_wconf 85' lang='lat' dir='ltr'><strong>perceptis</strong></span> <span class='ocrx_word' id='word_1_732' title='bbox 2993 3271 3278 3327; x_wconf 64' lang='lat' dir='ltr'><strong>caelestibus</strong></span> <span class='ocrx_word' id='word_1_733' title='bbox 3314 3273 3505 3335; x_wconf 72' lang='lat' dir='ltr'><strong>verbis,</strong></span> <span class='ocrx_word' id='word_1_734' title='bbox 3552 3274 3920 3327; x_wconf 80' lang='lat' dir='ltr'><strong>clarescentibus</strong></span> 
     </span>
    </p>
   </div>
   <div class='ocr_carea' id='block_1_98' title="bbox 2351 3361 3917 3433">
    <p class='ocr_par' dir='ltr' id='par_1_98' title="bbox 2351 3361 3917 3433">
     <span class='ocr_line' id='line_1_98' title="bbox 2351 3361 3917 3433; baseline 0.003 -24"><span class='ocrx_word' id='word_1_735' title='bbox 2351 3376 2548 3431; x_wconf 88' lang='lat' dir='ltr'><strong>quoque</strong></span> <span class='ocrx_word' id='word_1_736' title='bbox 2575 3361 2859 3422; x_wconf 87' lang='lat' dir='ltr'><strong>miraculis,</strong></span> <span class='ocrx_word' id='word_1_737' title='bbox 2892 3361 3050 3415; x_wconf 81' lang='lat' dir='ltr'><strong>rirtus</strong></span> <span class='ocrx_word' id='word_1_738' title='bbox 3073 3363 3118 3414; x_wconf 89' lang='lat' dir='ltr'><strong>ei</strong></span> <span class='ocrx_word' id='word_1_739' title='bbox 3147 3362 3332 3415; x_wconf 75' lang='lat' dir='ltr'><strong>dicina:</strong></span> <span class='ocrx_word' id='word_1_740' title='bbox 3361 3364 3679 3433; x_wconf 64' lang='lat' dir='ltr'><strong>cognitionis</strong></span> <span class='ocrx_word' id='word_1_741' title='bbox 3710 3362 3917 3431; x_wconf 57' lang='lat' dir='ltr'><strong>infundi-</strong></span> 
     </span>
    </p>
   </div>
   <div class='ocr_carea' id='block_1_99' title="bbox 2366 3450 3918 3522">
    <p class='ocr_par' dir='ltr' id='par_1_99' title="bbox 2366 3450 3918 3522">
     <span class='ocr_line' id='line_1_99' title="bbox 2366 3450 3918 3522; baseline 0.001 -21"><span class='ocrx_word' id='word_1_742' title='bbox 2366 3459 2448 3502; x_wconf 88' lang='lat' dir='ltr'><strong>tur</strong></span> <span class='ocrx_word' id='word_1_743' title='bbox 2470 3488 2484 3513; x_wconf 95' lang='lat'><strong>,</strong></span> <span class='ocrx_word' id='word_1_744' title='bbox 2533 3450 2757 3520; x_wconf 70' lang='lat' dir='ltr'><strong>ejusdem</strong></span> <span class='ocrx_word' id='word_1_745' title='bbox 2806 3451 3087 3504; x_wconf 76' lang='lat' dir='ltr'><strong>diuinitatis</strong></span> <span class='ocrx_word' id='word_1_746' title='bbox 3130 3462 3322 3505; x_wconf 86' lang='lat' dir='ltr'><strong>terrore</strong></span> <span class='ocrx_word' id='word_1_747' title='bbox 3350 3454 3680 3522; x_wconf 79' lang='lat' dir='ltr'><strong>refrenatur,</strong></span> <span class='ocrx_word' id='word_1_748' title='bbox 3713 3462 3765 3505; x_wconf 85' lang='lat' dir='ltr'><strong>ut</strong></span> <span class='ocrx_word' id='word_1_749' title='bbox 3787 3469 3918 3521; x_wconf 79' lang='lat' dir='ltr'><strong>prora</strong></span> 
     </span>
    </p>
   </div>
   <div class='ocr_carea' id='block_1_100' title="bbox 2352 3540 3916 3613">
    <p class='ocr_par' dir='ltr' id='par_1_100' title="bbox 2352 3540 3916 3613">
     <span class='ocr_line' id='line_1_100' title="bbox 2352 3540 3916 3613; baseline 0.002 -23"><span class='ocrx_word' id='word_1_750' title='bbox 2352 3554 2506 3608; x_wconf 83' lang='lat' dir='ltr'><strong>agere</strong></span> <span class='ocrx_word' id='word_1_751' title='bbox 2529 3548 2743 3606; x_wconf 87' lang='lat' dir='ltr'><strong>metuat,</strong></span> <span class='ocrx_word' id='word_1_752' title='bbox 2777 3557 2836 3592; x_wconf 85' lang='lat' dir='ltr'><strong>ac</strong></span> <span class='ocrx_word' id='word_1_753' title='bbox 2860 3541 2977 3593; x_wconf 87' lang='lat' dir='ltr'><strong>totis</strong></span> <span class='ocrx_word' id='word_1_754' title='bbox 3006 3541 3273 3599; x_wconf 76' lang='lat' dir='ltr'><strong>desideriis</strong></span> <span class='ocrx_word' id='word_1_755' title='bbox 3295 3540 3365 3593; x_wconf 85' lang='lat' dir='ltr'><strong>ad</strong></span> <span class='ocrx_word' id='word_1_756' title='bbox 3386 3543 3699 3596; x_wconf 78' lang='lat' dir='ltr'><strong>wternitatis</strong></span> <span class='ocrx_word' id='word_1_757' title='bbox 3725 3544 3916 3613; x_wconf 77' lang='lat' dir='ltr'><strong>gratiam</strong></span> 
     </span>
    </p>
   </div>
   <div class='ocr_carea' id='block_1_101' title="bbox 2350 3630 3797 3705">
    <p class='ocr_par' dir='ltr' id='par_1_101' title="bbox 2350 3630 3797 3705">
     <span class='ocr_line' id='line_1_101' title="bbox 2350 3630 3797 3705; baseline 0.004 -25"><span class='ocrx_word' id='word_1_758' title='bbox 2350 3631 2611 3698; x_wconf 70' lang='lat' dir='ltr'><strong>pervenire</strong></span> <span class='ocrx_word' id='word_1_759' title='bbox 2640 3631 2967 3699; x_wconf 54' lang='lat' dir='ltr'><strong>concupiscat</strong></span> <span class='ocrx_word' id='word_1_760' title='bbox 2998 3630 3214 3701; x_wconf 74' lang='lat' dir='ltr'><strong>(Morel.</strong></span> <span class='ocrx_word' id='word_1_761' title='bbox 3244 3634 3280 3686; x_wconf 84' lang='lat' dir='ltr'><strong>l.</strong></span> <span class='ocrx_word' id='word_1_762' title='bbox 3314 3650 3478 3700; x_wconf 79' lang='lat' dir='ltr'><strong>xxvn,</strong></span> <span class='ocrx_word' id='word_1_763' title='bbox 3511 3651 3658 3689; x_wconf 84' lang='lat' dir='ltr'><strong>nunt.</strong></span> <span class='ocrx_word' id='word_1_764' title='bbox 3691 3634 3797 3705; x_wconf 71' lang='lat' dir='ltr'><strong>2i).</strong></span> 
     </span>
    </p>
   </div>
   <div class='ocr_carea' id='block_1_102' title="bbox 2423 3729 3915 3804">
    <p class='ocr_par' dir='ltr' id='par_1_102' title="bbox 2423 3729 3915 3804">
     <span class='ocr_line' id='line_1_102' title="bbox 2423 3729 3915 3804; baseline 0.003 -21"><span class='ocrx_word' id='word_1_765' title='bbox 2423 3729 2473 3783; x_wconf 83' lang='lat'><strong>5.</strong></span> <span class='ocrx_word' id='word_1_766' title='bbox 2506 3729 2758 3795; x_wconf 76' lang='lat' dir='ltr'><strong>Quaedam</strong></span> <span class='ocrx_word' id='word_1_767' title='bbox 2785 3738 2961 3785; x_wconf 87' lang='lat' dir='ltr'><strong>tamen</strong></span> <span class='ocrx_word' id='word_1_768' title='bbox 2993 3731 3045 3784; x_wconf 89' lang='lat' dir='ltr'><strong>in</strong></span> <span class='ocrx_word' id='word_1_769' title='bbox 3075 3732 3305 3801; x_wconf 83' lang='lat' dir='ltr'><strong>gratiam</strong></span> <span class='ocrx_word' id='word_1_770' title='bbox 3336 3734 3738 3804; x_wconf 86' lang='lat' dir='ltr'><strong>neophytorum</strong></span> <span class='ocrx_word' id='word_1_771' title='bbox 3768 3736 3813 3791; x_wconf 90' lang='lat' dir='ltr'><strong>in</strong></span> <span class='ocrx_word' id='word_1_772' title='bbox 3834 3735 3915 3788; x_wconf 79' lang='lat' dir='ltr'><strong>lul-</strong></span> 
     </span>
    </p>
   </div>
   <div class='ocr_carea' id='block_1_103' title="bbox 2351 3818 3916 3893">
    <p class='ocr_par' dir='ltr' id='par_1_103' title="bbox 2351 3818 3916 3893">
     <span class='ocr_line' id='line_1_103' title="bbox 2351 3818 3916 3893; baseline 0.001 -20"><span class='ocrx_word' id='word_1_773' title='bbox 2351 3818 2452 3883; x_wconf 89' lang='lat' dir='ltr'><strong>sit,</strong></span> <span class='ocrx_word' id='word_1_774' title='bbox 2484 3833 2604 3887; x_wconf 74' lang='lat' dir='ltr'><strong>qua:</strong></span> <span class='ocrx_word' id='word_1_775' title='bbox 2631 3820 2930 3889; x_wconf 88' lang='lat' dir='ltr'><strong>antiquitus</strong></span> <span class='ocrx_word' id='word_1_776' title='bbox 2956 3829 3190 3889; x_wconf 74' lang='lat' dir='ltr'><strong>receptae</strong></span> <span class='ocrx_word' id='word_1_777' title='bbox 3219 3821 3272 3874; x_wconf 92' lang='lat' dir='ltr'><strong>in</strong></span> <span class='ocrx_word' id='word_1_778' title='bbox 3304 3820 3544 3876; x_wconf 87' lang='lat' dir='ltr'><strong>Ecclesia</strong></span> <span class='ocrx_word' id='word_1_779' title='bbox 3588 3824 3735 3892; x_wconf 81' lang='lat' dir='ltr'><strong>leges</strong></span> <span class='ocrx_word' id='word_1_780' title='bbox 3761 3824 3916 3893; x_wconf 88' lang='lat' dir='ltr'><strong>prohi-</strong></span> 
     </span>
    </p>
   </div>
   <div class='ocr_carea' id='block_1_104' title="bbox 2354 3910 3916 3976">
    <p class='ocr_par' dir='ltr' id='par_1_104' title="bbox 2354 3910 3916 3976">
     <span class='ocr_line' id='line_1_104' title="bbox 2354 3910 3916 3976; baseline 0.003 -13"><span class='ocrx_word' id='word_1_781' title='bbox 2354 3910 2585 3976; x_wconf 89' lang='lat' dir='ltr'><strong>bebant;</strong></span> <span class='ocrx_word' id='word_1_782' title='bbox 2635 3910 2867 3964; x_wconf 82' lang='lat' dir='ltr'><strong>maxime</strong></span> <span class='ocrx_word' id='word_1_783' title='bbox 2909 3911 2977 3965; x_wconf 88' lang='lat' dir='ltr'><strong>de</strong></span> <span class='ocrx_word' id='word_1_784' title='bbox 3020 3913 3389 3967; x_wconf 90' lang='lat' dir='ltr'><strong>contrahendo</strong></span> <span class='ocrx_word' id='word_1_785' title='bbox 3431 3915 3570 3968; x_wconf 91' lang='lat' dir='ltr'><strong>intra</strong></span> <span class='ocrx_word' id='word_1_786' title='bbox 3600 3924 3779 3971; x_wconf 89' lang='lat' dir='ltr'><strong>certos</strong></span> <span class='ocrx_word' id='word_1_787' title='bbox 3806 3931 3916 3970; x_wconf 89' lang='lat' dir='ltr'><strong>con-</strong></span> 
     </span>
    </p>
   </div>
   <div class='ocr_carea' id='block_1_105' title="bbox 2350 4000 3918 4071">
    <p class='ocr_par' dir='ltr' id='par_1_105' title="bbox 2350 4000 3918 4071">
     <span class='ocr_line' id='line_1_105' title="bbox 2350 4000 3918 4071; baseline 0.003 -17"><span class='ocrx_word' id='word_1_788' title='bbox 2350 4000 2725 4066; x_wconf 82' lang='lat' dir='ltr'><strong>sanguinitatis</strong></span> <span class='ocrx_word' id='word_1_789' title='bbox 2769 4008 2825 4054; x_wconf 87' lang='lat' dir='ltr'><strong>ct</strong></span> <span class='ocrx_word' id='word_1_790' title='bbox 2865 4000 3140 4056; x_wconf 88' lang='lat' dir='ltr'><strong>afllnitatis</strong></span> <span class='ocrx_word' id='word_1_791' title='bbox 3186 4004 3384 4071; x_wconf 80' lang='lat' dir='ltr'><strong>gradus</strong></span> <span class='ocrx_word' id='word_1_792' title='bbox 3424 4006 3769 4062; x_wconf 89' lang='lat' dir='ltr'><strong>matrimonio</strong></span> <span class='ocrx_word' id='word_1_793' title='bbox 3816 4025 3827 4060; x_wconf 91' lang='lat'><strong>:</strong></span> <span class='ocrx_word' id='word_1_794' title='bbox 3871 4015 3918 4058; x_wconf 92' lang='lat' dir='ltr'><strong>ut</strong></span> 
     </span>
    </p>
   </div>
   <div class='ocr_carea' id='block_1_106' title="bbox 2349 4085 3918 4163">
    <p class='ocr_par' dir='ltr' id='par_1_106' title="bbox 2349 4085 3918 4163">
     <span class='ocr_line' id='line_1_106' title="bbox 2349 4085 3918 4163; baseline 0.005 -22"><span class='ocrx_word' id='word_1_795' title='bbox 2349 4088 2604 4158; x_wconf 87' lang='lat' dir='ltr'><strong>paulatim</strong></span> <span class='ocrx_word' id='word_1_796' title='bbox 2628 4085 2825 4144; x_wconf 89' lang='lat' dir='ltr'><strong>Christi</strong></span> <span class='ocrx_word' id='word_1_797' title='bbox 2851 4091 2980 4159; x_wconf 83' lang='lat' dir='ltr'><strong>jugo</strong></span> <span class='ocrx_word' id='word_1_798' title='bbox 3012 4102 3384 4148; x_wconf 83' lang='lat' dir='ltr'><strong>assuescerent</strong></span> <span class='ocrx_word' id='word_1_799' title='bbox 3412 4094 3465 4148; x_wconf 94' lang='lat' dir='ltr'><strong>in</strong></span> <span class='ocrx_word' id='word_1_800' title='bbox 3490 4095 3610 4163; x_wconf 87' lang='lat' dir='ltr'><strong>ipso</strong></span> <span class='ocrx_word' id='word_1_801' title='bbox 3641 4112 3823 4152; x_wconf 89' lang='lat' dir='ltr'><strong>recens</strong></span> <span class='ocrx_word' id='word_1_802' title='bbox 3843 4110 3918 4163; x_wconf 80' lang='lat' dir='ltr'><strong>ge-</strong></span> 
     </span>
    </p>
   </div>
   <div class='ocr_carea' id='block_1_107' title="bbox 2352 4182 3916 4275">
    <p class='ocr_par' dir='ltr' id='par_1_107' title="bbox 2352 4182 3916 4275">
     <span class='ocr_line' id='line_1_107' title="bbox 2352 4182 3916 4275; baseline 0.004 -39"><span class='ocrx_word' id='word_1_803' title='bbox 2352 4182 2479 4248; x_wconf 88' lang='lat' dir='ltr'><strong>niti;</strong></span> <span class='ocrx_word' id='word_1_804' title='bbox 2515 4191 2570 4237; x_wconf 90' lang='lat' dir='ltr'><strong>et</strong></span> <span class='ocrx_word' id='word_1_805' title='bbox 2594 4198 2624 4236; x_wconf 90' lang='lat' dir='ltr'><strong>a</strong></span> <span class='ocrx_word' id='word_1_806' title='bbox 2656 4183 2759 4238; x_wconf 83' lang='lat' dir='ltr'><strong>ﬁde</strong></span> <span class='ocrx_word' id='word_1_807' title='bbox 2787 4199 2948 4252; x_wconf 88' lang='lat' dir='ltr'><strong>quam</strong></span> <span class='ocrx_word' id='word_1_808' title='bbox 2993 4195 3306 4275; x_wconf 65' lang='lat' dir='ltr'><strong>susceperat</strong></span> <span class='ocrx_word' id='word_1_809' title='bbox 3335 4201 3464 4256; x_wconf 84' lang='lat' dir='ltr'><strong>gens</strong></span> <span class='ocrx_word' id='word_1_810' title='bbox 3492 4188 3817 4257; x_wconf 84' lang='lat' dir='ltr'><strong>Anglorum,</strong></span> <span class='ocrx_word' id='word_1_811' title='bbox 3846 4206 3916 4242; x_wconf 54' lang='lat' dir='ltr'><strong>reo</strong></span> 
     </span>
    </p>
   </div>
   <div class='ocr_carea' id='block_1_108' title="bbox 2350 4275 3917 4349">
    <p class='ocr_par' dir='ltr' id='par_1_108' title="bbox 2350 4275 3917 4349">
     <span class='ocr_line' id='line_1_108' title="bbox 2350 4275 3917 4349; baseline 0.002 -19"><span class='ocrx_word' id='word_1_812' title='bbox 2350 4275 2544 4345; x_wconf 85' lang='lat' dir='ltr'><strong>cedere</strong></span> <span class='ocrx_word' id='word_1_813' title='bbox 2562 4290 2670 4330; x_wconf 90' lang='lat' dir='ltr'><strong>non</strong></span> <span class='ocrx_word' id='word_1_814' title='bbox 2696 4285 2951 4345; x_wconf 83' lang='lat' dir='ltr'><strong>cogerent</strong></span> <span class='ocrx_word' id='word_1_815' title='bbox 2976 4278 3271 4333; x_wconf 73' lang='lat' dir='ltr'><strong>austeriora</strong></span> <span class='ocrx_word' id='word_1_816' title='bbox 3295 4277 3431 4346; x_wconf 87' lang='lat' dir='ltr'><strong>(Lib.</strong></span> <span class='ocrx_word' id='word_1_817' title='bbox 3450 4296 3523 4345; x_wconf 78' lang='lat' dir='ltr'><strong>su,</strong></span> <span class='ocrx_word' id='word_1_818' title='bbox 3551 4298 3634 4349; x_wconf 86' lang='lat' dir='ltr'><strong>ep.</strong></span> <span class='ocrx_word' id='word_1_819' title='bbox 3661 4280 3768 4348; x_wconf 70' lang='grc' dir='ltr'><strong>δι).</strong></span> <span class='ocrx_word' id='word_1_820' title='bbox 3791 4280 3917 4334; x_wconf 85' lang='lat' dir='ltr'><strong>Hanc</strong></span> 
     </span>
    </p>
   </div>
   <div class='ocr_carea' id='block_1_109' title="bbox 2349 4368 3917 4445">
    <p class='ocr_par' dir='ltr' id='par_1_109' title="bbox 2349 4368 3917 4445">
     <span class='ocr_line' id='line_1_109' title="bbox 2349 4368 3917 4445; baseline 0.002 -24"><span class='ocrx_word' id='word_1_821' title='bbox 2349 4368 2614 4421; x_wconf 83' lang='lat' dir='ltr'><strong>rationem</strong></span> <span class='ocrx_word' id='word_1_822' title='bbox 2639 4382 2910 4423; x_wconf 62' lang='lat' dir='ltr'><strong>concessae</strong></span> <span class='ocrx_word' id='word_1_823' title='bbox 2932 4368 3274 4439; x_wconf 65' lang='lat' dir='ltr'><strong>indulgentiae</strong></span> <span class='ocrx_word' id='word_1_824' title='bbox 3294 4369 3450 4426; x_wconf 86' lang='lat' dir='ltr'><strong>all&#39;ert</strong></span> <span class='ocrx_word' id='word_1_825' title='bbox 3473 4371 3587 4441; x_wconf 90' lang='lat' dir='ltr'><strong>ipse</strong></span> <span class='ocrx_word' id='word_1_826' title='bbox 3613 4372 3917 4445; x_wconf 82' lang='lat' dir='ltr'><strong>respondens</strong></span> 
     </span>
    </p>
   </div>
   <div class='ocr_carea' id='block_1_110' title="bbox 2350 4457 3913 4534">
    <p class='ocr_par' dir='ltr' id='par_1_110' title="bbox 2350 4457 3913 4534">
     <span class='ocr_line' id='line_1_110' title="bbox 2350 4457 3913 4534; baseline 0.005 -23"><span class='ocrx_word' id='word_1_827' title='bbox 2350 4457 2552 4527; x_wconf 85' lang='lat' dir='ltr'><strong>Felici,</strong></span> <span class='ocrx_word' id='word_1_828' title='bbox 2581 4458 2907 4514; x_wconf 87' lang='lat' dir='ltr'><strong>Messanensi</strong></span> <span class='ocrx_word' id='word_1_829' title='bbox 2937 4458 3202 4530; x_wconf 77' lang='lat' dir='ltr'><strong>Episcopo</strong></span> <span class='ocrx_word' id='word_1_830' title='bbox 3251 4461 3403 4531; x_wconf 88' lang='lat' dir='ltr'><strong>(Lib.</strong></span> <span class='ocrx_word' id='word_1_831' title='bbox 3447 4479 3555 4528; x_wconf 78' lang='lat' dir='ltr'><strong>xw,</strong></span> <span class='ocrx_word' id='word_1_832' title='bbox 3590 4481 3673 4534; x_wconf 82' lang='lat' dir='ltr'><strong>ep.</strong></span> <span class='ocrx_word' id='word_1_833' title='bbox 3700 4466 3831 4533; x_wconf 83' lang='lat' dir='ltr'><strong>ult.),</strong></span> <span class='ocrx_word' id='word_1_834' title='bbox 3858 4463 3913 4519; x_wconf 85' lang='lat' dir='ltr'><strong>de</strong></span> 
     </span>
    </p>
   </div>
   <div class='ocr_carea' id='block_1_111' title="bbox 2354 4551 3916 4627">
    <p class='ocr_par' dir='ltr' id='par_1_111' title="bbox 2354 4551 3916 4627">
     <span class='ocr_line' id='line_1_111' title="bbox 2354 4551 3916 4627; baseline 0.004 -23"><span class='ocrx_word' id='word_1_835' title='bbox 2354 4551 2457 4605; x_wconf 90' lang='lat' dir='ltr'><strong>hoc</strong></span> <span class='ocrx_word' id='word_1_836' title='bbox 2496 4567 2665 4606; x_wconf 73' lang='lat' dir='ltr'><strong>sacra:</strong></span> <span class='ocrx_word' id='word_1_837' title='bbox 2709 4552 2844 4621; x_wconf 80' lang='lat' dir='ltr'><strong>legis</strong></span> <span class='ocrx_word' id='word_1_838' title='bbox 2884 4554 3192 4609; x_wconf 84' lang='lat' dir='ltr'><strong>laxamento</strong></span> <span class='ocrx_word' id='word_1_839' title='bbox 3232 4572 3372 4625; x_wconf 87' lang='lat' dir='ltr'><strong>pene</strong></span> <span class='ocrx_word' id='word_1_840' title='bbox 3417 4559 3796 4627; x_wconf 82' lang='lat' dir='ltr'><strong>expostulanti.</strong></span> <span class='ocrx_word' id='word_1_841' title='bbox 3842 4556 3916 4611; x_wconf 89' lang='lat' dir='ltr'><strong>Sic</strong></span> 
     </span>
    </p>
   </div>
   <div class='ocr_carea' id='block_1_112' title="bbox 2351 4641 3917 4719">
    <p class='ocr_par' dir='ltr' id='par_1_112' title="bbox 2351 4641 3917 4719">
     <span class='ocr_line' id='line_1_112' title="bbox 2351 4641 3917 4719; baseline 0.007 -25"><span class='ocrx_word' id='word_1_842' title='bbox 2351 4655 2611 4694; x_wconf 89' lang='lat' dir='ltr'><strong>summam</strong></span> <span class='ocrx_word' id='word_1_843' title='bbox 2645 4642 2696 4695; x_wconf 93' lang='lat' dir='ltr'><strong>in</strong></span> <span class='ocrx_word' id='word_1_844' title='bbox 2724 4641 2964 4697; x_wconf 83' lang='lat' dir='ltr'><strong>Ecclesia</strong></span> <span class='ocrx_word' id='word_1_845' title='bbox 2989 4653 3179 4700; x_wconf 89' lang='lat' dir='ltr'><strong>nactus</strong></span> <span class='ocrx_word' id='word_1_846' title='bbox 3200 4648 3596 4713; x_wconf 89' lang='lat' dir='ltr'><strong>auctoritatem,</strong></span> <span class='ocrx_word' id='word_1_847' title='bbox 3624 4658 3679 4703; x_wconf 92' lang='lat' dir='ltr'><strong>et</strong></span> <span class='ocrx_word' id='word_1_848' title='bbox 3699 4661 3917 4719; x_wconf 78' lang='lat' dir='ltr'><strong>premere</strong></span> 
     </span>
    </p>
   </div>
   <div class='ocr_carea' id='block_1_113' title="bbox 2351 4733 3916 4808">
    <p class='ocr_par' dir='ltr' id='par_1_113' title="bbox 2351 4733 3916 4808">
     <span class='ocr_line' id='line_1_113' title="bbox 2351 4733 3916 4808; baseline 0.006 -25"><span class='ocrx_word' id='word_1_849' title='bbox 2351 4739 2406 4784; x_wconf 87' lang='lat' dir='ltr'><strong>et</strong></span> <span class='ocrx_word' id='word_1_850' title='bbox 2454 4734 2600 4788; x_wconf 76' lang='lat' dir='ltr'><strong>laxas</strong></span> <span class='ocrx_word' id='word_1_851' title='bbox 2630 4733 2756 4789; x_wconf 88' lang='lat' dir='ltr'><strong>dare</strong></span> <span class='ocrx_word' id='word_1_852' title='bbox 2782 4734 3058 4805; x_wconf 88' lang='lat' dir='ltr'><strong>habenas,</strong></span> <span class='ocrx_word' id='word_1_853' title='bbox 3105 4746 3163 4792; x_wconf 90' lang='lat' dir='ltr'><strong>ut</strong></span> <span class='ocrx_word' id='word_1_854' title='bbox 3206 4754 3237 4794; x_wconf 91' lang='lat' dir='ltr'><strong>e</strong></span> <span class='ocrx_word' id='word_1_855' title='bbox 3282 4755 3340 4795; x_wconf 91' lang='lat' dir='ltr'><strong>re</strong></span> <span class='ocrx_word' id='word_1_856' title='bbox 3370 4741 3679 4808; x_wconf 82' lang='lat' dir='ltr'><strong>videbatur,</strong></span> <span class='ocrx_word' id='word_1_857' title='bbox 3720 4748 3916 4798; x_wconf 86' lang='lat' dir='ltr'><strong>noverat</strong></span> 
     </span>
    </p>
   </div>
   <div class='ocr_carea' id='block_1_114' title="bbox 2350 4825 3156 4898">
    <p class='ocr_par' dir='ltr' id='par_1_114' title="bbox 2350 4825 3156 4898">
     <span class='ocr_line' id='line_1_114' title="bbox 2350 4825 3156 4898; baseline 0.014 -22"><span class='ocrx_word' id='word_1_858' title='bbox 2350 4825 2661 4893; x_wconf 88' lang='lat' dir='ltr'><strong>pontilicum</strong></span> <span class='ocrx_word' id='word_1_859' title='bbox 2690 4829 3156 4898; x_wconf 73' lang='lat' dir='ltr'><strong>prudentissimus.</strong></span> 
     </span>
    </p>
   </div>
   <div class='ocr_carea' id='block_1_115' title="bbox 2421 4938 3913 5021">
    <p class='ocr_par' dir='ltr' id='par_1_115' title="bbox 2421 4938 3913 5021">
     <span class='ocr_line' id='line_1_115' title="bbox 2421 4938 3913 5021; baseline 0.007 -27"><span class='ocrx_word' id='word_1_860' title='bbox 2421 4938 2474 4994; x_wconf 68' lang='grc'>4.</span> <span class='ocrx_word' id='word_1_861' title='bbox 2509 4939 2662 4999; x_wconf 80' lang='lat' dir='ltr'><strong>Prius</strong></span> <span class='ocrx_word' id='word_1_862' title='bbox 2709 4950 2973 5000; x_wconf 87' lang='lat' dir='ltr'><strong>statuerat</strong></span> <span class='ocrx_word' id='word_1_863' title='bbox 3002 4955 3061 5001; x_wconf 92' lang='lat' dir='ltr'><strong>ut</strong></span> <span class='ocrx_word' id='word_1_864' title='bbox 3094 4947 3356 5002; x_wconf 85' lang='lat' dir='ltr'><strong>idolorum</strong></span> <span class='ocrx_word' id='word_1_865' title='bbox 3389 4952 3590 5021; x_wconf 85' lang='lat' dir='ltr'><strong>templa</strong></span> <span class='ocrx_word' id='word_1_866' title='bbox 3632 4962 3913 5008; x_wconf 83' lang='lat' dir='ltr'><strong>everteren-</strong></span> 
     </span>
    </p>
   </div>
   <div class='ocr_carea' id='block_1_116' title="bbox 2353 5033 3915 5112">
    <p class='ocr_par' dir='ltr' id='par_1_116' title="bbox 2353 5033 3915 5112">
     <span class='ocr_line' id='line_1_116' title="bbox 2353 5033 3915 5112; baseline 0.01 -30"><span class='ocrx_word' id='word_1_867' title='bbox 2353 5036 2468 5094; x_wconf 86' lang='lat' dir='ltr'><strong>tur;</strong></span> <span class='ocrx_word' id='word_1_868' title='bbox 2518 5045 2622 5100; x_wconf 88' lang='lat' dir='ltr'><strong>qua</strong></span> <span class='ocrx_word' id='word_1_869' title='bbox 2676 5033 2745 5087; x_wconf 89' lang='lat' dir='ltr'><strong>de</strong></span> <span class='ocrx_word' id='word_1_870' title='bbox 2790 5050 2848 5087; x_wconf 90' lang='lat' dir='ltr'><strong>re</strong></span> <span class='ocrx_word' id='word_1_871' title='bbox 2894 5035 3058 5090; x_wconf 82' lang='lat' dir='ltr'><strong>etiam</strong></span> <span class='ocrx_word' id='word_1_872' title='bbox 3116 5037 3183 5093; x_wconf 89' lang='lat' dir='ltr'><strong>ad</strong></span> <span class='ocrx_word' id='word_1_873' title='bbox 3237 5038 3608 5097; x_wconf 88' lang='lat' dir='ltr'><strong>Edilberthum</strong></span> <span class='ocrx_word' id='word_1_874' title='bbox 3656 5045 3915 5112; x_wconf 82' lang='lat' dir='ltr'><strong>scripserat</strong></span> 
     </span>
    </p>
   </div>
   <div class='ocr_carea' id='block_1_117' title="bbox 2352 5118 3915 5203">
    <p class='ocr_par' dir='ltr' id='par_1_117' title="bbox 2352 5118 3915 5203">
     <span class='ocr_line' id='line_1_117' title="bbox 2352 5118 3915 5203; baseline 0.009 -31"><span class='ocrx_word' id='word_1_875' title='bbox 2352 5118 2493 5189; x_wconf 88' lang='lat' dir='ltr'><strong>(Lib.</strong></span> <span class='ocrx_word' id='word_1_876' title='bbox 2528 5137 2599 5181; x_wconf 71' lang='grc' dir='ltr'><strong>ιι,</strong></span> <span class='ocrx_word' id='word_1_877' title='bbox 2630 5140 2711 5192; x_wconf 84' lang='lat' dir='ltr'><strong>ep.</strong></span> <span class='ocrx_word' id='word_1_878' title='bbox 2745 5122 2872 5195; x_wconf 70' lang='lat'><strong>(.6);</strong></span> <span class='ocrx_word' id='word_1_879' title='bbox 2905 5127 2997 5180; x_wconf 88' lang='lat' dir='ltr'><strong>sed</strong></span> <span class='ocrx_word' id='word_1_880' title='bbox 3037 5137 3245 5183; x_wconf 81' lang='lat' dir='ltr'><strong>mutatu</strong></span> <span class='ocrx_word' id='word_1_881' title='bbox 3277 5132 3500 5188; x_wconf 87' lang='lat' dir='ltr'><strong>consilio</strong></span> <span class='ocrx_word' id='word_1_882' title='bbox 3533 5132 3700 5190; x_wconf 88' lang='lat' dir='ltr'><strong>satius</strong></span> <span class='ocrx_word' id='word_1_883' title='bbox 3736 5133 3915 5203; x_wconf 73' lang='lat' dir='ltr'><strong>putavit</strong></span> 
     </span>
    </p>
   </div>
   <div class='ocr_carea' id='block_1_118' title="bbox 2349 5210 3913 5293">
    <p class='ocr_par' dir='ltr' id='par_1_118' title="bbox 2349 5210 3913 5293">
     <span class='ocr_line' id='line_1_118' title="bbox 2349 5210 3913 5293; baseline 0.006 -30"><span class='ocrx_word' id='word_1_884' title='bbox 2349 5225 2433 5268; x_wconf 89' lang='lat' dir='ltr'><strong>ca.</strong></span> <span class='ocrx_word' id='word_1_885' title='bbox 2463 5210 2750 5268; x_wconf 76' lang='lat' dir='ltr'><strong>destructis</strong></span> <span class='ocrx_word' id='word_1_886' title='bbox 2779 5214 3074 5285; x_wconf 86' lang='lat' dir='ltr'><strong>ejectisque</strong></span> <span class='ocrx_word' id='word_1_887' title='bbox 3106 5218 3280 5285; x_wconf 85' lang='lat' dir='ltr'><strong>idolis,</strong></span> <span class='ocrx_word' id='word_1_888' title='bbox 3316 5223 3629 5290; x_wconf 84' lang='lat' dir='ltr'><strong>aspersione</strong></span> <span class='ocrx_word' id='word_1_889' title='bbox 3658 5237 3801 5293; x_wconf 71' lang='lat' dir='ltr'><strong>aqum</strong></span> <span class='ocrx_word' id='word_1_890' title='bbox 3838 5222 3913 5273; x_wconf 80' lang='lat' dir='ltr'><strong>he-</strong></span> 
     </span>
    </p>
   </div>
   <div class='ocr_carea' id='block_1_119' title="bbox 2347 5302 3909 5379">
    <p class='ocr_par' dir='ltr' id='par_1_119' title="bbox 2347 5302 3909 5379">
     <span class='ocr_line' id='line_1_119' title="bbox 2347 5302 3909 5379; baseline 0.014 -24"><span class='ocrx_word' id='word_1_891' title='bbox 2347 5302 2573 5357; x_wconf 50' lang='lat' dir='ltr'><strong>nealictac</strong></span> <span class='ocrx_word' id='word_1_892' title='bbox 2602 5304 2852 5374; x_wconf 84' lang='lat' dir='ltr'><strong>lustrare,</strong></span> <span class='ocrx_word' id='word_1_893' title='bbox 2898 5317 3063 5379; x_wconf 87' lang='lat' dir='ltr'><strong>atque</strong></span> <span class='ocrx_word' id='word_1_894' title='bbox 3104 5312 3210 5367; x_wconf 89' lang='lat' dir='ltr'><strong>ritu</strong></span> <span class='ocrx_word' id='word_1_895' title='bbox 3239 5312 3548 5372; x_wconf 84' lang='lat' dir='ltr'><strong>Christiano</strong></span> <span class='ocrx_word' id='word_1_896' title='bbox 3577 5330 3909 5377; x_wconf 81' lang='lat' dir='ltr'><strong>consecrare;</strong></span> 
     </span>
    </p>
   </div>
   <div class='ocr_carea' id='block_1_120' title="bbox 2352 5392 3913 5472">
    <p class='ocr_par' dir='ltr' id='par_1_120' title="bbox 2352 5392 3913 5472">
     <span class='ocr_line' id='line_1_120' title="bbox 2352 5392 3913 5472; baseline 0.013 -27"><span class='ocrx_word' id='word_1_897' title='bbox 2352 5402 2408 5449; x_wconf 91' lang='lat' dir='ltr'><strong>ut</strong></span> <span class='ocrx_word' id='word_1_898' title='bbox 2444 5392 2598 5463; x_wconf 74' lang='lat' dir='ltr'><strong>Angli</strong></span> <span class='ocrx_word' id='word_1_899' title='bbox 2631 5413 2801 5466; x_wconf 91' lang='lat' dir='ltr'><strong>nuper</strong></span> <span class='ocrx_word' id='word_1_900' title='bbox 2838 5399 2903 5455; x_wconf 90' lang='lat' dir='ltr'><strong>ad</strong></span> <span class='ocrx_word' id='word_1_901' title='bbox 2943 5400 3101 5457; x_wconf 83' lang='lat' dir='ltr'><strong>ﬁdem</strong></span> <span class='ocrx_word' id='word_1_902' title='bbox 3130 5406 3330 5472; x_wconf 91' lang='lat' dir='ltr'><strong>vocati,</strong></span> <span class='ocrx_word' id='word_1_903' title='bbox 3362 5406 3676 5471; x_wconf 80' lang='lat' dir='ltr'><strong>familiarius</strong></span> <span class='ocrx_word' id='word_1_904' title='bbox 3716 5408 3778 5467; x_wconf 78' lang='lat' dir='ltr'><strong>ad</strong></span> <span class='ocrx_word' id='word_1_905' title='bbox 3813 5408 3913 5466; x_wconf 73' lang='lat' dir='ltr'><strong>loca</strong></span> 
     </span>
    </p>
   </div>
   <div class='ocr_carea' id='block_1_121' title="bbox 2348 5491 3488 5567">
    <p class='ocr_par' dir='ltr' id='par_1_121' title="bbox 2348 5491 3488 5567">
     <span class='ocr_line' id='line_1_121' title="bbox 2348 5491 3488 5567; baseline 0.012 -30"><span class='ocrx_word' id='word_1_906' title='bbox 2348 5492 2606 5539; x_wconf 87' lang='lat' dir='ltr'><strong>consueta</strong></span> <span class='ocrx_word' id='word_1_907' title='bbox 2628 5498 3015 5545; x_wconf 75' lang='lat' dir='ltr'><strong>concurrerent</strong></span> <span class='ocrx_word' id='word_1_908' title='bbox 3044 5491 3232 5562; x_wconf 88' lang='lat' dir='ltr'><strong>(Ibid.,</strong></span> <span class='ocrx_word' id='word_1_909' title='bbox 3267 5512 3346 5566; x_wconf 86' lang='lat' dir='ltr'><strong>ep.</strong></span> <span class='ocrx_word' id='word_1_910' title='bbox 3378 5496 3488 5567; x_wconf 84' lang='lat'><strong>76).</strong></span> 
     </span>
    </p>
   </div>
   <div class='ocr_carea' id='block_1_122' title="bbox 2420 5589 3913 5677">
    <p class='ocr_par' dir='ltr' id='par_1_122' title="bbox 2420 5589 3913 5677">
     <span class='ocr_line' id='line_1_122' title="bbox 2420 5589 3913 5677; baseline 0.015 -34"><span class='ocrx_word' id='word_1_911' title='bbox 2420 5589 2474 5644; x_wconf 86' lang='lat'><strong>5.</strong></span> <span class='ocrx_word' id='word_1_912' title='bbox 2507 5590 2856 5653; x_wconf 85' lang='lat' dir='ltr'><strong>Consuetudo</strong></span> <span class='ocrx_word' id='word_1_913' title='bbox 2905 5611 3019 5654; x_wconf 90' lang='lat' dir='ltr'><strong>erat</strong></span> <span class='ocrx_word' id='word_1_914' title='bbox 3067 5603 3343 5671; x_wconf 82' lang='lat' dir='ltr'><strong>gentilium</strong></span> <span class='ocrx_word' id='word_1_915' title='bbox 3384 5608 3613 5677; x_wconf 76' lang='lat' dir='ltr'><strong>multos,</strong></span> <span class='ocrx_word' id='word_1_916' title='bbox 3661 5623 3778 5665; x_wconf 88' lang='lat' dir='ltr'><strong>cum</strong></span> <span class='ocrx_word' id='word_1_917' title='bbox 3818 5604 3913 5665; x_wconf 73' lang='lat' dir='ltr'><strong>Suis</strong></span> 
     </span>
    </p>
   </div>
   <div class='ocr_carea' id='block_1_123' title="bbox 2350 5679 3909 5769">
    <p class='ocr_par' dir='ltr' id='par_1_123' title="bbox 2350 5679 3909 5769">
     <span class='ocr_line' id='line_1_123' title="bbox 2350 5679 3909 5769; baseline 0.01 -35"><span class='ocrx_word' id='word_1_918' title='bbox 2350 5679 2507 5736; x_wconf 81' lang='lat' dir='ltr'><strong>idolis</strong></span> <span class='ocrx_word' id='word_1_919' title='bbox 2535 5683 2794 5740; x_wconf 69' lang='lat' dir='ltr'><strong>offerrent</strong></span> <span class='ocrx_word' id='word_1_920' title='bbox 2820 5690 3082 5746; x_wconf 85' lang='lat' dir='ltr'><strong>sacrificia</strong></span> <span class='ocrx_word' id='word_1_921' title='bbox 3100 5732 3115 5758; x_wconf 90' lang='lat'><strong>,</strong></span> <span class='ocrx_word' id='word_1_922' title='bbox 3161 5692 3329 5751; x_wconf 84' lang='lat' dir='ltr'><strong>boves</strong></span> <span class='ocrx_word' id='word_1_923' title='bbox 3357 5698 3637 5765; x_wconf 82' lang='lat' dir='ltr'><strong>occidere,</strong></span> <span class='ocrx_word' id='word_1_924' title='bbox 3679 5708 3830 5769; x_wconf 88' lang='lat' dir='ltr'><strong>atque</strong></span> <span class='ocrx_word' id='word_1_925' title='bbox 3853 5711 3909 5751; x_wconf 78' lang='lat' dir='ltr'><strong>cx</strong></span> 
     </span>
    </p>
   </div>
   <div class='ocr_carea' id='block_1_124' title="bbox 2349 5770 3909 5852">
    <p class='ocr_par' dir='ltr' id='par_1_124' title="bbox 2349 5770 3909 5852">
     <span class='ocr_line' id='line_1_124' title="bbox 2349 5770 3909 5852; baseline 0.006 -25"><span class='ocrx_word' id='word_1_926' title='bbox 2349 5770 2428 5828; x_wconf 87' lang='lat' dir='ltr'><strong>eis</strong></span> <span class='ocrx_word' id='word_1_927' title='bbox 2448 5773 2676 5843; x_wconf 89' lang='lat' dir='ltr'><strong>epulari.</strong></span> <span class='ocrx_word' id='word_1_928' title='bbox 2701 5775 2855 5841; x_wconf 86' lang='lat' dir='ltr'><strong>Quod</strong></span> <span class='ocrx_word' id='word_1_929' title='bbox 2880 5788 2935 5834; x_wconf 92' lang='lat' dir='ltr'><strong>ut</strong></span> <span class='ocrx_word' id='word_1_930' title='bbox 2958 5781 3008 5835; x_wconf 88' lang='lat' dir='ltr'><strong>in</strong></span> <span class='ocrx_word' id='word_1_931' title='bbox 3036 5782 3177 5852; x_wconf 72' lang='lat' dir='ltr'><strong>piam</strong></span> <span class='ocrx_word' id='word_1_932' title='bbox 3201 5784 3599 5846; x_wconf 86' lang='lat' dir='ltr'><strong>solemnitatem</strong></span> <span class='ocrx_word' id='word_1_933' title='bbox 3623 5786 3909 5845; x_wconf 76' lang='lat' dir='ltr'><strong>transferret</strong></span> 
     </span>
    </p>
   </div>
  </div>
