  <div class='ocr_page' id='page_1' title='image "/cluster/home/n/w/nwhite01/storage/ocr_20150623/75/uva.x000827087/202.png"; bbox 0 0 3976 6304; ppageno 0'>
   <div class='ocr_carea' id='block_1_1' title="bbox 134 261 232 318">
    <p class='ocr_par' dir='ltr' id='par_1_1' title="bbox 134 261 232 318">
     <span class='ocr_line' id='line_1_1' title="bbox 134 261 232 318; baseline -0.031 -1"><span class='ocrx_word' id='word_1_1' title='bbox 134 261 232 318; x_wconf 72' lang='lat'><strong><em>339</em></strong></span> 
     </span>
    </p>
   </div>
   <div class='ocr_carea' id='block_1_2' title="bbox 610 254 2918 327">
    <p class='ocr_par' dir='ltr' id='par_1_2' title="bbox 610 254 2918 327">
     <span class='ocr_line' id='line_1_2' title="bbox 610 254 2918 327; baseline 0.002 -15"><span class='ocrx_word' id='word_1_2' title='bbox 610 257 667 312; x_wconf 91' lang='lat' dir='ltr'><strong><em>S.</em></strong></span> <span class='ocrx_word' id='word_1_3' title='bbox 710 254 1039 316; x_wconf 71' lang='lat' dir='ltr'><strong><em>GBEGOlill</em></strong></span> <span class='ocrx_word' id='word_1_4' title='bbox 1076 256 1289 311; x_wconf 72' lang='lat' dir='ltr'><strong><em>MAGM</em></strong></span> <span class='ocrx_word' id='word_1_5' title='bbox 1333 258 1508 327; x_wconf 71' lang='lat' dir='ltr'><strong><em>VITA,</em></strong></span> <span class='ocrx_word' id='word_1_6' title='bbox 1553 259 1644 316; x_wconf 73' lang='lat' dir='ltr'><strong><em>EX</em></strong></span> <span class='ocrx_word' id='word_1_7' title='bbox 1687 261 1847 320; x_wconf 72' lang='lat' dir='ltr'><strong><em>EJUS</em></strong></span> <span class='ocrx_word' id='word_1_8' title='bbox 1885 260 2193 326; x_wconf 73' lang='lat' dir='ltr'><strong><em>SCRIPTIS</em></strong></span> <span class='ocrx_word' id='word_1_9' title='bbox 2229 261 2621 318; x_wconf 69' lang='lat' dir='ltr'><strong><em>ABORNATA.</em></strong></span> <span class='ocrx_word' id='word_1_10' title='bbox 2665 261 2792 317; x_wconf 80' lang='lat' dir='ltr'><strong><em>LIB.</em></strong></span> <span class='ocrx_word' id='word_1_11' title='bbox 2837 263 2918 317; x_wconf 92' lang='lat' dir='ltr'><strong><em>lll.</em></strong></span> 
     </span>
    </p>
   </div>
   <div class='ocr_carea' id='block_1_3' title="bbox 3283 271 3386 326">
    <p class='ocr_par' dir='ltr' id='par_1_3' title="bbox 3283 271 3386 326">
     <span class='ocr_line' id='line_1_3' title="bbox 3283 271 3386 326; baseline 0.019 -2"><span class='ocrx_word' id='word_1_12' title='bbox 3283 271 3386 326; x_wconf 80' lang='grc'><strong><em>590</em></strong></span> 
     </span>
    </p>
   </div>
   <div class='ocr_carea' id='block_1_4' title="bbox 129 369 3382 453">
    <p class='ocr_par' dir='ltr' id='par_1_4' title="bbox 129 369 3382 453">
     <span class='ocr_line' id='line_1_4' title="bbox 129 369 3382 453; baseline 0.002 -23"><span class='ocrx_word' id='word_1_13' title='bbox 129 370 486 431; x_wconf 68' lang='lat' dir='ltr'><strong><em>sanctissimus</em></strong></span> <span class='ocrx_word' id='word_1_14' title='bbox 511 384 668 439; x_wconf 82' lang='lat' dir='ltr'><strong><em>papa,</em></strong></span> <span class='ocrx_word' id='word_1_15' title='bbox 693 370 882 423; x_wconf 89' lang='lat' dir='ltr'><strong><em>annuit</em></strong></span> <span class='ocrx_word' id='word_1_16' title='bbox 902 379 958 422; x_wconf 86' lang='lat' dir='ltr'><strong><em>ut</em></strong></span> <span class='ocrx_word' id='word_1_17' title='bbox 978 369 1032 422; x_wconf 85' lang='lat' dir='ltr'><strong><em>in</em></strong></span> <span class='ocrx_word' id='word_1_18' title='bbox 1056 371 1138 424; x_wconf 87' lang='lat' dir='ltr'><strong><em>die</em></strong></span> <span class='ocrx_word' id='word_1_19' title='bbox 1158 369 1497 424; x_wconf 71' lang='lat' dir='ltr'><strong><em>dedicationis</em></strong></span> <span class='ocrx_word' id='word_1_20' title='bbox 1521 370 1704 427; x_wconf 78' lang='lat' dir='ltr'><strong><em>Eccle—</em></strong></span> <span class='ocrx_word' id='word_1_21' title='bbox 1734 385 1775 439; x_wconf 80' lang='grc' dir='ltr'><strong>Α</strong></span> <span class='ocrx_word' id='word_1_22' title='bbox 1812 372 2034 428; x_wconf 80' lang='lat' dir='ltr'><strong><em>Kalend.</em></strong></span> <span class='ocrx_word' id='word_1_23' title='bbox 2067 374 2260 443; x_wconf 81' lang='lat' dir='ltr'><strong><em>Junii),</em></strong></span> <span class='ocrx_word' id='word_1_24' title='bbox 2304 374 2366 429; x_wconf 89' lang='lat' dir='ltr'><strong><em>S.</em></strong></span> <span class='ocrx_word' id='word_1_25' title='bbox 2409 376 2680 446; x_wconf 75' lang='lat' dir='ltr'><strong><em>Augustini</em></strong></span> <span class='ocrx_word' id='word_1_26' title='bbox 2709 377 3077 449; x_wconf 73' lang='lat' dir='ltr'><strong><em>archiepiscopi</em></strong></span> <span class='ocrx_word' id='word_1_27' title='bbox 3105 387 3153 434; x_wconf 89' lang='lat' dir='ltr'><strong><em>et</em></strong></span> <span class='ocrx_word' id='word_1_28' title='bbox 3178 384 3382 453; x_wconf 81' lang='lat' dir='ltr'><strong><em>confes-</em></strong></span> 
     </span>
    </p>
   </div>
   <div class='ocr_carea' id='block_1_5' title="bbox 129 457 1708 529">
    <p class='ocr_par' dir='ltr' id='par_1_5' title="bbox 129 457 1708 529">
     <span class='ocr_line' id='line_1_5' title="bbox 129 457 1708 529; baseline 0 -14"><span class='ocrx_word' id='word_1_29' title='bbox 129 465 242 520; x_wconf 75' lang='lat' dir='ltr'><strong><em>n&#39;te,</em></strong></span> <span class='ocrx_word' id='word_1_30' title='bbox 285 457 368 511; x_wconf 79' lang='lat' dir='ltr'><strong><em>vel</em></strong></span> <span class='ocrx_word' id='word_1_31' title='bbox 407 458 646 510; x_wconf 84' lang='lat' dir='ltr'><strong><em>natalitia</em></strong></span> <span class='ocrx_word' id='word_1_32' title='bbox 679 466 975 512; x_wconf 82' lang='lat' dir='ltr'><strong><em>sanctorum</em></strong></span> <span class='ocrx_word' id='word_1_33' title='bbox 1010 466 1296 529; x_wconf 75' lang='lat' dir='ltr'><strong><em>martyrum</em></strong></span> <span class='ocrx_word' id='word_1_34' title='bbox 1322 475 1548 528; x_wconf 85' lang='lat' dir='ltr'><strong><em>quorum</em></strong></span> <span class='ocrx_word' id='word_1_35' title='bbox 1581 460 1708 516; x_wconf 85' lang='lat' dir='ltr'><strong><em>reli-</em></strong></span> 
     </span>
    </p>
   </div>
   <div class='ocr_carea' id='block_1_6' title="bbox 131 548 1706 623">
    <p class='ocr_par' dir='ltr' id='par_1_6' title="bbox 131 548 1706 623">
     <span class='ocr_line' id='line_1_6' title="bbox 131 548 1706 623; baseline -0.001 -18"><span class='ocrx_word' id='word_1_36' title='bbox 131 551 251 623; x_wconf 72' lang='lat' dir='ltr'><strong><em>quize</em></strong></span> <span class='ocrx_word' id='word_1_37' title='bbox 280 552 333 603; x_wconf 87' lang='lat' dir='ltr'><strong><em>in</em></strong></span> <span class='ocrx_word' id='word_1_38' title='bbox 375 549 526 602; x_wconf 90' lang='lat' dir='ltr'><strong><em>novis</em></strong></span> <span class='ocrx_word' id='word_1_39' title='bbox 555 550 768 618; x_wconf 87' lang='lat' dir='ltr'><strong><em>templis</em></strong></span> <span class='ocrx_word' id='word_1_40' title='bbox 810 548 1037 603; x_wconf 73' lang='lat' dir='ltr'><strong><em>condita:</em></strong></span> <span class='ocrx_word' id='word_1_41' title='bbox 1072 549 1316 613; x_wconf 77' lang='lat' dir='ltr'><strong><em>fuerant,</em></strong></span> <span class='ocrx_word' id='word_1_42' title='bbox 1344 550 1501 619; x_wconf 87' lang='lat' dir='ltr'><strong><em>Ang&#39;i</em></strong></span> <span class='ocrx_word' id='word_1_43' title='bbox 1535 567 1706 620; x_wconf 71' lang='lat' dir='ltr'><strong><em>nuper</em></strong></span> 
     </span>
    </p>
   </div>
   <div class='ocr_carea' id='block_1_7' title="bbox 130 636 1708 705">
    <p class='ocr_par' dir='ltr' id='par_1_7' title="bbox 130 636 1708 705">
     <span class='ocr_line' id='line_1_7' title="bbox 130 636 1708 705; baseline 0 -12"><span class='ocrx_word' id='word_1_44' title='bbox 130 639 402 693; x_wconf 70' lang='lat' dir='ltr'><strong><em>Christiani</em></strong></span> <span class='ocrx_word' id='word_1_45' title='bbox 425 636 546 691; x_wconf 79' lang='lat' dir='ltr'><strong><em>facti</em></strong></span> <span class='ocrx_word' id='word_1_46' title='bbox 571 636 906 690; x_wconf 86' lang='lat' dir='ltr'><strong><em>tabernacula</em></strong></span> <span class='ocrx_word' id='word_1_47' title='bbox 925 637 1044 705; x_wconf 90' lang='lat' dir='ltr'><strong><em>sibi,</em></strong></span> <span class='ocrx_word' id='word_1_48' title='bbox 1074 640 1210 691; x_wconf 84' lang='lat' dir='ltr'><strong><em>circa</em></strong></span> <span class='ocrx_word' id='word_1_49' title='bbox 1232 638 1439 692; x_wconf 87' lang='lat' dir='ltr'><strong><em>easdem</em></strong></span> <span class='ocrx_word' id='word_1_50' title='bbox 1463 640 1708 693; x_wconf 74' lang='lat' dir='ltr'><strong><em>ecclesias</em></strong></span> 
     </span>
    </p>
   </div>
   <div class='ocr_carea' id='block_1_8' title="bbox 133 727 1708 801">
    <p class='ocr_par' dir='ltr' id='par_1_8' title="bbox 133 727 1708 801">
     <span class='ocr_line' id='line_1_8' title="bbox 133 727 1708 801; baseline 0.003 -23"><span class='ocrx_word' id='word_1_51' title='bbox 133 744 230 799; x_wconf 81' lang='lat' dir='ltr'><strong><em>qua:</em></strong></span> <span class='ocrx_word' id='word_1_52' title='bbox 255 742 318 780; x_wconf 83' lang='lat' dir='ltr'><strong><em>ea:</em></strong></span> <span class='ocrx_word' id='word_1_53' title='bbox 343 727 486 795; x_wconf 85' lang='lat' dir='ltr'><strong><em>fanis</em></strong></span> <span class='ocrx_word' id='word_1_54' title='bbox 515 741 663 779; x_wconf 72' lang='lat' dir='ltr'><strong><em>erant</em></strong></span> <span class='ocrx_word' id='word_1_55' title='bbox 695 735 1040 788; x_wconf 69' lang='lat' dir='ltr'><strong><em>commutatis,</em></strong></span> <span class='ocrx_word' id='word_1_56' title='bbox 1072 727 1135 782; x_wconf 87' lang='lat' dir='ltr'><strong><em>de</em></strong></span> <span class='ocrx_word' id='word_1_57' title='bbox 1163 729 1322 781; x_wconf 87' lang='lat' dir='ltr'><strong><em>ramis</em></strong></span> <span class='ocrx_word' id='word_1_58' title='bbox 1349 728 1592 782; x_wconf 85' lang='lat' dir='ltr'><strong><em>arborum</em></strong></span> <span class='ocrx_word' id='word_1_59' title='bbox 1621 732 1708 801; x_wconf 84' lang='lat' dir='ltr'><strong><em>fa-</em></strong></span> 
     </span>
    </p>
   </div>
   <div class='ocr_carea' id='block_1_9' title="bbox 133 815 1704 886">
    <p class='ocr_par' dir='ltr' id='par_1_9' title="bbox 133 815 1704 886">
     <span class='ocr_line' id='line_1_9' title="bbox 133 815 1704 886; baseline 0.002 -17"><span class='ocrx_word' id='word_1_60' title='bbox 133 825 305 882; x_wconf 72' lang='lat' dir='ltr'><strong><em>cerent,</em></strong></span> <span class='ocrx_word' id='word_1_61' title='bbox 331 824 380 868; x_wconf 86' lang='lat' dir='ltr'><strong><em>et</em></strong></span> <span class='ocrx_word' id='word_1_62' title='bbox 414 815 670 886; x_wconf 80' lang='lat' dir='ltr'><strong><em>religiosis</em></strong></span> <span class='ocrx_word' id='word_1_63' title='bbox 697 818 938 870; x_wconf 79' lang='lat' dir='ltr'><strong><em>conviviis</em></strong></span> <span class='ocrx_word' id='word_1_64' title='bbox 970 816 1344 870; x_wconf 88' lang='lat' dir='ltr'><strong><em>solemnitatem</em></strong></span> <span class='ocrx_word' id='word_1_65' title='bbox 1371 817 1704 872; x_wconf 84' lang='lat' dir='ltr'><strong><em>celebrarent.</em></strong></span> 
     </span>
    </p>
   </div>
   <div class='ocr_carea' id='block_1_10' title="bbox 137 903 1710 974">
    <p class='ocr_par' dir='ltr' id='par_1_10' title="bbox 137 903 1710 974">
     <span class='ocr_line' id='line_1_10' title="bbox 137 903 1710 974; baseline 0.001 -17"><span class='ocrx_word' id='word_1_66' title='bbox 137 904 257 957; x_wconf 68' lang='lat' dir='ltr'><strong><em>Nam</em></strong></span> <span class='ocrx_word' id='word_1_67' title='bbox 285 904 432 955; x_wconf 86' lang='lat' dir='ltr'><strong><em>duris</em></strong></span> <span class='ocrx_word' id='word_1_68' title='bbox 451 943 466 968; x_wconf 93' lang='lat'><strong><em>,</em></strong></span> <span class='ocrx_word' id='word_1_69' title='bbox 497 904 524 956; x_wconf 86' lang='lat' dir='ltr'><strong><em>i.</em></strong></span> <span class='ocrx_word' id='word_1_70' title='bbox 554 904 706 974; x_wconf 80' lang='lat' dir='ltr'><strong><em>quit,</em></strong></span> <span class='ocrx_word' id='word_1_71' title='bbox 746 903 1000 958; x_wconf 83' lang='lat' dir='ltr'><strong><em>mentibus</em></strong></span> <span class='ocrx_word' id='word_1_72' title='bbox 1029 905 1185 958; x_wconf 90' lang='lat' dir='ltr'><strong><em>simul</em></strong></span> <span class='ocrx_word' id='word_1_73' title='bbox 1205 907 1381 960; x_wconf 85' lang='lat' dir='ltr'><strong><em>omnia</em></strong></span> <span class='ocrx_word' id='word_1_74' title='bbox 1405 905 1710 960; x_wconf 73' lang='lat' dir='ltr'><strong><em>abscindere</em></strong></span> 
     </span>
    </p>
   </div>
   <div class='ocr_carea' id='block_1_11' title="bbox 134 993 1708 1066">
    <p class='ocr_par' dir='ltr' id='par_1_11' title="bbox 134 993 1708 1066">
     <span class='ocr_line' id='line_1_11' title="bbox 134 993 1708 1066; baseline 0.003 -21"><span class='ocrx_word' id='word_1_75' title='bbox 134 993 433 1060; x_wconf 82' lang='lat' dir='ltr'><strong><em>impossibile</em></strong></span> <span class='ocrx_word' id='word_1_76' title='bbox 478 1009 588 1046; x_wconf 84' lang='lat' dir='ltr'><strong><em>esse</em></strong></span> <span class='ocrx_word' id='word_1_77' title='bbox 632 1009 731 1046; x_wconf 88' lang='lat' dir='ltr'><strong><em>non</em></strong></span> <span class='ocrx_word' id='word_1_78' title='bbox 775 993 983 1045; x_wconf 80' lang='lat' dir='ltr'><strong><em>dubiant</em></strong></span> <span class='ocrx_word' id='word_1_79' title='bbox 1013 1002 1128 1046; x_wconf 88' lang='lat' dir='ltr'><strong><em>est:</em></strong></span> <span class='ocrx_word' id='word_1_80' title='bbox 1177 995 1298 1066; x_wconf 81' lang='lat' dir='ltr'><strong><em>quia</em></strong></span> <span class='ocrx_word' id='word_1_81' title='bbox 1339 997 1385 1049; x_wconf 90' lang='lat' dir='ltr'><strong><em>is</em></strong></span> <span class='ocrx_word' id='word_1_82' title='bbox 1427 996 1510 1066; x_wconf 78' lang='lat' dir='ltr'><strong><em>qui</em></strong></span> <span class='ocrx_word' id='word_1_83' title='bbox 1541 995 1708 1050; x_wconf 88' lang='lat' dir='ltr'><strong><em>locum</em></strong></span> 
     </span>
    </p>
   </div>
   <div class='ocr_carea' id='block_1_12' title="bbox 135 1083 1710 1156">
    <p class='ocr_par' dir='ltr' id='par_1_12' title="bbox 135 1083 1710 1156">
     <span class='ocr_line' id='line_1_12' title="bbox 135 1083 1710 1156; baseline 0.001 -18"><span class='ocrx_word' id='word_1_84' title='bbox 135 1101 367 1138; x_wconf 78' lang='lat' dir='ltr'><strong><em>summum</em></strong></span> <span class='ocrx_word' id='word_1_85' title='bbox 395 1083 676 1136; x_wconf 82' lang='lat' dir='ltr'><strong><em>ascendere</em></strong></span> <span class='ocrx_word' id='word_1_86' title='bbox 705 1084 917 1146; x_wconf 73' lang='lat' dir='ltr'><strong><em>nititur,</em></strong></span> <span class='ocrx_word' id='word_1_87' title='bbox 942 1101 1149 1139; x_wconf 89' lang='lat' dir='ltr'><strong><em>necesse</em></strong></span> <span class='ocrx_word' id='word_1_88' title='bbox 1175 1095 1250 1138; x_wconf 88' lang='lat' dir='ltr'><strong><em>est</em></strong></span> <span class='ocrx_word' id='word_1_89' title='bbox 1277 1094 1331 1138; x_wconf 89' lang='lat' dir='ltr'><strong><em>ut</em></strong></span> <span class='ocrx_word' id='word_1_90' title='bbox 1360 1086 1604 1156; x_wconf 86' lang='lat' dir='ltr'><strong><em>gradibus</em></strong></span> <span class='ocrx_word' id='word_1_91' title='bbox 1633 1086 1710 1140; x_wconf 83' lang='lat' dir='ltr'><strong><em>vel</em></strong></span> 
     </span>
    </p>
   </div>
   <div class='ocr_carea' id='block_1_13' title="bbox 134 1175 1704 1250">
    <p class='ocr_par' dir='ltr' id='par_1_13' title="bbox 134 1175 1704 1250">
     <span class='ocr_line' id='line_1_13' title="bbox 134 1175 1704 1250; baseline 0 -20"><span class='ocrx_word' id='word_1_92' title='bbox 134 1176 374 1247; x_wconf 81' lang='lat' dir='ltr'><strong><em>passibus,</em></strong></span> <span class='ocrx_word' id='word_1_93' title='bbox 407 1193 512 1230; x_wconf 86' lang='lat' dir='ltr'><strong><em>non</em></strong></span> <span class='ocrx_word' id='word_1_94' title='bbox 537 1185 709 1229; x_wconf 85' lang='lat' dir='ltr'><strong><em>autem</em></strong></span> <span class='ocrx_word' id='word_1_95' title='bbox 730 1175 947 1230; x_wconf 80' lang='lat' dir='ltr'><strong><em>saltibus</em></strong></span> <span class='ocrx_word' id='word_1_96' title='bbox 967 1177 1186 1230; x_wconf 88' lang='lat' dir='ltr'><strong><em>elevetur</em></strong></span> <span class='ocrx_word' id='word_1_97' title='bbox 1214 1176 1354 1250; x_wconf 75' lang='lat' dir='ltr'><strong><em>(Lib.</em></strong></span> <span class='ocrx_word' id='word_1_98' title='bbox 1381 1195 1454 1244; x_wconf 63' lang='lat' dir='ltr'><strong><em>XI,</em></strong></span> <span class='ocrx_word' id='word_1_99' title='bbox 1478 1195 1559 1247; x_wconf 85' lang='lat' dir='ltr'><strong><em>ep.</em></strong></span> <span class='ocrx_word' id='word_1_100' title='bbox 1596 1177 1704 1248; x_wconf 83' lang='lat'><strong><em>76).</em></strong></span> 
     </span>
    </p>
   </div>
   <div class='ocr_carea' id='block_1_14' title="bbox 137 1265 1710 1336">
    <p class='ocr_par' dir='ltr' id='par_1_14' title="bbox 137 1265 1710 1336">
     <span class='ocr_line' id='line_1_14' title="bbox 137 1265 1710 1336; baseline 0.001 -16"><span class='ocrx_word' id='word_1_101' title='bbox 137 1268 316 1320; x_wconf 65' lang='lat' dir='ltr'><strong><em>Eadem</em></strong></span> <span class='ocrx_word' id='word_1_102' title='bbox 357 1267 446 1335; x_wconf 83' lang='lat' dir='ltr'><strong><em>pia</em></strong></span> <span class='ocrx_word' id='word_1_103' title='bbox 495 1267 756 1321; x_wconf 88' lang='lat' dir='ltr'><strong><em>industria</em></strong></span> <span class='ocrx_word' id='word_1_104' title='bbox 786 1282 940 1321; x_wconf 86' lang='lat' dir='ltr'><strong><em>usum</em></strong></span> <span class='ocrx_word' id='word_1_105' title='bbox 984 1265 1112 1320; x_wconf 89' lang='lat' dir='ltr'><strong><em>olim</em></strong></span> <span class='ocrx_word' id='word_1_106' title='bbox 1147 1267 1371 1336; x_wconf 82' lang='lat' dir='ltr'><strong><em>legimus</em></strong></span> <span class='ocrx_word' id='word_1_107' title='bbox 1407 1266 1460 1322; x_wconf 88' lang='lat' dir='ltr'><strong><em>S.</em></strong></span> <span class='ocrx_word' id='word_1_108' title='bbox 1505 1266 1710 1336; x_wconf 82' lang='lat' dir='ltr'><strong><em>Grego-</em></strong></span> 
     </span>
    </p>
   </div>
   <div class='ocr_carea' id='block_1_15' title="bbox 136 1356 1704 1430">
    <p class='ocr_par' dir='ltr' id='par_1_15' title="bbox 136 1356 1704 1430">
     <span class='ocr_line' id='line_1_15' title="bbox 136 1356 1704 1430; baseline 0.002 -20"><span class='ocrx_word' id='word_1_109' title='bbox 136 1361 256 1411; x_wconf 73' lang='lat' dir='ltr'><strong><em>rium</em></strong></span> <span class='ocrx_word' id='word_1_110' title='bbox 301 1365 667 1423; x_wconf 70' lang='lat' dir='ltr'><strong><em>cognomento</em></strong></span> <span class='ocrx_word' id='word_1_111' title='bbox 711 1356 1165 1426; x_wconf 79' lang='lat' dir='ltr'><strong><em>Thaumaturgum</em></strong></span> <span class='ocrx_word' id='word_1_112' title='bbox 1206 1374 1332 1427; x_wconf 82' lang='lat' dir='ltr'><strong><em>e:ga</em></strong></span> <span class='ocrx_word' id='word_1_113' title='bbox 1385 1359 1704 1430; x_wconf 81' lang='lat' dir='ltr'><strong><em>necphytos,</em></strong></span> 
     </span>
    </p>
   </div>
   <div class='ocr_carea' id='block_1_16' title="bbox 139 1444 1709 1518">
    <p class='ocr_par' dir='ltr' id='par_1_16' title="bbox 139 1444 1709 1518">
     <span class='ocr_line' id='line_1_16' title="bbox 139 1444 1709 1518; baseline 0.003 -18"><span class='ocrx_word' id='word_1_114' title='bbox 139 1457 185 1500; x_wconf 87' lang='lat' dir='ltr'><strong><em>ut</em></strong></span> <span class='ocrx_word' id='word_1_115' title='bbox 209 1444 364 1500; x_wconf 87' lang='lat' dir='ltr'><strong><em>relert</em></strong></span> <span class='ocrx_word' id='word_1_116' title='bbox 396 1447 536 1500; x_wconf 77' lang='lat' dir='ltr'><strong><em>alter</em></strong></span> <span class='ocrx_word' id='word_1_117' title='bbox 564 1445 856 1516; x_wconf 48' lang='lat' dir='ltr'><strong><em>Gregorius</em></strong></span> <span class='ocrx_word' id='word_1_118' title='bbox 888 1446 1159 1516; x_wconf 78' lang='lat' dir='ltr'><strong><em>Nyssenus</em></strong></span> <span class='ocrx_word' id='word_1_119' title='bbox 1182 1447 1356 1502; x_wconf 82' lang='lat' dir='ltr'><strong><em>dictus</em></strong></span> <span class='ocrx_word' id='word_1_120' title='bbox 1385 1449 1440 1504; x_wconf 88' lang='lat' dir='ltr'><strong><em>in</em></strong></span> <span class='ocrx_word' id='word_1_121' title='bbox 1466 1448 1709 1518; x_wconf 80' lang='lat' dir='ltr'><strong><em>ejusdem</em></strong></span> 
     </span>
    </p>
   </div>
   <div class='ocr_carea' id='block_1_17' title="bbox 136 1535 1710 1605">
    <p class='ocr_par' dir='ltr' id='par_1_17' title="bbox 136 1535 1710 1605">
     <span class='ocr_line' id='line_1_17' title="bbox 136 1535 1710 1605; baseline 0.005 -15"><span class='ocrx_word' id='word_1_122' title='bbox 136 1539 228 1591; x_wconf 88' lang='lat' dir='ltr'><strong><em>vita</em></strong></span> <span class='ocrx_word' id='word_1_123' title='bbox 250 1555 264 1603; x_wconf 90' lang='lat'><strong><em>;</em></strong></span> <span class='ocrx_word' id='word_1_124' title='bbox 287 1538 430 1605; x_wconf 89' lang='lat' dir='ltr'><strong><em>quod</em></strong></span> <span class='ocrx_word' id='word_1_125' title='bbox 453 1537 656 1591; x_wconf 87' lang='lat' dir='ltr'><strong><em>idcirco</em></strong></span> <span class='ocrx_word' id='word_1_126' title='bbox 672 1535 1030 1605; x_wconf 84' lang='lat' dir='ltr'><strong><em>jndicavimus</em></strong></span> <span class='ocrx_word' id='word_1_127' title='bbox 1050 1538 1473 1605; x_wconf 82' lang='lat' dir='ltr'><strong><em>observandum,</em></strong></span> <span class='ocrx_word' id='word_1_128' title='bbox 1494 1555 1561 1595; x_wconf 87' lang='lat' dir='ltr'><strong><em>ne</em></strong></span> <span class='ocrx_word' id='word_1_129' title='bbox 1583 1539 1710 1598; x_wconf 83' lang='lat' dir='ltr'><strong><em>Gre-</em></strong></span> 
     </span>
    </p>
   </div>
   <div class='ocr_carea' id='block_1_18' title="bbox 135 1625 1708 1696">
    <p class='ocr_par' dir='ltr' id='par_1_18' title="bbox 135 1625 1708 1696">
     <span class='ocr_line' id='line_1_18' title="bbox 135 1625 1708 1696; baseline 0.003 -18"><span class='ocrx_word' id='word_1_130' title='bbox 135 1626 296 1692; x_wconf 85' lang='lat' dir='ltr'><strong><em>gorius</em></strong></span> <span class='ocrx_word' id='word_1_131' title='bbox 333 1633 523 1680; x_wconf 77' lang='lat' dir='ltr'><strong><em>noster</em></strong></span> <span class='ocrx_word' id='word_1_132' title='bbox 563 1626 651 1678; x_wconf 67' lang='lat' dir='ltr'><strong><em>illa</em></strong></span> <span class='ocrx_word' id='word_1_133' title='bbox 693 1626 913 1696; x_wconf 76' lang='lat' dir='ltr'><strong><em>paganis</em></strong></span> <span class='ocrx_word' id='word_1_134' title='bbox 943 1643 1116 1696; x_wconf 84' lang='lat' dir='ltr'><strong><em>nuper</em></strong></span> <span class='ocrx_word' id='word_1_135' title='bbox 1151 1628 1428 1684; x_wconf 86' lang='lat' dir='ltr'><strong><em>conversis</em></strong></span> <span class='ocrx_word' id='word_1_136' title='bbox 1455 1629 1521 1683; x_wconf 89' lang='lat' dir='ltr'><strong><em>ad</em></strong></span> <span class='ocrx_word' id='word_1_137' title='bbox 1549 1625 1708 1683; x_wconf 82' lang='lat' dir='ltr'><strong><em>ﬁdem</em></strong></span> 
     </span>
    </p>
   </div>
   <div class='ocr_carea' id='block_1_19' title="bbox 1807 465 3388 540">
    <p class='ocr_par' dir='ltr' id='par_1_19' title="bbox 1807 465 3388 540">
     <span class='ocr_line' id='line_1_19' title="bbox 1807 465 3388 540; baseline 0.003 -20"><span class='ocrx_word' id='word_1_138' title='bbox 1807 467 1962 528; x_wconf 81' lang='lat' dir='ltr'><strong><em>saris,</em></strong></span> <span class='ocrx_word' id='word_1_139' title='bbox 1991 466 2075 536; x_wconf 86' lang='lat' dir='ltr'><strong><em>qui</em></strong></span> <span class='ocrx_word' id='word_1_140' title='bbox 2104 466 2243 534; x_wconf 77' lang='lat' dir='ltr'><strong><em>genti</em></strong></span> <span class='ocrx_word' id='word_1_141' title='bbox 2265 465 2549 536; x_wconf 85' lang='lat' dir='ltr'><strong><em>Anglorum</em></strong></span> <span class='ocrx_word' id='word_1_142' title='bbox 2574 467 2760 522; x_wconf 84' lang='lat' dir='ltr'><strong><em>missus</em></strong></span> <span class='ocrx_word' id='word_1_143' title='bbox 2783 477 2857 521; x_wconf 86' lang='lat' dir='ltr'><strong><em>est</em></strong></span> <span class='ocrx_word' id='word_1_144' title='bbox 2880 485 2911 520; x_wconf 91' lang='lat' dir='ltr'><strong><em>a</em></strong></span> <span class='ocrx_word' id='word_1_145' title='bbox 2935 471 3158 539; x_wconf 78' lang='lat' dir='ltr'><strong><em>prtefato</em></strong></span> <span class='ocrx_word' id='word_1_146' title='bbox 3182 487 3388 540; x_wconf 81' lang='lat' dir='ltr'><strong><em>papa...</em></strong></span> 
     </span>
    </p>
   </div>
   <div class='ocr_carea' id='block_1_20' title="bbox 1807 557 3394 631">
    <p class='ocr_par' dir='ltr' id='par_1_20' title="bbox 1807 557 3394 631">
     <span class='ocr_line' id='line_1_20' title="bbox 1807 557 3394 631; baseline 0.004 -20"><span class='ocrx_word' id='word_1_147' title='bbox 1807 559 2076 612; x_wconf 81' lang='lat' dir='ltr'><strong><em>scientiam</em></strong></span> <span class='ocrx_word' id='word_1_148' title='bbox 2089 559 2234 628; x_wconf 80' lang='lat' dir='ltr'><strong><em>ﬁdei,</em></strong></span> <span class='ocrx_word' id='word_1_149' title='bbox 2261 557 2500 628; x_wconf 82' lang='lat' dir='ltr'><strong><em>baptismi</em></strong></span> <span class='ocrx_word' id='word_1_150' title='bbox 2513 568 2893 613; x_wconf 85' lang='lat' dir='ltr'><strong><em>sacramentum</em></strong></span> <span class='ocrx_word' id='word_1_151' title='bbox 2911 569 2961 613; x_wconf 91' lang='lat' dir='ltr'><strong><em>et</em></strong></span> <span class='ocrx_word' id='word_1_152' title='bbox 2981 562 3196 615; x_wconf 67' lang='lat' dir='ltr'><strong><em>scelestis</em></strong></span> <span class='ocrx_word' id='word_1_153' title='bbox 3212 565 3394 631; x_wconf 67' lang='lat' dir='ltr'><strong><em>patrita</em></strong></span> 
     </span>
    </p>
   </div>
   <div class='ocr_carea' id='block_1_21' title="bbox 1808 650 3392 720">
    <p class='ocr_par' dir='ltr' id='par_1_21' title="bbox 1808 650 3392 720">
     <span class='ocr_line' id='line_1_21' title="bbox 1808 650 3392 720; baseline 0.003 -18"><span class='ocrx_word' id='word_1_154' title='bbox 1808 651 2046 704; x_wconf 87' lang='lat' dir='ltr'><strong><em>notitiam</em></strong></span> <span class='ocrx_word' id='word_1_155' title='bbox 2073 652 2272 720; x_wconf 84' lang='lat' dir='ltr'><strong><em>primus</em></strong></span> <span class='ocrx_word' id='word_1_156' title='bbox 2299 653 2500 716; x_wconf 81' lang='lat' dir='ltr'><strong><em>attulit,</em></strong></span> <span class='ocrx_word' id='word_1_157' title='bbox 2536 650 2599 704; x_wconf 90' lang='lat' dir='ltr'><strong><em>ab</em></strong></span> <span class='ocrx_word' id='word_1_158' title='bbox 2630 651 2870 706; x_wconf 86' lang='lat' dir='ltr'><strong><em>omnibus</em></strong></span> <span class='ocrx_word' id='word_1_159' title='bbox 2898 653 3030 706; x_wconf 87' lang='lat' dir='ltr'><strong><em>sicut</em></strong></span> <span class='ocrx_word' id='word_1_160' title='bbox 3057 652 3197 706; x_wconf 89' lang='lat' dir='ltr'><strong><em>decet</em></strong></span> <span class='ocrx_word' id='word_1_161' title='bbox 3227 654 3392 708; x_wconf 79' lang='lat' dir='ltr'><strong><em>hono-</em></strong></span> 
     </span>
    </p>
   </div>
   <div class='ocr_carea' id='block_1_22' title="bbox 1807 744 3392 816">
    <p class='ocr_par' dir='ltr' id='par_1_22' title="bbox 1807 744 3392 816">
     <span class='ocr_line' id='line_1_22' title="bbox 1807 744 3392 816; baseline 0 -20"><span class='ocrx_word' id='word_1_162' title='bbox 1807 745 1951 813; x_wconf 82' lang='lat' dir='ltr'><strong><em>rifice</em></strong></span> <span class='ocrx_word' id='word_1_163' title='bbox 1979 755 2278 798; x_wconf 86' lang='lat' dir='ltr'><strong><em>venerentur</em></strong></span> <span class='ocrx_word' id='word_1_164' title='bbox 2308 762 2325 799; x_wconf 91' lang='lat'><strong><em>:</em></strong></span> <span class='ocrx_word' id='word_1_165' title='bbox 2356 747 2430 798; x_wconf 88' lang='lat' dir='ltr'><strong><em>ita</em></strong></span> <span class='ocrx_word' id='word_1_166' title='bbox 2463 752 2517 798; x_wconf 88' lang='lat' dir='ltr'><strong><em>ut</em></strong></span> <span class='ocrx_word' id='word_1_167' title='bbox 2549 756 2760 816; x_wconf 84' lang='lat' dir='ltr'><strong><em>uterque</em></strong></span> <span class='ocrx_word' id='word_1_168' title='bbox 2786 746 2894 798; x_wconf 88' lang='lat' dir='ltr'><strong><em>dies</em></strong></span> <span class='ocrx_word' id='word_1_169' title='bbox 2933 744 2997 796; x_wconf 93' lang='lat' dir='ltr'><strong><em>ab</em></strong></span> <span class='ocrx_word' id='word_1_170' title='bbox 3028 744 3392 796; x_wconf 86' lang='lat' dir='ltr'><strong><em>ecclesiasticis</em></strong></span> 
     </span>
    </p>
   </div>
   <div class='ocr_carea' id='block_1_23' title="bbox 1807 835 3395 906">
    <p class='ocr_par' dir='ltr' id='par_1_23' title="bbox 1807 835 3395 906">
     <span class='ocr_line' id='line_1_23' title="bbox 1807 835 3395 906; baseline -0.001 -18"><span class='ocrx_word' id='word_1_171' title='bbox 1807 845 1856 888; x_wconf 83' lang='lat' dir='ltr'><strong><em>et</em></strong></span> <span class='ocrx_word' id='word_1_172' title='bbox 1871 836 2323 890; x_wconf 86' lang='lat' dir='ltr'><strong><em>monasterialibus</em></strong></span> <span class='ocrx_word' id='word_1_173' title='bbox 2340 836 2554 906; x_wconf 86' lang='lat' dir='ltr'><strong><em>feriatus</em></strong></span> <span class='ocrx_word' id='word_1_174' title='bbox 2575 835 2844 897; x_wconf 80' lang='lat' dir='ltr'><strong><em>habeatur,</em></strong></span> <span class='ocrx_word' id='word_1_175' title='bbox 2867 851 3147 904; x_wconf 84' lang='lat' dir='ltr'><strong><em>nomenque</em></strong></span> <span class='ocrx_word' id='word_1_176' title='bbox 3163 835 3395 904; x_wconf 85' lang='lat' dir='ltr'><strong><em>ejusdem</em></strong></span> 
     </span>
    </p>
   </div>
   <div class='ocr_carea' id='block_1_24' title="bbox 1771 926 3368 1004">
    <p class='ocr_par' dir='ltr' id='par_1_24' title="bbox 1771 926 3368 1004">
     <span class='ocr_line' id='line_1_24' title="bbox 1771 926 3368 1004; baseline 0.003 -27"><span class='ocrx_word' id='word_1_177' title='bbox 1771 969 1776 975; x_wconf 93' lang='lat'><strong><em>.</em></strong></span> <span class='ocrx_word' id='word_1_178' title='bbox 1809 926 1871 979; x_wconf 82' lang='grc' dir='ltr'><strong>Β.</strong></span> <span class='ocrx_word' id='word_1_179' title='bbox 1903 926 2081 1004; x_wconf 73' lang='lat' dir='ltr'><strong><em>Patris</em></strong></span> <span class='ocrx_word' id='word_1_180' title='bbox 2109 937 2156 980; x_wconf 88' lang='lat' dir='ltr'><strong><em>et</em></strong></span> <span class='ocrx_word' id='word_1_181' title='bbox 2197 927 2436 980; x_wconf 84' lang='lat' dir='ltr'><strong><em>Doctoris</em></strong></span> <span class='ocrx_word' id='word_1_182' title='bbox 2465 930 2630 980; x_wconf 82' lang='lat' dir='ltr'><strong><em>nostri</em></strong></span> <span class='ocrx_word' id='word_1_183' title='bbox 2671 929 2944 998; x_wconf 75' lang='lat' dir='ltr'><strong><em>Augustini</em></strong></span> <span class='ocrx_word' id='word_1_184' title='bbox 2973 929 3026 980; x_wconf 89' lang='lat' dir='ltr'><strong><em>in</em></strong></span> <span class='ocrx_word' id='word_1_185' title='bbox 3059 926 3283 982; x_wconf 77' lang='lat' dir='ltr'><strong><em>Litanim</em></strong></span> <span class='ocrx_word' id='word_1_186' title='bbox 3303 928 3368 982; x_wconf 79' lang='lat' dir='ltr'><strong><em>de</em></strong></span> 
     </span>
    </p>
   </div>
   <div class='ocr_carea' id='block_1_25' title="bbox 1808 1014 3394 1090">
    <p class='ocr_par' dir='ltr' id='par_1_25' title="bbox 1808 1014 3394 1090">
     <span class='ocr_line' id='line_1_25' title="bbox 1808 1014 3394 1090; baseline 0.001 -20"><span class='ocrx_word' id='word_1_187' title='bbox 1808 1017 2105 1070; x_wconf 81' lang='lat' dir='ltr'><strong><em>mutatione</em></strong></span> <span class='ocrx_word' id='word_1_188' title='bbox 2155 1025 2272 1085; x_wconf 84' lang='lat' dir='ltr'><strong><em>post</em></strong></span> <span class='ocrx_word' id='word_1_189' title='bbox 2321 1017 2488 1070; x_wconf 87' lang='lat' dir='ltr'><strong><em>sancti</em></strong></span> <span class='ocrx_word' id='word_1_190' title='bbox 2539 1014 2772 1087; x_wconf 85' lang='lat' dir='ltr'><strong><em>Gregorii</em></strong></span> <span class='ocrx_word' id='word_1_191' title='bbox 2825 1017 3143 1072; x_wconf 67' lang='lat' dir='ltr'><strong><em>vocationem</em></strong></span> <span class='ocrx_word' id='word_1_192' title='bbox 3194 1035 3394 1090; x_wconf 86' lang='lat' dir='ltr'><strong><em>semper</em></strong></span> 
     </span>
    </p>
   </div>
   <div class='ocr_carea' id='block_1_26' title="bbox 1807 1108 2032 1162">
    <p class='ocr_par' dir='ltr' id='par_1_26' title="bbox 1807 1108 2032 1162">
     <span class='ocr_line' id='line_1_26' title="bbox 1807 1108 2032 1162; baseline 0.009 -2"><span class='ocrx_word' id='word_1_193' title='bbox 1807 1108 2032 1162; x_wconf 80' lang='lat' dir='ltr'><strong><em>dicatur.</em></strong></span> 
     </span>
    </p>
   </div>
   <div class='ocr_carea' id='block_1_27' title="bbox 1879 1193 3400 1266">
    <p class='ocr_par' dir='ltr' id='par_1_27' title="bbox 1879 1193 3400 1266">
     <span class='ocr_line' id='line_1_27' title="bbox 1879 1193 3400 1266; baseline -0.006 -18"><span class='ocrx_word' id='word_1_194' title='bbox 1879 1195 1932 1250; x_wconf 88' lang='lat' dir='ltr'><strong><em>&#39;l.</em></strong></span> <span class='ocrx_word' id='word_1_195' title='bbox 1975 1193 2210 1248; x_wconf 85' lang='lat' dir='ltr'><strong><em>Evocate</em></strong></span> <span class='ocrx_word' id='word_1_196' title='bbox 2238 1193 2304 1247; x_wconf 85' lang='lat' dir='ltr'><strong><em>ad</em></strong></span> <span class='ocrx_word' id='word_1_197' title='bbox 2333 1208 2556 1262; x_wconf 85' lang='lat' dir='ltr'><strong><em>superos</em></strong></span> <span class='ocrx_word' id='word_1_198' title='bbox 2586 1193 2901 1260; x_wconf 85' lang='lat' dir='ltr'><strong><em>Augustino,</em></strong></span> <span class='ocrx_word' id='word_1_199' title='bbox 2931 1195 3019 1263; x_wconf 87' lang='lat' dir='ltr'><strong><em>qui</em></strong></span> <span class='ocrx_word' id='word_1_200' title='bbox 3059 1195 3127 1250; x_wconf 86' lang='lat' dir='ltr'><strong><em>ab</em></strong></span> <span class='ocrx_word' id='word_1_201' title='bbox 3158 1196 3273 1266; x_wconf 74' lang='lat' dir='ltr'><strong><em>ipso</em></strong></span> <span class='ocrx_word' id='word_1_202' title='bbox 3302 1213 3400 1252; x_wconf 78' lang='grc' dir='ltr'><strong><em>οιι-</em></strong></span> 
     </span>
    </p>
   </div>
   <div class='ocr_carea' id='block_1_28' title="bbox 1809 1280 3396 1354">
    <p class='ocr_par' dir='ltr' id='par_1_28' title="bbox 1809 1280 3396 1354">
     <span class='ocr_line' id='line_1_28' title="bbox 1809 1280 3396 1354; baseline 0.002 -15"><span class='ocrx_word' id='word_1_203' title='bbox 1809 1284 1978 1340; x_wconf 84' lang='lat' dir='ltr'><strong><em>dinati</em></strong></span> <span class='ocrx_word' id='word_1_204' title='bbox 2005 1283 2216 1339; x_wconf 81' lang='lat' dir='ltr'><strong><em>fuerant</em></strong></span> <span class='ocrx_word' id='word_1_205' title='bbox 2250 1283 2519 1354; x_wconf 81' lang='lat' dir='ltr'><strong><em>episcOpi,</em></strong></span> <span class='ocrx_word' id='word_1_206' title='bbox 2569 1280 2800 1337; x_wconf 79' lang='lat' dir='ltr'><strong><em>Mellitus</em></strong></span> <span class='ocrx_word' id='word_1_207' title='bbox 2844 1281 3135 1337; x_wconf 80' lang='lat' dir='ltr'><strong><em>Lundoniae</em></strong></span> <span class='ocrx_word' id='word_1_208' title='bbox 3160 1326 3174 1349; x_wconf 87' lang='lat'><strong><em>,</em></strong></span> <span class='ocrx_word' id='word_1_209' title='bbox 3202 1284 3396 1347; x_wconf 78' lang='lat' dir='ltr'><strong><em>,Justus</em></strong></span> 
     </span>
    </p>
   </div>
   <div class='ocr_carea' id='block_1_29' title="bbox 1797 1372 3394 1443">
    <p class='ocr_par' dir='ltr' id='par_1_29' title="bbox 1797 1372 3394 1443">
     <span class='ocr_line' id='line_1_29' title="bbox 1797 1372 3394 1443; baseline 0 -14"><span class='ocrx_word' id='word_1_210' title='bbox 1797 1374 1843 1415; x_wconf 71' lang='grc' dir='ltr'><strong><em>’δ</em></strong></span> <span class='ocrx_word' id='word_1_211' title='bbox 1867 1373 2052 1436; x_wconf 63' lang='lat' dir='ltr'><strong><em>Rollin,</em></strong></span> <span class='ocrx_word' id='word_1_212' title='bbox 2078 1382 2134 1429; x_wconf 90' lang='lat' dir='ltr'><strong><em>et</em></strong></span> <span class='ocrx_word' id='word_1_213' title='bbox 2163 1374 2482 1428; x_wconf 87' lang='lat' dir='ltr'><strong><em>Laurentius</em></strong></span> <span class='ocrx_word' id='word_1_214' title='bbox 2513 1373 2678 1443; x_wconf 89' lang='lat' dir='ltr'><strong><em>ipsius</em></strong></span> <span class='ocrx_word' id='word_1_215' title='bbox 2709 1372 2761 1426; x_wconf 91' lang='lat' dir='ltr'><strong><em>in</em></strong></span> <span class='ocrx_word' id='word_1_216' title='bbox 2793 1372 3184 1428; x_wconf 88' lang='lat' dir='ltr'><strong><em>Dorovernensi</em></strong></span> <span class='ocrx_word' id='word_1_217' title='bbox 3205 1377 3394 1430; x_wconf 83' lang='lat' dir='ltr'><strong><em>cathe-</em></strong></span> 
     </span>
    </p>
   </div>
   <div class='ocr_carea' id='block_1_30' title="bbox 1793 1463 3394 1530">
    <p class='ocr_par' dir='ltr' id='par_1_30' title="bbox 1793 1463 3394 1530">
     <span class='ocr_line' id='line_1_30' title="bbox 1793 1463 3394 1530; baseline -0.002 -7"><span class='ocrx_word' id='word_1_218' title='bbox 1793 1467 1904 1523; x_wconf 85' lang='lat' dir='ltr'><strong><em>dra</em></strong></span> <span class='ocrx_word' id='word_1_219' title='bbox 1929 1481 2240 1530; x_wconf 82' lang='lat' dir='ltr'><strong><em>successor;</em></strong></span> <span class='ocrx_word' id='word_1_220' title='bbox 2268 1464 2336 1519; x_wconf 88' lang='lat' dir='ltr'><strong><em>de</em></strong></span> <span class='ocrx_word' id='word_1_221' title='bbox 2362 1463 2676 1519; x_wconf 80' lang='lat' dir='ltr'><strong><em>revocandis</em></strong></span> <span class='ocrx_word' id='word_1_222' title='bbox 2703 1479 2736 1518; x_wconf 86' lang='lat' dir='ltr'><strong><em>a</em></strong></span> <span class='ocrx_word' id='word_1_223' title='bbox 2763 1464 3050 1520; x_wconf 80' lang='lat' dir='ltr'><strong><em>schismate</em></strong></span> <span class='ocrx_word' id='word_1_224' title='bbox 3083 1473 3190 1518; x_wconf 89' lang='lat' dir='ltr'><strong><em>tum</em></strong></span> <span class='ocrx_word' id='word_1_225' title='bbox 3220 1465 3394 1522; x_wconf 85' lang='lat' dir='ltr'><strong><em>Brito-</em></strong></span> 
     </span>
    </p>
   </div>
   <div class='ocr_carea' id='block_1_31' title="bbox 1809 1553 3394 1624">
    <p class='ocr_par' dir='ltr' id='par_1_31' title="bbox 1809 1553 3394 1624">
     <span class='ocr_line' id='line_1_31' title="bbox 1809 1553 3394 1624; baseline -0.001 -11"><span class='ocrx_word' id='word_1_226' title='bbox 1809 1558 1984 1623; x_wconf 89' lang='lat' dir='ltr'><strong><em>nibus,</em></strong></span> <span class='ocrx_word' id='word_1_227' title='bbox 2005 1566 2117 1611; x_wconf 87' lang='lat' dir='ltr'><strong><em>tum</em></strong></span> <span class='ocrx_word' id='word_1_228' title='bbox 2140 1555 2342 1612; x_wconf 87' lang='lat' dir='ltr'><strong><em>Scottis</em></strong></span> <span class='ocrx_word' id='word_1_229' title='bbox 2359 1554 2626 1610; x_wconf 83' lang='lat' dir='ltr'><strong><em>Hiberniae</em></strong></span> <span class='ocrx_word' id='word_1_230' title='bbox 2646 1554 2832 1608; x_wconf 83' lang='lat' dir='ltr'><strong><em>insulae</em></strong></span> <span class='ocrx_word' id='word_1_231' title='bbox 2853 1553 3244 1609; x_wconf 82' lang='lat' dir='ltr'><strong><em>habitatoribus</em></strong></span> <span class='ocrx_word' id='word_1_232' title='bbox 3273 1556 3394 1624; x_wconf 87' lang='lat' dir='ltr'><strong><em>plu-</em></strong></span> 
     </span>
    </p>
   </div>
   <div class='ocr_carea' id='block_1_32' title="bbox 1810 1644 3390 1716">
    <p class='ocr_par' dir='ltr' id='par_1_32' title="bbox 1810 1644 3390 1716">
     <span class='ocr_line' id='line_1_32' title="bbox 1810 1644 3390 1716; baseline -0.003 -12"><span class='ocrx_word' id='word_1_233' title='bbox 1810 1649 2006 1704; x_wconf 88' lang='lat' dir='ltr'><strong><em>rimum</em></strong></span> <span class='ocrx_word' id='word_1_234' title='bbox 2025 1655 2354 1716; x_wconf 84' lang='lat' dir='ltr'><strong><em>sategerunt,</em></strong></span> <span class='ocrx_word' id='word_1_235' title='bbox 2377 1646 2590 1715; x_wconf 88' lang='lat' dir='ltr'><strong><em>scriptis</em></strong></span> <span class='ocrx_word' id='word_1_236' title='bbox 2609 1644 2675 1700; x_wconf 87' lang='lat' dir='ltr'><strong><em>ad</em></strong></span> <span class='ocrx_word' id='word_1_237' title='bbox 2697 1659 2794 1699; x_wconf 83' lang='lat' dir='ltr'><strong><em>eos</em></strong></span> <span class='ocrx_word' id='word_1_238' title='bbox 2814 1644 3055 1712; x_wconf 86' lang='lat' dir='ltr'><strong><em>epistolis</em></strong></span> <span class='ocrx_word' id='word_1_239' title='bbox 3074 1645 3390 1701; x_wconf 87' lang='lat' dir='ltr'><strong><em>charitatem</em></strong></span> 
     </span>
    </p>
   </div>
   <div class='ocr_carea' id='block_1_33' title="bbox 137 1715 3394 1827">
    <p class='ocr_par' dir='ltr' id='par_1_33' title="bbox 137 1715 3394 1827">
     <span class='ocr_line' id='line_1_33' title="bbox 137 1715 3394 1827; baseline 0.002 -61"><span class='ocrx_word' id='word_1_240' title='bbox 137 1715 490 1827; x_wconf 29' lang='lat' dir='ltr'><strong><em>Christianam;</em></strong></span> <span class='ocrx_word' id='word_1_241' title='bbox 512 1715 858 1796; x_wconf 86' lang='lat' dir='ltr'><strong><em>concedendo</em></strong></span> <span class='ocrx_word' id='word_1_242' title='bbox 883 1723 937 1770; x_wconf 89' lang='lat' dir='ltr'><strong><em>et</em></strong></span> <span class='ocrx_word' id='word_1_243' title='bbox 961 1717 1120 1770; x_wconf 83' lang='lat' dir='ltr'><strong><em>facile</em></strong></span> <span class='ocrx_word' id='word_1_244' title='bbox 1141 1716 1486 1786; x_wconf 81' lang='lat' dir='ltr'><strong><em>indulgendo,</em></strong></span> <span class='ocrx_word' id='word_1_245' title='bbox 1515 1719 1707 1773; x_wconf 89' lang='lat' dir='ltr'><strong><em>huma-</em></strong></span> <span class='ocrx_word' id='word_1_246' title='bbox 1741 1766 1785 1827; x_wconf 72' lang='grc' dir='ltr'><strong><em>Β</em></strong></span> <span class='ocrx_word' id='word_1_247' title='bbox 1813 1748 1869 1794; x_wconf 66' lang='grc' dir='ltr'><strong><em>ει</em></strong></span> <span class='ocrx_word' id='word_1_248' title='bbox 1911 1715 2266 1794; x_wconf 58' lang='grc' dir='ltr'><strong><em>δυωίιηεηθηι</em></strong></span> <span class='ocrx_word' id='word_1_249' title='bbox 2295 1735 2657 1791; x_wconf 47' lang='lat' dir='ltr'><strong><em>Christianam</em></strong></span> <span class='ocrx_word' id='word_1_250' title='bbox 2705 1733 3052 1804; x_wconf 57' lang='lat' dir='ltr'><strong><em>spirantibus,</em></strong></span> <span class='ocrx_word' id='word_1_251' title='bbox 3105 1734 3275 1789; x_wconf 60' lang='grc' dir='ltr'><strong><em>Μίδεω</em></strong></span> <span class='ocrx_word' id='word_1_252' title='bbox 3324 1735 3394 1788; x_wconf 68' lang='lat' dir='ltr'><strong><em>ad</em></strong></span> 
     </span>
     <span class='ocr_line' id='line_1_34' title="bbox 139 1803 2977 1827; baseline 0 0"><span class='ocrx_word' id='word_1_253' title='bbox 139 1819 245 1827; x_wconf 74' lang='lat'><strong><em>_......</em></strong></span> <span class='ocrx_word' id='word_1_254' title='bbox 289 1819 310 1827; x_wconf 70' lang='grc'><strong><em>.-</em></strong></span> <span class='ocrx_word' id='word_1_255' title='bbox 341 1803 450 1827; x_wconf 79' lang='lat'><strong><em>:_..:</em></strong></span> <span class='ocrx_word' id='word_1_256' title='bbox 524 1819 615 1827; x_wconf 68' lang='grc' dir='ltr'><strong><em>..-η</em></strong></span> <span class='ocrx_word' id='word_1_257' title='bbox 651 1819 734 1827; x_wconf 66' lang='grc' dir='ltr'><strong><em>-.-ιι</em></strong></span> <span class='ocrx_word' id='word_1_258' title='bbox 787 1819 898 1827; x_wconf 49' lang='grc' dir='ltr'><strong><em>ιω.--</em></strong></span> <span class='ocrx_word' id='word_1_259' title='bbox 937 1819 996 1827; x_wconf 74' lang='grc'><strong><em>--</em></strong></span> <span class='ocrx_word' id='word_1_260' title='bbox 1036 1803 1328 1827; x_wconf 64' lang='grc'><strong><em>--....--.,‹1--,...</em></strong></span> <span class='ocrx_word' id='word_1_261' title='bbox 1378 1820 1584 1827; x_wconf 64' lang='grc' dir='ltr'><strong><em>-..μ-...μ</em></strong></span> <span class='ocrx_word' id='word_1_262' title='bbox 1622 1822 1670 1827; x_wconf 69' lang='grc'><strong><em>--</em></strong></span> <span class='ocrx_word' id='word_1_263' title='bbox 2747 1825 2754 1827; x_wconf 33' lang='grc' dir='ltr'><em>Α</em></span> <span class='ocrx_word' id='word_1_264' title='bbox 2890 1825 2899 1827; x_wconf 68' lang='lat'><strong><em>_</em></strong></span> <span class='ocrx_word' id='word_1_265' title='bbox 2969 1825 2977 1827; x_wconf 24' lang='grc' dir='ltr'>ξ</span> 
     </span>
    </p>
   </div>
   <div class='ocr_carea' id='block_1_34' title="bbox 139 1803 1710 1874">
    <p class='ocr_par' dir='ltr' id='par_1_34' title="bbox 139 1803 1710 1874">
     <span class='ocr_line' id='line_1_35' title="bbox 139 1803 1710 1874; baseline 0.002 -16"><span class='ocrx_word' id='word_1_266' title='bbox 139 1819 248 1858; x_wconf 89' lang='lat' dir='ltr'><strong><em>num</em></strong></span> <span class='ocrx_word' id='word_1_267' title='bbox 286 1803 491 1874; x_wconf 85' lang='lat' dir='ltr'><strong><em>aliquid</em></strong></span> <span class='ocrx_word' id='word_1_268' title='bbox 523 1819 738 1872; x_wconf 81' lang='lat' dir='ltr'><strong><em>pas-um</em></strong></span> <span class='ocrx_word' id='word_1_269' title='bbox 782 1819 901 1859; x_wconf 87' lang='lat' dir='ltr'><strong><em>esse</em></strong></span> <span class='ocrx_word' id='word_1_270' title='bbox 935 1819 998 1858; x_wconf 90' lang='lat' dir='ltr'><strong><em>ac</em></strong></span> <span class='ocrx_word' id='word_1_271' title='bbox 1035 1803 1334 1859; x_wconf 87' lang='lat' dir='ltr'><strong><em>secundum</em></strong></span> <span class='ocrx_word' id='word_1_272' title='bbox 1373 1820 1592 1859; x_wconf 83' lang='lat' dir='ltr'><strong><em>carnem</em></strong></span> <span class='ocrx_word' id='word_1_273' title='bbox 1619 1822 1710 1860; x_wconf 82' lang='lat' dir='ltr'><strong><em>sa-</em></strong></span> 
     </span>
    </p>
   </div>
   <div class='ocr_carea' id='block_1_35' title="bbox 139 1891 1712 1964">
    <p class='ocr_par' dir='ltr' id='par_1_35' title="bbox 139 1891 1712 1964">
     <span class='ocr_line' id='line_1_36' title="bbox 139 1891 1712 1964; baseline 0.004 -20"><span class='ocrx_word' id='word_1_274' title='bbox 139 1893 296 1962; x_wconf 77' lang='lat' dir='ltr'><strong><em>puisse.</em></strong></span> <span class='ocrx_word' id='word_1_275' title='bbox 324 1891 596 1947; x_wconf 83' lang='lat' dir='ltr'><strong><em>videatur.</em></strong></span> <span class='ocrx_word' id='word_1_276' title='bbox 631 1891 727 1946; x_wconf 86' lang='lat' dir='ltr'><strong><em>Hic</em></strong></span> <span class='ocrx_word' id='word_1_277' title='bbox 749 1909 852 1947; x_wconf 81' lang='lat' dir='ltr'><strong><em>una</em></strong></span> <span class='ocrx_word' id='word_1_278' title='bbox 882 1891 1180 1962; x_wconf 78' lang='lat' dir='ltr'><strong><em>eademque.</em></strong></span> <span class='ocrx_word' id='word_1_279' title='bbox 1200 1894 1339 1948; x_wconf 83' lang='lat' dir='ltr'><strong><em>serie</em></strong></span> <span class='ocrx_word' id='word_1_280' title='bbox 1361 1909 1712 1964; x_wconf 78' lang='lat' dir='ltr'><strong><em>quaecumque</em></strong></span> 
     </span>
    </p>
   </div>
   <div class='ocr_carea' id='block_1_36' title="bbox 137 1979 1712 2050">
    <p class='ocr_par' dir='ltr' id='par_1_36' title="bbox 137 1979 1712 2050">
     <span class='ocr_line' id='line_1_37' title="bbox 137 1979 1712 2050; baseline 0.001 -16"><span class='ocrx_word' id='word_1_281' title='bbox 137 1979 193 2034; x_wconf 87' lang='lat' dir='ltr'><strong><em>ad</em></strong></span> <span class='ocrx_word' id='word_1_282' title='bbox 233 1979 524 2048; x_wconf 74' lang='lat' dir='ltr'><strong><em>Anglorum</em></strong></span> <span class='ocrx_word' id='word_1_283' title='bbox 572 1982 980 2035; x_wconf 70' lang='lat' dir='ltr'><strong><em>COltVt‘l&#39;altlllem</em></strong></span> <span class='ocrx_word' id='word_1_284' title='bbox 1025 1981 1302 2036; x_wconf 86' lang='lat' dir='ltr'><strong><em>annitente</em></strong></span> <span class='ocrx_word' id='word_1_285' title='bbox 1342 1981 1400 2035; x_wconf 93' lang='lat' dir='ltr'><strong><em>S.</em></strong></span> <span class='ocrx_word' id='word_1_286' title='bbox 1451 1979 1712 2050; x_wconf 81' lang='lat' dir='ltr'><strong><em>Gregorio</em></strong></span> 
     </span>
    </p>
   </div>
   <div class='ocr_carea' id='block_1_37' title="bbox 140 2068 1711 2137">
    <p class='ocr_par' dir='ltr' id='par_1_37' title="bbox 140 2068 1711 2137">
     <span class='ocr_line' id='line_1_38' title="bbox 140 2068 1711 2137; baseline 0.001 -15"><span class='ocrx_word' id='word_1_287' title='bbox 140 2069 256 2122; x_wconf 85' lang='lat' dir='ltr'><strong><em>laeta</em></strong></span> <span class='ocrx_word' id='word_1_288' title='bbox 277 2110 292 2132; x_wconf 94' lang='lat'><strong><em>,</em></strong></span> <span class='ocrx_word' id='word_1_289' title='bbox 330 2077 392 2122; x_wconf 89' lang='lat' dir='ltr'><strong><em>et</em></strong></span> <span class='ocrx_word' id='word_1_290' title='bbox 422 2068 487 2122; x_wconf 91' lang='lat' dir='ltr'><strong><em>ad</em></strong></span> <span class='ocrx_word' id='word_1_291' title='bbox 521 2070 789 2124; x_wconf 87' lang='lat' dir='ltr'><strong><em>noscentis</em></strong></span> <span class='ocrx_word' id='word_1_292' title='bbox 818 2069 1125 2137; x_wconf 74' lang='lat' dir='ltr'><strong><em>Anglicum:</em></strong></span> <span class='ocrx_word' id='word_1_293' title='bbox 1166 2069 1417 2124; x_wconf 68' lang='lat' dir='ltr'><strong><em>Ecclesia:</em></strong></span> <span class='ocrx_word' id='word_1_294' title='bbox 1446 2071 1711 2125; x_wconf 86' lang='lat' dir='ltr'><strong><em>constitu-</em></strong></span> 
     </span>
    </p>
   </div>
   <div class='ocr_carea' id='block_1_38' title="bbox 141 2157 1713 2229">
    <p class='ocr_par' dir='ltr' id='par_1_38' title="bbox 141 2157 1713 2229">
     <span class='ocr_line' id='line_1_39' title="bbox 141 2157 1713 2229; baseline 0.001 -17"><span class='ocrx_word' id='word_1_295' title='bbox 141 2160 317 2214; x_wconf 73' lang='lat' dir='ltr'><strong><em>tionem</em></strong></span> <span class='ocrx_word' id='word_1_296' title='bbox 350 2160 695 2229; x_wconf 81' lang='lat' dir='ltr'><strong><em>pertinebant</em></strong></span> <span class='ocrx_word' id='word_1_297' title='bbox 737 2157 1129 2222; x_wconf 64' lang='lat' dir='ltr'><strong><em>contraximus,</em></strong></span> <span class='ocrx_word' id='word_1_298' title='bbox 1173 2160 1273 2213; x_wconf 80' lang='lat' dir='ltr'><strong><em>etsi</em></strong></span> <span class='ocrx_word' id='word_1_299' title='bbox 1301 2160 1526 2214; x_wconf 69' lang='lat' dir='ltr'><strong><em>diversis</em></strong></span> <span class='ocrx_word' id='word_1_300' title='bbox 1556 2162 1713 2215; x_wconf 86' lang='lat' dir='ltr'><strong><em>annis</em></strong></span> 
     </span>
    </p>
   </div>
   <div class='ocr_carea' id='block_1_39' title="bbox 140 2248 1714 2318">
    <p class='ocr_par' dir='ltr' id='par_1_39' title="bbox 140 2248 1714 2318">
     <span class='ocr_line' id='line_1_40' title="bbox 140 2248 1714 2318; baseline 0.001 -15"><span class='ocrx_word' id='word_1_301' title='bbox 140 2251 469 2318; x_wconf 66' lang='lat' dir='ltr'><strong><em>contigerint.</em></strong></span> <span class='ocrx_word' id='word_1_302' title='bbox 494 2250 622 2315; x_wconf 63' lang='lat' dir='ltr'><strong><em>Quae</em></strong></span> <span class='ocrx_word' id='word_1_303' title='bbox 650 2261 754 2303; x_wconf 84' lang='lat' dir='ltr'><strong><em>tam</em></strong></span> <span class='ocrx_word' id='word_1_304' title='bbox 784 2248 975 2303; x_wconf 76' lang='lat' dir='ltr'><strong><em>faustis</em></strong></span> <span class='ocrx_word' id='word_1_305' title='bbox 1003 2249 1168 2304; x_wconf 83' lang='lat' dir='ltr'><strong><em>initiis</em></strong></span> <span class='ocrx_word' id='word_1_306' title='bbox 1191 2251 1566 2317; x_wconf 85' lang='lat' dir='ltr'><strong><em>suecesserint,</em></strong></span> <span class='ocrx_word' id='word_1_307' title='bbox 1589 2250 1714 2304; x_wconf 86' lang='lat' dir='ltr'><strong><em>bre-</em></strong></span> 
     </span>
    </p>
   </div>
   <div class='ocr_carea' id='block_1_40' title="bbox 144 2339 1716 2411">
    <p class='ocr_par' dir='ltr' id='par_1_40' title="bbox 144 2339 1716 2411">
     <span class='ocr_line' id='line_1_41' title="bbox 144 2339 1716 2411; baseline 0.002 -20"><span class='ocrx_word' id='word_1_308' title='bbox 144 2340 260 2393; x_wconf 82' lang='lat' dir='ltr'><strong><em>viter</em></strong></span> <span class='ocrx_word' id='word_1_309' title='bbox 285 2340 589 2406; x_wconf 85' lang='lat' dir='ltr'><strong><em>deliueare,</em></strong></span> <span class='ocrx_word' id='word_1_310' title='bbox 616 2349 672 2395; x_wconf 87' lang='lat' dir='ltr'><strong><em>et</em></strong></span> <span class='ocrx_word' id='word_1_311' title='bbox 693 2341 763 2394; x_wconf 90' lang='lat' dir='ltr'><strong><em>ob</em></strong></span> <span class='ocrx_word' id='word_1_312' title='bbox 793 2339 978 2394; x_wconf 88' lang='lat' dir='ltr'><strong><em>oculos</em></strong></span> <span class='ocrx_word' id='word_1_313' title='bbox 1006 2345 1279 2395; x_wconf 85' lang='lat' dir='ltr'><strong><em>contracta</em></strong></span> <span class='ocrx_word' id='word_1_314' title='bbox 1307 2355 1508 2409; x_wconf 63' lang='lat' dir='ltr'><strong><em>ponere</em></strong></span> <span class='ocrx_word' id='word_1_315' title='bbox 1537 2356 1716 2411; x_wconf 69' lang='lat' dir='ltr'><strong><em>operae</em></strong></span> 
     </span>
    </p>
   </div>
   <div class='ocr_carea' id='block_1_41' title="bbox 143 2431 496 2498">
    <p class='ocr_par' dir='ltr' id='par_1_41' title="bbox 143 2431 496 2498">
     <span class='ocr_line' id='line_1_42' title="bbox 143 2431 496 2498; baseline 0.003 -17"><span class='ocrx_word' id='word_1_316' title='bbox 143 2431 351 2498; x_wconf 81' lang='lat' dir='ltr'><strong><em>pretium</em></strong></span> <span class='ocrx_word' id='word_1_317' title='bbox 391 2438 496 2484; x_wconf 89' lang='lat' dir='ltr'><strong><em>est.</em></strong></span> 
     </span>
    </p>
   </div>
   <div class='ocr_carea' id='block_1_42' title="bbox 203 2536 1717 2608">
    <p class='ocr_par' dir='ltr' id='par_1_42' title="bbox 203 2536 1717 2608">
     <span class='ocr_line' id='line_1_43' title="bbox 203 2536 1717 2608; baseline 0.001 -17"><span class='ocrx_word' id='word_1_318' title='bbox 203 2538 249 2592; x_wconf 88' lang='lat'><strong><em>6.</em></strong></span> <span class='ocrx_word' id='word_1_319' title='bbox 306 2539 570 2606; x_wconf 65' lang='lat' dir='ltr'><strong><em>Quamvis</em></strong></span> <span class='ocrx_word' id='word_1_320' title='bbox 617 2538 753 2593; x_wconf 83' lang='lat' dir='ltr'><strong><em>nihil</em></strong></span> <span class='ocrx_word' id='word_1_321' title='bbox 805 2536 1075 2607; x_wconf 84' lang='lat' dir='ltr'><strong><em>antiquius</em></strong></span> <span class='ocrx_word' id='word_1_322' title='bbox 1121 2537 1344 2592; x_wconf 74' lang='lat' dir='ltr'><strong><em>haberet</em></strong></span> <span class='ocrx_word' id='word_1_323' title='bbox 1390 2537 1717 2608; x_wconf 79' lang='lat' dir='ltr'><strong><em>Augustinus</em></strong></span> 
     </span>
    </p>
   </div>
   <div class='ocr_carea' id='block_1_43' title="bbox 147 2627 1716 2701">
    <p class='ocr_par' dir='ltr' id='par_1_43' title="bbox 147 2627 1716 2701">
     <span class='ocr_line' id='line_1_44' title="bbox 147 2627 1716 2701; baseline -0.001 -18"><span class='ocrx_word' id='word_1_324' title='bbox 147 2647 284 2701; x_wconf 86' lang='lat' dir='ltr'><strong><em>quam</em></strong></span> <span class='ocrx_word' id='word_1_325' title='bbox 312 2631 521 2699; x_wconf 81' lang='lat' dir='ltr'><strong><em>Anglos</em></strong></span> <span class='ocrx_word' id='word_1_326' title='bbox 557 2631 624 2683; x_wconf 88' lang='lat' dir='ltr'><strong><em>ad</em></strong></span> <span class='ocrx_word' id='word_1_327' title='bbox 652 2630 1011 2684; x_wconf 87' lang='lat' dir='ltr'><strong><em>Christianam</em></strong></span> <span class='ocrx_word' id='word_1_328' title='bbox 1045 2627 1202 2682; x_wconf 88' lang='lat' dir='ltr'><strong><em>Iidem</em></strong></span> <span class='ocrx_word' id='word_1_329' title='bbox 1246 2629 1568 2698; x_wconf 86' lang='lat' dir='ltr'><strong><em>perducere,</em></strong></span> <span class='ocrx_word' id='word_1_330' title='bbox 1603 2629 1716 2682; x_wconf 88' lang='lat' dir='ltr'><strong><em>Bri-</em></strong></span> 
     </span>
    </p>
   </div>
   <div class='ocr_carea' id='block_1_44' title="bbox 149 2718 1718 2791">
    <p class='ocr_par' dir='ltr' id='par_1_44' title="bbox 149 2718 1718 2791">
     <span class='ocr_line' id='line_1_45' title="bbox 149 2718 1718 2791; baseline 0 -20"><span class='ocrx_word' id='word_1_331' title='bbox 149 2730 281 2774; x_wconf 81' lang='lat' dir='ltr'><strong><em>tones</em></strong></span> <span class='ocrx_word' id='word_1_332' title='bbox 325 2732 512 2774; x_wconf 87' lang='lat' dir='ltr'><strong><em>tamen</em></strong></span> <span class='ocrx_word' id='word_1_333' title='bbox 556 2720 806 2791; x_wconf 87' lang='lat' dir='ltr'><strong><em>antiquos</em></strong></span> <span class='ocrx_word' id='word_1_334' title='bbox 848 2720 1031 2776; x_wconf 77' lang='lat' dir='ltr'><strong><em>insulae</em></strong></span> <span class='ocrx_word' id='word_1_335' title='bbox 1072 2719 1306 2784; x_wconf 88' lang='lat' dir='ltr'><strong><em>incolas,</em></strong></span> <span class='ocrx_word' id='word_1_336' title='bbox 1353 2720 1416 2772; x_wconf 90' lang='lat' dir='ltr'><strong><em>ad</em></strong></span> <span class='ocrx_word' id='word_1_337' title='bbox 1465 2718 1718 2773; x_wconf 68' lang='lat' dir='ltr'><strong><em>Ecclesia:</em></strong></span> 
     </span>
    </p>
   </div>
   <div class='ocr_carea' id='block_1_45' title="bbox 152 2807 1720 2882">
    <p class='ocr_par' dir='ltr' id='par_1_45' title="bbox 152 2807 1720 2882">
     <span class='ocr_line' id='line_1_46' title="bbox 152 2807 1720 2882; baseline 0.001 -22"><span class='ocrx_word' id='word_1_338' title='bbox 152 2810 389 2863; x_wconf 75' lang='lat' dir='ltr'><strong><em>Hormine</em></strong></span> <span class='ocrx_word' id='word_1_339' title='bbox 413 2811 690 2874; x_wconf 82' lang='lat' dir='ltr'><strong><em>unitatem,</em></strong></span> <span class='ocrx_word' id='word_1_340' title='bbox 723 2825 752 2862; x_wconf 91' lang='lat' dir='ltr'><strong><em>a</em></strong></span> <span class='ocrx_word' id='word_1_341' title='bbox 774 2825 879 2882; x_wconf 81' lang='lat' dir='ltr'><strong><em>qua</em></strong></span> <span class='ocrx_word' id='word_1_342' title='bbox 903 2824 1068 2881; x_wconf 86' lang='lat' dir='ltr'><strong><em>penes</em></strong></span> <span class='ocrx_word' id='word_1_343' title='bbox 1093 2810 1380 2864; x_wconf 88' lang='lat' dir='ltr'><strong><em>nonnullos</em></strong></span> <span class='ocrx_word' id='word_1_344' title='bbox 1406 2809 1539 2862; x_wconf 87' lang='lat' dir='ltr'><strong><em>ritus</em></strong></span> <span class='ocrx_word' id='word_1_345' title='bbox 1564 2807 1720 2862; x_wconf 84' lang='lat' dir='ltr'><strong><em>dissi-</em></strong></span> 
     </span>
    </p>
   </div>
   <div class='ocr_carea' id='block_1_46' title="bbox 148 2901 1719 2969">
    <p class='ocr_par' dir='ltr' id='par_1_46' title="bbox 148 2901 1719 2969">
     <span class='ocr_line' id='line_1_47' title="bbox 148 2901 1719 2969; baseline -0.001 -13"><span class='ocrx_word' id='word_1_346' title='bbox 148 2905 358 2969; x_wconf 81' lang='lat' dir='ltr'><strong><em>debant,</em></strong></span> <span class='ocrx_word' id='word_1_347' title='bbox 395 2920 523 2958; x_wconf 89' lang='lat' dir='ltr'><strong><em>revo</em></strong></span> <span class='ocrx_word' id='word_1_348' title='bbox 562 2920 654 2958; x_wconf 88' lang='lat' dir='ltr'><strong><em>are</em></strong></span> <span class='ocrx_word' id='word_1_349' title='bbox 678 2904 940 2960; x_wconf 71' lang='lat' dir='ltr'><strong><em>soliicitus</em></strong></span> <span class='ocrx_word' id='word_1_350' title='bbox 965 2904 1093 2968; x_wconf 79' lang='lat' dir='ltr'><strong><em>fuit,</em></strong></span> <span class='ocrx_word' id='word_1_351' title='bbox 1125 2911 1315 2958; x_wconf 85' lang='lat' dir='ltr'><strong><em>coacta</em></strong></span> <span class='ocrx_word' id='word_1_352' title='bbox 1338 2902 1511 2964; x_wconf 78' lang='lat' dir='ltr'><strong><em>semel</em></strong></span> <span class='ocrx_word' id='word_1_353' title='bbox 1541 2910 1596 2956; x_wconf 88' lang='lat' dir='ltr'><strong><em>et</em></strong></span> <span class='ocrx_word' id='word_1_354' title='bbox 1619 2901 1719 2955; x_wconf 90' lang='lat' dir='ltr'><strong><em>ite-</em></strong></span> 
     </span>
    </p>
   </div>
   <div class='ocr_carea' id='block_1_47' title="bbox 149 2990 1718 3066">
    <p class='ocr_par' dir='ltr' id='par_1_47' title="bbox 149 2990 1718 3066">
     <span class='ocr_line' id='line_1_48' title="bbox 149 2990 1718 3066; baseline -0.003 -18"><span class='ocrx_word' id='word_1_355' title='bbox 149 3010 247 3048; x_wconf 89' lang='lat' dir='ltr'><strong><em>rum</em></strong></span> <span class='ocrx_word' id='word_1_356' title='bbox 279 2996 331 3049; x_wconf 92' lang='lat' dir='ltr'><strong><em>in</em></strong></span> <span class='ocrx_word' id='word_1_357' title='bbox 360 2996 501 3050; x_wconf 69' lang='lat' dir='ltr'><strong><em>hanc</em></strong></span> <span class='ocrx_word' id='word_1_358' title='bbox 531 3011 644 3049; x_wconf 86' lang='lat' dir='ltr'><strong><em>rem</em></strong></span> <span class='ocrx_word' id='word_1_359' title='bbox 672 2994 898 3066; x_wconf 81' lang='lat' dir='ltr'><strong><em>synodo.</em></strong></span> <span class='ocrx_word' id='word_1_360' title='bbox 932 2993 977 3060; x_wconf 86' lang='lat' dir='ltr'>Q</span> <span class='ocrx_word' id='word_1_361' title='bbox 1002 2995 1138 3050; x_wconf 85' lang='lat' dir='ltr'><strong><em>ibus</em></strong></span> <span class='ocrx_word' id='word_1_362' title='bbox 1160 2992 1547 3048; x_wconf 84' lang='lat' dir='ltr'><strong><em>reluctantibus</em></strong></span> <span class='ocrx_word' id='word_1_363' title='bbox 1567 3033 1582 3058; x_wconf 88' lang='lat'><strong><em>,</em></strong></span> <span class='ocrx_word' id='word_1_364' title='bbox 1619 2990 1718 3048; x_wconf 86' lang='lat' dir='ltr'><strong><em>etsi</em></strong></span> 
     </span>
    </p>
   </div>
   <div class='ocr_carea' id='block_1_48' title="bbox 151 3081 1717 3156">
    <p class='ocr_par' dir='ltr' id='par_1_48' title="bbox 151 3081 1717 3156">
     <span class='ocr_line' id='line_1_49' title="bbox 151 3081 1717 3156; baseline -0.003 -16"><span class='ocrx_word' id='word_1_365' title='bbox 151 3102 249 3156; x_wconf 70' lang='lat' dir='ltr'><strong><em>qua:</em></strong></span> <span class='ocrx_word' id='word_1_366' title='bbox 285 3087 468 3141; x_wconf 80' lang='lat' dir='ltr'><strong><em>verbis</em></strong></span> <span class='ocrx_word' id='word_1_367' title='bbox 513 3086 858 3156; x_wconf 75' lang='lat' dir='ltr'><strong><em>prmdicarat,</em></strong></span> <span class='ocrx_word' id='word_1_368' title='bbox 906 3084 1166 3140; x_wconf 86' lang='lat' dir='ltr'><strong><em>miraculo</em></strong></span> <span class='ocrx_word' id='word_1_369' title='bbox 1196 3081 1596 3149; x_wconf 77' lang='lat' dir='ltr'><strong><em>conﬁrmasset,</em></strong></span> <span class='ocrx_word' id='word_1_370' title='bbox 1641 3085 1717 3138; x_wconf 68' lang='lat' dir='ltr'><strong><em>vir</em></strong></span> 
     </span>
    </p>
   </div>
   <div class='ocr_carea' id='block_1_49' title="bbox 155 3175 1714 3248">
    <p class='ocr_par' dir='ltr' id='par_1_49' title="bbox 155 3175 1714 3248">
     <span class='ocr_line' id='line_1_50' title="bbox 155 3175 1714 3248; baseline -0.001 -19"><span class='ocrx_word' id='word_1_371' title='bbox 155 3178 341 3232; x_wconf 83' lang='lat' dir='ltr'><strong><em>Domini</em></strong></span> <span class='ocrx_word' id='word_1_372' title='bbox 383 3181 548 3248; x_wconf 86' lang='lat' dir='ltr'><strong><em>fertur</em></strong></span> <span class='ocrx_word' id='word_1_373' title='bbox 580 3179 830 3230; x_wconf 87' lang='lat' dir='ltr'><strong><em>minitans</em></strong></span> <span class='ocrx_word' id='word_1_374' title='bbox 879 3177 1216 3245; x_wconf 69' lang='lat' dir='ltr'><strong><em>prwdiatisse,</em></strong></span> <span class='ocrx_word' id='word_1_375' title='bbox 1267 3175 1402 3247; x_wconf 85' lang='lat' dir='ltr'><strong><em>quod</em></strong></span> <span class='ocrx_word' id='word_1_376' title='bbox 1443 3176 1488 3228; x_wconf 91' lang='lat' dir='ltr'><strong><em>si</em></strong></span> <span class='ocrx_word' id='word_1_377' title='bbox 1537 3191 1714 3246; x_wconf 86' lang='lat' dir='ltr'><strong><em>pacem</em></strong></span> 
     </span>
    </p>
   </div>
   <div class='ocr_carea' id='block_1_50' title="bbox 149 3264 1714 3340">
    <p class='ocr_par' dir='ltr' id='par_1_50' title="bbox 149 3264 1714 3340">
     <span class='ocr_line' id='line_1_51' title="bbox 149 3264 1714 3340; baseline -0.001 -20"><span class='ocrx_word' id='word_1_378' title='bbox 149 3286 244 3322; x_wconf 77' lang='lat' dir='ltr'><strong><em>runt</em></strong></span> <span class='ocrx_word' id='word_1_379' title='bbox 273 3268 524 3340; x_wconf 84' lang='lat' dir='ltr'><strong><em>fratribus</em></strong></span> <span class='ocrx_word' id='word_1_380' title='bbox 555 3269 786 3337; x_wconf 67' lang='lat' dir='ltr'><strong><em>accipere</em></strong></span> <span class='ocrx_word' id='word_1_381' title='bbox 812 3267 1036 3332; x_wconf 88' lang='lat' dir='ltr'><strong><em>nollent,</em></strong></span> <span class='ocrx_word' id='word_1_382' title='bbox 1067 3265 1250 3319; x_wconf 81' lang='lat' dir='ltr'><strong><em>bellum</em></strong></span> <span class='ocrx_word' id='word_1_383' title='bbox 1279 3265 1343 3318; x_wconf 90' lang='lat' dir='ltr'><strong><em>ab</em></strong></span> <span class='ocrx_word' id='word_1_384' title='bbox 1371 3264 1599 3318; x_wconf 82' lang='lat' dir='ltr'><strong><em>hostibus</em></strong></span> <span class='ocrx_word' id='word_1_385' title='bbox 1629 3267 1714 3336; x_wconf 91' lang='lat' dir='ltr'><strong><em>fo-</em></strong></span> 
     </span>
    </p>
   </div>
   <div class='ocr_carea' id='block_1_51' title="bbox 149 3354 1716 3428">
    <p class='ocr_par' dir='ltr' id='par_1_51' title="bbox 149 3354 1716 3428">
     <span class='ocr_line' id='line_1_52' title="bbox 149 3354 1716 3428; baseline -0.002 -16"><span class='ocrx_word' id='word_1_386' title='bbox 149 3369 246 3412; x_wconf 82' lang='lat' dir='ltr'><strong><em>rent</em></strong></span> <span class='ocrx_word' id='word_1_387' title='bbox 264 3366 472 3428; x_wconf 74' lang='lat' dir='ltr'><strong><em>arceptu</em></strong></span> <span class='ocrx_word' id='word_1_388' title='bbox 485 3358 535 3410; x_wconf 87' lang='lat' dir='ltr'><strong><em>ri</em></strong></span> <span class='ocrx_word' id='word_1_389' title='bbox 564 3357 714 3425; x_wconf 79' lang='lat' dir='ltr'><strong><em>(lled.</em></strong></span> <span class='ocrx_word' id='word_1_390' title='bbox 739 3357 775 3410; x_wconf 89' lang='lat' dir='ltr'><strong><em>t.</em></strong></span> <span class='ocrx_word' id='word_1_391' title='bbox 801 3372 858 3418; x_wconf 86' lang='grc' dir='ltr'><strong><em>ιι,</em></strong></span> <span class='ocrx_word' id='word_1_392' title='bbox 887 3373 932 3408; x_wconf 91' lang='lat' dir='ltr'><strong><em>c.</em></strong></span> <span class='ocrx_word' id='word_1_393' title='bbox 952 3355 1028 3424; x_wconf 74' lang='grc'><strong><em>2).</em></strong></span> <span class='ocrx_word' id='word_1_394' title='bbox 1057 3354 1165 3409; x_wconf 83' lang='lat' dir='ltr'><strong><em>Nec</em></strong></span> <span class='ocrx_word' id='word_1_395' title='bbox 1189 3355 1495 3410; x_wconf 84' lang='lat' dir='ltr'><strong><em>vaticinium</em></strong></span> <span class='ocrx_word' id='word_1_396' title='bbox 1521 3355 1716 3410; x_wconf 81' lang='lat' dir='ltr'><strong><em>ellectu</em></strong></span> 
     </span>
    </p>
   </div>
   <div class='ocr_carea' id='block_1_52' title="bbox 151 3442 1718 3512">
    <p class='ocr_par' dir='ltr' id='par_1_52' title="bbox 151 3442 1718 3512">
     <span class='ocr_line' id='line_1_53' title="bbox 151 3442 1718 3512; baseline -0.003 -11"><span class='ocrx_word' id='word_1_397' title='bbox 151 3451 336 3512; x_wconf 78' lang='lat' dir='ltr'><strong><em>caruit;</em></strong></span> <span class='ocrx_word' id='word_1_398' title='bbox 366 3463 491 3501; x_wconf 86' lang='lat' dir='ltr'><strong><em>nam</em></strong></span> <span class='ocrx_word' id='word_1_399' title='bbox 527 3445 812 3499; x_wconf 78' lang='lat' dir='ltr'><strong><em>Edill&#39;ridus</em></strong></span> <span class='ocrx_word' id='word_1_400' title='bbox 841 3442 1444 3498; x_wconf 67' lang='lat' dir='ltr'><strong><em>Nordan-l-lumbrorum</em></strong></span> <span class='ocrx_word' id='word_1_401' title='bbox 1481 3457 1577 3498; x_wconf 80' lang='lat' dir='ltr'><strong><em>rex</em></strong></span> <span class='ocrx_word' id='word_1_402' title='bbox 1608 3445 1718 3496; x_wconf 81' lang='lat' dir='ltr'><strong><em>lor-</em></strong></span> 
     </span>
    </p>
   </div>
   <div class='ocr_carea' id='block_1_53' title="bbox 151 3533 1718 3605">
    <p class='ocr_par' dir='ltr' id='par_1_53' title="bbox 151 3533 1718 3605">
     <span class='ocr_line' id='line_1_54' title="bbox 151 3533 1718 3605; baseline -0.003 -15"><span class='ocrx_word' id='word_1_403' title='bbox 151 3539 402 3602; x_wconf 68' lang='lat' dir='ltr'><strong><em>tiSsimus,</em></strong></span> <span class='ocrx_word' id='word_1_404' title='bbox 460 3545 584 3605; x_wconf 89' lang='lat' dir='ltr'><strong><em>post</em></strong></span> <span class='ocrx_word' id='word_1_405' title='bbox 636 3535 912 3605; x_wconf 73' lang='lat' dir='ltr'><strong><em>Augtnlini</em></strong></span> <span class='ocrx_word' id='word_1_406' title='bbox 962 3535 1163 3590; x_wconf 75' lang='lat' dir='ltr'><strong><em>obitum</em></strong></span> <span class='ocrx_word' id='word_1_407' title='bbox 1218 3533 1466 3588; x_wconf 78' lang='lat' dir='ltr'><strong><em>Britones</em></strong></span> <span class='ocrx_word' id='word_1_408' title='bbox 1515 3533 1718 3603; x_wconf 82' lang='lat' dir='ltr'><strong><em>ingenti</em></strong></span> 
     </span>
    </p>
   </div>
   <div class='ocr_carea' id='block_1_54' title="bbox 150 3621 1720 3698">
    <p class='ocr_par' dir='ltr' id='par_1_54' title="bbox 150 3621 1720 3698">
     <span class='ocr_line' id='line_1_55' title="bbox 150 3621 1720 3698; baseline -0.004 -17"><span class='ocrx_word' id='word_1_409' title='bbox 150 3637 310 3698; x_wconf 77' lang='lat' dir='ltr'><strong><em>strage</em></strong></span> <span class='ocrx_word' id='word_1_410' title='bbox 356 3629 696 3698; x_wconf 58' lang='lat' dir='ltr'><strong><em>proﬂigavit;</em></strong></span> <span class='ocrx_word' id='word_1_411' title='bbox 745 3641 844 3679; x_wconf 89' lang='lat' dir='ltr'><strong><em>nec</em></strong></span> <span class='ocrx_word' id='word_1_412' title='bbox 882 3625 1250 3680; x_wconf 83' lang='lat' dir='ltr'><strong><em>sacerdotibus</em></strong></span> <span class='ocrx_word' id='word_1_413' title='bbox 1296 3623 1569 3692; x_wconf 85' lang='lat' dir='ltr'><strong><em>pepercit,</em></strong></span> <span class='ocrx_word' id='word_1_414' title='bbox 1625 3621 1720 3690; x_wconf 91' lang='lat' dir='ltr'><strong><em>qui</em></strong></span> 
     </span>
    </p>
   </div>
   <div class='ocr_carea' id='block_1_55' title="bbox 154 3711 1722 3788">
    <p class='ocr_par' dir='ltr' id='par_1_55' title="bbox 154 3711 1722 3788">
     <span class='ocr_line' id='line_1_56' title="bbox 154 3711 1722 3788; baseline -0.004 -19"><span class='ocrx_word' id='word_1_415' title='bbox 154 3719 442 3788; x_wconf 73' lang='lat' dir='ltr'><strong><em>frequentes</em></strong></span> <span class='ocrx_word' id='word_1_416' title='bbox 489 3722 888 3780; x_wconf 78' lang='lat' dir='ltr'><strong><em>convenerant,</em></strong></span> <span class='ocrx_word' id='word_1_417' title='bbox 973 3714 1208 3766; x_wconf 79' lang='lat' dir='ltr'><strong><em>maxime</em></strong></span> <span class='ocrx_word' id='word_1_418' title='bbox 1268 3728 1334 3766; x_wconf 69' lang='lat' dir='ltr'><strong><em>rx</em></strong></span> <span class='ocrx_word' id='word_1_419' title='bbox 1394 3711 1722 3766; x_wconf 77' lang='lat' dir='ltr'><strong><em>monasterio</em></strong></span> 
     </span>
    </p>
   </div>
   <div class='ocr_carea' id='block_1_56' title="bbox 157 3805 1720 3877">
    <p class='ocr_par' dir='ltr' id='par_1_56' title="bbox 157 3805 1720 3877">
     <span class='ocr_line' id='line_1_57' title="bbox 157 3805 1720 3877; baseline -0.004 -16"><span class='ocrx_word' id='word_1_420' title='bbox 157 3823 177 3845; x_wconf 80' lang='grc' dir='ltr'><strong><em>ι·</em></strong></span> <span class='ocrx_word' id='word_1_421' title='bbox 203 3810 417 3872; x_wconf 79' lang='lat' dir='ltr'><strong><em>Bancor,</em></strong></span> <span class='ocrx_word' id='word_1_422' title='bbox 448 3808 610 3877; x_wconf 74' lang='lat'><strong>2&#39;70</strong></span> <span class='ocrx_word' id='word_1_423' title='bbox 643 3806 693 3858; x_wconf 88' lang='lat' dir='ltr'><strong><em>in</em></strong></span> <span class='ocrx_word' id='word_1_424' title='bbox 726 3821 824 3875; x_wconf 64' lang='lat' dir='ltr'><strong><em>quo</em></strong></span> <span class='ocrx_word' id='word_1_425' title='bbox 869 3815 1038 3858; x_wconf 87' lang='lat' dir='ltr'><strong><em>tantus</em></strong></span> <span class='ocrx_word' id='word_1_426' title='bbox 1082 3807 1245 3876; x_wconf 89' lang='lat' dir='ltr'><strong><em>fertur</em></strong></span> <span class='ocrx_word' id='word_1_427' title='bbox 1288 3805 1446 3875; x_wconf 86' lang='lat' dir='ltr'><strong><em>fuisse</em></strong></span> <span class='ocrx_word' id='word_1_428' title='bbox 1477 3818 1720 3856; x_wconf 84' lang='lat' dir='ltr'><strong><em>numerus</em></strong></span> 
     </span>
    </p>
   </div>
   <div class='ocr_carea' id='block_1_57' title="bbox 154 3895 1718 3964">
    <p class='ocr_par' dir='ltr' id='par_1_57' title="bbox 154 3895 1718 3964">
     <span class='ocr_line' id='line_1_58' title="bbox 154 3895 1718 3964; baseline -0.004 -15"><span class='ocrx_word' id='word_1_429' title='bbox 154 3897 527 3960; x_wconf 75' lang='lat' dir='ltr'><strong><em>monac/torum,</em></strong></span> <span class='ocrx_word' id='word_1_430' title='bbox 555 3904 610 3947; x_wconf 90' lang='lat' dir='ltr'><strong><em>ut</em></strong></span> <span class='ocrx_word' id='word_1_431' title='bbox 656 3911 769 3947; x_wconf 87' lang='lat' dir='ltr'><strong><em>cum</em></strong></span> <span class='ocrx_word' id='word_1_432' title='bbox 820 3896 875 3948; x_wconf 89' lang='lat' dir='ltr'><strong><em>in</em></strong></span> <span class='ocrx_word' id='word_1_433' title='bbox 900 3903 1090 3962; x_wconf 88' lang='lat' dir='ltr'><strong><em>septem</em></strong></span> <span class='ocrx_word' id='word_1_434' title='bbox 1118 3895 1376 3964; x_wconf 83' lang='lat' dir='ltr'><strong><em>portiones</em></strong></span> <span class='ocrx_word' id='word_1_435' title='bbox 1419 3902 1548 3946; x_wconf 75' lang='lat' dir='ltr'><strong><em>esset</em></strong></span> <span class='ocrx_word' id='word_1_436' title='bbox 1603 3907 1718 3943; x_wconf 88' lang='lat' dir='ltr'><strong><em>cum</em></strong></span> 
     </span>
    </p>
   </div>
   <div class='ocr_carea' id='block_1_58' title="bbox 157 3976 1720 4057">
    <p class='ocr_par' dir='ltr' id='par_1_58' title="bbox 157 3976 1720 4057">
     <span class='ocr_line' id='line_1_59' title="bbox 157 3976 1720 4057; baseline -0.003 -18"><span class='ocrx_word' id='word_1_437' title='bbox 157 3987 433 4057; x_wconf 63' lang='lat' dir='ltr'><strong><em>praepositis</em></strong></span> <span class='ocrx_word' id='word_1_438' title='bbox 463 3987 563 4040; x_wconf 85' lang='lat' dir='ltr'><strong><em>sibi</em></strong></span> <span class='ocrx_word' id='word_1_439' title='bbox 587 3985 870 4039; x_wconf 83' lang='lat' dir='ltr'><strong><em>rectoribus</em></strong></span> <span class='ocrx_word' id='word_1_440' title='bbox 911 3984 1156 4048; x_wconf 86' lang='lat' dir='ltr'><strong><em>divisum,</em></strong></span> <span class='ocrx_word' id='word_1_441' title='bbox 1184 3985 1327 4036; x_wconf 86' lang='lat' dir='ltr'><strong><em>nulla</em></strong></span> <span class='ocrx_word' id='word_1_442' title='bbox 1352 3976 1534 4036; x_wconf 82' lang='lat' dir='ltr'><strong><em>horum</em></strong></span> <span class='ocrx_word' id='word_1_443' title='bbox 1552 3983 1720 4051; x_wconf 85' lang='lat' dir='ltr'><strong><em>portio</em></strong></span> 
     </span>
    </p>
   </div>
   <div class='ocr_carea' id='block_1_59' title="bbox 156 4071 1721 4148">
    <p class='ocr_par' dir='ltr' id='par_1_59' title="bbox 156 4071 1721 4148">
     <span class='ocr_line' id='line_1_60' title="bbox 156 4071 1721 4148; baseline -0.004 -18"><span class='ocrx_word' id='word_1_444' title='bbox 156 4078 305 4131; x_wconf 87' lang='lat' dir='ltr'><strong><em>minus</em></strong></span> <span class='ocrx_word' id='word_1_445' title='bbox 331 4093 487 4148; x_wconf 81' lang='lat' dir='ltr'><strong><em>quam</em></strong></span> <span class='ocrx_word' id='word_1_446' title='bbox 532 4083 786 4128; x_wconf 88' lang='lat' dir='ltr'><strong><em>trecentos</em></strong></span> <span class='ocrx_word' id='word_1_447' title='bbox 822 4073 1048 4127; x_wconf 82' lang='lat' dir='ltr'><strong><em>homines</em></strong></span> <span class='ocrx_word' id='word_1_448' title='bbox 1082 4072 1312 4135; x_wconf 82' lang='lat' dir='ltr'><strong><em>haberet,</em></strong></span> <span class='ocrx_word' id='word_1_449' title='bbox 1351 4073 1435 4142; x_wconf 86' lang='lat' dir='ltr'><strong><em>qui</em></strong></span> <span class='ocrx_word' id='word_1_450' title='bbox 1459 4087 1635 4125; x_wconf 88' lang='lat' dir='ltr'><strong><em>omnes</em></strong></span> <span class='ocrx_word' id='word_1_451' title='bbox 1659 4071 1721 4124; x_wconf 87' lang='lat' dir='ltr'><strong><em>de</em></strong></span> 
     </span>
    </p>
   </div>
   <div class='ocr_carea' id='block_1_60' title="bbox 157 4160 1724 4232">
    <p class='ocr_par' dir='ltr' id='par_1_60' title="bbox 157 4160 1724 4232">
     <span class='ocr_line' id='line_1_61' title="bbox 157 4160 1724 4232; baseline -0.004 -10"><span class='ocrx_word' id='word_1_452' title='bbox 157 4168 314 4223; x_wconf 87' lang='lat' dir='ltr'><strong><em>labore</em></strong></span> <span class='ocrx_word' id='word_1_453' title='bbox 337 4183 588 4221; x_wconf 84' lang='lat' dir='ltr'><strong><em>manuum</em></strong></span> <span class='ocrx_word' id='word_1_454' title='bbox 615 4181 827 4219; x_wconf 88' lang='lat' dir='ltr'><strong><em>suarum</em></strong></span> <span class='ocrx_word' id='word_1_455' title='bbox 852 4164 912 4218; x_wconf 80' lang='lat' dir='ltr'><strong><em>vi.</em></strong></span> <span class='ocrx_word' id='word_1_456' title='bbox 929 4180 1012 4216; x_wconf 91' lang='lat' dir='ltr'><strong><em>ere</em></strong></span> <span class='ocrx_word' id='word_1_457' title='bbox 1039 4161 1271 4217; x_wconf 80' lang='lat' dir='ltr'><strong><em>solebant</em></strong></span> <span class='ocrx_word' id='word_1_458' title='bbox 1302 4163 1318 4231; x_wconf 95' lang='lat'><strong>(</strong></span> <span class='ocrx_word' id='word_1_459' title='bbox 1340 4160 1520 4232; x_wconf 88' lang='lat' dir='ltr'><strong><em>lbid.).</em></strong></span> <span class='ocrx_word' id='word_1_460' title='bbox 1557 4160 1724 4228; x_wconf 83' lang='lat' dir='ltr'><strong><em>Hujus</em></strong></span> 
     </span>
    </p>
   </div>
   <div class='ocr_carea' id='block_1_61' title="bbox 160 4250 1726 4322">
    <p class='ocr_par' dir='ltr' id='par_1_61' title="bbox 160 4250 1726 4322">
     <span class='ocr_line' id='line_1_62' title="bbox 160 4250 1726 4322; baseline -0.006 -12"><span class='ocrx_word' id='word_1_461' title='bbox 160 4257 526 4311; x_wconf 81' lang='lat' dir='ltr'><strong><em>internecionis</em></strong></span> <span class='ocrx_word' id='word_1_462' title='bbox 547 4253 741 4308; x_wconf 81' lang='lat' dir='ltr'><strong><em>invidia</em></strong></span> <span class='ocrx_word' id='word_1_463' title='bbox 766 4252 1122 4322; x_wconf 75' lang='lat' dir='ltr'><strong><em>Augustinum</em></strong></span> <span class='ocrx_word' id='word_1_464' title='bbox 1146 4266 1373 4304; x_wconf 83' lang='lat' dir='ltr'><strong><em>onerare</em></strong></span> <span class='ocrx_word' id='word_1_465' title='bbox 1393 4250 1574 4304; x_wconf 86' lang='lat' dir='ltr'><strong><em>conati</em></strong></span> <span class='ocrx_word' id='word_1_466' title='bbox 1602 4257 1726 4302; x_wconf 83' lang='lat' dir='ltr'><strong><em>sunt</em></strong></span> 
     </span>
    </p>
   </div>
   <div class='ocr_carea' id='block_1_62' title="bbox 162 4337 1726 4413">
    <p class='ocr_par' dir='ltr' id='par_1_62' title="bbox 162 4337 1726 4413">
     <span class='ocr_line' id='line_1_63' title="bbox 162 4337 1726 4413; baseline -0.007 -11"><span class='ocrx_word' id='word_1_467' title='bbox 162 4364 218 4402; x_wconf 75' lang='lat' dir='ltr'><strong><em>ex</em></strong></span> <span class='ocrx_word' id='word_1_468' title='bbox 251 4345 597 4402; x_wconf 79' lang='lat' dir='ltr'><strong><em>heterodoxis</em></strong></span> <span class='ocrx_word' id='word_1_469' title='bbox 625 4342 897 4406; x_wconf 88' lang='lat' dir='ltr'><strong><em>nonnulli,</em></strong></span> <span class='ocrx_word' id='word_1_470' title='bbox 931 4341 1080 4413; x_wconf 90' lang='lat' dir='ltr'><strong><em>quasi</em></strong></span> <span class='ocrx_word' id='word_1_471' title='bbox 1112 4341 1224 4411; x_wconf 87' lang='lat' dir='ltr'><strong><em>ipse</em></strong></span> <span class='ocrx_word' id='word_1_472' title='bbox 1253 4339 1374 4394; x_wconf 85' lang='lat' dir='ltr'><strong><em>belli</em></strong></span> <span class='ocrx_word' id='word_1_473' title='bbox 1419 4337 1726 4392; x_wconf 80' lang='lat' dir='ltr'><strong><em>Britonibus</em></strong></span> 
     </span>
    </p>
   </div>
   <div class='ocr_carea' id='block_1_63' title="bbox 163 4423 1723 4497">
    <p class='ocr_par' dir='ltr' id='par_1_63' title="bbox 163 4423 1723 4497">
     <span class='ocr_line' id='line_1_64' title="bbox 163 4423 1723 4497; baseline -0.008 -7"><span class='ocrx_word' id='word_1_474' title='bbox 163 4437 401 4491; x_wconf 76' lang='lat' dir='ltr'><strong><em>inferendi</em></strong></span> <span class='ocrx_word' id='word_1_475' title='bbox 436 4433 696 4488; x_wconf 81' lang='lat' dir='ltr'><strong><em>Edill&#39;rido</em></strong></span> <span class='ocrx_word' id='word_1_476' title='bbox 740 4438 929 4486; x_wconf 88' lang='lat' dir='ltr'><strong><em>auctor</em></strong></span> <span class='ocrx_word' id='word_1_477' title='bbox 974 4429 1133 4484; x_wconf 82' lang='lat' dir='ltr'><strong><em>fuerit</em></strong></span> <span class='ocrx_word' id='word_1_478' title='bbox 1173 4427 1491 4497; x_wconf 81' lang='lat' dir='ltr'><strong><em>(Spelman.,</em></strong></span> <span class='ocrx_word' id='word_1_479' title='bbox 1535 4435 1658 4479; x_wconf 90' lang='lat' dir='ltr'><strong><em>tom.</em></strong></span> <span class='ocrx_word' id='word_1_480' title='bbox 1693 4423 1723 4479; x_wconf 88' lang='grc' dir='ltr'><em>Ι</em></span> 
     </span>
    </p>
   </div>
   <div class='ocr_carea' id='block_1_64' title="bbox 165 4514 1726 4598">
    <p class='ocr_par' dir='ltr' id='par_1_64' title="bbox 165 4514 1726 4598">
     <span class='ocr_line' id='line_1_65' title="bbox 165 4514 1726 4598; baseline -0.008 -18"><span class='ocrx_word' id='word_1_481' title='bbox 165 4527 338 4583; x_wconf 84' lang='lat' dir='ltr'><strong><em>Concil.</em></strong></span> <span class='ocrx_word' id='word_1_482' title='bbox 369 4527 554 4598; x_wconf 82' lang='lat' dir='ltr'><strong><em>Angt.,</em></strong></span> <span class='ocrx_word' id='word_1_483' title='bbox 581 4542 632 4594; x_wconf 73' lang='grc' dir='ltr'><strong><em>ρ.</em></strong></span> <span class='ocrx_word' id='word_1_484' title='bbox 657 4521 777 4590; x_wconf 75' lang='grc'><strong>95).</strong></span> <span class='ocrx_word' id='word_1_485' title='bbox 805 4521 1002 4576; x_wconf 86' lang='lat' dir='ltr'><strong><em>Verum</em></strong></span> <span class='ocrx_word' id='word_1_486' title='bbox 1030 4519 1082 4574; x_wconf 91' lang='lat' dir='ltr'><strong><em>id</em></strong></span> <span class='ocrx_word' id='word_1_487' title='bbox 1104 4518 1320 4574; x_wconf 86' lang='lat' dir='ltr'><strong><em>minime</em></strong></span> <span class='ocrx_word' id='word_1_488' title='bbox 1342 4515 1479 4585; x_wconf 82' lang='lat' dir='ltr'><strong><em>apud</em></strong></span> <span class='ocrx_word' id='word_1_489' title='bbox 1505 4514 1726 4579; x_wconf 81' lang='lat' dir='ltr'><strong><em>Bedam,</em></strong></span> 
     </span>
    </p>
   </div>
   <div class='ocr_carea' id='block_1_65' title="bbox 166 4603 1728 4678">
    <p class='ocr_par' dir='ltr' id='par_1_65' title="bbox 166 4603 1728 4678">
     <span class='ocr_line' id='line_1_66' title="bbox 166 4603 1728 4678; baseline -0.008 -9"><span class='ocrx_word' id='word_1_490' title='bbox 166 4626 245 4670; x_wconf 87' lang='lat' dir='ltr'><strong><em>aut</em></strong></span> <span class='ocrx_word' id='word_1_491' title='bbox 274 4619 408 4670; x_wconf 84' lang='lat' dir='ltr'><strong><em>alios</em></strong></span> <span class='ocrx_word' id='word_1_492' title='bbox 438 4632 468 4668; x_wconf 85' lang='lat' dir='ltr'><strong><em>e</em></strong></span> <span class='ocrx_word' id='word_1_493' title='bbox 495 4631 546 4667; x_wconf 76' lang='lat' dir='ltr'><strong><em>Vt</em></strong></span> <span class='ocrx_word' id='word_1_494' title='bbox 565 4621 646 4666; x_wconf 91' lang='lat' dir='ltr'><strong><em>ter</em></strong></span> <span class='ocrx_word' id='word_1_495' title='bbox 669 4612 766 4665; x_wconf 90' lang='lat' dir='ltr'><strong><em>bus</em></strong></span> <span class='ocrx_word' id='word_1_496' title='bbox 797 4611 989 4678; x_wconf 82' lang='lat' dir='ltr'><strong><em>leg&#39;tur</em></strong></span> <span class='ocrx_word' id='word_1_497' title='bbox 1021 4606 1390 4676; x_wconf 56' lang='lat' dir='ltr'><strong><em>scriptoribus.</em></strong></span> <span class='ocrx_word' id='word_1_498' title='bbox 1421 4603 1532 4656; x_wconf 89' lang='lat' dir='ltr'><strong><em>[mo</em></strong></span> <span class='ocrx_word' id='word_1_499' title='bbox 1561 4617 1728 4657; x_wconf 60' lang='lat' dir='ltr'><strong><em>cassos</em></strong></span> 
     </span>
    </p>
   </div>
   <div class='ocr_carea' id='block_1_66' title="bbox 165 4693 1728 4778">
    <p class='ocr_par' dir='ltr' id='par_1_66' title="bbox 165 4693 1728 4778">
     <span class='ocr_line' id='line_1_67' title="bbox 165 4693 1728 4778; baseline -0.011 -18"><span class='ocrx_word' id='word_1_500' title='bbox 165 4723 267 4770; x_wconf 67' lang='lat' dir='ltr'><strong><em>eos,</em></strong></span> <span class='ocrx_word' id='word_1_501' title='bbox 304 4711 416 4778; x_wconf 75' lang='lat' dir='ltr'><strong><em>ipso</em></strong></span> <span class='ocrx_word' id='word_1_502' title='bbox 447 4705 565 4776; x_wconf 81' lang='lat' dir='ltr'><strong><em>jam</em></strong></span> <span class='ocrx_word' id='word_1_503' title='bbox 601 4703 762 4755; x_wconf 88' lang='lat' dir='ltr'><strong><em>multo</em></strong></span> <span class='ocrx_word' id='word_1_504' title='bbox 791 4710 911 4752; x_wconf 87' lang='lat' dir='ltr'><strong><em>ante</em></strong></span> <span class='ocrx_word' id='word_1_505' title='bbox 947 4708 1170 4766; x_wconf 86' lang='lat' dir='ltr'><strong><em>tempore</em></strong></span> <span class='ocrx_word' id='word_1_506' title='bbox 1206 4694 1272 4747; x_wconf 85' lang='lat' dir='ltr'><strong><em>ad</em></strong></span> <span class='ocrx_word' id='word_1_507' title='bbox 1305 4693 1528 4747; x_wconf 61' lang='lat' dir='ltr'><strong><em>cceleatia</em></strong></span> <span class='ocrx_word' id='word_1_508' title='bbox 1568 4707 1728 4762; x_wconf 74' lang='lat' dir='ltr'><strong><em>regna</em></strong></span> 
     </span>
    </p>
   </div>
   <div class='ocr_carea' id='block_1_67' title="bbox 165 4778 1727 4863">
    <p class='ocr_par' dir='ltr' id='par_1_67' title="bbox 165 4778 1727 4863">
     <span class='ocr_line' id='line_1_68' title="bbox 165 4778 1727 4863; baseline -0.01 -14"><span class='ocrx_word' id='word_1_509' title='bbox 165 4799 365 4862; x_wconf 83' lang='lat' dir='ltr'><strong><em>sublato,</em></strong></span> <span class='ocrx_word' id='word_1_510' title='bbox 400 4806 659 4863; x_wconf 59' lang='lat' dir='ltr'><strong><em>exliresse</em></strong></span> <span class='ocrx_word' id='word_1_511' title='bbox 685 4791 843 4844; x_wconf 86' lang='lat' dir='ltr'><strong><em>docet</em></strong></span> <span class='ocrx_word' id='word_1_512' title='bbox 869 4784 1190 4840; x_wconf 68' lang='lat' dir='ltr'><strong><em>venerabilis</em></strong></span> <span class='ocrx_word' id='word_1_513' title='bbox 1218 4781 1378 4835; x_wconf 82' lang='lat' dir='ltr'><strong><em>Beda.</em></strong></span> <span class='ocrx_word' id='word_1_514' title='bbox 1409 4778 1538 4845; x_wconf 67' lang='lat' dir='ltr'><strong><em>Quae</em></strong></span> <span class='ocrx_word' id='word_1_515' title='bbox 1563 4779 1727 4834; x_wconf 88' lang='lat' dir='ltr'><strong><em>verba</em></strong></span> 
     </span>
    </p>
   </div>
   <div class='ocr_carea' id='block_1_68' title="bbox 167 4868 1724 4953">
    <p class='ocr_par' dir='ltr' id='par_1_68' title="bbox 167 4868 1724 4953">
     <span class='ocr_line' id='line_1_69' title="bbox 167 4868 1724 4953; baseline -0.012 -14"><span class='ocrx_word' id='word_1_516' title='bbox 167 4883 490 4953; x_wconf 57' lang='lat' dir='ltr'><strong><em>praetermisit</em></strong></span> <span class='ocrx_word' id='word_1_517' title='bbox 521 4879 738 4950; x_wconf 87' lang='lat' dir='ltr'><strong><em>quidem</em></strong></span> <span class='ocrx_word' id='word_1_518' title='bbox 767 4875 1030 4932; x_wconf 85' lang='lat' dir='ltr'><strong><em>Alvredus</em></strong></span> <span class='ocrx_word' id='word_1_519' title='bbox 1058 4874 1108 4926; x_wconf 90' lang='lat' dir='ltr'><strong><em>in</em></strong></span> <span class='ocrx_word' id='word_1_520' title='bbox 1145 4871 1391 4924; x_wconf 73' lang='lat' dir='ltr'><strong><em>versione</em></strong></span> <span class='ocrx_word' id='word_1_521' title='bbox 1425 4868 1724 4932; x_wconf 79' lang='lat' dir='ltr'><strong><em>Saxonica;</em></strong></span> 
     </span>
    </p>
   </div>
   <div class='ocr_carea' id='block_1_69' title="bbox 165 4954 1728 5043">
    <p class='ocr_par' dir='ltr' id='par_1_69' title="bbox 165 4954 1728 5043">
     <span class='ocr_line' id='line_1_70' title="bbox 165 4954 1728 5043; baseline -0.012 -15"><span class='ocrx_word' id='word_1_522' title='bbox 165 4975 247 5028; x_wconf 86' lang='lat' dir='ltr'><strong><em>sed</em></strong></span> <span class='ocrx_word' id='word_1_523' title='bbox 284 4991 345 5030; x_wconf 88' lang='lat' dir='ltr'><strong><em>ea</em></strong></span> <span class='ocrx_word' id='word_1_524' title='bbox 387 4976 784 5043; x_wconf 64' lang='lat' dir='ltr'><strong><em>repraesentant</em></strong></span> <span class='ocrx_word' id='word_1_525' title='bbox 813 4963 1136 5032; x_wconf 80' lang='lat' dir='ltr'><strong><em>exemplaria</em></strong></span> <span class='ocrx_word' id='word_1_526' title='bbox 1168 4959 1346 5014; x_wconf 86' lang='lat' dir='ltr'><strong><em>omnia</em></strong></span> <span class='ocrx_word' id='word_1_527' title='bbox 1391 4954 1598 5011; x_wconf 86' lang='lat' dir='ltr'><strong><em>Latina.</em></strong></span> <span class='ocrx_word' id='word_1_528' title='bbox 1647 4955 1728 5009; x_wconf 90' lang='lat' dir='ltr'><strong><em>Ad</em></strong></span> 
     </span>
    </p>
   </div>
   <div class='ocr_carea' id='block_1_70' title="bbox 163 5043 1729 5134">
    <p class='ocr_par' dir='ltr' id='par_1_70' title="bbox 163 5043 1729 5134">
     <span class='ocr_line' id='line_1_71' title="bbox 163 5043 1729 5134; baseline -0.013 -17"><span class='ocrx_word' id='word_1_529' title='bbox 163 5079 370 5134; x_wconf 88' lang='lat' dir='ltr'><strong><em>superos</em></strong></span> <span class='ocrx_word' id='word_1_530' title='bbox 398 5069 583 5115; x_wconf 82' lang='lat' dir='ltr'><strong><em>autem</em></strong></span> <span class='ocrx_word' id='word_1_531' title='bbox 624 5057 830 5112; x_wconf 69' lang='lat' dir='ltr'><strong><em>transiit</em></strong></span> <span class='ocrx_word' id='word_1_532' title='bbox 867 5051 1192 5122; x_wconf 68' lang='lat' dir='ltr'><strong><em>Augustinus</em></strong></span> <span class='ocrx_word' id='word_1_533' title='bbox 1232 5065 1320 5103; x_wconf 89' lang='lat' dir='ltr'><strong><em>an.</em></strong></span> <span class='ocrx_word' id='word_1_534' title='bbox 1352 5046 1484 5111; x_wconf 88' lang='lat'><strong>607,</strong></span> <span class='ocrx_word' id='word_1_535' title='bbox 1530 5046 1634 5134; x_wconf 12' lang='lat' dir='ltr'><strong><em>die,</em></strong></span> <span class='ocrx_word' id='word_1_536' title='bbox 1659 5043 1729 5097; x_wconf 70' lang='lat'><strong><em>26</em></strong></span> 
     </span>
    </p>
   </div>
   <div class='ocr_carea' id='block_1_71' title="bbox 168 5132 1731 5222">
    <p class='ocr_par' dir='ltr' id='par_1_71' title="bbox 168 5132 1731 5222">
     <span class='ocr_line' id='line_1_72' title="bbox 168 5132 1731 5222; baseline -0.01 -18"><span class='ocrx_word' id='word_1_537' title='bbox 168 5132 299 5219; x_wconf 77' lang='lat' dir='ltr'><strong><em>Maii,</em></strong></span> <span class='ocrx_word' id='word_1_538' title='bbox 343 5154 431 5222; x_wconf 90' lang='lat' dir='ltr'><strong><em>qui</em></strong></span> <span class='ocrx_word' id='word_1_539' title='bbox 466 5150 689 5204; x_wconf 77' lang='lat' dir='ltr'><strong><em>feriatus</em></strong></span> <span class='ocrx_word' id='word_1_540' title='bbox 718 5147 814 5199; x_wconf 86' lang='lat' dir='ltr'><strong><em>l‘uit</em></strong></span> <span class='ocrx_word' id='word_1_541' title='bbox 851 5145 992 5214; x_wconf 82' lang='lat' dir='ltr'><strong><em>apud</em></strong></span> <span class='ocrx_word' id='word_1_542' title='bbox 1023 5142 1221 5211; x_wconf 83' lang='lat' dir='ltr'><strong><em>Anglos</em></strong></span> <span class='ocrx_word' id='word_1_543' title='bbox 1250 5139 1353 5194; x_wconf 91' lang='lat' dir='ltr'><strong><em>hoc</em></strong></span> <span class='ocrx_word' id='word_1_544' title='bbox 1390 5137 1578 5208; x_wconf 83' lang='lat' dir='ltr'><strong><em>synodi</em></strong></span> <span class='ocrx_word' id='word_1_545' title='bbox 1607 5132 1731 5189; x_wconf 87' lang='lat' dir='ltr'><strong><em>Clo-</em></strong></span> 
     </span>
    </p>
   </div>
   <div class='ocr_carea' id='block_1_72' title="bbox 170 5226 1732 5300">
    <p class='ocr_par' dir='ltr' id='par_1_72' title="bbox 170 5226 1732 5300">
     <span class='ocr_line' id='line_1_73' title="bbox 170 5226 1732 5300; baseline -0.015 -2"><span class='ocrx_word' id='word_1_546' title='bbox 170 5242 518 5297; x_wconf 68' lang='lat' dir='ltr'><strong><em>t‘eslmviensis</em></strong></span> <span class='ocrx_word' id='word_1_547' title='bbox 545 5254 671 5292; x_wconf 87' lang='lat' dir='ltr'><strong><em>ann.</em></strong></span> <span class='ocrx_word' id='word_1_548' title='bbox 705 5235 807 5288; x_wconf 66' lang='lat'><strong><em>747</em></strong></span> <span class='ocrx_word' id='word_1_549' title='bbox 837 5234 1053 5287; x_wconf 62' lang='lat' dir='ltr'><strong><em>decreto</em></strong></span> <span class='ocrx_word' id='word_1_550' title='bbox 1089 5249 1101 5283; x_wconf 90' lang='lat'><strong>:</strong></span> <span class='ocrx_word' id='word_1_551' title='bbox 1134 5229 1341 5300; x_wconf 88' lang='lat' dir='ltr'><strong><em>Septem</em></strong></span> <span class='ocrx_word' id='word_1_552' title='bbox 1371 5226 1568 5279; x_wconf 86' lang='lat' dir='ltr'><strong><em>decimo</em></strong></span> <span class='ocrx_word' id='word_1_553' title='bbox 1607 5239 1732 5277; x_wconf 88' lang='lat' dir='ltr'><strong><em>con-</em></strong></span> 
     </span>
    </p>
   </div>
   <div class='ocr_carea' id='block_1_73' title="bbox 169 5317 1732 5402">
    <p class='ocr_par' dir='ltr' id='par_1_73' title="bbox 169 5317 1732 5402">
     <span class='ocr_line' id='line_1_74' title="bbox 169 5317 1732 5402; baseline -0.013 -14"><span class='ocrx_word' id='word_1_554' title='bbox 169 5339 377 5390; x_wconf 86' lang='lat' dir='ltr'><strong><em>stitutum</em></strong></span> <span class='ocrx_word' id='word_1_555' title='bbox 411 5342 488 5389; x_wconf 90' lang='lat' dir='ltr'><strong><em>est</em></strong></span> <span class='ocrx_word' id='word_1_556' title='bbox 527 5338 812 5402; x_wconf 65' lang='lat' dir='ltr'><strong><em>pracepto,</em></strong></span> <span class='ocrx_word' id='word_1_557' title='bbox 856 5335 912 5378; x_wconf 89' lang='lat' dir='ltr'><strong><em>ut</em></strong></span> <span class='ocrx_word' id='word_1_558' title='bbox 951 5325 1060 5377; x_wconf 88' lang='lat' dir='ltr'><strong><em>dies</em></strong></span> <span class='ocrx_word' id='word_1_559' title='bbox 1106 5321 1374 5376; x_wconf 82' lang='lat' dir='ltr'><strong><em>natatitins</em></strong></span> <span class='ocrx_word' id='word_1_560' title='bbox 1405 5317 1538 5370; x_wconf 87' lang='lat' dir='ltr'><strong><em>beati</em></strong></span> <span class='ocrx_word' id='word_1_561' title='bbox 1583 5329 1732 5386; x_wconf 80' lang='lat' dir='ltr'><strong><em>paptc</em></strong></span> 
     </span>
    </p>
   </div>
   <div class='ocr_carea' id='block_1_74' title="bbox 173 5407 1730 5498">
    <p class='ocr_par' dir='ltr' id='par_1_74' title="bbox 173 5407 1730 5498">
     <span class='ocr_line' id='line_1_75' title="bbox 173 5407 1730 5498; baseline -0.014 -18"><span class='ocrx_word' id='word_1_562' title='bbox 173 5426 413 5498; x_wconf 74' lang='lat' dir='ltr'><strong><em>Gregorii,</em></strong></span> <span class='ocrx_word' id='word_1_563' title='bbox 462 5433 512 5477; x_wconf 89' lang='lat' dir='ltr'><strong><em>et</em></strong></span> <span class='ocrx_word' id='word_1_564' title='bbox 543 5423 653 5475; x_wconf 84' lang='lat' dir='ltr'><strong><em>dies</em></strong></span> <span class='ocrx_word' id='word_1_565' title='bbox 680 5433 876 5490; x_wconf 85' lang='lat' dir='ltr'><strong><em>quoque</em></strong></span> <span class='ocrx_word' id='word_1_566' title='bbox 904 5411 1239 5485; x_wconf 84' lang='lat' dir='ltr'><strong><em>depositionis</em></strong></span> <span class='ocrx_word' id='word_1_567' title='bbox 1270 5410 1386 5482; x_wconf 87' lang='lat' dir='ltr'><strong><em>(qui</em></strong></span> <span class='ocrx_word' id='word_1_568' title='bbox 1414 5416 1489 5461; x_wconf 90' lang='lat' dir='ltr'><strong><em>est</em></strong></span> <span class='ocrx_word' id='word_1_569' title='bbox 1518 5407 1730 5477; x_wconf 87' lang='lat' dir='ltr'><strong><em>septimo</em></strong></span> 
     </span>
    </p>
   </div>
   <div class='ocr_carea' id='block_1_75' title="bbox 232 5556 1731 5644">
    <p class='ocr_par' dir='ltr' id='par_1_75' title="bbox 232 5556 1731 5644">
     <span class='ocr_line' id='line_1_76' title="bbox 232 5556 1731 5644; baseline -0.021 -5"><span class='ocrx_word' id='word_1_570' title='bbox 232 5593 253 5619; x_wconf 74' lang='grc' dir='ltr'>ι</span> <span class='ocrx_word' id='word_1_571' title='bbox 281 5583 335 5638; x_wconf 86' lang='lat' dir='ltr'><strong><em>In</em></strong></span> <span class='ocrx_word' id='word_1_572' title='bbox 354 5581 550 5638; x_wconf 87' lang='lat' dir='ltr'><strong><em>Wallia</em></strong></span> <span class='ocrx_word' id='word_1_573' title='bbox 580 5576 779 5644; x_wconf 80' lang='lat' dir='ltr'><strong><em>Anglia:</em></strong></span> <span class='ocrx_word' id='word_1_574' title='bbox 799 5568 1075 5642; x_wconf 61' lang='lat' dir='ltr'><strong><em>provincia</em></strong></span> <span class='ocrx_word' id='word_1_575' title='bbox 1099 5567 1261 5644; x_wconf 70' lang='lat' dir='ltr'><strong><em>situm</em></strong></span> <span class='ocrx_word' id='word_1_576' title='bbox 1283 5567 1429 5624; x_wconf 87' lang='lat' dir='ltr'><strong><em>erat,</em></strong></span> <span class='ocrx_word' id='word_1_577' title='bbox 1459 5567 1515 5644; x_wconf 79' lang='lat' dir='ltr'><strong><em>et</em></strong></span> <span class='ocrx_word' id='word_1_578' title='bbox 1542 5556 1731 5644; x_wconf 55' lang='lat' dir='ltr'><strong><em>distim-</em></strong></span> 
     </span>
    </p>
   </div>
   <div class='ocr_carea' id='block_1_76' title="bbox 177 5635 1730 5718">
    <p class='ocr_par' dir='ltr' id='par_1_76' title="bbox 177 5635 1730 5718">
     <span class='ocr_line' id='line_1_77' title="bbox 177 5635 1730 5718; baseline -0.022 -7"><span class='ocrx_word' id='word_1_579' title='bbox 177 5654 251 5718; x_wconf 66' lang='grc' dir='ltr'><strong><em>ξιιιὶ</em></strong></span> <span class='ocrx_word' id='word_1_580' title='bbox 285 5635 450 5706; x_wconf 76' lang='lat' dir='ltr'><strong><em>debet</em></strong></span> <span class='ocrx_word' id='word_1_581' title='bbox 496 5651 564 5703; x_wconf 87' lang='lat' dir='ltr'><strong><em>ab</em></strong></span> <span class='ocrx_word' id='word_1_582' title='bbox 610 5635 714 5718; x_wconf 70' lang='lat' dir='ltr'><strong><em>alio</em></strong></span> <span class='ocrx_word' id='word_1_583' title='bbox 759 5635 998 5718; x_wconf 78' lang='lat' dir='ltr'><strong><em>ejusdem</em></strong></span> <span class='ocrx_word' id='word_1_584' title='bbox 1039 5635 1270 5718; x_wconf 72' lang='lat' dir='ltr'><strong><em>nominis</em></strong></span> <span class='ocrx_word' id='word_1_585' title='bbox 1307 5635 1730 5718; x_wconf 28' lang='lat' dir='ltr'><strong><em>I-IIOllilslglng‘Ai‘tl</em></strong></span> 
     </span>
    </p>
   </div>
   <div class='ocr_carea' id='block_1_77' title="bbox 191 5699 1742 5788">
    <p class='ocr_par' dir='ltr' id='par_1_77' title="bbox 191 5699 1742 5788">
     <span class='ocr_line' id='line_1_78' title="bbox 191 5699 1742 5788; baseline -0.021 -8"><span class='ocrx_word' id='word_1_586' title='bbox 191 5699 678 5780; x_wconf 47' lang='lat' dir='ltr'><strong><em>Bibe—ruite</em></strong></span> <span class='ocrx_word' id='word_1_587' title='bbox 697 5699 984 5788; x_wconf 68' lang='lat' dir='ltr'><strong><em>provincia</em></strong></span> <span class='ocrx_word' id='word_1_588' title='bbox 1014 5708 1218 5779; x_wconf 81' lang='lat' dir='ltr'><strong><em>posito,</em></strong></span> <span class='ocrx_word' id='word_1_589' title='bbox 1246 5703 1400 5774; x_wconf 85' lang='lat' dir='ltr'><strong><em>cujus</em></strong></span> <span class='ocrx_word' id='word_1_590' title='bbox 1425 5701 1482 5756; x_wconf 89' lang='lat' dir='ltr'><strong><em>S.</em></strong></span> <span class='ocrx_word' id='word_1_591' title='bbox 1517 5699 1742 5753; x_wconf 80' lang='lat' dir='ltr'><strong><em>Bernar-</em></strong></span> 
     </span>
    </p>
   </div>
   <div class='ocr_carea' id='block_1_78' title="bbox 1815 1825 3396 1896">
    <p class='ocr_par' dir='ltr' id='par_1_78' title="bbox 1815 1825 3396 1896">
     <span class='ocr_line' id='line_1_79' title="bbox 1815 1825 3396 1896; baseline -0.004 -12"><span class='ocrx_word' id='word_1_592' title='bbox 1815 1830 2032 1886; x_wconf 85' lang='lat' dir='ltr'><strong><em>Scottos</em></strong></span> <span class='ocrx_word' id='word_1_593' title='bbox 2059 1846 2162 1885; x_wconf 82' lang='lat' dir='ltr'><strong><em>seu.</em></strong></span> <span class='ocrx_word' id='word_1_594' title='bbox 2176 1829 2439 1884; x_wconf 85' lang='lat' dir='ltr'><strong><em>Hibernos</em></strong></span> <span class='ocrx_word' id='word_1_595' title='bbox 2468 1827 2580 1882; x_wconf 64' lang='lat' dir='ltr'><strong><em>haec</em></strong></span> <span class='ocrx_word' id='word_1_596' title='bbox 2605 1836 2722 1882; x_wconf 90' lang='lat' dir='ltr'><strong><em>erat</em></strong></span> <span class='ocrx_word' id='word_1_597' title='bbox 2741 1825 3018 1896; x_wconf 90' lang='lat' dir='ltr'><strong><em>inscriptio</em></strong></span> <span class='ocrx_word' id='word_1_598' title='bbox 3041 1840 3202 1895; x_wconf 87' lang='lat' dir='ltr'><strong><em>quam</em></strong></span> <span class='ocrx_word' id='word_1_599' title='bbox 3232 1827 3396 1881; x_wconf 71' lang='lat' dir='ltr'><strong><em>refert</em></strong></span> 
     </span>
    </p>
   </div>
   <div class='ocr_carea' id='block_1_79' title="bbox 1815 1915 3396 1987">
    <p class='ocr_par' dir='ltr' id='par_1_79' title="bbox 1815 1915 3396 1987">
     <span class='ocr_line' id='line_1_80' title="bbox 1815 1915 3396 1987; baseline -0.006 -11"><span class='ocrx_word' id='word_1_600' title='bbox 1815 1919 1958 1976; x_wconf 85' lang='lat' dir='ltr'><strong><em>Beda</em></strong></span> <span class='ocrx_word' id='word_1_601' title='bbox 1985 1937 2000 1974; x_wconf 72' lang='grc' dir='ltr'>ε</span> <span class='ocrx_word' id='word_1_602' title='bbox 2034 1919 2271 1974; x_wconf 86' lang='lat' dir='ltr'><strong><em>Dominis</em></strong></span> <span class='ocrx_word' id='word_1_603' title='bbox 2301 1917 2621 1972; x_wconf 86' lang='lat' dir='ltr'><strong><em>charissimis</em></strong></span> <span class='ocrx_word' id='word_1_604' title='bbox 2651 1915 2898 1987; x_wconf 84' lang='lat' dir='ltr'><strong><em>fratribus</em></strong></span> <span class='ocrx_word' id='word_1_605' title='bbox 2925 1916 3179 1986; x_wconf 84' lang='lat' dir='ltr'><strong><em>episcopis</em></strong></span> <span class='ocrx_word' id='word_1_606' title='bbox 3201 1915 3279 1968; x_wconf 75' lang='lat' dir='ltr'><strong><em>rel</em></strong></span> <span class='ocrx_word' id='word_1_607' title='bbox 3306 1917 3396 1968; x_wconf 87' lang='lat' dir='ltr'><strong><em>ab—</em></strong></span> 
     </span>
    </p>
   </div>
   <div class='ocr_carea' id='block_1_80' title="bbox 1814 2003 3397 2079">
    <p class='ocr_par' dir='ltr' id='par_1_80' title="bbox 1814 2003 3397 2079">
     <span class='ocr_line' id='line_1_81' title="bbox 1814 2003 3397 2079; baseline -0.002 -14"><span class='ocrx_word' id='word_1_608' title='bbox 1814 2009 2016 2065; x_wconf 89' lang='lat' dir='ltr'><strong><em>batibus</em></strong></span> <span class='ocrx_word' id='word_1_609' title='bbox 2033 2026 2122 2079; x_wconf 89' lang='lat' dir='ltr'><strong><em>per</em></strong></span> <span class='ocrx_word' id='word_1_610' title='bbox 2136 2010 2425 2063; x_wconf 84' lang='lat' dir='ltr'><strong><em>universam</em></strong></span> <span class='ocrx_word' id='word_1_611' title='bbox 2448 2006 2696 2061; x_wconf 87' lang='lat' dir='ltr'><strong><em>Scotiam.</em></strong></span> <span class='ocrx_word' id='word_1_612' title='bbox 2727 2003 2824 2062; x_wconf 89' lang='lat' dir='ltr'><strong><em>Ubi</em></strong></span> <span class='ocrx_word' id='word_1_613' title='bbox 2846 2004 3082 2074; x_wconf 86' lang='lat' dir='ltr'><strong><em>episcopi</em></strong></span> <span class='ocrx_word' id='word_1_614' title='bbox 3103 2013 3158 2061; x_wconf 84' lang='lat' dir='ltr'><strong><em>et</em></strong></span> <span class='ocrx_word' id='word_1_615' title='bbox 3177 2005 3397 2062; x_wconf 84' lang='lat' dir='ltr'><strong><em>abbates</em></strong></span> 
     </span>
    </p>
   </div>
   <div class='ocr_carea' id='block_1_81' title="bbox 1816 2091 3398 2154">
    <p class='ocr_par' dir='ltr' id='par_1_81' title="bbox 1816 2091 3398 2154">
     <span class='ocr_line' id='line_1_82' title="bbox 1816 2091 3398 2154; baseline -0.004 -1"><span class='ocrx_word' id='word_1_616' title='bbox 1816 2098 1976 2154; x_wconf 87' lang='lat' dir='ltr'><strong><em>iidem</em></strong></span> <span class='ocrx_word' id='word_1_617' title='bbox 2013 2096 2177 2152; x_wconf 81' lang='lat' dir='ltr'><strong><em>fuisse</em></strong></span> <span class='ocrx_word' id='word_1_618' title='bbox 2205 2096 2472 2151; x_wconf 86' lang='lat' dir='ltr'><strong><em>videntur.</em></strong></span> <span class='ocrx_word' id='word_1_619' title='bbox 3395 2091 3398 2094; x_wconf 75' lang='grc'><strong>’</strong></span> 
     </span>
    </p>
   </div>
   <div class='ocr_carea' id='block_1_82' title="bbox 1885 2182 3397 2256">
    <p class='ocr_par' dir='ltr' id='par_1_82' title="bbox 1885 2182 3397 2256">
     <span class='ocr_line' id='line_1_83' title="bbox 1885 2182 3397 2256; baseline -0.003 -14"><span class='ocrx_word' id='word_1_620' title='bbox 1885 2187 1938 2243; x_wconf 91' lang='lat'><strong><em>8.</em></strong></span> <span class='ocrx_word' id='word_1_621' title='bbox 1979 2187 2088 2243; x_wconf 84' lang='lat' dir='ltr'><strong><em>Nec</em></strong></span> <span class='ocrx_word' id='word_1_622' title='bbox 2117 2187 2291 2242; x_wconf 91' lang='lat' dir='ltr'><strong><em>minus</em></strong></span> <span class='ocrx_word' id='word_1_623' title='bbox 2321 2201 2416 2256; x_wconf 88' lang='lat' dir='ltr'><strong><em>pro</em></strong></span> <span class='ocrx_word' id='word_1_624' title='bbox 2463 2199 2612 2239; x_wconf 66' lang='lat' dir='ltr'><strong><em>novre</em></strong></span> <span class='ocrx_word' id='word_1_625' title='bbox 2660 2182 2910 2237; x_wconf 77' lang='lat' dir='ltr'><strong><em>Ecclesia:</em></strong></span> <span class='ocrx_word' id='word_1_626' title='bbox 2938 2182 3181 2252; x_wconf 82' lang='lat' dir='ltr'><strong><em>profectu</em></strong></span> <span class='ocrx_word' id='word_1_627' title='bbox 3228 2193 3281 2239; x_wconf 91' lang='lat' dir='ltr'><strong><em>et</em></strong></span> <span class='ocrx_word' id='word_1_628' title='bbox 3313 2185 3397 2240; x_wconf 82' lang='lat' dir='ltr'><strong><em>in-</em></strong></span> 
     </span>
    </p>
   </div>
   <div class='ocr_carea' id='block_1_83' title="bbox 1817 2273 3397 2344">
    <p class='ocr_par' dir='ltr' id='par_1_83' title="bbox 1817 2273 3397 2344">
     <span class='ocr_line' id='line_1_84' title="bbox 1817 2273 3397 2344; baseline -0.003 -9"><span class='ocrx_word' id='word_1_629' title='bbox 1817 2287 2094 2335; x_wconf 89' lang='lat' dir='ltr'><strong><em>cremento</em></strong></span> <span class='ocrx_word' id='word_1_630' title='bbox 2122 2273 2894 2344; x_wconf 83' lang='lat' dir='ltr'><strong><em>allaboraruntvigilantissimi</em></strong></span> <span class='ocrx_word' id='word_1_631' title='bbox 2923 2274 3188 2342; x_wconf 88' lang='lat' dir='ltr'><strong><em>episcopi;</em></strong></span> <span class='ocrx_word' id='word_1_632' title='bbox 3212 2284 3269 2328; x_wconf 88' lang='lat' dir='ltr'><strong><em>at</em></strong></span> <span class='ocrx_word' id='word_1_633' title='bbox 3291 2277 3397 2331; x_wconf 91' lang='lat' dir='ltr'><strong><em>vita</em></strong></span> 
     </span>
    </p>
   </div>
   <div class='ocr_carea' id='block_1_84' title="bbox 1817 2365 3401 2441">
    <p class='ocr_par' dir='ltr' id='par_1_84' title="bbox 1817 2365 3401 2441">
     <span class='ocr_line' id='line_1_85' title="bbox 1817 2365 3401 2441; baseline 0 -17"><span class='ocrx_word' id='word_1_634' title='bbox 1817 2370 2009 2425; x_wconf 80' lang='lat' dir='ltr'><strong><em>functis</em></strong></span> <span class='ocrx_word' id='word_1_635' title='bbox 2039 2369 2254 2441; x_wconf 77' lang='lat' dir='ltr'><strong><em>regibus</em></strong></span> <span class='ocrx_word' id='word_1_636' title='bbox 2295 2367 2603 2424; x_wconf 86' lang='lat' dir='ltr'><strong><em>Edilbertbo</em></strong></span> <span class='ocrx_word' id='word_1_637' title='bbox 2633 2377 2687 2420; x_wconf 88' lang='lat' dir='ltr'><strong><em>et</em></strong></span> <span class='ocrx_word' id='word_1_638' title='bbox 2715 2365 3012 2422; x_wconf 88' lang='lat' dir='ltr'><strong><em>Saberetbo</em></strong></span> <span class='ocrx_word' id='word_1_639' title='bbox 3039 2365 3154 2435; x_wconf 84' lang='lat' dir='ltr'><strong><em>ejus</em></strong></span> <span class='ocrx_word' id='word_1_640' title='bbox 3198 2369 3401 2424; x_wconf 87' lang='lat' dir='ltr'><strong><em>sororis</em></strong></span> 
     </span>
    </p>
   </div>
   <div class='ocr_carea' id='block_1_85' title="bbox 1819 2457 3401 2529">
    <p class='ocr_par' dir='ltr' id='par_1_85' title="bbox 1819 2457 3401 2529">
     <span class='ocr_line' id='line_1_86' title="bbox 1819 2457 3401 2529; baseline -0.001 -16"><span class='ocrx_word' id='word_1_641' title='bbox 1819 2459 1947 2527; x_wconf 85' lang='lat' dir='ltr'><strong><em>lilio,</em></strong></span> <span class='ocrx_word' id='word_1_642' title='bbox 1994 2460 2083 2529; x_wconf 92' lang='lat' dir='ltr'><strong><em>qui</em></strong></span> <span class='ocrx_word' id='word_1_643' title='bbox 2128 2459 2487 2515; x_wconf 87' lang='lat' dir='ltr'><strong><em>Christianam</em></strong></span> <span class='ocrx_word' id='word_1_644' title='bbox 2541 2457 2695 2512; x_wconf 83' lang='lat' dir='ltr'><strong><em>ﬁdem</em></strong></span> <span class='ocrx_word' id='word_1_645' title='bbox 2736 2457 2976 2527; x_wconf 88' lang='lat' dir='ltr'><strong><em>impense</em></strong></span> <span class='ocrx_word' id='word_1_646' title='bbox 3019 2458 3298 2514; x_wconf 85' lang='lat' dir='ltr'><strong><em>coluerant</em></strong></span> <span class='ocrx_word' id='word_1_647' title='bbox 3345 2467 3401 2514; x_wconf 87' lang='lat' dir='ltr'><strong><em>et</em></strong></span> 
     </span>
    </p>
   </div>
   <div class='ocr_carea' id='block_1_86' title="bbox 1818 2545 3404 2616">
    <p class='ocr_par' dir='ltr' id='par_1_86' title="bbox 1818 2545 3404 2616">
     <span class='ocr_line' id='line_1_87' title="bbox 1818 2545 3404 2616; baseline 0.001 -12"><span class='ocrx_word' id='word_1_648' title='bbox 1818 2558 2183 2614; x_wconf 84' lang='lat' dir='ltr'><strong><em>asseruerant,</em></strong></span> <span class='ocrx_word' id='word_1_649' title='bbox 2215 2550 2350 2604; x_wconf 87' lang='lat' dir='ltr'><strong><em>adeo</em></strong></span> <span class='ocrx_word' id='word_1_650' title='bbox 2387 2562 2551 2616; x_wconf 86' lang='lat' dir='ltr'><strong><em>grave</em></strong></span> <span class='ocrx_word' id='word_1_651' title='bbox 2596 2546 2795 2601; x_wconf 88' lang='lat' dir='ltr'><strong><em>bellum</em></strong></span> <span class='ocrx_word' id='word_1_652' title='bbox 2847 2547 2900 2600; x_wconf 89' lang='lat' dir='ltr'><strong><em>in</em></strong></span> <span class='ocrx_word' id='word_1_653' title='bbox 2925 2545 3269 2615; x_wconf 77' lang='lat' dir='ltr'><strong><em>Anglicanam</em></strong></span> <span class='ocrx_word' id='word_1_654' title='bbox 3300 2546 3404 2606; x_wconf 86' lang='lat' dir='ltr'><strong><em>Ec-</em></strong></span> 
     </span>
    </p>
   </div>
   <div class='ocr_carea' id='block_1_87' title="bbox 1818 2635 3404 2704">
    <p class='ocr_par' dir='ltr' id='par_1_87' title="bbox 1818 2635 3404 2704">
     <span class='ocr_line' id='line_1_88' title="bbox 1818 2635 3404 2704; baseline -0.003 -9"><span class='ocrx_word' id='word_1_655' title='bbox 1818 2639 2035 2695; x_wconf 86' lang='lat' dir='ltr'><strong><em>clesiam</em></strong></span> <span class='ocrx_word' id='word_1_656' title='bbox 2065 2637 2283 2702; x_wconf 80' lang='lat' dir='ltr'><strong><em>exarsit,</em></strong></span> <span class='ocrx_word' id='word_1_657' title='bbox 2316 2635 2655 2692; x_wconf 88' lang='lat' dir='ltr'><strong><em>moventibus</em></strong></span> <span class='ocrx_word' id='word_1_658' title='bbox 2683 2636 3108 2704; x_wconf 86' lang='lat' dir='ltr'><strong><em>persecutionem</em></strong></span> <span class='ocrx_word' id='word_1_659' title='bbox 3131 2635 3186 2689; x_wconf 89' lang='lat' dir='ltr'><strong><em>in</em></strong></span> <span class='ocrx_word' id='word_1_660' title='bbox 3218 2635 3404 2693; x_wconf 82' lang='lat' dir='ltr'><strong><em>ﬁdeles</em></strong></span> 
     </span>
    </p>
   </div>
   <div class='ocr_carea' id='block_1_88' title="bbox 1819 2721 3400 2791">
    <p class='ocr_par' dir='ltr' id='par_1_88' title="bbox 1819 2721 3400 2791">
     <span class='ocr_line' id='line_1_89' title="bbox 1819 2721 3400 2791; baseline -0.003 -7"><span class='ocrx_word' id='word_1_661' title='bbox 1819 2743 2005 2784; x_wconf 90' lang='lat' dir='ltr'><strong><em>eorum</em></strong></span> <span class='ocrx_word' id='word_1_662' title='bbox 2034 2725 2451 2791; x_wconf 85' lang='lat' dir='ltr'><strong><em>successoribus,</em></strong></span> <span class='ocrx_word' id='word_1_663' title='bbox 2476 2733 2534 2778; x_wconf 92' lang='lat' dir='ltr'><strong><em>ut</em></strong></span> <span class='ocrx_word' id='word_1_664' title='bbox 2555 2724 2786 2779; x_wconf 81' lang='lat' dir='ltr'><strong><em>Mellitus</em></strong></span> <span class='ocrx_word' id='word_1_665' title='bbox 2810 2731 2865 2778; x_wconf 92' lang='lat' dir='ltr'><strong><em>et</em></strong></span> <span class='ocrx_word' id='word_1_666' title='bbox 2887 2722 3070 2779; x_wconf 85' lang='lat' dir='ltr'><strong><em>Justus</em></strong></span> <span class='ocrx_word' id='word_1_667' title='bbox 3094 2724 3145 2780; x_wconf 91' lang='lat' dir='ltr'><strong><em>in</em></strong></span> <span class='ocrx_word' id='word_1_668' title='bbox 3175 2721 3400 2780; x_wconf 86' lang='lat' dir='ltr'><strong><em>Galliam</em></strong></span> 
     </span>
    </p>
   </div>
   <div class='ocr_carea' id='block_1_89' title="bbox 1821 2815 3402 2888">
    <p class='ocr_par' dir='ltr' id='par_1_89' title="bbox 1821 2815 3402 2888">
     <span class='ocr_line' id='line_1_90' title="bbox 1821 2815 3402 2888; baseline 0 -15"><span class='ocrx_word' id='word_1_669' title='bbox 1821 2817 2071 2888; x_wconf 82' lang='lat' dir='ltr'><strong><em>trajicere</em></strong></span> <span class='ocrx_word' id='word_1_670' title='bbox 2101 2818 2274 2872; x_wconf 89' lang='lat' dir='ltr'><strong><em>coacti</em></strong></span> <span class='ocrx_word' id='word_1_671' title='bbox 2302 2817 2438 2881; x_wconf 86' lang='lat' dir='ltr'><strong><em>sint;</em></strong></span> <span class='ocrx_word' id='word_1_672' title='bbox 2469 2830 2606 2884; x_wconf 88' lang='lat' dir='ltr'><strong><em>quos</em></strong></span> <span class='ocrx_word' id='word_1_673' title='bbox 2634 2815 2781 2870; x_wconf 89' lang='lat' dir='ltr'><strong><em>brevi</em></strong></span> <span class='ocrx_word' id='word_1_674' title='bbox 2811 2816 2964 2884; x_wconf 90' lang='lat' dir='ltr'><strong><em>sequi</em></strong></span> <span class='ocrx_word' id='word_1_675' title='bbox 3009 2817 3232 2886; x_wconf 85' lang='lat' dir='ltr'><strong><em>parabat</em></strong></span> <span class='ocrx_word' id='word_1_676' title='bbox 3259 2815 3402 2874; x_wconf 86' lang='lat' dir='ltr'><strong><em>Lau-</em></strong></span> 
     </span>
    </p>
   </div>
   <div class='ocr_carea' id='block_1_90' title="bbox 1819 2903 3405 2976">
    <p class='ocr_par' dir='ltr' id='par_1_90' title="bbox 1819 2903 3405 2976">
     <span class='ocr_line' id='line_1_91' title="bbox 1819 2903 3405 2976; baseline 0.001 -13"><span class='ocrx_word' id='word_1_677' title='bbox 1819 2909 2047 2974; x_wconf 90' lang='lat' dir='ltr'><strong><em>rentius,</em></strong></span> <span class='ocrx_word' id='word_1_678' title='bbox 2078 2908 2180 2962; x_wconf 89' lang='lat' dir='ltr'><strong><em>nisi</em></strong></span> <span class='ocrx_word' id='word_1_679' title='bbox 2221 2905 2533 2974; x_wconf 89' lang='lat' dir='ltr'><strong><em>gravissima</em></strong></span> <span class='ocrx_word' id='word_1_680' title='bbox 2584 2903 2958 2972; x_wconf 77' lang='lat' dir='ltr'><strong><em>objurgatione</em></strong></span> <span class='ocrx_word' id='word_1_681' title='bbox 3001 2904 3405 2976; x_wconf 73' lang='lat' dir='ltr'><strong><em>acrioribuque</em></strong></span> 
     </span>
    </p>
   </div>
   <div class='ocr_carea' id='block_1_91' title="bbox 1821 2993 3404 3067">
    <p class='ocr_par' dir='ltr' id='par_1_91' title="bbox 1821 2993 3404 3067">
     <span class='ocr_line' id='line_1_92' title="bbox 1821 2993 3404 3067; baseline -0.001 -15"><span class='ocrx_word' id='word_1_682' title='bbox 1821 2997 2042 3067; x_wconf 83' lang='lat' dir='ltr'><strong><em>ﬂagellis</em></strong></span> <span class='ocrx_word' id='word_1_683' title='bbox 2065 2997 2131 3052; x_wconf 88' lang='lat' dir='ltr'><strong><em>ab</em></strong></span> <span class='ocrx_word' id='word_1_684' title='bbox 2160 2996 2408 3065; x_wconf 61' lang='lat' dir='ltr'><strong><em>apostolo</em></strong></span> <span class='ocrx_word' id='word_1_685' title='bbox 2446 2993 2606 3049; x_wconf 84' lang='lat' dir='ltr'><strong><em>Petro</em></strong></span> <span class='ocrx_word' id='word_1_686' title='bbox 2649 2993 2838 3050; x_wconf 85' lang='lat' dir='ltr'><strong><em>fuisset</em></strong></span> <span class='ocrx_word' id='word_1_687' title='bbox 2865 2994 3171 3050; x_wconf 86' lang='lat' dir='ltr'><strong><em>deterritus.</em></strong></span> <span class='ocrx_word' id='word_1_688' title='bbox 3204 2993 3404 3050; x_wconf 86' lang='lat' dir='ltr'><strong><em>Adiens</em></strong></span> 
     </span>
    </p>
   </div>
   <div class='ocr_carea' id='block_1_92' title="bbox 1819 3085 3405 3160">
    <p class='ocr_par' dir='ltr' id='par_1_92' title="bbox 1819 3085 3405 3160">
     <span class='ocr_line' id='line_1_93' title="bbox 1819 3085 3405 3160; baseline -0.002 -14"><span class='ocrx_word' id='word_1_689' title='bbox 1819 3104 1950 3160; x_wconf 87' lang='lat' dir='ltr'><strong><em>ergo</em></strong></span> <span class='ocrx_word' id='word_1_690' title='bbox 1971 3087 2297 3144; x_wconf 84' lang='lat' dir='ltr'><strong><em>Eadbaldom</em></strong></span> <span class='ocrx_word' id='word_1_691' title='bbox 2321 3100 2523 3155; x_wconf 88' lang='lat' dir='ltr'><strong><em>regem,</em></strong></span> <span class='ocrx_word' id='word_1_692' title='bbox 2548 3095 2604 3141; x_wconf 90' lang='lat' dir='ltr'><strong><em>et</em></strong></span> <span class='ocrx_word' id='word_1_693' title='bbox 2623 3086 2822 3142; x_wconf 81' lang='lat' dir='ltr'><strong><em>inﬂicta</em></strong></span> <span class='ocrx_word' id='word_1_694' title='bbox 2843 3085 2942 3139; x_wconf 89' lang='lat' dir='ltr'><strong><em>sibi</em></strong></span> <span class='ocrx_word' id='word_1_695' title='bbox 2976 3085 3198 3142; x_wconf 87' lang='lat' dir='ltr'><strong><em>verbera</em></strong></span> <span class='ocrx_word' id='word_1_696' title='bbox 3223 3093 3405 3151; x_wconf 87' lang='lat' dir='ltr'><strong><em>osten-</em></strong></span> 
     </span>
    </p>
   </div>
   <div class='ocr_carea' id='block_1_93' title="bbox 1819 3177 3406 3247">
    <p class='ocr_par' dir='ltr' id='par_1_93' title="bbox 1819 3177 3406 3247">
     <span class='ocr_line' id='line_1_94' title="bbox 1819 3177 3406 3247; baseline -0.003 -9"><span class='ocrx_word' id='word_1_697' title='bbox 1819 3181 1970 3246; x_wconf 90' lang='lat' dir='ltr'><strong><em>dens,</em></strong></span> <span class='ocrx_word' id='word_1_698' title='bbox 1988 3196 2110 3236; x_wconf 90' lang='lat' dir='ltr'><strong><em>eum</em></strong></span> <span class='ocrx_word' id='word_1_699' title='bbox 2137 3179 2202 3235; x_wconf 87' lang='lat' dir='ltr'><strong><em>ad</em></strong></span> <span class='ocrx_word' id='word_1_700' title='bbox 2227 3180 2578 3234; x_wconf 70' lang='lat' dir='ltr'><strong><em>idololatrian]</em></strong></span> <span class='ocrx_word' id='word_1_701' title='bbox 2601 3177 2930 3247; x_wconf 87' lang='lat' dir='ltr'><strong><em>cjurandam,</em></strong></span> <span class='ocrx_word' id='word_1_702' title='bbox 2951 3179 3406 3247; x_wconf 85' lang='lat' dir='ltr'><strong><em>amplectendam-</em></strong></span> 
     </span>
    </p>
   </div>
   <div class='ocr_carea' id='block_1_94' title="bbox 1819 3268 3407 3344">
    <p class='ocr_par' dir='ltr' id='par_1_94' title="bbox 1819 3268 3407 3344">
     <span class='ocr_line' id='line_1_95' title="bbox 1819 3268 3407 3344; baseline -0.004 -15"><span class='ocrx_word' id='word_1_703' title='bbox 1819 3286 1925 3344; x_wconf 89' lang='lat' dir='ltr'><strong><em>que</em></strong></span> <span class='ocrx_word' id='word_1_704' title='bbox 1970 3271 2330 3328; x_wconf 85' lang='lat' dir='ltr'><strong><em>Christianam</em></strong></span> <span class='ocrx_word' id='word_1_705' title='bbox 2380 3271 2560 3336; x_wconf 83' lang='lat' dir='ltr'><strong><em>lidem,</em></strong></span> <span class='ocrx_word' id='word_1_706' title='bbox 2592 3269 2678 3325; x_wconf 89' lang='lat' dir='ltr'><strong><em>cui</em></strong></span> <span class='ocrx_word' id='word_1_707' title='bbox 2725 3278 2913 3340; x_wconf 88' lang='lat' dir='ltr'><strong><em>postea</em></strong></span> <span class='ocrx_word' id='word_1_708' title='bbox 2951 3285 3016 3325; x_wconf 79' lang='lat' dir='ltr'><strong><em>ex</em></strong></span> <span class='ocrx_word' id='word_1_709' title='bbox 3047 3269 3226 3324; x_wconf 87' lang='lat' dir='ltr'><strong><em>animo</em></strong></span> <span class='ocrx_word' id='word_1_710' title='bbox 3276 3268 3407 3327; x_wconf 80' lang='lat' dir='ltr'><strong><em>favit</em></strong></span> 
     </span>
    </p>
   </div>
   <div class='ocr_carea' id='block_1_95' title="bbox 1820 3359 3402 3430">
    <p class='ocr_par' dir='ltr' id='par_1_95' title="bbox 1820 3359 3402 3430">
     <span class='ocr_line' id='line_1_96' title="bbox 1820 3359 3402 3430; baseline -0.004 -9"><span class='ocrx_word' id='word_1_711' title='bbox 1820 3366 1876 3421; x_wconf 90' lang='lat' dir='ltr'><strong><em>in</em></strong></span> <span class='ocrx_word' id='word_1_712' title='bbox 1904 3364 2176 3430; x_wconf 60' lang='lat' dir='ltr'><strong><em>omnibus,</em></strong></span> <span class='ocrx_word' id='word_1_713' title='bbox 2221 3361 2470 3418; x_wconf 77' lang='lat' dir='ltr'><strong><em>adduxit.</em></strong></span> <span class='ocrx_word' id='word_1_714' title='bbox 2504 3359 2787 3415; x_wconf 86' lang='lat' dir='ltr'><strong><em>Saberethi</em></strong></span> <span class='ocrx_word' id='word_1_715' title='bbox 2819 3366 2997 3414; x_wconf 89' lang='lat' dir='ltr'><strong><em>autem</em></strong></span> <span class='ocrx_word' id='word_1_716' title='bbox 3029 3359 3121 3412; x_wconf 85' lang='lat' dir='ltr'><strong><em>lilii</em></strong></span> <span class='ocrx_word' id='word_1_717' title='bbox 3148 3360 3238 3428; x_wconf 91' lang='lat' dir='ltr'><strong><em>qui</em></strong></span> <span class='ocrx_word' id='word_1_718' title='bbox 3269 3359 3402 3416; x_wconf 80' lang='lat' dir='ltr'><strong><em>Mel-</em></strong></span> 
     </span>
    </p>
   </div>
   <div class='ocr_carea' id='block_1_96' title="bbox 1820 3446 3405 3523">
    <p class='ocr_par' dir='ltr' id='par_1_96' title="bbox 1820 3446 3405 3523">
     <span class='ocr_line' id='line_1_97' title="bbox 1820 3446 3405 3523; baseline -0.004 -14"><span class='ocrx_word' id='word_1_719' title='bbox 1820 3453 1972 3509; x_wconf 88' lang='lat' dir='ltr'><strong><em>litum</em></strong></span> <span class='ocrx_word' id='word_1_720' title='bbox 2004 3461 2060 3508; x_wconf 91' lang='lat' dir='ltr'><strong><em>et</em></strong></span> <span class='ocrx_word' id='word_1_721' title='bbox 2098 3451 2243 3523; x_wconf 89' lang='lat' dir='ltr'><strong><em>quod</em></strong></span> <span class='ocrx_word' id='word_1_722' title='bbox 2292 3449 2619 3521; x_wconf 86' lang='lat' dir='ltr'><strong><em>praedicabat</em></strong></span> <span class='ocrx_word' id='word_1_723' title='bbox 2666 3446 3012 3516; x_wconf 85' lang='lat' dir='ltr'><strong><em>Evangelium</em></strong></span> <span class='ocrx_word' id='word_1_724' title='bbox 3063 3447 3405 3516; x_wconf 84' lang='lat' dir='ltr'><strong><em>rejecerant,</em></strong></span> 
     </span>
    </p>
   </div>
   <div class='ocr_carea' id='block_1_97' title="bbox 1821 3539 3408 3616">
    <p class='ocr_par' dir='ltr' id='par_1_97' title="bbox 1821 3539 3408 3616">
     <span class='ocr_line' id='line_1_98' title="bbox 1821 3539 3408 3616; baseline -0.006 -15"><span class='ocrx_word' id='word_1_725' title='bbox 1821 3544 2201 3616; x_wconf 78' lang='lat' dir='ltr'><strong><em>perduellionis</em></strong></span> <span class='ocrx_word' id='word_1_726' title='bbox 2223 3558 2330 3597; x_wconf 75' lang='lat' dir='ltr'><strong><em>sua:</em></strong></span> <span class='ocrx_word' id='word_1_727' title='bbox 2361 3557 2546 3612; x_wconf 72' lang='lat' dir='ltr'><strong><em>pinnas</em></strong></span> <span class='ocrx_word' id='word_1_728' title='bbox 2567 3540 2848 3602; x_wconf 87' lang='lat' dir='ltr'><strong><em>dederunt,</em></strong></span> <span class='ocrx_word' id='word_1_729' title='bbox 2874 3545 2926 3593; x_wconf 85' lang='lat' dir='ltr'><strong><em>in</em></strong></span> <span class='ocrx_word' id='word_1_730' title='bbox 2951 3539 3131 3609; x_wconf 72' lang='lat' dir='ltr'><strong><em>przclio</em></strong></span> <span class='ocrx_word' id='word_1_731' title='bbox 3151 3539 3408 3594; x_wconf 67' lang='lat' dir='ltr'><strong><em>adversus</em></strong></span> 
     </span>
    </p>
   </div>
   <div class='ocr_carea' id='block_1_98' title="bbox 1821 3627 3406 3701">
    <p class='ocr_par' dir='ltr' id='par_1_98' title="bbox 1821 3627 3406 3701">
     <span class='ocr_line' id='line_1_99' title="bbox 1821 3627 3406 3701; baseline -0.006 -9"><span class='ocrx_word' id='word_1_732' title='bbox 1821 3635 2168 3691; x_wconf 84' lang='lat' dir='ltr'><strong><em>Geuissorum</em></strong></span> <span class='ocrx_word' id='word_1_733' title='bbox 2191 3641 2404 3701; x_wconf 88' lang='lat' dir='ltr'><strong><em>gentem</em></strong></span> <span class='ocrx_word' id='word_1_734' title='bbox 2422 3646 2542 3684; x_wconf 88' lang='lat' dir='ltr'><strong><em>cum</em></strong></span> <span class='ocrx_word' id='word_1_735' title='bbox 2560 3630 2702 3684; x_wconf 82' lang='lat' dir='ltr'><strong><em>ornni</em></strong></span> <span class='ocrx_word' id='word_1_736' title='bbox 2727 3629 2967 3683; x_wconf 78' lang='lat' dir='ltr'><strong><em>exercitu</em></strong></span> <span class='ocrx_word' id='word_1_737' title='bbox 2989 3629 3129 3683; x_wconf 59' lang='lat' dir='ltr'><strong><em>caesi.</em></strong></span> <span class='ocrx_word' id='word_1_738' title='bbox 3152 3627 3406 3683; x_wconf 77' lang='lat' dir='ltr'><strong><em>Revocati</em></strong></span> 
     </span>
    </p>
   </div>
   <div class='ocr_carea' id='block_1_99' title="bbox 1821 3717 3408 3797">
    <p class='ocr_par' dir='ltr' id='par_1_99' title="bbox 1821 3717 3408 3797">
     <span class='ocr_line' id='line_1_100' title="bbox 1821 3717 3408 3797; baseline -0.006 -15"><span class='ocrx_word' id='word_1_739' title='bbox 1821 3728 2005 3797; x_wconf 81' lang='lat' dir='ltr'><strong><em>itaque</em></strong></span> <span class='ocrx_word' id='word_1_740' title='bbox 2031 3741 2097 3779; x_wconf 87' lang='lat' dir='ltr'><strong><em>ex</em></strong></span> <span class='ocrx_word' id='word_1_741' title='bbox 2127 3723 2312 3778; x_wconf 88' lang='lat' dir='ltr'><strong><em>Galliis</em></strong></span> <span class='ocrx_word' id='word_1_742' title='bbox 2339 3723 2406 3776; x_wconf 90' lang='lat' dir='ltr'><strong><em>ab</em></strong></span> <span class='ocrx_word' id='word_1_743' title='bbox 2434 3721 2724 3775; x_wconf 88' lang='lat' dir='ltr'><strong><em>Laurentio</em></strong></span> <span class='ocrx_word' id='word_1_744' title='bbox 2756 3719 2986 3773; x_wconf 82' lang='lat' dir='ltr'><strong><em>Mellitus</em></strong></span> <span class='ocrx_word' id='word_1_745' title='bbox 3015 3726 3067 3772; x_wconf 88' lang='lat' dir='ltr'><strong><em>et</em></strong></span> <span class='ocrx_word' id='word_1_746' title='bbox 3106 3717 3308 3782; x_wconf 83' lang='lat' dir='ltr'><strong><em>Justus,</em></strong></span> <span class='ocrx_word' id='word_1_747' title='bbox 3340 3719 3408 3772; x_wconf 89' lang='lat' dir='ltr'><strong><em>ad</em></strong></span> 
     </span>
    </p>
   </div>
   <div class='ocr_carea' id='block_1_100' title="bbox 1825 3806 3409 3884">
    <p class='ocr_par' dir='ltr' id='par_1_100' title="bbox 1825 3806 3409 3884">
     <span class='ocr_line' id='line_1_101' title="bbox 1825 3806 3409 3884; baseline -0.006 -11"><span class='ocrx_word' id='word_1_748' title='bbox 1825 3818 2181 3873; x_wconf 90' lang='lat' dir='ltr'><strong><em>intermissum</em></strong></span> <span class='ocrx_word' id='word_1_749' title='bbox 2206 3812 2598 3884; x_wconf 62' lang='lat' dir='ltr'><strong><em>praedicationis</em></strong></span> <span class='ocrx_word' id='word_1_750' title='bbox 2619 3825 2755 3879; x_wconf 91' lang='lat' dir='ltr'><strong><em>opus</em></strong></span> <span class='ocrx_word' id='word_1_751' title='bbox 2777 3810 3069 3863; x_wconf 69' lang='lat' dir='ltr'><strong><em>redierunt.</em></strong></span> <span class='ocrx_word' id='word_1_752' title='bbox 3093 3806 3218 3862; x_wconf 69' lang='lat' dir='ltr'><strong><em>llazc</em></strong></span> <span class='ocrx_word' id='word_1_753' title='bbox 3242 3808 3409 3864; x_wconf 42' lang='lat' dir='ltr'><strong><em>fusius</em></strong></span> 
     </span>
    </p>
   </div>
   <div class='ocr_carea' id='block_1_101' title="bbox 1825 3899 2906 3984">
    <p class='ocr_par' dir='ltr' id='par_1_101' title="bbox 1825 3899 2906 3984">
     <span class='ocr_line' id='line_1_102' title="bbox 1825 3899 2906 3984; baseline -0.014 -17"><span class='ocrx_word' id='word_1_754' title='bbox 1825 3912 1965 3984; x_wconf 86' lang='lat' dir='ltr'><strong><em>apud</em></strong></span> <span class='ocrx_word' id='word_1_755' title='bbox 1995 3910 2213 3964; x_wconf 87' lang='lat' dir='ltr'><strong><em>Bedam.</em></strong></span> <span class='ocrx_word' id='word_1_756' title='bbox 2248 3909 2266 3976; x_wconf 94' lang='lat'><strong>(</strong></span> <span class='ocrx_word' id='word_1_757' title='bbox 2298 3906 2381 3977; x_wconf 88' lang='lat' dir='ltr'><strong><em>Cf.</em></strong></span> <span class='ocrx_word' id='word_1_758' title='bbox 2413 3904 2575 3970; x_wconf 86' lang='lat' dir='ltr'><strong><em>Beda,</em></strong></span> <span class='ocrx_word' id='word_1_759' title='bbox 2602 3904 2639 3956; x_wconf 83' lang='grc' dir='ltr'><strong><em>ι.</em></strong></span> <span class='ocrx_word' id='word_1_760' title='bbox 2670 3919 2726 3970; x_wconf 87' lang='grc' dir='ltr'><strong><em>ιι,</em></strong></span> <span class='ocrx_word' id='word_1_761' title='bbox 2755 3917 2800 3954; x_wconf 91' lang='lat' dir='ltr'><strong><em>c.</em></strong></span> <span class='ocrx_word' id='word_1_762' title='bbox 2827 3899 2906 3970; x_wconf 87' lang='grc'><strong><em>6.)</em></strong></span> 
     </span>
    </p>
   </div>
   <div class='ocr_carea' id='block_1_102' title="bbox 1895 4013 3410 4083">
    <p class='ocr_par' dir='ltr' id='par_1_102' title="bbox 1895 4013 3410 4083">
     <span class='ocr_line' id='line_1_103' title="bbox 1895 4013 3410 4083; baseline -0.008 -2"><span class='ocrx_word' id='word_1_763' title='bbox 1895 4025 1948 4081; x_wconf 92' lang='grc'><strong><em>9.</em></strong></span> <span class='ocrx_word' id='word_1_764' title='bbox 1989 4025 2048 4081; x_wconf 88' lang='lat' dir='ltr'><strong><em>S.</em></strong></span> <span class='ocrx_word' id='word_1_765' title='bbox 2093 4020 2382 4078; x_wconf 87' lang='lat' dir='ltr'><strong><em>Laurentio</em></strong></span> <span class='ocrx_word' id='word_1_766' title='bbox 2431 4017 2701 4072; x_wconf 83' lang='lat' dir='ltr'><strong><em>laboribus</em></strong></span> <span class='ocrx_word' id='word_1_767' title='bbox 2753 4014 3065 4083; x_wconf 61' lang='lat' dir='ltr'><strong><em>apostolos</em></strong></span> <span class='ocrx_word' id='word_1_768' title='bbox 3094 4021 3148 4067; x_wconf 89' lang='lat' dir='ltr'><strong><em>et</em></strong></span> <span class='ocrx_word' id='word_1_769' title='bbox 3176 4013 3410 4070; x_wconf 75' lang='lat' dir='ltr'><strong><em>vitade-</em></strong></span> 
     </span>
    </p>
   </div>
   <div class='ocr_carea' id='block_1_103' title="bbox 1824 4105 3405 4176">
    <p class='ocr_par' dir='ltr' id='par_1_103' title="bbox 1824 4105 3405 4176">
     <span class='ocr_line' id='line_1_104' title="bbox 1824 4105 3405 4176; baseline -0.008 -3"><span class='ocrx_word' id='word_1_770' title='bbox 1824 4119 2010 4174; x_wconf 76' lang='lat' dir='ltr'><strong><em>t‘uncto</em></strong></span> <span class='ocrx_word' id='word_1_771' title='bbox 2038 4129 2316 4171; x_wconf 85' lang='lat' dir='ltr'><strong><em>successor</em></strong></span> <span class='ocrx_word' id='word_1_772' title='bbox 2345 4111 2500 4164; x_wconf 83' lang='lat' dir='ltr'><strong><em>datus</em></strong></span> <span class='ocrx_word' id='word_1_773' title='bbox 2527 4117 2610 4170; x_wconf 76' lang='lat' dir='ltr'><strong><em>est</em></strong></span> <span class='ocrx_word' id='word_1_774' title='bbox 2646 4106 2913 4170; x_wconf 87' lang='lat' dir='ltr'><strong><em>Mellitus;</em></strong></span> <span class='ocrx_word' id='word_1_775' title='bbox 2961 4105 3190 4176; x_wconf 81' lang='lat' dir='ltr'><strong><em>Mellito,</em></strong></span> <span class='ocrx_word' id='word_1_776' title='bbox 3225 4115 3405 4174; x_wconf 87' lang='lat' dir='ltr'><strong><em>postea</em></strong></span> 
     </span>
    </p>
   </div>
   <div class='ocr_carea' id='block_1_104' title="bbox 1802 4195 3412 4268">
    <p class='ocr_par' dir='ltr' id='par_1_104' title="bbox 1802 4195 3412 4268">
     <span class='ocr_line' id='line_1_105' title="bbox 1802 4195 3412 4268; baseline -0.012 1"><span class='ocrx_word' id='word_1_777' title='bbox 1802 4208 2084 4268; x_wconf 82' lang='lat' dir='ltr'><strong><em>successit</em></strong></span> <span class='ocrx_word' id='word_1_778' title='bbox 2102 4205 2312 4263; x_wconf 83' lang='lat' dir='ltr'><strong><em>Justus:</em></strong></span> <span class='ocrx_word' id='word_1_779' title='bbox 2342 4202 2494 4258; x_wconf 80' lang='lat' dir='ltr'><strong><em>.lusto</em></strong></span> <span class='ocrx_word' id='word_1_780' title='bbox 2516 4197 2802 4252; x_wconf 68' lang='lat' dir='ltr'><strong><em>Honorius.</em></strong></span> <span class='ocrx_word' id='word_1_781' title='bbox 2827 4195 2979 4250; x_wconf 89' lang='lat' dir='ltr'><strong><em>llunc</em></strong></span> <span class='ocrx_word' id='word_1_782' title='bbox 3000 4197 3215 4265; x_wconf 82' lang='lat' dir='ltr'><strong><em>excepit</em></strong></span> <span class='ocrx_word' id='word_1_783' title='bbox 3244 4195 3412 4252; x_wconf 85' lang='lat' dir='ltr'><strong><em>Deus-</em></strong></span> 
     </span>
    </p>
   </div>
   <div class='ocr_carea' id='block_1_105' title="bbox 1802 4285 3411 4370">
    <p class='ocr_par' dir='ltr' id='par_1_105' title="bbox 1802 4285 3411 4370">
     <span class='ocr_line' id='line_1_106' title="bbox 1802 4285 3411 4370; baseline -0.012 -11"><span class='ocrx_word' id='word_1_784' title='bbox 1802 4302 1998 4367; x_wconf 87' lang='lat' dir='ltr'><strong><em>.dedit,</em></strong></span> <span class='ocrx_word' id='word_1_785' title='bbox 2021 4306 2142 4370; x_wconf 82' lang='lat' dir='ltr'><strong><em>post</em></strong></span> <span class='ocrx_word' id='word_1_786' title='bbox 2169 4311 2329 4367; x_wconf 90' lang='lat' dir='ltr'><strong><em>quem</em></strong></span> <span class='ocrx_word' id='word_1_787' title='bbox 2377 4292 2515 4350; x_wconf 84' lang='lat' dir='ltr'><strong><em>sedit</em></strong></span> <span class='ocrx_word' id='word_1_788' title='bbox 2561 4286 2872 4344; x_wconf 57' lang='lat' dir='ltr'><strong><em>Theodorus</em></strong></span> <span class='ocrx_word' id='word_1_789' title='bbox 2913 4301 2944 4341; x_wconf 86' lang='lat' dir='ltr'><strong><em>a</em></strong></span> <span class='ocrx_word' id='word_1_790' title='bbox 2974 4285 3240 4340; x_wconf 60' lang='lat' dir='ltr'><strong><em>Vitaliano</em></strong></span> <span class='ocrx_word' id='word_1_791' title='bbox 3272 4300 3411 4355; x_wconf 88' lang='lat' dir='ltr'><strong><em>papa</em></strong></span> 
     </span>
    </p>
   </div>
   <div class='ocr_carea' id='block_1_106' title="bbox 1829 4376 3412 4460">
    <p class='ocr_par' dir='ltr' id='par_1_106' title="bbox 1829 4376 3412 4460">
     <span class='ocr_line' id='line_1_107' title="bbox 1829 4376 3412 4460; baseline -0.01 -11"><span class='ocrx_word' id='word_1_792' title='bbox 1829 4395 2043 4457; x_wconf 85' lang='lat' dir='ltr'><strong><em>missus,</em></strong></span> <span class='ocrx_word' id='word_1_793' title='bbox 2072 4389 2162 4460; x_wconf 91' lang='lat' dir='ltr'><strong><em>qui</em></strong></span> <span class='ocrx_word' id='word_1_794' title='bbox 2215 4387 2463 4440; x_wconf 89' lang='lat' dir='ltr'><strong><em>Britones</em></strong></span> <span class='ocrx_word' id='word_1_795' title='bbox 2505 4380 2719 4437; x_wconf 89' lang='lat' dir='ltr'><strong><em>tandem</em></strong></span> <span class='ocrx_word' id='word_1_796' title='bbox 2765 4378 2833 4433; x_wconf 79' lang='lat' dir='ltr'><strong><em>ad</em></strong></span> <span class='ocrx_word' id='word_1_797' title='bbox 2875 4377 3128 4432; x_wconf 68' lang='lat' dir='ltr'><strong><em>Ecclesia:</em></strong></span> <span class='ocrx_word' id='word_1_798' title='bbox 3158 4376 3412 4433; x_wconf 70' lang='lat' dir='ltr'><strong><em>Romanae</em></strong></span> 
     </span>
    </p>
   </div>
   <div class='ocr_carea' id='block_1_107' title="bbox 1761 4468 3415 4565">
    <p class='ocr_par' dir='ltr' id='par_1_107' title="bbox 1761 4468 3415 4565">
     <span class='ocr_line' id='line_1_108' title="bbox 1761 4468 3415 4565; baseline -0.014 -24"><span class='ocrx_word' id='word_1_799' title='bbox 1761 4509 1805 4565; x_wconf 76' lang='grc' dir='ltr'>υ</span> <span class='ocrx_word' id='word_1_800' title='bbox 1831 4485 1966 4540; x_wconf 88' lang='lat' dir='ltr'><strong><em>ritus</em></strong></span> <span class='ocrx_word' id='word_1_801' title='bbox 1993 4493 2182 4537; x_wconf 88' lang='lat' dir='ltr'><strong><em>onmes</em></strong></span> <span class='ocrx_word' id='word_1_802' title='bbox 2210 4476 2435 4531; x_wconf 85' lang='lat' dir='ltr'><strong><em>feliciter</em></strong></span> <span class='ocrx_word' id='word_1_803' title='bbox 2463 4471 2732 4543; x_wconf 80' lang='lat' dir='ltr'><strong><em>perduxit.</em></strong></span> <span class='ocrx_word' id='word_1_804' title='bbox 2773 4469 2870 4524; x_wconf 86' lang='lat' dir='ltr'><strong><em>llic</em></strong></span> <span class='ocrx_word' id='word_1_805' title='bbox 2894 4468 3288 4523; x_wconf 60' lang='lat' dir='ltr'><strong><em>subsistendum</em></strong></span> <span class='ocrx_word' id='word_1_806' title='bbox 3317 4483 3415 4535; x_wconf 69' lang='lat' dir='ltr'><strong><em>pu-</em></strong></span> 
     </span>
    </p>
   </div>
   <div class='ocr_carea' id='block_1_108' title="bbox 1830 4558 3414 4639">
    <p class='ocr_par' dir='ltr' id='par_1_108' title="bbox 1830 4558 3414 4639">
     <span class='ocr_line' id='line_1_109' title="bbox 1830 4558 3414 4639; baseline -0.013 -7"><span class='ocrx_word' id='word_1_807' title='bbox 1830 4587 2026 4639; x_wconf 88' lang='lat' dir='ltr'><strong><em>tamus,</em></strong></span> <span class='ocrx_word' id='word_1_808' title='bbox 2057 4580 2118 4628; x_wconf 90' lang='lat' dir='ltr'><strong><em>ut</em></strong></span> <span class='ocrx_word' id='word_1_809' title='bbox 2161 4570 2227 4625; x_wconf 86' lang='lat' dir='ltr'><strong><em>ad</em></strong></span> <span class='ocrx_word' id='word_1_810' title='bbox 2258 4569 2313 4624; x_wconf 90' lang='lat' dir='ltr'><strong><em>S.</em></strong></span> <span class='ocrx_word' id='word_1_811' title='bbox 2346 4566 2590 4634; x_wconf 81' lang='lat' dir='ltr'><strong><em>Gregorii</em></strong></span> <span class='ocrx_word' id='word_1_812' title='bbox 2618 4571 2766 4630; x_wconf 73' lang='lat' dir='ltr'><strong><em>gesta</em></strong></span> <span class='ocrx_word' id='word_1_813' title='bbox 2807 4562 2992 4616; x_wconf 81' lang='lat' dir='ltr'><strong><em>redeat</em></strong></span> <span class='ocrx_word' id='word_1_814' title='bbox 3037 4559 3234 4615; x_wconf 86' lang='lat' dir='ltr'><strong><em>oratio.</em></strong></span> <span class='ocrx_word' id='word_1_815' title='bbox 3284 4558 3414 4624; x_wconf 65' lang='lat' dir='ltr'><strong><em>Quae</em></strong></span> 
     </span>
    </p>
   </div>
   <div class='ocr_carea' id='block_1_109' title="bbox 1831 4650 3414 4734">
    <p class='ocr_par' dir='ltr' id='par_1_109' title="bbox 1831 4650 3414 4734">
     <span class='ocr_line' id='line_1_110' title="bbox 1831 4650 3414 4734; baseline -0.015 -11"><span class='ocrx_word' id='word_1_816' title='bbox 1831 4669 1897 4723; x_wconf 82' lang='lat' dir='ltr'><strong><em>de</em></strong></span> <span class='ocrx_word' id='word_1_817' title='bbox 1923 4665 2217 4734; x_wconf 85' lang='lat' dir='ltr'><strong><em>Anglorum</em></strong></span> <span class='ocrx_word' id='word_1_818' title='bbox 2247 4659 2600 4718; x_wconf 54' lang='lat' dir='ltr'><strong><em>conversione</em></strong></span> <span class='ocrx_word' id='word_1_819' title='bbox 2620 4653 3013 4723; x_wconf 63' lang='lat' dir='ltr'><strong><em>congessimus,</em></strong></span> <span class='ocrx_word' id='word_1_820' title='bbox 3045 4650 3286 4704; x_wconf 84' lang='lat' dir='ltr'><strong><em>recolant</em></strong></span> <span class='ocrx_word' id='word_1_821' title='bbox 3315 4663 3414 4702; x_wconf 88' lang='lat' dir='ltr'><strong><em>eo-</em></strong></span> 
     </span>
    </p>
   </div>
   <div class='ocr_carea' id='block_1_110' title="bbox 1831 4734 3416 4828">
    <p class='ocr_par' dir='ltr' id='par_1_110' title="bbox 1831 4734 3416 4828">
     <span class='ocr_line' id='line_1_111' title="bbox 1831 4734 3416 4828; baseline -0.014 -14"><span class='ocrx_word' id='word_1_822' title='bbox 1831 4775 1948 4814; x_wconf 86' lang='lat' dir='ltr'><strong><em>rum</em></strong></span> <span class='ocrx_word' id='word_1_823' title='bbox 1973 4754 2171 4828; x_wconf 82' lang='lat' dir='ltr'><strong><em>posteri</em></strong></span> <span class='ocrx_word' id='word_1_824' title='bbox 2197 4770 2210 4807; x_wconf 91' lang='lat'><strong>:</strong></span> <span class='ocrx_word' id='word_1_825' title='bbox 2239 4753 2573 4816; x_wconf 84' lang='lat' dir='ltr'><strong><em>interrogent</em></strong></span> <span class='ocrx_word' id='word_1_826' title='bbox 2602 4744 2812 4798; x_wconf 86' lang='lat' dir='ltr'><strong><em>Patrem</em></strong></span> <span class='ocrx_word' id='word_1_827' title='bbox 2843 4756 2953 4795; x_wconf 74' lang='lat' dir='ltr'><strong><em>sua:</em></strong></span> <span class='ocrx_word' id='word_1_828' title='bbox 2983 4738 3103 4792; x_wconf 78' lang='lat' dir='ltr'><strong><em>fidei</em></strong></span> <span class='ocrx_word' id='word_1_829' title='bbox 3131 4735 3188 4790; x_wconf 91' lang='lat' dir='ltr'><strong><em>S.</em></strong></span> <span class='ocrx_word' id='word_1_830' title='bbox 3218 4734 3416 4828; x_wconf 80' lang='lat' dir='ltr'><strong><em>Grego-</em></strong></span> 
     </span>
    </p>
   </div>
   <div class='ocr_carea' id='block_1_111' title="bbox 1832 4824 3412 4912">
    <p class='ocr_par' dir='ltr' id='par_1_111' title="bbox 1832 4824 3412 4912">
     <span class='ocr_line' id='line_1_112' title="bbox 1832 4824 3412 4912; baseline -0.018 -6"><span class='ocrx_word' id='word_1_831' title='bbox 1832 4824 1990 4912; x_wconf 72' lang='lat' dir='ltr'><strong><em>rium,</em></strong></span> <span class='ocrx_word' id='word_1_832' title='bbox 2023 4854 2079 4901; x_wconf 92' lang='lat' dir='ltr'><strong><em>et</em></strong></span> <span class='ocrx_word' id='word_1_833' title='bbox 2105 4840 2443 4899; x_wconf 86' lang='lat' dir='ltr'><strong><em>annuntiabit</em></strong></span> <span class='ocrx_word' id='word_1_834' title='bbox 2471 4839 2579 4902; x_wconf 87' lang='lat' dir='ltr'><strong><em>eis;</em></strong></span> <span class='ocrx_word' id='word_1_835' title='bbox 2621 4833 2852 4902; x_wconf 77' lang='lat' dir='ltr'><strong><em>majmes</em></strong></span> <span class='ocrx_word' id='word_1_836' title='bbox 2882 4828 3233 4900; x_wconf 86' lang='lat' dir='ltr'><strong><em>Augustinum</em></strong></span> <span class='ocrx_word' id='word_1_837' title='bbox 3265 4824 3412 4894; x_wconf 88' lang='lat' dir='ltr'><strong><em>ejus-</em></strong></span> 
     </span>
    </p>
   </div>
   <div class='ocr_carea' id='block_1_112' title="bbox 1833 4914 3414 5008">
    <p class='ocr_par' dir='ltr' id='par_1_112' title="bbox 1833 4914 3414 5008">
     <span class='ocr_line' id='line_1_113' title="bbox 1833 4914 3414 5008; baseline -0.017 -14"><span class='ocrx_word' id='word_1_838' title='bbox 1833 4953 1938 5008; x_wconf 82' lang='lat' dir='ltr'><strong><em>que</em></strong></span> <span class='ocrx_word' id='word_1_839' title='bbox 1967 4935 2239 5002; x_wconf 69' lang='lat' dir='ltr'><strong><em>adjutores</em></strong></span> <span class='ocrx_word' id='word_1_840' title='bbox 2269 4928 2579 4989; x_wconf 88' lang='lat' dir='ltr'><strong><em>monachos,</em></strong></span> <span class='ocrx_word' id='word_1_841' title='bbox 2610 4933 2667 4979; x_wconf 92' lang='lat' dir='ltr'><strong><em>et</em></strong></span> <span class='ocrx_word' id='word_1_842' title='bbox 2712 4923 2891 4976; x_wconf 88' lang='lat' dir='ltr'><strong><em>dicent</em></strong></span> <span class='ocrx_word' id='word_1_843' title='bbox 2941 4919 3090 4988; x_wconf 67' lang='lat' dir='ltr'><strong><em>ipsis,</em></strong></span> <span class='ocrx_word' id='word_1_844' title='bbox 3136 4930 3297 4986; x_wconf 86' lang='lat' dir='ltr'><strong><em>quam</em></strong></span> <span class='ocrx_word' id='word_1_845' title='bbox 3344 4914 3414 5008; x_wconf 77' lang='lat' dir='ltr'><strong><em>ab</em></strong></span> 
     </span>
    </p>
   </div>
   <div class='ocr_carea' id='block_1_113' title="bbox 1833 5005 3412 5088">
    <p class='ocr_par' dir='ltr' id='par_1_113' title="bbox 1833 5005 3412 5088">
     <span class='ocr_line' id='line_1_114' title="bbox 1833 5005 3412 5088; baseline -0.017 -4"><span class='ocrx_word' id='word_1_846' title='bbox 1833 5005 2057 5085; x_wconf 75' lang='lat' dir='ltr'><strong><em>exordio</em></strong></span> <span class='ocrx_word' id='word_1_847' title='bbox 2081 5025 2237 5079; x_wconf 75' lang='lat' dir='ltr'><strong><em>(idem</em></strong></span> <span class='ocrx_word' id='word_1_848' title='bbox 2269 5022 2374 5076; x_wconf 88' lang='lat' dir='ltr'><strong><em>sint</em></strong></span> <span class='ocrx_word' id='word_1_849' title='bbox 2401 5017 2656 5088; x_wconf 46' lang='lat' dir='ltr'><strong><em>amplexi,</em></strong></span> <span class='ocrx_word' id='word_1_850' title='bbox 2679 5021 2932 5082; x_wconf 82' lang='lat' dir='ltr'><strong><em>quantam</em></strong></span> <span class='ocrx_word' id='word_1_851' title='bbox 2960 5008 3271 5078; x_wconf 73' lang='lat' dir='ltr'><strong><em>apostolicae</em></strong></span> <span class='ocrx_word' id='word_1_852' title='bbox 3296 5005 3412 5060; x_wconf 87' lang='lat' dir='ltr'><strong><em>sedi</em></strong></span> 
     </span>
    </p>
   </div>
   <div class='ocr_carea' id='block_1_114' title="bbox 1829 5096 3434 5177">
    <p class='ocr_par' dir='ltr' id='par_1_114' title="bbox 1829 5096 3434 5177">
     <span class='ocr_line' id='line_1_115' title="bbox 1829 5096 3434 5177; baseline -0.018 0"><span class='ocrx_word' id='word_1_853' title='bbox 1829 5117 2187 5177; x_wconf 83' lang='lat' dir='ltr'><strong><em>reverentiam</em></strong></span> <span class='ocrx_word' id='word_1_854' title='bbox 2210 5109 2550 5168; x_wconf 75' lang='lat' dir='ltr'><strong><em>exhibuerint</em></strong></span> <span class='ocrx_word' id='word_1_855' title='bbox 2577 5115 2632 5161; x_wconf 72' lang='lat' dir='ltr'><strong><em>et</em></strong></span> <span class='ocrx_word' id='word_1_856' title='bbox 2661 5103 3039 5166; x_wconf 85' lang='lat' dir='ltr'><strong><em>obedientiam,</em></strong></span> <span class='ocrx_word' id='word_1_857' title='bbox 3063 5099 3256 5169; x_wconf 89' lang='lat' dir='ltr'><strong><em>quibus</em></strong></span> <span class='ocrx_word' id='word_1_858' title='bbox 3284 5096 3434 5151; x_wconf 86' lang='lat' dir='ltr'><strong><em>olim</em></strong></span> 
     </span>
    </p>
   </div>
   <div class='ocr_carea' id='block_1_115' title="bbox 1833 5189 3418 5271">
    <p class='ocr_par' dir='ltr' id='par_1_115' title="bbox 1833 5189 3418 5271">
     <span class='ocr_line' id='line_1_116' title="bbox 1833 5189 3418 5271; baseline -0.018 -1"><span class='ocrx_word' id='word_1_859' title='bbox 1833 5214 1914 5270; x_wconf 89' lang='lat' dir='ltr'><strong><em>usi</em></strong></span> <span class='ocrx_word' id='word_1_860' title='bbox 1961 5205 2330 5268; x_wconf 88' lang='lat' dir='ltr'><strong><em>sacramentis,</em></strong></span> <span class='ocrx_word' id='word_1_861' title='bbox 2361 5217 2496 5271; x_wconf 80' lang='lat' dir='ltr'><strong><em>quos</em></strong></span> <span class='ocrx_word' id='word_1_862' title='bbox 2526 5198 2590 5252; x_wconf 87' lang='lat' dir='ltr'><strong><em>ad</em></strong></span> <span class='ocrx_word' id='word_1_863' title='bbox 2630 5197 2722 5250; x_wconf 90' lang='lat' dir='ltr'><strong><em>Dei</em></strong></span> <span class='ocrx_word' id='word_1_864' title='bbox 2762 5195 2963 5250; x_wconf 89' lang='lat' dir='ltr'><strong><em>cultum</em></strong></span> <span class='ocrx_word' id='word_1_865' title='bbox 2993 5195 3126 5247; x_wconf 90' lang='lat' dir='ltr'><strong><em>ritus</em></strong></span> <span class='ocrx_word' id='word_1_866' title='bbox 3155 5189 3418 5245; x_wconf 84' lang='lat' dir='ltr'><strong><em>adhibue-</em></strong></span> 
     </span>
    </p>
   </div>
   <div class='ocr_carea' id='block_1_116' title="bbox 1803 5283 3420 5360">
    <p class='ocr_par' dir='ltr' id='par_1_116' title="bbox 1803 5283 3420 5360">
     <span class='ocr_line' id='line_1_117' title="bbox 1803 5283 3420 5360; baseline -0.017 0"><span class='ocrx_word' id='word_1_867' title='bbox 1803 5306 1960 5360; x_wconf 90' lang='lat' dir='ltr'><strong><em>-rint.</em></strong></span> <span class='ocrx_word' id='word_1_868' title='bbox 2017 5296 2171 5353; x_wconf 88' lang='lat' dir='ltr'><strong><em>lleu!</em></strong></span> <span class='ocrx_word' id='word_1_869' title='bbox 2204 5293 2395 5349; x_wconf 84' lang='lat' dir='ltr'><strong><em>altaria</em></strong></span> <span class='ocrx_word' id='word_1_870' title='bbox 2443 5306 2563 5360; x_wconf 76' lang='lat' dir='ltr'><strong><em>quae</em></strong></span> <span class='ocrx_word' id='word_1_871' title='bbox 2603 5288 2676 5341; x_wconf 91' lang='lat' dir='ltr'><strong><em>illi</em></strong></span> <span class='ocrx_word' id='word_1_872' title='bbox 2705 5292 2988 5341; x_wconf 79' lang='lat' dir='ltr'><strong><em>erexerant</em></strong></span> <span class='ocrx_word' id='word_1_873' title='bbox 3035 5283 3420 5339; x_wconf 74' lang='lat' dir='ltr'><strong><em>destruxerunt</em></strong></span> 
     </span>
    </p>
   </div>
   <div class='ocr_carea' id='block_1_117' title="bbox 1834 5373 3414 5453">
    <p class='ocr_par' dir='ltr' id='par_1_117' title="bbox 1834 5373 3414 5453">
     <span class='ocr_line' id='line_1_118' title="bbox 1834 5373 3414 5453; baseline -0.017 -1"><span class='ocrx_word' id='word_1_874' title='bbox 1834 5387 2182 5453; x_wconf 79' lang='lat' dir='ltr'><strong><em>heterodoxi,</em></strong></span> <span class='ocrx_word' id='word_1_875' title='bbox 2225 5393 2282 5441; x_wconf 89' lang='lat' dir='ltr'><strong><em>et</em></strong></span> <span class='ocrx_word' id='word_1_876' title='bbox 2329 5383 2527 5439; x_wconf 83' lang='lat' dir='ltr'><strong><em>avitam</em></strong></span> <span class='ocrx_word' id='word_1_877' title='bbox 2584 5376 3013 5444; x_wconf 83' lang='lat' dir='ltr'><strong><em>catholicamque</em></strong></span> <span class='ocrx_word' id='word_1_878' title='bbox 3059 5373 3371 5443; x_wconf 85' lang='lat' dir='ltr'><strong><em>religionem</em></strong></span> <span class='ocrx_word' id='word_1_879' title='bbox 3399 5408 3414 5434; x_wconf 85' lang='lat'><strong><em>,</em></strong></span> 
     </span>
    </p>
   </div>
   <div class='ocr_carea' id='block_1_118' title="bbox 1835 5525 3266 5609">
    <p class='ocr_par' dir='ltr' id='par_1_118' title="bbox 1835 5525 3266 5609">
     <span class='ocr_line' id='line_1_119' title="bbox 1835 5525 3266 5609; baseline -0.025 0"><span class='ocrx_word' id='word_1_880' title='bbox 1835 5553 1934 5609; x_wconf 86' lang='lat' dir='ltr'><strong><em>dus</em></strong></span> <span class='ocrx_word' id='word_1_881' title='bbox 1964 5543 2270 5602; x_wconf 82' lang='lat' dir='ltr'><strong><em>meminisse</em></strong></span> <span class='ocrx_word' id='word_1_882' title='bbox 2297 5533 2582 5609; x_wconf 62' lang='lat' dir='ltr'><strong><em>videturjn</em></strong></span> <span class='ocrx_word' id='word_1_883' title='bbox 2608 5529 2733 5586; x_wconf 74' lang='lat' dir='ltr'><strong><em>Vita</em></strong></span> <span class='ocrx_word' id='word_1_884' title='bbox 2757 5527 2814 5582; x_wconf 90' lang='lat' dir='ltr'><strong><em>S.</em></strong></span> <span class='ocrx_word' id='word_1_885' title='bbox 2845 5525 3117 5609; x_wconf 74' lang='lat' dir='ltr'><strong><em>hlalachia:</em></strong></span> <span class='ocrx_word' id='word_1_886' title='bbox 3147 5541 3193 5609; x_wconf 68' lang='grc' dir='ltr'><strong>ς.</strong></span> <span class='ocrx_word' id='word_1_887' title='bbox 3221 5525 3266 5577; x_wconf 82' lang='grc' dir='ltr'><strong>ϐ.</strong></span> 
     </span>
    </p>
   </div>
   <div class='ocr_carea' id='block_1_119' title="bbox 1913 5597 3417 5679">
    <p class='ocr_par' dir='ltr' id='par_1_119' title="bbox 1913 5597 3417 5679">
     <span class='ocr_line' id='line_1_120' title="bbox 1913 5597 3417 5679; baseline -0.024 -6"><span class='ocrx_word' id='word_1_888' title='bbox 1913 5597 2274 5671; x_wconf 51' lang='grc' dir='ltr'><strong><em>ίῇξίρξὲθςιρι-</em></strong></span> <span class='ocrx_word' id='word_1_889' title='bbox 2305 5607 2448 5679; x_wconf 87' lang='lat' dir='ltr'><strong><em>apud</em></strong></span> <span class='ocrx_word' id='word_1_890' title='bbox 2500 5604 2696 5658; x_wconf 84' lang='lat' dir='ltr'><strong><em>Bedam</em></strong></span> <span class='ocrx_word' id='word_1_891' title='bbox 2743 5605 2988 5664; x_wconf 81' lang='lat' dir='ltr'><strong><em>vocatur,</em></strong></span> <span class='ocrx_word' id='word_1_892' title='bbox 3032 5597 3198 5665; x_wconf 68' lang='lat' dir='ltr'><strong><em>quod</em></strong></span> <span class='ocrx_word' id='word_1_893' title='bbox 3224 5605 3417 5648; x_wconf 78' lang='lat' dir='ltr'><strong><em>nomen</em></strong></span> 
     </span>
    </p>
   </div>
   <div class='ocr_carea' id='block_1_120' title="bbox 1846 5685 2261 5747">
    <p class='ocr_par' dir='ltr' id='par_1_120' title="bbox 1846 5685 2261 5747">
     <span class='ocr_line' id='line_1_121' title="bbox 1846 5685 2261 5747; baseline -0.029 -1"><span class='ocrx_word' id='word_1_894' title='bbox 1846 5692 2020 5747; x_wconf 82' lang='lat' dir='ltr'><strong><em>adhuc</em></strong></span> <span class='ocrx_word' id='word_1_895' title='bbox 2050 5685 2261 5741; x_wconf 85' lang='lat' dir='ltr'><strong><em>retinet.</em></strong></span> 
     </span>
    </p>
   </div>
  </div>
