3976 6320
596 294 668 349 39
679 294 697 347 l

1060 288 1120 343 S.
1158 284 1484 341 CllEGORll
1521 282 1732 338 MAGNI
1772 280 1956 345 VlTA,
2000 279 2089 335 EX
2132 276 2296 332 EJUS
2327 275 2635 333 SCRIPTIS
2677 275 3068 332 ADORNATA.
3112 277 3240 332 ΗΒ.
3285 279 3372 331 Ill.

3754 282 3864 335 39‘!

600 403 848 460 admissis
889 402 1136 456 omnibus
1175 399 1443 455 erroribus
1471 405 1522 451 et
1551 395 1932 464 impietatibus,
1955 393 2170 462 repnle-
2199 397 2242 451 Α
2274 392 2542 462 gnitudine
2582 403 2723 459 potes
2752 392 2860 453 ipse
2887 392 3146 462 colligere.
3196 390 3278 445 Ea
3325 392 3390 444 de
3415 408 3473 445 re
3510 407 3605 461 pro
3634 396 3864 449 remedio

590 505 735 548 runt.
786 491 885 545 Det
936 490 1071 543 Deus
1116 489 1219 542 illis
1256 486 1608 558 pcenitentiam
1656 483 1725 536 ad
1767 483 2174 553 cognoscendam

592 584 871 641 veritatem,
897 588 945 633 et
972 580 1274 645 resipiscant
1298 592 1329 627 a
1352 574 1543 627 diaboli
1570 573 1788 639 laqueis,
1809 589 1838 623 a
1859 589 1959 643 quo
1989 573 2176 643 captivi

590 682 826 726 tenentur
853 670 922 723 ad
951 671 1110 738 ipsius
1139 669 1452 721 voluntatem
1484 664 1584 737 (ll
1612 664 1745 720 Tim.
1776 682 1832 732 tt,
1863 664 1979 736 25).

1205 774 1430 829 CAPUT
1470 774 1563 831 1X.

590 872 785 921 Ancon.
808 895 869 905 -—
894 869 935 920 Ι.
962 866 1187 927 Gregorii
1210 867 1464 914 decretum
1502 867 1566 914 de
1606 867 1942 928 episc0porum
1964 865 2177 915 haeredi-

648 938 771 982 tate.
795 952 857 965 -—
875 932 919 978 2.
947 929 1064 987 Ejus
1087 928 1416 975 misericordia
1444 930 1714 987 prmsertim
1740 929 1787 975 in
1816 930 2018 989 captivis
2042 928 2177 975 redi-

653 991 859 1040 mendis.
879 1016 939 1025 —
961 995 1008 1040 5.
1036 990 1187 1050 Hujus
1226 988 1581 1049 redemptionis
1611 990 1761 1050 gratia
1790 1002 1897 1037 vasa
1938 1000 2069 1050 sacra
2102 989 2176 1037 di-

648 1052 802 1101 strahi
846 1052 1022 1100 laudat.
1040 1049 1169 1098 -⁷4.
1195 1050 1433 1107 Quosdam
1461 1050 1689 1098 Ecclesiae
1712 1049 1914 1097 famulos
1945 1049 2058 1096 libet
2073 1055 2173 1099 tate

650 1116 881 1162 donat.—
903 1116 949 1163 5.
974 1114 1188 1160 Fchisrna
1212 1112 1549 1172 deserentium
1572 1114 1911 1159 sustentationi
1939 1111 2175 1172 providet.

650 1200 710 1211 ——
730 1177 779 1224 6.
804 1176 921 1233 Quae
949 1182 1062 1223 tunc
1082 1180 1249 1221 essent
1275 1171 1505 1233 Ecclesize
1527 1171 1752 1220 Romanae
1793 1185 1914 1233 opes
1945 1171 2004 1233 et
2029 1174 2177 1231 patri-

652 1232 836 1285 monia:
886 1236 1117 1283 Plurimae
1142 1233 1290 1281 urbes
1316 1232 1424 1291 ejus
1449 1235 1660 1281 dominio
1683 1234 1907 1281 subdita).
1952 1232 2177 1281 Priorum

654 1298 792 1347 llom.
822 1297 1111 1357 pontilicunr
1131 1295 1265 1357 largi
1312 1293 1659 1357 eleemosynaz.
1686 1294 1870 1357 Quibus
1908 1293 1960 1341 S.
1986 1293 2163 1349 Grego-

655 1361 757 1407 rius
783 1354 979 1406 addidit.
1003 1382 1066 1393 —
1086 1356 1133 1404 'l.
1159 1354 1273 1416 Ejus
1294 1354 1357 1403 de
1381 1354 1645 1403 ri-SIdeutia
1685 1356 2021 1414 episeoporum
2061 1369 2179 1403 svu-

656 1421 826 1469 teutia.
849 1443 912 1453 —
931 1422 976 1467 8.
1004 1417 1173 1465 Clerici
1220 1417 1443 1464 extranei
1466 1418 1574 1464 sine
1599 1416 1885 1463 dimissoriis
1929 1416 2179 1475 episcojo-

658 1494 768 1529 rum
791 1493 987 1528 suorum
1014 1479 1191 1526 litteris
1214 1490 1307 1524 non
1331 1476 1615 1537 recipiendi.
1640 1503 1700 1512 —
1719 1478 1765 1524 9.
1797 1475 1869 1537 De
1895 1476 2054 1523 missis
2078 1477 2180 1535 pri-

653 1544 773 1590 vatis
821 1549 871 1589 et
909 1541 1130 1587 altarium
1177 1536 1450 1597 pluralitate
1487 1544 1711 1598 tempore
1746 1537 1797 1585 S.
1835 1536 2093 1598 AGregoril.
2118 1562 2180 1573 --

659 1602 733 1649 tu.
760 1602 925 1649 Causa
963 1602 1106 1648 etiam
1146 1596 1477 1658 episcoporum
1503 1596 1913 1657 ubi‘judicsndm.
1938 1596 2000 1633 -ὲ-
2028 1600 2100 1646 ιι.
2135 1598 2179 1646 Α

651 1664 831 1721 quibus
852 1674 1008 1709 causa!
1032 1659 1339 1721 clericorum.
1362 1659 1413 1721 Et
1429 1658 1621 1721 ivilegia
1647 1658 1979 1707 Eeclesiarum-
1997 1659 2178 1708 illibata

651 1718 816 1772 servat
853 1722 902 1769 S.
932 1721 1219 1779 Gregorius.
1258 1719 1335 1768 De
1358 1718 1687 1768 Ecclesiarum
1711 1728 1963 1770 consecrat
1982 1733 2094 1769 one.
2118 1747 2179 1756 —-

656 1785 731 1832 l2.
758 1784 929 1845 Quem
958 1784 1007 1829 in
1034 1775 1283 1830 laudandis
1334 1781 1504 1829 amicis
1543 1784 1735 1829 modum
1778 1784 2017 1831 tenuerit.
2060 1782 2173 1845 (Au.
2209 1775 2256 1835 B

650 1847 743 1895 596
767 1854 818 1893 et
841 1843 977 1903 597.)

661 1944 712 1998 1.
754 1942 1043 2012 Gregorius
1064 1949 1215 1997 tanto
1236 1943 1421 1998 labore
1445 1957 1508 1997 ac
1537 1942 1716 1997 studio
1748 1943 1801 1997 in
1831 1943 2180 2014 aggregandis

589 2035 1007 2104 colligendisque
1038 2035 1177 2089 intra
1207 2034 1497 2091 Ecclesiam
1520 2035 1584 2090 iis
1613 2036 1703 2105 qui
1728 2035 1855 2091 foris
1882 2045 2057 2103 erant,
2093 2037 2177 2090 in-

590 2128 869 2192 cumbens,
902 2126 1031 2179 nihil
1058 2134 1235 2179 tamen
1272 2125 1338 2180 de
1365 2128 1618 2195 pastorali
1641 2127 1998 2183 sollicitudine
2027 2128 2181 2182 remi-

588 2216 660 2270 slt
679 2229 805 2283 erga
823 2228 1041 2283 gregem
1059 2214 1370 2283 jamdudum
1392 2230 1502 2270 suae
1518 2231 1657 2269 cum
1677 2230 1708 2270 a
1730 2232 1939 2272 summo
1961 2226 2179 2287 pastore

589 2305 1045 2359 commendatum.
1103 2302 1405 2358 Periculum
1445 2315 1561 2358 erat
1598 2321 1668 2360 ne
1699 2306 1938 2375 episcopi
1990 2307 2177 2376 proxi—

589 2409 799 2448 morum
817 2393 1093 2463 cupiditati
1119 2394 1437 2461 servientes,
1453 2410 1747 2464 eorumque
1760 2397 1937 2466 pravis
1966 2396 2177 2453 abducti

588 2485 857 2550 consiliis,
889 2500 959 2539 ex
1005 2483 1261 2541 Ecclesiae
1313 2486 1572 2542 reditibus
1619 2488 1847 2559 prmdia,
1878 2504 1998 2558 quae
2048 2489 2177 2559 ipsis

587 2575 929 2629 hmreditario
976 2575 1339 2645 relinquerent
1383 2576 1529 2645 jure,
1577 2590 1994 2649 compararent:
2028 2580 2174 2635 unde

584 2664 941 2735 eleemosynre
983 2674 1076 2719 aut
1124 2665 1299 2731 nullae,
1330 2674 1421 2720 aut
1462 2667 1739 2737 parciores
1785 2668 1839 2722 in
1869 2683 2088 2737 egenos.
2118 2669 2177 2724 ιιι

585 2752 801 2819 quidem
826 2762 851 2789 ι
882 2753 1049 2807 sacris
1079 2754 1284 2823 legibus
1326 2754 1437 2823 jam
1480 2755 1803 2825 prohibitum
1837 2755 2049 2825 fuerat;
2080 2760 2176 2813 sed

582 2837 818 2897 Joannes
844 2840 1128 2897 Ravennas
1148 2842 1433 2912 episcopus
1453 2857 1545 2898 eas
1566 2853 1865 2913 spreverat,
1889 2854 1943 2900 et
1967 2847 2175 2900 condito

586 2930 911 2986 Testamento
930 2972 945 2997 ,
975 2934 1174 2988 diversa
1200 2934 1255 2989 in
1284 2933 1534 2990 Ecclesia:
1569 2952 1678 2990 sum
1705 2939 2010 3008 gravamina
2056 2954 2177 2993 con-

582 3022 857 3093 scripserat
887 3023 1028 3092 (Lib.
1058 3040 1134 3091 γι,
1164 3042 1246 3095 ep.
1276 3026 1362 3094 2);
1405 3044 1508 3097 qua
1550 3027 1616 3081 de
1660 3043 1719 3082 re
1749 3029 2176 3098 expostulantes,

586 3126 777 3179 papam
807 3112 1052 3166 adierunt
1081 3115 1402 3185 presbyteri,
1436 3118 1593 3187 271
1623 3116 1857 3184 diaconi,
1888 3120 2169 3187 omnisque
2200 3148 2241 3207 Ο

587 3202 856 3256 Ravenna:
897 3204 1111 3259 clerus:
1143 3222 1174 3259 a
1213 3222 1321 3275 quo
1361 3207 1681 3275 judicatum,
1718 3209 1742 3247 δ
1768 3218 1828 3264 ut
1867 3225 1929 3264 ea
1957 3228 2077 3281 qua:
2103 3213 2171 3268 de

589 3291 845 3346 Ecclesia:
883 3309 1013 3359 sum,
1045 3296 1128 3349 vel
1168 3298 1235 3351 de
1262 3298 1538 3366 acquisitis
1587 3300 1638 3352 in
1670 3301 1983 3370 episcopatu
2012 3304 2173 3359 rebus

585 3392 775 3437 contra
822 3384 999 3453 legum
1047 3394 1246 3441 statuta
1295 3397 1615 3444 testamento
1659 3393 2011 3460 sancivisset,
2059 3395 2173 3450 haec

584 3475 735 3529 irrita
766 3486 1136 3532 censerentur.
1168 3478 1229 3533 Si
1275 3480 1397 3549 quid
1427 3490 1595 3535 autem
1641 3481 1703 3535 de
1746 3484 1971 3553 prapriis
2021 3486 2168 3539 rebus

583 3586 711 3638 quas
738 3578 858 3623 ante
885 3575 1231 3640 episcopatum
1264 3571 1460 3638 habuit,
1490 3573 1625 3643 quod
1649 3575 1851 3645 quidem
1891 3578 2036 3646 prius
2068 3576 2171 3631 Ec-

580 3661 752 3715 clesitr
781 3678 889 3715 sua:
918 3680 1020 3716 non
1047 3664 1298 3729 contulit,
1340 3665 1456 3733 fieri
1480 3665 1635 3719 voluit
1666 3668 1741 3720 vel
1768 3668 2020 3734 decrevit,
2068 3671 2169 3740 [ir-

583 3770 721 3808 mum
765 3772 857 3824 per
903 3756 1080 3808 omnia
1130 3756 1285 3810 robur
1333 3755 1563 3811 obtinere
1613 3776 1816 3813 necesse
1868 3771 1963 3827 est,
1998 3762 2169 3833 inquit

579 3846 918 3915 mquissimus
963 3847 1222 3917 pontifex.
1277 3847 1419 3902 Idem
1468 3850 1662 3906 iterato
1695 3863 1878 3921 postea
1908 3852 2165 3919 decrevit,

576 3940 841 4008 jussitque
870 3940 1087 4007 insuper
1109 3938 1442 3995 Scholastico
1463 3940 1730 3997 defensori
1755 3941 1841 4011 (L.
1869 3944 2166 4016 x1,ep.20),

582 4037 641 4083 ut
669 4043 699 4081 a
728 4030 967 4083 vestibus
998 4038 1053 4083 et
1075 4044 1103 4082 a
1126 4029 1450 4097 quibuslibet
1472 4032 1700 4085 inventis
1730 4033 1781 4086 in
1808 4033 1970 4087 domo
2001 4036 2167 4103 patris

577 4120 694 4187 ejus
718 4119 953 4188 episcopi
984 4134 1154 4188 nuper
1176 4118 1440 4174 demortui
1472 4136 1690 4188 prorsus
1709 4122 2003 4176 abstineret
2028 4140 2040 4176 :
2072 4140 2167 4178 vo-

578 4207 723 4260 lebat
750 4207 893 4260 enim
925 4207 1103 4260 omnia
1133 4222 1253 4275 qua:
1283 4208 1661 4277 episcoporum
1691 4210 2027 4280 aliorumque
2052 4212 2163 4267 cle-

577 4296 809 4349 rieorum
843 4295 1171 4364 part-inionia
1195 4298 1519 4366 pauperibus
1542 4299 1767 4355 fortasse
1802 4302 2161 4370 subtraxerat,

574 4380 776 4436 eisdem
805 4382 1144 4451 postmodum
1176 4385 1391 4449 cedere,
1423 4400 1715 4454 egenorum
1743 4404 1868 4443 vere
1896 4398 2069 4458 pater.

646 4473 701 4526 2.
744 4472 878 4528 Cum
922 4475 1125 4529 sciebat
1161 4469 1537 4546 episcoporum
1569 4480 1771 4535 reditus
1799 4482 1865 4535 ad
1895 4498 2160 4551 pauperes

575 4564 797 4620 alendos
843 4566 1061 4621 minime
1111 4583 1272 4637 posse
1318 4570 1603 4636 suflicere,
1647 4572 1993 4629 libentissime
2038 4591 2157 4645 qua:

574 4659 704 4712 satis
732 4668 912 4715 essent
950 4660 1029 4715 eis
1075 4662 1471 4731 suppeditabat.
1520 4663 1765 4733 Legenda
1816 4667 2043 4737 epistola
2090 4670 2157 4723 ad

573 4750 921 4822 Cyprianum,
952 4766 1055 4820 qua
1087 4754 1330 4822 praecipit
1358 4763 1417 4809 ut
1445 4770 1511 4809 ex
1554 4754 1805 4811 Ecclesiae
1832 4760 2156 4827 patrimonio

572 4841 715 4907 quod
746 4842 986 4912 regebat,
1020 4858 1190 4912 usque
1217 4843 1283 4898 ad
1305 4844 1412 4899 duo
1440 4846 1739 4900 modiorum
1785 4848 1968 4912 millia,
2000 4850 2045 4904 si
2078 4858 2158 4906 tot

569 4930 869 4999 collegerit,
896 4932 1098 4987 Zenoni
1143 4933 1234 4989 det
1260 4936 1515 5005 episcOpo
1559 4938 1741 5007 egenis
1787 4940 2151 4997 distribuenda

570 5019 708 5091 (Lib.
742 5039 814 5089 νι,
844 5042 921 5093 ep.
950 5023 1029 5087 4).
1063 5024 1289 5095 Largum
1320 5042 1379 5081 se
1409 5029 1705 5097 praesertim
1751 5030 2071 5086 ostendebat
2100 5034 2153 5086 in

568 5112 892 5167 redimendis
917 5116 1159 5183 captivis,
1186 5117 1269 5171 cui
1311 5117 1398 5186 pio
1422 5119 1569 5187 operi
1599 5126 1816 5173 strenue
1847 5119 2157 5175 incumbere

563 5199 804 5267 jubebat,
829 5219 964 5273 quos
984 5204 1235 5261 Ecclesia:
1258 5208 1484 5275 negotiis
1502 5209 1843 5279 przefecissct.
1874 5220 1897 5249 ο
1924 5210 1997 5264 ita
2023 5212 2155 5265 scri-

569 5292 649 5346 bit
677 5295 742 5349 ad
770 5296 1111 5351 Anthemium
1139 5299 1525 5354 subdiaconum
1555 5299 1864 5371 Campaniae
1896 5305 2157 5371 patrimo-

566 5384 713 5438 nium
743 5395 1015 5441 curantem
1046 5405 1059 5441 :
1094 5386 1328 5453 Quantus
1368 5389 1516 5445 dolor
1542 5402 1834 5463 quantaque
1859 5394 1926 5445 sit
1969 5401 2144 5447 nostra

563 5474 711 5529 tardi
736 5475 943 5546 afflictio
972 5478 1035 5531 de
1057 5478 1135 5532 his
1161 5495 1273 5549 qua:
1300 5480 1353 5532 in
1376 5479 1615 5549 partibus
1645 5479 1945 5551 Campania:
1971 5482 2138 5534 conti-

568 5578 765 5638 gerunt,
791 5568 963 5620 dicere
990 5584 1091 5621 non
1119 5585 1409 5637 possumus,
1442 5570 1531 5622 sed
1572 5585 1636 5623 ea:
1675 5571 1991 5626 calamitatis
2031 5574 2144 5625 ma-

616 5682 642 5710 ι
696 5670 837 5745 _Viile
862 5682 1016 5745 notas
1041 5676 1106 5730 ad
1136 5677 1273 5732 hanc
1312 5678 1470 5745 epist.

613 5751 643 5791 ι)
696 5742 840 5800 Idem
866 5744 1030 5802 etiam
1055 5746 1306 5802 statuitur
1334 5742 1425 5803 lib.
1450 5764 1525 5813 ix,
1554 5747 1713 5819 epist.
1742 5748 1831 5803 77.

2190 4518 2237 4576 1)

2282 484 2593 552 captivorum
2624 483 2707 553 qui
2739 484 2860 535 tenti
2889 491 3028 545 sunt,
3059 483 3255 537 solidos
3282 483 3619 553 experientia:
3648 492 3750 538 tuae
3778 504 3870 555 per

2280 572 2462 626 horum
2516 573 2814 640 portitorem
2868 572 3225 643 Stephanum,
3274 573 3437 626 virum
3486 576 3869 645 magnificum,

2283 668 2682 731 transmisimus,
2714 666 3044 719 admonentes
3069 675 3125 718 ut
3149 667 3359 719 omnino
3390 665 3577 719 debeas
3620 684 3731 720 esse
3760 669 3869 721 sol-

2281 755 2471 819 licitas,
2504 772 2564 808 ac
2588 766 2795 808 strenue
2820 771 3058 823 peragas,
3090 762 3139 808 et
3170 755 3353 808 liberos
3379 755 3613 809 homines
3640 774 3770 828 quos
3802 759 3871 810 ad

2280 845 2681 913 redemptionem
2710 862 2857 897 suam
2884 845 3114 914 sufﬁcere
3155 861 3255 898 non
3301 862 3450 913 posse
3488 848 3780 916 cognoscis,
3815 858 3868 901 tu

2279 949 2366 987 eos
2387 935 2598 1003 festines
2622 934 2891 987 redimere.
2918 934 3017 996 Qui
3037 950 3154 987 vero
3175 936 3306 987 servi
3326 936 3540 1004 fuerint,
3564 945 3616 989 et
3635 937 3870 991 dominos

2278 1039 2455 1076 eorum
2484 1023 2558 1075 ita
2587 1040 2835 1093 pauperes
2865 1040 2975 1077 esse
3003 1024 3308 1093 compereris
3330 1065 3345 1089 ,
3387 1034 3442 1077 ut
3486 1042 3577 1078 eos
3618 1028 3868 1081 redimere

2281 1129 2384 1165 non
2409 1123 2704 1184 assurgant,
2731 1123 2785 1166 et
2830 1113 2921 1166 hos
2955 1130 3151 1184 quoque
3191 1131 3496 1182 comparare
3525 1132 3627 1169 non
3656 1118 3868 1170 desinas

2282 1202 2480 1274 (Ibid.,
2523 1220 2604 1272 ep.
2638 1202 2749 1272 55).
2800 1203 2915 1258 Hoc
2951 1204 3113 1257 etiam
3143 1217 3286 1258 anno
3326 1203 3584 1270 Crotona,
3618 1206 3687 1260 ad
3718 1223 3807 1260 ma
3836 1224 3867 1263 e

2278 1292 2609 1348 Adriaticum
2638 1293 2842 1363 iacens,
2868 1308 2897 1346 a
2922 1293 3287 1361 Langobardis
3314 1303 3470 1363 capta
3500 1306 3611 1361 est;
3639 1305 3687 1349 et
3721 1300 3868 1352 multi

2278 1386 2376 1439 viri
2405 1402 2466 1438 ac
2497 1385 2669 1439 multa:
2693 1386 2930 1438 mulieres
2954 1383 3151 1438 nobiles
3176 1385 3231 1438 in
3254 1384 3484 1455 pra’dam
3515 1385 3680 1440 ducta:
3710 1397 3866 1453 sunt;

2278 1484 2328 1527 et
2366 1476 2463 1545 ﬁlii
2505 1492 2536 1527 a
2565 1474 2863 1545 parentibus
2884 1514 2900 1539 ,
2932 1483 3169 1545 parentes
3210 1491 3243 1527 ιι
3271 1474 3396 1543 filiis
3420 1515 3435 1541 ,
3476 1485 3523 1528 et
3562 1475 3811 1546 conjuges
3837 1494 3865 1529 a

2279 1564 2581 1635 conjugibus
2609 1566 2760 1619 divisi
2789 1563 2929 1637 (Lib.
2959 1580 3055 1632 vn,
3080 1582 3162 1635 ep.
3187 1563 3314 1633 26);
3344 1566 3533 1635 quibus
3556 1566 3609 1620 in
3642 1566 3864 1621 liberta-

2280 1666 2389 1711 tem
2442 1657 2791 1712 restituendis
2831 1664 2887 1711 et
2922 1657 3192 1727 propriam
3239 1664 3295 1711 et
3345 1658 3415 1712 ab
3459 1657 3580 1713 aliis
3626 1658 3867 1714 oblatam

2283 1748 2565 1818 pecuniam
2595 1747 2855 1818 impendit
2882 1747 3152 1818 piissimus
3189 1754 3363 1815 pater.

2352 1840 2406 1893 5.
2438 1838 2543 1894 Pro
2572 1838 2898 1895 redimendis
2924 1840 3149 1909 captivis
3169 1854 3296 1894 vasa
3317 1854 3471 1894 sacra
3502 1838 3732 1895 distrahi
3764 1857 3865 1897 non

2279 1929 2455 1984 solum
2485 1929 2851 1999 permittebat,
2880 1929 2977 1984 sed
2998 1929 3276 1996 laudabat;
3302 1938 3359 1984 ut
3386 1946 3453 1985 ex
3476 1931 3729 2000 plurimis
3758 1933 3867 2001 ejus

2279 2020 2522 2090 epistolis
2569 2019 2758 2089 liquet.
2803 2018 3131 2074 Fortunatus
3172 2019 3430 2075 Fanensis
3456 2021 3749 2092 episcopus
3775 2039 3863 2077 co-

2280 2112 2423 2183 piam
2474 2112 2701 2182 petierat
2747 2127 2811 2167 ea
2860 2111 3156 2178 vendendi,
3184 2120 3245 2166 ut
3293 2122 3533 2167 mutuam
3579 2115 3863 2184 pecuniam

2278 2222 2439 2277 quam
2467 2207 2804 2277 captivorum
2835 2205 3190 2275 redemptioni
3221 2205 3577 2276 impenderat,
3601 2208 3862 2271 solveret.

2279 2315 2400 2355 cum
2432 2299 2563 2353 alias
2592 2298 2851 2354 solvendo
2895 2314 3002 2353 non
3052 2298 3185 2354 foret
3212 2316 3227 2365 ;
3256 2300 3343 2354 cui
3373 2301 3647 2370 rescripsit
3684 2319 3697 2354 :
3733 2301 3861 2365 Quia

2280 2394 2605 2463 fraternitate
2642 2402 2809 2445 vestra
2850 2392 3116 2445 indicante
3158 2393 3498 2462 comperimus
3524 2394 3594 2445 ad
3622 2394 3859 2463 redemp-

2278 2485 2466 2538 tionem
2488 2485 2800 2554 captivorum
2829 2492 3057 2541 mutuam
3083 2501 3137 2538 se
3159 2486 3342 2555 fecisse
3362 2487 3649 2554 pecuniam,
3687 2497 3737 2540 et
3758 2503 3867 2541 eam

2276 2575 2413 2629 unde
2439 2575 2654 2629 solveret
2683 2592 2787 2629 non
2811 2573 3013 2639 habere,
3046 2584 3198 2645 atque
3226 2574 3289 2629 ob
3315 2577 3409 2629 hoc
3434 2592 3547 2629 cum
3574 2586 3764 2632 nostra
3786 2595 3811 2631 υ
3830 2594 3866 2633 ιε

2276 2667 2583 2718 auctoritate
2631 2676 2836 2717 sacrata
2880 2665 3004 2719 velle
3039 2682 3161 2719 vasa
3189 2666 3507 2731 distrahere;
3554 2668 3610 2720 in
3654 2669 3759 2721 hac
3789 2685 3861 2733 re,

2276 2760 2398 2826 quia
2416 2764 2464 2809 et
2492 2755 2658 2826 legum
2680 2764 2729 2809 et
2749 2770 3006 2809 canonum
3026 2756 3228 2809 decreta
3249 2758 3595 2823 consentiunt,
3631 2768 3863 2812 nostrum

2278 2861 2579 2900 consensum
2609 2845 2836 2917 praebere
2881 2848 3188 2914 curavimus,
3219 2857 3267 2901 et
3297 2849 3353 2902 in
3389 2850 3747 2904 distrahendis
3776 2867 3861 2903 sa-

2276 2937 2436 2989 cratis
2489 2938 2622 2991 vasis
2670 2938 2807 2991 vobis
2860 2937 3119 2991 licentiam
3165 2938 3489 3009 indulgemus
3550 2938 3719 3009 (Lib.
3759 2956 3860 3009 vn,

2276 3043 2354 3097 ep.
2383 3026 2495 3097 15).
2530 3027 2628 3081 llic
2656 3028 2869 3094 annuit;
2920 3037 2975 3081 at
3004 3028 3056 3082 in
3088 3028 3190 3081 alia
3213 3029 3475 3098 prmcipit,
3521 3029 3586 3083 ad
3621 3029 3858 3097 Donum,

2276 3114 2668 3171 Messanensem
2692 3118 3023 3187 episcopum,
3046 3119 3316 3173 scribens:
3342 3116 3681 3174 Fraternitas
3703 3132 3860 3174 vestra

2275 3206 2418 3259 debet
2450 3224 2561 3260 esse
2587 3209 2809 3261 sollicita
2849 3218 2903 3260 ut
2942 3209 2987 3263 si
3030 3208 3231 3281 quidem
3259 3208 3320 3262 de
3346 3212 3597 3279 prazdicta
3630 3210 3857 3265 Ecclesia

2271 3300 2451 3351 usuale
2473 3309 2743 3369 argentum
2772 3307 2876 3364 est,
2907 3301 3311 3370 suprascriptum
3342 3301 3690 3371 quantitatem
3726 3304 3857 3356 acci-

2271 3389 2378 3455 piat
2395 3405 2413 3442 :
2435 3391 2662 3461 alioquin
2683 3390 2745 3442 de
2765 3390 2986 3443 sacratis
3008 3408 3091 3444 vos
3113 3392 3247 3444 vasis
3274 3395 3367 3443 hac
3397 3394 3448 3444 in
3480 3408 3535 3444 re
3562 3409 3683 3447 eam
3712 3411 3855 3464 quam

2271 3480 2606 3546 pra’diximus
2654 3485 2991 3554 quantitatem
3042 3481 3267 3552 prabere
3309 3498 3514 3535 necesse
3558 3490 3661 3537 est.
3719 3482 3845 3536 Non.

2270 3573 2401 3625 sicut
2431 3575 2637 3629 omnino
2666 3593 2759 3645 gra
2791 3593 2820 3629 e
2851 3586 2927 3628 est
2970 3577 3163 3644 frustra
3201 3575 3545 3629 ecclesiastica
3576 3577 3851 3631 ministeria

2271 3664 2585 3729 venundare,
2615 3666 2690 3717 sic
2718 3667 2902 3719 iterum
2930 3666 3081 3735 culpa
3109 3676 3202 3730 est,
3226 3666 3526 3719 imminente
3565 3668 3857 3737 hujusmodi

2270 3755 2590 3819 necessitate,
2616 3771 2697 3808 res
2720 3755 2942 3807 maxime
2963 3753 3209 3808 desolata:
3235 3752 3485 3807 Ecclesiw
3507 3755 3729 3823 captivis
3756 3756 3856 3808 suis

2269 3857 2589 3911 prceponere,
2619 3852 2667 3896 et
2708 3844 2763 3897 in
2801 3859 2975 3896 eorum
3020 3843 3365 3913 redemptione
3406 3859 3611 3897 cessare
3654 3844 3851 3916 (Ibid.,

2271 3948 2353 4000 ep.
2387 3929 2503 3999 '58).

2341 4021 2395 4076 4.
2436 4021 2633 4077 Eadem
2663 4022 2863 4093 pietate
2906 4037 2970 4077 ac
3009 4022 3368 4078 munificentia
3399 4023 3730 4094 quandoque
3756 4022 3850 4078 Ec-

2268 4114 2445 4169 clesim
2468 4113 2723 4169 Romanm
2746 4115 2970 4169 famulos
2986 4115 3052 4169 de
3078 4117 3185 4185 ipsa
3212 4116 3347 4169 bene
3362 4116 3584 4169 meritos
3608 4117 3851 4171 libertate

2268 4205 2525 4269 donabat,
2558 4214 2613 4259 et
2637 4206 2781 4260 ciVi-s
2811 4205 3082 4260 Romanos
3120 4204 3407 4273 efficiebat,
3436 4221 3703 4261 concesso
3732 4206 3850 4275 ipsis

2266 4296 2413 4349 omni
2445 4294 2675 4365 peculio,
2709 4296 2902 4349 additis
2947 4296 3108 4348 etiam
3153 4295 3328 4349 donis.
3376 4294 3700 4364 llujusmodi
3737 4311 3845 4349 ma-

2265 4384 2609 4438 numissionis
2629 4384 2934 4455 exemplum
2961 4394 3013 4438 et
3040 4383 3325 4437 formulam
3349 4384 3514 4439 hebes
3543 4386 3597 4439 in
3628 4386 3847 4457 epistola

2264 4473 2331 4527 ad
2387 4473 2692 4529 Montanum
2722 4482 2777 4529 et
2804 4473 3061 4528 Thomam
3093 4475 3289 4544 scripta
3321 4473 3460 4544 (Lib.
3489 4491 3568 4541 Vl,
3609 4494 3692 4545 ep.
3731 4475 3843 4544 £2).

2264 4564 2588 4620 Solemniter
2611 4567 2678 4621 ab
2706 4567 2968 4637 episcopis
3002 4567 3051 4620 in
3084 4564 3315 4621 Ecclesia
3363 4566 3624 4621 celebrari
3659 4584 3781 4621 man
3804 4587 3843 4615 t—

2264 4658 2545 4711 missiones
2573 4657 2698 4711 alibi
2721 4674 2820 4713 nos
2844 4657 3021 4723 ducet,
3044 4657 3109 4711 ad
3133 4654 3353 4712 Paulum
3376 4658 3691 4728 episcopum
3719 4673 3746 4712 s
3779 4657 3842 4711 ri-

2262 4748 2396 4803 bens
2419 4746 2557 4818 (Lib.
2584 4765 2641 4815 η,
2662 4765 2743 4819 ep.
2780 4747 2890 4819 l0).

2333 4840 2385 4894 '5.
2427 4840 2846 4895 Misericordiam
2897 4837 3140 4908 Gregorii
3200 4853 3312 4909 pm
3350 4838 3561 4893 cmteris
3604 4839 3843 4910 experie—

2261 4932 2476 4995 bantur,
2505 4931 2594 5001 qui
2626 4947 2656 4985 a
2686 4930 2972 4986 schismate
3001 4929 3093 4984 aut
3120 4932 3188 4984 ab
3216 4930 3404 4985 hmresi
3446 4932 3513 4985 ad
3553 4929 3838 4986 Ecclesium

2260 5024 2483 5089 reversi,
2514 5038 2640 5077 suos
2669 5023 2896 5091 gentiles
2921 5022 3096 5078 adhuc
3122 5023 3174 5077 in
3202 5021 3571 5092 perduellione
3602 5024 3833 5094 pertina-

2260 5115 2373 5168 cius
2398 5115 2665 5169 hzerentes
2692 5115 3034 5184 patiebantur
3053 5115 3392 5169 adversarios
3419 5111 3607 5184 (Ibid.,
3632 5132 3747 5185 epp.
3772 5113 3833 5166 59

2257 5214 2306 5257 et
2335 5203 2459 5273 «57).
2516 5202 2668 5258 lianc
2715 5203 3039 5257 sanctissimi
3068 5212 3123 5271 et
3152 5203 3532 5272 sapientissimi
3575 5201 3833 5272 pontificis

2258 5293 2633 5348 liberalitatem
2664 5292 2904 5346 initatus
2934 5291 3237 5347 Ludovicus
3258 5292 3482 5360 Magnus
3510 5291 3829 5346 Francorum

2257 5399 2354 5440 rex
2380 5381 2883 5448 Christianissimus,
2917 5384 3106 5438 annuis
3144 5383 3491 5453 pensionibus
3529 5383 3713 5437 fovere
3740 5396 3832 5435 cu—

2249 5478 2390 5533 ravit
2418 5476 2618 5530 erroris
2639 5474 2938 5529 Calviniani
2967 5484 3263 5530 sectatores
3289 5475 3354 5528 ad
3382 5472 3634 5529 Ecclesiae
3662 5474 3831 5528 sinum

2250 5579 2518 5632 reversos,
2550 5572 2607 5618 ut
2628 5564 2681 5618 in
2712 5565 2811 5634 pia:
2840 5565 3026 5619 matris
3050 5565 3253 5633 gremio
3282 5563 3470 5619 eadem
3497 5564 3688 5620 saltem
3718 5569 3829 5619 rite

2329 5674 2351 5702 °
2385 5674 2517 5733 Vide
2544 5676 2706 5732 etiam
2729 5676 2823 5731 lib.
2852 5691 2944 5745 vn,
2975 5689 3063 5746 ep.
3102 5673 3193 5745 2i,
3224 5673 3315 5730 28.
