3976 6310
132 318 221 377 593
590 322 652 379 S.

128 435 409 488 necessaria
436 433 895 508 nanciscerentur,
911 455 1029 510 quae
1053 458 1281 498 noverca
1307 447 1523 503 haeresis
1538 449 1689 512 prius
1718 454 1763 509 Α
1795 454 1972 507 eundo
2021 457 2311 516 inclinante
2343 461 2541 531 lloruit,
2573 468 2643 522 ita
2668 472 2854 525 sciibit
2902 473 2966 527 ad
3002 473 3292 542 liornanos,
3334 497 3387 536 tt

128 526 317 582 abunde
346 528 739 595 suppeditabat.

182 599 235 672 li.
272 618 404 671 Cum
437 621 712 675 multoties
736 622 846 690 jam
872 623 939 679 de
968 624 1136 681 ell'usa
1166 628 1219 682 in
1250 644 1439 685 omnes
1465 630 1521 684 S.
1551 629 1687 687 Gre-

128 711 243 779 gorii
271 709 588 768 liberalitate
610 716 771 769 verba
799 715 1099 782 fecerimus,
1130 730 1309 790 opera:
1348 722 1577 790 pretium
1609 733 1691 777 est

130 801 290 872 paucis
319 803 605 858 ostendere
634 820 753 871 qua:
785 814 909 862 tunc
938 817 1120 863 essent
1149 809 1401 867 Ecclesiae
1434 812 1689 868 Romana:

129 906 272 961 opes,
317 889 456 943 unde
505 891 573 945 ad
616 902 861 962 sumptus
909 903 1088 950 tantos
1124 905 1178 951 et
1217 913 1352 967 pene
1401 898 1690 955 inuuensos

129 979 358 1035 hauriret.
391 973 557 1036 Multa
588 990 643 1037 et
670 985 901 1038 maxima
927 985 1037 1051 jarn
1066 1000 1096 1039 a
1126 987 1314 1055 priscis
1357 990 1688 1057 temporibus

130 1070 377 1125 latifundia
406 1072 719 1141 pos:idebat
745 1074 796 1127 in
824 1082 936 1128 toto
957 1075 1087 1130 orbe
1118 1076 1423 1131 Christiano
1450 1077 1686 1133 Ecclesia

129 1164 221 1216 lucc
263 1172 574 1217 ceterarum
622 1165 895 1235 princeps,
925 1180 1043 1235 qute
1092 1166 1149 1221 S.
1183 1167 1325 1223 Petri
1366 1169 1687 1238 patrimopia

126 1253 449 1307 vocabantur.
502 1254 639 1309 Nota
667 1266 792 1309 sunt
830 1272 897 1310 ex
925 1258 1096 1314 sancti
1127 1260 1397 1328 pontiﬁcis
1444 1261 1686 1328 epistolis

126 1342 435 1410 Africanum;
470 1344 706 1400 Siculum
737 1347 1035 1417 multiplex,
1068 1357 1119 1401 ut
1151 1364 1218 1402 ex
1246 1350 1401 1421 epist.
1432 1349 1499 1402 44
1529 1350 1620 1405 lib.
1645 1368 1682 1418 l,

122 1444 167 1489 et
192 1450 248 1487 ex
279 1435 521 1505 plurimis
558 1436 624 1491 ad
654 1438 846 1492 Sicilia:
868 1438 1179 1494 defensores
1208 1450 1264 1494 et
1292 1449 1530 1495 rectores
1560 1458 1686 1495 mrs-

121 1530 366 1597 sis,quas
411 1530 467 1583 in
514 1530 695 1585 indice
738 1533 1099 1601 geographico
1146 1533 1244 1586 sub
1291 1532 1487 1586 Sicilite
1532 1532 1685 1587 titulo

120 1623 425 1690 collegimus,
454 1622 795 1678 manifestum
825 1633 941 1690 est;
975 1624 1273 1689 Corsicum,
1307 1625 1681 1689 Dalmaticum,

120 1712 445 1770 Gallicanum.
494 1715 572 1769 De
616 1718 679 1771 iis
706 1731 827 1786 qum
873 1719 1009 1771 intra
1050 1717 1273 1780 Italiam,
1308 1718 1360 1771 in
1390 1715 1679 1788 Campania

1794 543 2116 637 adsolerern
2132 554 2497 623 papam,apud
2518 555 2800 614 Eusebium
2818 561 2933 632 (Lib
2971 582 3099 633 vr,c.
3117 568 3374 637 25):!1021

1793 632 1982 701 inquit,
2006 638 2143 693 vobis
2167 645 2477 698 consuetudo
2497 657 2592 712 est,
2615 649 2728 718 jam
2752 652 2872 707 inde
2897 655 2962 707 ab
2985 657 3096 726 ipso
3117 660 3383 731 religionis

1791 725 2023 789 exordio,
2048 737 2103 779 ut
2124 730 2314 799 fratres
2335 750 2511 789 omnes
2527 742 2667 793 vario
2692 740 3051 807 beneﬁciorum
3072 766 3258 820 genere
3278 755 3377 823 alii-

1791 818 1936 872 ciatis
1962 829 2012 874 et
2037 824 2261 879 ecclesiis
2282 832 2673 900 quamplurimis
2703 852 2816 906 qute
2844 839 2897 892 in
2926 818 3144 910 singulis
3170 818 3382 901 urbibus

1789 914 2078 967 constituta:
2093 926 2211 967 sunt
2232 923 2520 974 necessaria
2542 924 2656 977 vita:
2678 930 2907 983 subsidia
2928 937 3309 1001 transmittatis,
3332 950 3382 994 et

1789 1000 1886 1053 hac
1911 1004 2105 1056 ratione
2119 1012 2224 1058 tum
2239 1012 2497 1077 egentium
2517 1015 2805 1071 molestiam
2827 1020 3121 1092 sublevatis,
3142 1038 3244 1082 tum
3267 1031 3381 1100 [ra—

1789 1093 1949 1144 tribus
1976 1095 2060 1160 qui
2099 1096 2153 1148 in
2180 1098 2399 1152 metallis
2430 1118 2553 1165 opus
2584 1106 2781 1172 faciunt
2808 1116 3094 1167 necessaria
3127 1093 3374 1188 suppedi-

1789 1184 1979 1237 tatis...
2002 1186 2165 1255 Atque
2192 1186 2328 1240 lmnc
2354 1205 2547 1244 morem
2574 1191 2750 1248 beatus
2783 1200 3050 1269 episcopus
3080 1184 3240 1259 vester
3279 1210 3379 1263 So-

1789 1279 1865 1324 ter
1903 1289 2004 1326 non
2036 1275 2206 1328 solum
2250 1279 2489 1341 servavit,
2540 1296 2712 1335 rerum
2752 1285 2907 1338 etiam
2960 1291 3195 1347 adauxit.
3229 1296 3378 1350 Alter

1789 1360 2091 1431 Dionysius,
2124 1364 2333 1420 scilicet
2360 1365 2773 1437 Alexandrinus,
2806 1374 2856 1427 in
2889 1376 3115 1444 epistola
3145 1380 3377 1451 Stepha-

1788 1465 1860 1504 no
1896 1467 2046 1521 μείω
2094 1454 2271 1508 medio
2318 1456 2532 1512 circiter
2578 1462 2779 1515 scutulo
2829 1467 2987 1521 tertio
3033 1484 3371 1541 nuncupata,

1787 1542 1814 1579 ιι
1845 1550 2071 1624 testatur
2107 1546 2283 1615 ipsum
2312 1551 2560 1605 omnibus
2581 1553 2749 1623 Syria:
2775 1560 3062 1625 provinciis
3091 1580 3209 1618 cum
3240 1568 3373 1620 A'a-

1784 1618 1878 1685 bia
1889 1635 2187 1688 necessaria
2205 1641 2548 1705 suppeditare
2562 1618 2787 1699 solitum.
2804 1646 2967 1717 (Ibid.
2993 1651 3081 1726 lib.
3109 1670 3197 1718 vn,
3219 1674 3264 1709 c.
3291 1618 3368 1726 Ei);

1784 1736 1902 1788 qua!
1929 1725 2109 1778 omnia
2137 1733 2248 1780 tum
2290 1743 2512 1784 summa:
2550 1739 2852 1802 potestatis,
2887 1725 3016 1795 tum.
3046 1748 3247 1812 Optime
3288 1750 3368 1801 di-

118 1809 387 1876 prtesertim
435 1807 676 1863 Ecclesia
718 1809 957 1864 Romana
1002 1810 1312 1881 possidebat
1353 1811 1499 1879 loqui
1543 1810 1680 1865 foret
1710 1812 1759 1873 B
1785 1823 2050 1881 spensata:
2075 1824 2201 1869 sunt
2230 1830 2567 1887 argumenta.
2600 1821 2749 1878 Piam
2778 1827 2919 1884 hanc
2946 1831 2999 1885 in
3030 1807 3367 1891 sublevaruiis

117 1912 567 1967 supervacaneum.
589 1899 957 1968 Amplrssimas
980 1902 1345 1969 possessiones
1366 1916 1395 1955 a
1417 1900 1677 1955 Constan-

116 1988 208 2042 tino
232 1987 418 2055 Magno
448 2004 733 2044 concessas
775 2005 1120 2060 auguramur,
1148 1991 1300 2060 cujus
1341 1992 1394 2046 in
1439 1992 1673 2047 ditandis

114 2076 327 2131 ecclesiis
348 2077 766 2133 muniﬁcentiam
796 2081 1097 2150 praesertim
1121 2081 1300 2135 laudat
1325 2080 1585 2136 Eusebius
1614 2083 1667 2135 in

116 2165 210 2232 ejus
233 2165 366 2218 Vita.
402 2166 566 2239 (Vide
588 2168 675 2223 lib.
710 2186 749 2233 ι,
774 2187 855 2241 ep.
884 2170 982 2236 75;
1014 2171 1103 2225 lib.
1134 2188 1207 2237 Ill,
1238 2189 1319 2242 ep.
1342 2172 1439 2238 27;
1472 2173 1563 2226 lib.
1594 2189 1669 2241 rx,

114 2276 179 2326 ep.
213 2257 295 2323 18;
328 2259 418 2313 lib.
453 2276 523 2322 vr,
548 2278 628 2329 ep.
658 2260 754 2327 22;
783 2262 871 2316 lib.
916 2279 996 2331 ιιι,
1026 2281 1142 2334 (pp.
1185 2262 1255 2316 22
1280 2273 1330 2317 et
1352 2263 1452 2330 55;
1498 2265 1587 2318 lib.
1619 2281 1666 2331 ι,

113 2366 206 2419 opp.
233 2348 295 2403 55
322 2359 371 2403 et
394 2350 498 2417 65;
523 2352 612 2405 lib.
638 2370 708 2417 tv,
737 2370 783 2407 c.
807 2353 923 2425 ‘28.)

163 2439 470 2509 Nepesiuam
498 2443 769 2498 civitatem
797 2446 848 2499 in
874 2445 1081 2501 Etruria
1104 2448 1210 2516 juri
1235 2447 1461 2501 Romani
1487 2448 1670 2517 ponti-

112 2529 202 2587 ﬁcis
239 2533 504 2589 subditam
533 2535 696 2591 fuisse
723 2536 1040 2606 conjicimus
1076 2554 1145 2593 ex
1191 2555 1279 2609 ep.
1312 2539 1372 2595 Η
1408 2539 1528 2595 libri
1574 2554 1665 2594 se-

112 2621 263 2687 cundi,
287 2620 393 2691 qua
419 2622 637 2679 Leontio
682 2627 791 2679 uiro
828 2627 1118 2681 clarissimo
1148 2644 1323 2681 curam
1353 2628 1663 2682 sollicitudi-

114 2730 297 2785 nemque
323 2716 545 2769 civitatis
574 2730 859 2787 injunctam
884 2734 917 2771 a
945 2734 1000 2772 se
1026 2721 1185 2789 fuisse
1213 2718 1497 2788 signiﬁcat,
1526 2729 1584 2772 ut
1612 2721 1666 2773 in

110 2808 273 2861 cunctis
289 2808 565 2878 invigilans
585 2826 700 2878 qua:
714 2809 783 2862 ad
799 2811 1070 2864 utilitatem
1087 2810 1269 2864 civium
1283 2810 1359 2863 vel
1375 2808 1667 2880 Republica:

112 2900 338 2965 pertinere
381 2901 678 2970 dignoscet,
710 2901 825 2971 ipse
864 2901 1134 2971 disponat.
1182 2902 1383 2957 Eadem
1438 2902 1664 2970 epistola

110 2988 308 3055 clerum,
345 2991 593 3047 ordinem
623 3007 951 3047 senatorrum
970 3033 985 3058 ,
1010 3002 1065 3049 et
1094 2994 1303 3063 plebem
1334 2993 1480 3049 urbis
1507 2996 1665 3064 hujus

112 3080 370 3146 admonet,
403 3091 461 3136 ut
504 3098 535 3136 a
580 3098 639 3138 se
686 3084 980 3138 constituto
1018 3083 1273 3153 praefecto
1318 3085 1372 3139 in
1415 3084 1664 3140 omnibus

1777 1905 1961 1972 egenis
1992 1906 2338 1963 decessorum
2369 1927 2588 1968 suorum
2618 1924 3059 1979 consuetudinem
3090 1930 3226 1984 adeo
3258 1947 3364 1987 non

1775 1993 2075 2063 abrogavit,
2106 1999 2209 2053 -vel
2247 2000 2516 2057 imminuit
2539 2005 2848 2077 Gregorius,
2879 2022 2938 2067 ut
2965 2016 3125 2071 etiam
3156 2025 3363 2078 auxerit

1772 2082 2077 2152 plurimum.

1841 2170 1986 2229 Inter
2021 2177 2208 2248 inopes
2236 2180 2429 2249 quibus
2470 2183 2825 2245 libentissime
2868 2200 3169 2252 necessaria
3202 2202 3359 2257 iniui-

1771 2266 1994 2333 strabat,
2026 2280 2274 2325 numerat
2304 2274 2404 2328 tria
2432 2279 2743 2333 monialium
2772 2283 2934 2337 millia
2966 2287 3017 2340 in
3072 2291 3202 2346 urbe
3255 2293 3359 2348 Ro-

1770 2372 1888 2425 ma;
1913 2373 2087 2429 neque
2108 2375 2238 2417 vero
2258 2365 2358 2419 sibi
2380 2366 2446 2419 ab
2469 2368 2596 2437 ipsis
2622 2372 2908 2441 quidquam
2930 2377 3000 2432 ob
3022 2387 3130 2433 tam
3153 2386 3357 2453 amplas

1769 2446 2141 2521 eleemosynas
2170 2452 2353 2509 deberi
2395 2458 2616 2526 putabat
2642 2478 2657 2527 ;
2688 2464 2817 2531 quin
2859 2468 3037 2534 porius
3065 2485 3124 2524 se
3155 2446 3355 2529 iioina-

1770 2555 1978 2611 nosque
2017 2557 2206 2600 omnes
2257 2546 2445 2603 iisdem
2496 2549 2768 2607 debitores
2797 2570 2917 2611 esse
2962 2559 3350 2628 proﬁtebatur:

1769 2630 1995 2701 Harum,
2025 2633 2217 2705 inquit,
2244 2638 2367 2692 talis
2404 2640 2510 2695 vita
2555 2651 2651 2709 est,
2690 2654 2843 2717 atque
2868 2648 2923 2702 in
2951 2658 3149 2707 tantum
3178 2656 3352 2729 larry-

1767 2722 1885 2789 mis,
1906 2731 1955 2777 et
1985 2723 2295 2781 abstinentia
2327 2729 2581 2796 districta,
2611 2743 2667 2787 ut
2694 2738 2963 2792 credamus
2998 2744 3121 2811 quia
3158 2747 3203 2799 si
3226 2722 3351 2815 ipsa:

1768 2829 1873 2868 non
1901 2826 2089 2881 essent,
2123 2818 2292 2873 nullus
2317 2830 2547 2876 nostrum
2568 2824 2685 2893 jam
2713 2838 2829 2895 post
2857 2838 2930 2884 tot
2957 2849 3121 2889 annos
3144 2837 3197 2889 in
3236 2838 3349 2893 loco

1768 2903 1864 2958 lioc
1892 2905 2166 2962 subsistere
2194 2910 2329 2964 inter
2357 2910 2820 2984 Langobardorum
2848 2922 3049 2995 gladios
3077 2930 3345 2996 potuisset.

1840 2993 1893 3047 7.
1925 2993 2043 3062 Quo
2063 2999 2174 3052 suis
2194 3000 2381 3056 ovibus
2406 3011 2603 3072 praesto
2629 3021 2845 3079 semper
2880 2993 3133 3070 adessent
3161 3033 3346 3086 pasto-

1781 3097 1887 3147 res,
1915 3096 1972 3139 ut
1994 3104 2224 3165 quaeque
2254 3094 2320 3147 ad
2346 3094 2533 3161 vitam,
2556 3097 2671 3151 sive
2701 3099 2921 3165 animae,
2945 3101 3058 3157 sive
3092 3106 3341 3175 corporis

109 3166 439 3225 obedientiam
461 3172 753 3227 exhibeant
778 3190 789 3225 :
824 3170 959 3236 Quia
983 3174 1233 3245 quisquis,
1258 3174 1448 3245 inquit,
1477 3176 1657 3228 incon-
1685 3180 1736 3246 ο
1780 3173 1953 3230 forent
1972 3185 2280 3237 necessaria
2294 3186 2720 3254 suppeditarunt,
2748 3205 2843 3247 eos
2871 3194 2939 3246 ab
2964 3196 3208 3251 ecclesiis
3224 3200 3339 3254 suis

107 3272 202 3324 gnte
224 3258 543 3313 ordinationi
572 3261 682 3331 ejus
707 3260 974 3327 restiterit,
999 3273 1191 3317 nostra:
1211 3264 1461 3317 resultare
1483 3263 1660 3333 dispo-

106 3346 248 3400 ritioni
287 3358 642 3418 cognoscetur.
678 3348 992 3421 Quicumque
1015 3368 1133 3405 vero
1159 3368 1275 3405 eum
1312 3354 1365 3405 in
1435 3354 1521 3419 iis,
1548 3368 1662 3423 qua:

106 3452 229 3505 supra
250 3442 539 3505 retulimus,
575 3440 827 3506 audierit,
874 3457 967 3495 nos
998 3442 1189 3495 audiet.
1238 3442 1301 3496 Si
1327 3444 1439 3513 quis
1460 3452 1657 3509 autem,

104 3526 329 3591 quodnon
359 3527 639 3595 credimus,
673 3544 789 3582 eum
828 3539 943 3598 post
973 3541 1107 3582 nam:
1134 3529 1536 3584 admonitionem
1566 3549 1661 3587 no-

105 3624 228 3669 stram
267 3620 697 3673 contemnendum
725 3622 1002 3689 putaverit,
1035 3622 1105 3675 ad
1133 3637 1281 3675 suum
1326 3623 1660 3692 proculdubio

105 3709 203 3761 uia:
219 3713 478 3779 pertinere
500 3713 806 3782 periculum.
832 3711 946 3780 Qua
970 3713 1293 3770 auctoritate
1318 3723 1373 3768 et
1394 3725 1661 3784 potestate

104 3798 396 3869 Gregorius,
425 3812 543 3857 tum
591 3803 817 3858 Leontio
854 3805 972 3860 viro
1018 3804 1316 3860 clarissimo
1360 3807 1658 3861 custodiam

103 3889 347 3959 Nepesina:
391 3890 541 3948 urbis
573 3894 983 3959 demandasset,
1036 3904 1146 3949 tum
1193 3895 1400 3951 civibus
1448 3904 1508 3950 ut
1554 3897 1653 3966 ipsi

103 3980 514 4051 obsequerentur,
544 3984 740 4040 additis
768 3986 930 4041 etiam
976 3987 1139 4041 minis
1167 3988 1533 4058 praecepisset,
1558 3989 1659 4044 nisi

101 4070 203 4137 juris
227 4074 414 4131 luisset
455 4076 753 4133 Ecclesize?
781 4079 860 4132 Ad
894 4080 1138 4135 eamdem
1186 4081 1507 4150 pertinuisse
1550 4081 1660 4153 Hy-

102 4164 320 4222 druntum
346 4178 400 4224 et
427 4169 866 4239 Callipolitanum
890 4183 1128 4229 castrum
1154 4175 1368 4232 aliunde
1389 4178 1658 4245 colligitur

104 4254 193 4320 (.Lib
217 4274 286 4323 rx,
309 4276 429 4328 epp.
462 4258 532 4312 99
552 4271 601 4314 et
619 4261 767 4331 100).
798 4262 854 4317 ld
885 4280 1101 4334 quoque
1121 4267 1402 4323 dicendum
1430 4269 1497 4325 de
1519 4269 1659 4324 Nea-

104 4349 184 4411 ροΞὶ
204 4390 217 4413 ,
247 4366 366 4405 cum
415 4351 655 4419 legamus
685 4369 878 4424 papam
924 4356 992 4411 ad
1033 4356 1192 4426 huius
1220 4358 1450 4414 civitatis
1472 4367 1656 4415 custo-

104 4430 214 4488 diam
262 4438 532 4493 tribunum
588 4440 877 4510 deputasse
928 4442 1087 4516 (Lib.
1146 4461 1213 4511 ιι,
1258 4463 1340 4517 ep.
1396 4446 1536 4517 51),
1591 4465 1657 4505 ac

1775 3266 1969 3353 abesse
1987 3278 2081 3325 aut
2108 3275 2291 3340 vagari
2316 3292 2421 3330 non
2448 3279 2683 3335 sinebat.
2725 3280 3067 3353 Quapropter
3099 3303 3222 3341 cum
3249 3305 3343 3343 au-

1773 3348 1944 3407 disset
1963 3353 2267 3413 Pimenium
2290 3360 2736 3433 Amalphitanum
2756 3348 3075 3440 episcopum
3100 3377 3153 3429 in
3172 3378 3339 3432 eccle-

1769 3444 1852 3497 sia
1873 3462 1972 3499 sua
1991 3463 2095 3500 non
2118 3450 2435 3516 residere,de
2459 3455 2577 3525 ipso
2598 3462 2908 3520 minacibus
2932 3466 3124 3522 litteris
3143 3470 3208 3522 ad
3227 3471 3339 3523 An-

1773 3533 2032 3590 themium
2053 3542 2275 3611 scripsit
2291 3542 2428 3614 (Lib.
2447 3564 2523 3612 vr,
2558 3566 2640 3619 ep.
2663 3552 2777 3621 25),
2799 3562 2989 3611 uteum
3006 3558 3072 3612 ad
3096 3562 3338 3616 residen-

1767 3626 1896 3682 dum
1910 3632 2236 3689 sacerdotali
2260 3651 2641 3710 morecogeret
2662 3646 2740 3700 :si
2770 3660 2899 3703 vero
2929 3664 3037 3703 non
3079 3656 3336 3708 emenda-

1769 3725 1941 3785 retur,
1969 3736 2094 3776 eum
2128 3724 2180 3778 in
2217 3732 2607 3787 monasterium
2656 3734 2995 3795 detruderet.
3028 3739 3332 3809 EpiscOpali

1766 3809 2076 3868 residentis:
2095 3818 2293 3885 gratia,
2325 3818 2525 3877 Siciliae
2542 3825 2817 3897 episcopis
2860 3829 3087 3886 indulsit
3114 3837 3167 3884 ut
3196 3850 3335 3890 uno-

1759 3916 1975 3972 quoque
2004 3904 2372 3973 quinquennio
2402 3916 2611 3963 tantum
2641 3913 2806 3966 semel
2837 3913 3063 3968 Romam
3085 3919 3341 3973 conveni-

1756 4001 1897 4058 rent,
1930 4008 2050 4048 cum
2080 3996 2228 4063 prius
2254 3997 2476 4065 singulis
2522 4000 2763 4055 trienniis
2788 4002 2977 4056 sistere
3002 4019 3060 4059 se
3084 4019 3333 4074 erigeren-

1757 4089 1875 4148 tur;
1906 4097 2010 4152 qua
2033 4082 2085 4137 in
2110 4099 2168 4138 re
2196 4084 2433 4154 ipsorum
2464 4087 2624 4140 etiam
2657 4088 2824 4143 labori
2871 4092 3161 4147 minuendo
3210 4112 3334 4149 cun~

1756 4172 1968 4227 solebat
1997 4171 2134 4244 (Lib.
2164 4190 2255 4237 vn,
2280 4192 2362 4245 ep.
2389 4175 2499 4245 29.).
2516 4176 2664 4231 Felix
2687 4177 3040 4235 Messanensis
3060 4184 3343 4253 episcopus

1758 4276 1955 4332 magno
1976 4263 2188 4318 videndi
2208 4265 2450 4334 Gregorii
2478 4267 2742 4322 desiderio
2769 4266 3057 4337 ﬂagrabat;
3099 4274 3193 4327 sed
3217 4278 3343 4345 quia

1756 4372 1827 4412 ex
1864 4356 2113 4412 diuturna
2160 4358 2380 4414 lorsitan
2424 4361 2661 4415 absentia
2705 4363 2968 4432 pastoris,
3018 4379 3149 4433 grex
3178 4366 3344 4439 ipsius

1757 4447 1955 4517 aliquid
1975 4447 2159 4503 damni
2183 4451 2291 4520 pati
2320 4452 2599 4520 potuisset,
2631 4455 2838 4521 rogavit
2857 4456 3089 4510 amicum
3119 4473 3186 4513 ne
3210 4462 3341 4514 tanti

104 4528 322 4587 militibus
369 4534 460 4601 qui
512 4533 567 4587 in
608 4535 767 4605 hujus
812 4538 961 4592 urbis
1000 4539 1248 4607 praesidio
1288 4548 1443 4596 erant
1492 4544 1651 4614 272
1683 4550 1733 4611 ι)
1757 4539 1963 4595 itineris
1991 4541 2229 4598 laborem
2260 4554 2557 4599 assumeret
2589 4563 2600 4597 :
2635 4547 2742 4600 Sed
2771 4564 2883 4613 ora,
2914 4548 3101 4617 inquit,
3134 4566 3227 4618 pro
3251 4568 3339 4604 no-

105 4614 379 4688 irnperasse,
412 4640 521 4678 non
557 4625 663 4679 alia
692 4629 1044 4699 proculdubio
1074 4634 1283 4685 ratione
1310 4647 1493 4700 quam,
1524 4649 1648 4703 quia

106 4709 193 4778 ejus
215 4719 448 4773 dominio
480 4722 617 4775 l'oret
644 4731 670 4759 ι
692 4723 924 4792 subdita,
955 4742 1063 4780 non
1082 4741 1308 4783 excusso
1339 4738 1517 4783 tamen
1558 4745 1651 4798 pe-

106 4801 218 4858 nitus
263 4808 651 4879 imperatorum
696 4812 843 4883 jugo.
893 4813 1011 4870 Jam
1065 4818 1156 4873 diu
1206 4829 1364 4875 antea
1412 4836 1650 4877 summos

106 4902 352 4963 pontiﬁces
381 4905 449 4959 ad
473 4908 855 4975 amplissimam
884 4912 1195 4979 dignitatem
1216 4922 1434 4971 evectos
1463 4916 1645 4979 fuisse,

106 4991 227 5044 testis
254 5003 331 5048 est
357 4995 673 5053 Ammianus
701 4998 1037 5056 Marcellinus
1078 5002 1097 5071 (
1123 5002 1233 5056 Lib.
1273 5019 1442 5070 xxvu,
1465 5021 1512 5057 c.
1542 5004 1644 5073 '5);

108 5090 237 5142 qnam
264 5086 419 5138 etiam
448 5101 562 5139 sua:
590 5086 975 5156 praeferendam
999 5106 1107 5144 non
1126 5090 1395 5147 dubitaret
1421 5102 1652 5163 praetex-

108 5175 217 5224 tatus
240 5171 387 5230 Urbis
406 5176 711 5246 prteleetus,
732 5180 832 5234 etsi
855 5180 1124 5235 Siccularis
1145 5188 1349 5236 tantum
1373 5185 1652 5253 potestatis

107 5261 337 5319 rationem
368 5267 614 5323 haberet.

160 5348 425 5425 Dionysius
455 5357 854 5415 Corinthiorum
885 5362 1187 5432 episcopus,
1221 5362 1311 5434 qui
1338 5366 1535 5419 saeculo
1559 5378 1648 5418 se-

161 5487 330 5568 fVide
357 5494 450 5568 lib.
493 5512 568 5559 rx,
593 5511 675 5567 ep.
711 5496 802 5568 69,
833 5498 920 5552 ubi
950 5500 1124 5568 arguit
1146 5499 1501 5554 Maurentium
1531 5516 1648 5555 ma-

104 5554 293 5619 glstrum
335 5554 588 5639 militum,
619 5554 763 5639 Quod
789 5554 1112 5639 episcome
1137 5568 1545 5639 Neapolitanum
1586 5587 1651 5626 ea

104 5639 197 5707 {lim
220 5634 425 5697 patroni
454 5643 610 5707 erant
636 5635 794 5705 hujus
821 5634 970 5693 urbis
986 5634 1344 5707 'usurpant'em
1364 5655 1473 5695 non
1496 5641 1651 5695 cohi-

105 5692 270 5779 beret;
293 5718 397 5757 non
452 5704 578 5765 alia,
634 5692 1493 5779 utiopinarnur;raiione,iquam
1508 5692 1649 5778 quia

102 5767 361 5826 dominium
393 5774 692 5842 temporale
722 5767 976 5845 Neapolis
1004 5767 1072 5833 ad
1102 5777 1257 5834 Rom.
1289 5767 1483 5836 'se'dem
1524 5767 1648 5849 per-

430 5868 699 5927 l’srnoL.
751 5870 1005 5931 LXXV.

1762 4628 1856 4697 bis,
1886 4639 1942 4685 ut
1965 4643 2156 4703 quanto
2186 4650 2276 4687 nos
2305 4635 2511 4731 itineri:
2548 4636 2819 4690 intervalla
2854 4639 3153 4703 dissociant,
3197 4648 3343 4694 tanto

1757 4740 1944 4779 animis
1974 4739 2164 4779 nostris
2193 4726 2260 4777 ad
2289 4726 2507 4780 inviceni
2534 4727 2737 4782 Christo
2759 4729 3056 4799 adjuvante,
3097 4732 3257 4786 simus
3286 4734 3339 4786 in

1754 4815 2007 4869 cliaritate
2032 4816 2290 4885 conjuncti
2322 4816 2459 4883 (Lib.
2506 4833 2540 4880 ι,
2573 4834 2652 4887 ep.
2685 4818 2798 4889 66).

1828 4905 1886 4960 8.
1924 4906 2041 4961 Non
2069 4908 2242 4961 solum
2270 4909 2572 4977 episc0pos,
2605 4911 2697 4964 sed
2725 4913 2886 4965 etiam
2919 4911 3264 4983 presbyteros
3287 4922 3340 4967 et

1756 4994 1894 5050 alios
1922 4996 2147 5051 clericos
2177 4998 2311 5052 ﬁxos
2341 4999 2393 5051 in
2434 4998 2543 5053 suis
2580 5000 2822 5054 ecclesiis
2863 5016 3200 5071 permanere,
3232 5018 3338 5057 non

1755 5085 1824 5140 de
1852 5086 2103 5157 parochia
2134 5086 2185 5139 in
2210 5087 2518 5156 parochiam
2546 5089 2795 5155 migrare,
2818 5104 2881 5143 ac
2900 5090 3079 5158 vagari
3103 5090 3339 5159 volebat,

1756 5174 1898 5244 quod
1929 5176 2091 5229 etiam
2125 5177 2364 5231 ecclesia:
2392 5178 2686 5234 canonibus
2716 5187 2936 5233 cautum
2974 5188 3109 5237 erat.
3148 5181 3204 5240 Si
3249 5189 3339 5256 qui

1758 5280 1885 5320 vero
1924 5266 2161 5335 episcopi
2192 5276 2571 5323 extraneorum
2602 5270 2919 5324 clericorum
2950 5276 3261 5345 nonnullos,
3288 5279 3337 5334 ir

1755 5373 1854 5413 suo
1882 5359 2028 5413 clero
2056 5360 2473 5429 promovendos,
2526 5368 2581 5415 et
2629 5362 2791 5416 certis
2835 5362 3146 5423 ministeriis
3191 5368 3335 5424 addi-

1760 5492 1982 5576 t-inebat.
2012 5491 2069 5574 In
2095 5492 2255 5576 epist.
2448 5493 2687 5576 ejusdem
2900 5511 3123 5576 vocatur
3164 5503 3337 5576 Major

1762 5564 1940 5628 Urbis,
1966 5564 2057 5632 qui
2077 5563 2271 5617 dicitur
2299 5563 2387 5618 hic
2413 5572 2699 5633 patronus,
2732 5567 2941 5627 Gallice
2971 5571 3161 5628 Μαίη.

1829 5633 2025 5714 {Vide
2052 5648 2267 5701 quoque
2291 5632 2451 5706 epist.
2478 5634 2581 5690 220
2609 5636 2669 5694 S.
2695 5638 2880 5696 Basilii
2905 5644 3084 5714 magni
3114 5644 3180 5699 ad
3211 5644 3328 5702 Dio-

1759 5703 1964 5777 nysium
2013 5718 2223 5774 papam.

2623 5872 2696 5933 13
