3976 6302
610 367 718 420 351V;

1103 356 1161 414 S.
1204 350 1533 407 CRECORII
1578 345 1789 401 MMLNI
1826 342 2010 406 VITA,
2054 340 2140 395 EX
2188 339 2349 395 EJllS
2384 337 2689 393 SCRIPTIS
2728 335 3121 391 ADORNATA.
3166 333 3291 387 LIB.
3336 330 3420 385 lll.

3772 332 3869 385 390

612 478 819 536 oendos
866 474 1228 545 postularent,
1287 479 1384 520 eos
1423 460 1570 531 prius
1601 468 1625 494 ἰ
1654 456 1922 510 dimittere
1967 451 2196 507 debebat
2223 454 2269 509 Α
2298 449 2527 515 animus,
2571 447 2729 502 facile
2782 445 2963 515 urgeri
2992 453 3244 514 possent;
3300 442 3501 512 quippe
3528 439 3683 510 273
3711 440 3871 496 altare

616 542 1197 639 proprius'epiSCOpus,
1252 556 1389 609 facta
1437 550 1713 613 cessione;
1744 561 1844 600 nec
1868 545 2003 598 citra
2031 542 2197 611 ipsius

615 632 941 717 con—sensum
966 657 1179 723 poterat
1194 642 1511 701 incardinari
1545 640 1683 711 (Lib.
1734 656 1802 701 γι,
1835 654 1915 701 ep.
1947 634 2060 701 20).
2094 632 2197 700 Ipsi

617 758 780 808 etiam
808 747 900 817 qui
924 745 974 798 in
996 741 1281 809 episcopos
1320 733 1476 788 electi
1508 730 1739 787 fuerant,
1768 724 2072 794 hujusmodi
2114 724 2197 775 lit-

616 845 767 905 teris,
795 848 855 893 ut
881 837 1051 897 aiunt,
1080 826 1399 885 dimissoriis
1432 823 1668 894 episcopi
1696 821 1777 875 sui
1808 818 2115 886 indigebant
2144 823 2202 867 ut

616 932 998 985 ordinarentur
1029 921 1167 991 (Lib.
1193 936 1246 981 v,
1270 936 1350 988 ep.
1379 917 1489 985 l7).
1523 913 1718 967 Eadem
1748 924 1964 980 quoque
1990 907 2200 960 ratione

617 1019 911 1075 monachos
940 1016 1143 1083 absque
1189 1010 1395 1065 abbatis
1422 1007 1504 1060 sui
1534 1017 1805 1059 consensu
1832 1000 1898 1053 ab
1939 996 2203 1067 episcopis

618 1109 817 1166 assumi
847 1107 914 1161 ad
945 1102 1395 1175 presbyteratum,
1425 1103 1518 1148 aut
1543 1092 1646 1145 alia
1685 1086 2041 1144 ecclesiastica
2084 1099 2201 1136 mu-

622 1200 707 1254 nia
738 1171 984 1253 obeunda
1024 1171 1347 1263 prohibitum
1378 1193 1494 1238 erat
1535 1180 1674 1250 (Lib.
1727 1195 1799 1239 γι,
1848 1193 1927 1245 ep.
1958 1173 2067 1240 28).
2103 1171 2205 1225 Ubi

621 1290 842 1346 adverte
870 1292 1102 1356 quantus
1124 1283 1223 1335 hac
1249 1281 1298 1332 in
1330 1286 1480 1347 parte
1510 1274 1580 1327 sit
1610 1269 1885 1325 hodierna}
1915 1266 2205 1334 disciplina:

620 1395 743 1439 cum
766 1376 935 1433 veteri
962 1386 1278 1428 consensus.

699 1470 753 1525 9.
791 1468 943 1522 lianc
983 1466 1153 1530 ipsam
1198 1458 1605 1514 consensionem
1646 1455 1797 1521 juvat
1824 1448 2109 1503 ostendere
2151 1448 2205 1497 in

628 1561 805 1617 missis
832 1555 1077 1627 privatis,
1100 1560 1156 1606 et
1180 1550 1232 1603 in
1257 1547 1503 1600 altarium
1524 1541 1865 1597 multitudine
1894 1540 2032 1592 intra
2057 1550 2206 1590 eam—

626 1654 746 1709 dem
777 1645 1080 1707 ecclesiam,
1120 1648 1181 1694 ut
1208 1637 1518 1693 refellantur
1545 1630 1862 1687 heterodoxi
1888 1629 1955 1683 de
1994 1629 2206 1682 novita-

558 1758 571 1769 '
625 1754 679 1796 te
707 1741 854 1794 litem
888 1736 1192 1803 importune
1215 1726 1368 1782 nobis
1394 1731 1690 1779 moventes.
1722 1720 1978 1785 Joannes,
2000 1718 2209 1786 episco-

2300 539 2484 593 Grscce
2513 542 2860 612 θυσιασήριον,
2915 536 3235 591 sacrificium
3291 543 3346 586 et
3388 531 3619 587 hostiam
3672 531 3723 585 in
3768 532 3875 599 lege

2303 646 2437 684 nova
2470 630 2613 697 cogit
2659 629 2966 693 admittere,
2997 626 3138 693 quod
3170 633 3349 678 tamen
3394 623 3583 692 procul
3622 621 3872 690 rejiciunt.

2302 720 2498 775 Altaris
2529 708 2707 773 autem
2736 734 2839 772 vox
2886 718 2938 769 in
2985 716 3336 785 scriptoribus
3364 714 3731 783 apostolorum
3761 728 3877 781 sup-

2301 813 2519 882 paribus
2549 810 2937 880 frequentatur.
2969 808 3121 864 Unus
3158 823 3257 877 pro
3310 807 3561 861 omnibus
3589 805 3658 858 sit
3683 811 3879 876 martyr

2305 904 2540 973 lgnatius
2568 920 2580 953 :
2618 903 2825 965 Umnes,
2860 901 3031 969 inquit
3060 900 3111 952 in
3144 913 3230 975 ep.
3263 897 3328 951 ad
3360 896 3601 972 Magnes.
3635 909 3778 948 num.
3809 894 3840 947 7
3864 934 3879 960 ,

2303 997 2437 1051 velut
2462 998 2516 1049 in
2545 1011 2702 1047 unum
2748 992 2988 1061 templum
3017 990 3121 1048 Dei
3142 989 3449 1052 concurrite,
3484 987 3617 1040 velut
3646 986 3712 1038 ad
3734 1003 3880 1038 unum

2305 1087 2486 1143 altare.
2520 1084 2583 1138 Et
2630 1085 2682 1138 in
2714 1099 2803 1153 ep.
2833 1084 2901 1136 ad
2929 1081 3092 1136 Trall.
3126 1096 3268 1134 num.
3300 1080 3331 1132 7
3363 1097 3376 1131 :
3412 1076 3513 1142 Qui
3558 1079 3697 1131 intra
3727 1077 3882 1130 altare

2305 1186 2399 1241 est,
2426 1176 2645 1229 mundus
2693 1183 2801 1238 est;
2841 1174 2925 1242 qui
2973 1188 3087 1226 vero
3114 1179 3258 1225 extra
3307 1169 3471 1222 altare
3516 1176 3614 1231 est,
3658 1183 3761 1219 non
3817 1176 3882 1219 est

2306 1268 2547 1321 mundus.
2601 1266 2808 1320 Accinit
2841 1274 2863 1302 ο
2890 1262 3057 1317 Paulo
3097 1270 3153 1316 et
3200 1259 3393 1315 Joanui
3443 1257 3721 1327 apostolis,
3754 1257 3882 1325 apud

2307 1373 2463 1427 quos,
2490 1358 2651 1411 etiam
2681 1367 2805 1425 post
2832 1355 3177 1424 reprobatum
3208 1361 3362 1406 vetus
3388 1351 3593 1416 altare,
3637 1363 3781 1418 saepe
3822 1349 3885 1400 al-

2310 1448 2440 1505 taris
2480 1446 2700 1501 alterius
2751 1445 2985 1500 occurrit
3034 1442 3257 1496 mentio.
3305 1439 3411 1496 Sed
3455 1441 3538 1494 his
3567 1439 3798 1501 omissis,
3828 1438 3884 1491 ad

2309 1538 2515 1606 reliqua
2550 1536 2608 1591 S.
2650 1535 2894 1604 Gregorii
2932 1542 3080 1603 gesta
3114 1533 3240 1587 huic
3288 1547 3429 1587 anno
3468 1530 3649 1586 debita
3677 1528 3884 1584 festine-

2311 1647 2450 1686 mus.

2389 1722 2471 1775 l0.
2515 1721 2734 1777 Summa
2761 1720 2875 1787 ejus
2925 1721 2977 1774 in
3023 1718 3258 1787 supremi
3304 1718 3649 1788 pontificatus
3678 1716 3883 1769 admini-

628 1845 727 1902 pus
754 1828 1142 1899 Syracusanus,
1163 1816 1409 1873 Venantii
1432 1814 1642 1885 patricii
1671 1812 1975 1867 oblationes
2003 1808 2211 1878 repule-
2243 1820 2290 1880 Β
2316 1813 2580 1867 stratione
2625 1809 2889 1865 modestia
2920 1809 3099 1864 elucet
3128 1808 3181 1861 in
3210 1809 3435 1879 epistola
3466 1808 3532 1859 ad
3559 1806 3887 1870 Columbam,

630 1899 732 1986 rat,
764 1916 908 1988 quod
938 1915 1027 1969 ille
1055 1911 1273 1978 indigne
1296 1907 1472 1962 ferens
1503 1904 1768 1959 hostiliter
1799 1904 1851 1955 in
1880 1899 2213 1971 episcopium

628 2021 867 2068 annatos
909 2004 1131 2061 immisit
1166 2000 1446 2056 satellites.
1499 1996 1623 2051 Haec
1668 1997 1757 2050 ubi
1802 1994 2011 2062 accepit
2054 2006 2213 2061 papa,

630 2101 847 2172 scripsit
876 2098 947 2152 ad
980 2094 1301 2151 Venantium
1344 2092 1411 2146 de
1441 2090 1632 2159 injuria
1664 2089 1918 2157 episcOpo
1948 2086 2092 2138 illata
2123 2100 2219 2137 ex-

635 2192 932 2261 postulans,
965 2200 1086 2241 cum
1115 2184 1186 2238 ob
1214 2188 1396 2236 notam
1427 2179 1765 2248 gravitatem,
1798 2176 2137 2230 sanctitatem
2168 2181 2223 2227 et

638 2278 1125 2339 mansuetudinem,
1158 2288 1187 2327 a
1212 2274 1265 2326 vi
1297 2281 1351 2326 et
1379 2271 1723 2325 insultatione
1756 2276 1901 2322 tanta
1933 2276 2078 2320 tutus
2104 2279 2223 2319 esse

640 2372 919 2428 debuisset
949 2367 1085 2440 (Lib.
1118 2384 1187 2431 vt,
1218 2384 1299 2435 ep.
1334 2364 1444 2431 45).
1475 2362 1621 2417 Unde
1643 2377 1847 2415 necesse
1874 2369 1981 2422 est,
2020 2358 2221 2426 inquit,

640 2476 695 2520 ut
721 2475 771 2519 et
797 2480 886 2519 vos
910 2460 1281 2516 sacerdotalem
1311 2458 1387 2511 illi
1414 2456 1752 2510 reverentiam
1799 2451 2056 2512 exhibere,
2095 2451 2226 2503 sicut

639 2560 782 2613 decet
813 2557 972 2626 ﬁlios,
1012 2552 1235 2607 debeatis
1254 2594 1267 2614 ,
1324 2565 1415 2602 nec
1442 2548 1554 2618 ejus
1582 2545 1650 2598 ad
1675 2543 1999 2597 iracundiam
2027 2539 2225 2594 animos

642 2648 942 2717 provocetis.
970 2643 1113 2697 Nam
1138 2656 1369 2710 cumquo
1397 2639 1557 2708 ﬁdam
1579 2637 1698 2690 estis
1730 2636 1954 2706 gratiam
1980 2630 2226 2697 habituri,

642 2739 687 2792 si
714 2737 873 2796 vobis,
918 2733 1054 2803 quod
1082 2732 1240 2796 absit,
1290 2744 1405 2782 cum
1443 2726 1709 2781 sacerdote
1736 2724 1890 2796 fuerit
1934 2721 2228 2775 discordia?

646 2829 762 2883 Alia
793 2825 1022 2896 epistola
1050 2822 1213 2894 (Ibid.
1242 2839 1321 2890 ep.
1358 2818 1448 2889 44)
1479 2817 1739 2872 Joannem
1772 2815 1838 2869 ad
1884 2812 2227 2868 concordiam

649 2929 709 2976 et
731 2933 917 2990 pacem
946 2932 1065 2983 cum
1096 2912 1360 2969 Venantio
1391 2911 1690 2965 habendam
1720 2908 1967 2962 hortatus
1997 2913 2110 2969 est;
2138 2918 2231 2957 cu-

646 3011 735 3077 jus
769 3007 939 3077 gratia
988 3004 1191 3075 placuit
1225 3001 1487 3069 Gregorio
1536 3015 1642 3053 non
1691 2997 1864 3051 solum
1914 3002 1974 3048 ut
2019 2992 2230 3063 patricii

650 3099 950 3155 oblationes
995 3094 1311 3163 susciperet,
1365 3090 1462 3144 sed
1493 3091 1653 3144 etiam
1668 3096 1760 3141 -ut
1794 3088 1846 3141 in
1876 3086 2039 3140 domo
2068 3083 2233 3153 ipsius

2318 1903 2374 1956 in
2400 1901 2644 1955 Numidia
2668 1900 2997 1970 episcopum.
3028 1897 3219 1951 Petrus
3240 1897 3395 1965 hujus
3412 1895 3709 1965 provincia:
3736 1910 3889 1964 quon-

2318 1992 2439 2046 dam
2464 1991 2774 2061 episcopus,
2794 1989 3071 2055 utaiebat,
3094 1988 3298 2041 adierat
3321 1989 3502 2041 sedem
3525 1985 3888 2054 apOstolicam,

2322 2082 2545 2152 ejusque
2569 2082 2827 2151 judicium
2874 2081 3258 2151 postulaverat.
3292 2077 3399 2131 Sed
3427 2078 3567 2148 quia,
3597 2076 3770 2144 inquit
3815 2091 3888 2127 sa-

2324 2177 2687 2246 pientissimus
2716 2190 2874 2245 papa,
2920 2190 3093 2229 causis
3118 2176 3278 2245 ipsius
3303 2176 3506 2228 interna
3537 2172 3791 2226 subtiliter
3817 2188 3893 2223 ne-

2323 2283 2579 2337 quaquam
2608 2266 2877 2320 addiscere
2906 2276 3011 2320 tam
3066 2267 3218 2338 longo
3257 2266 3453 2320 itineris
3503 2264 3774 2318 intervallo
3801 2263 3891 2315 dis-

2318 2356 2487 2426 juncti
2515 2358 2789 2427 potuimus,
2822 2374 2959 2424 eam,
2989 2359 3171 2411 incerti
3200 2360 3403 2428 quippe,
3436 2357 3656 2425 deﬁnire
3687 2357 3893 2426 nequiti-

2326 2461 2439 2499 mus
2463 2445 2598 2516 (Lib.
2631 2462 2705 2509 γι,
2734 2465 2814 2516 ep.
2848 2446 2963 2517 57).
2995 2446 3335 2516 Quapropter
3358 2448 3618 2514 optimum
3647 2445 3701 2498 ei
3741 2445 3893 2499 visum

2328 2548 2409 2595 est
2432 2547 2488 2593 ut
2508 2538 2799 2595 Columbus
2816 2542 3097 2610 episcopus
3116 2540 3281 2608 judex
3302 2539 3514 2594 sederet
3531 2540 3674 2592 inter
3699 2536 3892 2591 Petrum

2328 2638 2383 2685 et
2410 2629 2525 2698 ejus
2551 2638 2911 2694 accusatores,
2941 2632 3062 2700 quia
3086 2645 3310 2699 prcesens
3330 2644 3543 2683 causam
3565 2626 3800 2681 subtilius
3818 2644 3892 2695 pa-

2330 2728 2463 2772 terat
2493 2720 2640 2773 scire.
2687 2718 2989 2787 Aliquando
3017 2718 3180 2772 etiam
3208 2726 3491 2773 accusatos
3520 2718 3824 2787 episcopos,
3852 2724 3895 2769 ut

2331 2823 2390 2862 se
2421 2820 2733 2877 purgarent,
2763 2810 2964 2879 regiam
2994 2809 3181 2863 urbem
3211 2816 3396 2878 petere
3417 2815 3472 2863 et
3501 2806 3812 2878 imperatori
3852 2819 3898 2859 se

2333 2899 2524 2954 sistere
2552 2899 2917 2968 permittebat.

2408 2988 2494 3041 11.
2527 2991 2697 3055 Quam
2726 3000 2944 3044 strenue
2982 2991 3100 3058 jura
3129 2989 3505 3057 episcoporum
3536 2994 3900 3058 propugnaret.

2337 3078 2531 3148 probat
2569 3079 2796 3149 epistola
2839 3080 2905 3133 ad
2959 3078 3333 3141 Fortunatam,
3365 3077 3779 3147 Neapolitanum
3805 3075 3901 3143 epi~

654 3188 935 3241 missarum
957 3180 1407 3251 peragimysteria
1424 3178 1774 3248 permitteret,
1789 3176 1898 3229 imo
1912 3175 2071 3230 etiam
2096 3174 2231 3240 ipse,
2260 3169 2306 3231 C
2336 3186 2583 3241 scopum,
2639 3172 2791 3240 cujus
2841 3172 2957 3226 haec
3007 3172 3169 3226 verba
3218 3178 3345 3226 sunt
3374 3187 3386 3223 :
3419 3166 3557 3233 Quia
3594 3167 3820 3237 pervenit
3844 3166 3903 3218 ad

656 3278 700 3329 si
729 3274 982 3339 voluerit,
1032 3271 1358 3333 Venantius,
1412 3266 1728 3322 celebraret.
1779 3266 1989 3335 Quippe
2025 3263 2094 3318 ob
2122 3264 2236 3317 hate

658 3354 766 3420 duo
786 3363 1046 3429 denegata
1071 3369 1247 3414 ortum
1270 3358 1563 3428 praesertim
1588 3354 1956 3423 bocjurgium.
1982 3353 2111 3419 Quis
2137 3352 2237 3405 nisi

664 3454 838 3522 lippus
868 3451 953 3504 hic
1006 3464 1111 3503 non
1151 3448 1330 3502 videat
1376 3446 1521 3500 clare
1572 3445 1797 3499 usitatas
1834 3454 1889 3498 et
1916 3443 2239 3513 approbatas

661 3543 854 3595 missas
880 3543 1131 3608 privatas,
1156 3546 1211 3590 et
1241 3537 1295 3590 in
1325 3535 1547 3605 privatis
1572 3532 1815 3588 uadibus?

733 3628 888 3696 Quod
933 3635 1145 3697 spectat
1174 3625 1239 3679 ad
1268 3626 1515 3679 altarium
1543 3624 1902 3694 pluralitatem
1930 3624 2069 3678 intra
2098 3623 2241 3692 ejus-

661 3726 784 3777 dem
812 3719 1057 3776 ecclesia:
1104 3726 1276 3787 srpta,
1321 3718 1527 3771 eruitur
1571 3732 1639 3770 ex
1682 3716 1909 3785 epistola
1953 3716 2056 3770 hoc
2101 3730 2242 3770 anno

660 3829 876 3886 quoque
902 3814 1097 3882 scripta
1125 3811 1192 3865 ad
1216 3811 1531 3877 Palladium,
1558 3809 1946 3864 Santonensem
1975 3809 2027 3863 in
2058 3807 2244 3863 Galliis

661 3905 983 3973 episcopum.
1005 3900 1146 3971 (Lib.
1176 3916 1248 3965 vt,
1279 3917 1362 3970 ep.
1390 3899 1501 3969 49).
1532 3898 1922 3979 Construxerat
1948 3898 2037 3952 ille
2065 3898 2241 3952 eccle-

663 3995 799 4048 siam
846 3992 898 4045 in
952 3992 1212 4045 honorem
1260 3989 1541 4043 beatorum
1589 3988 1953 4057 apostolorum
2001 3986 2145 4041 Petri
2191 3995 2247 4041 et

666 4083 840 4143 Pauli,
872 4088 1182 4135 sanctorum
1224 4078 1494 4131 Laurentii
1534 4086 1589 4132 et
1618 4077 1886 4132 Pancratii
1914 4085 2243 4147 martyrum;

666 4173 720 4225 in
746 4185 851 4239 qua
900 4167 1153 4223 tredecim
1197 4168 1387 4221 altaria
1430 4167 1745 4235 collocarat,
1793 4168 2119 4236 miseratque
2147 4167 2249 4222 Ro-

666 4275 808 4312 mam
842 4256 1191 4324 Lauparicum
1222 4257 1587 4326 presbyterum
1608 4296 1623 4321 ,
1672 4256 1740 4309 ad
1783 4256 2043 4325 petendas
2070 4271 2250 4312 sacras

669 4352 949 4419 reliquias,
977 4351 1029 4403 in
1056 4357 1289 4417 quatuor
1318 4350 1573 4405 altaribus
1604 4351 1837 4406 nondum
1867 4352 2126 4407 dedicatis
2153 4368 2251 4422 po-

669 4442 893 4497 nendas.
925 4442 1125 4495 Annuit
1148 4442 1267 4510 pius
1293 4439 1551 4507 pontifex,
1598 4443 1846 4511 misitque
1875 4443 2113 4500 Palladio
2140 4446 2250 4500 lau-

2337 3280 2429 3317 nos
2453 3264 2661 3318 clericos
2685 3264 2913 3335 aliasque
2930 3265 3148 3317 civitatis
3168 3278 3227 3315 ac
3247 3262 3510 3333 parochias
3532 3270 3635 3315 tua:
3656 3259 3903 3329 religiosas

2337 3369 2581 3422 personas
2623 3353 2687 3406 ab
2716 3354 2834 3407 aliis
2862 3354 3141 3420 conveniri,
3169 3353 3283 3423 ﬁeri
3313 3352 3407 3405 hac
3431 3350 3495 3404 de
3520 3360 3710 3404 caetero
3758 3349 3905 3418 pronis

2339 3443 2540 3510 bemus;
2570 3456 2620 3500 et
2646 3464 2805 3517 neque
2831 3447 3071 3500 clericum
3116 3458 3276 3511 tuum,
3308 3460 3468 3513 neque
3512 3443 3819 3496 monachum
3845 3441 3905 3491 rel
3938 3506 3943 3511 _

2336 3537 2613 3613 quamlibet
2667 3540 2884 3592 civitatis
2928 3537 3086 3590 aliam
3130 3537 3425 3607 religiosam
3455 3551 3733 3604 personam
3771 3549 3907 3603 paro-

2340 3633 2469 3687 chiw
2494 3639 2594 3684 tua:
2614 3630 2873 3683 conveniri
2902 3645 2934 3680 a
2955 3644 3233 3699 quoquam,
3265 3628 3340 3681 vel
3368 3628 3437 3679 ad
3460 3627 3678 3680 alterius
3698 3628 3904 3679 volumus

2336 3724 2590 3795 judicium
2618 3720 2868 3775 exhiberi.
2912 3720 3019 3776 Sed
3048 3723 3091 3774 si
3121 3722 3233 3791 quis
3273 3729 3455 3774 contra
3481 3719 3779 3791 hujusmodi
3805 3734 3906 3786 per-

2341 3832 2498 3870 sonas
2541 3813 2810 3884 cujuslibet
2855 3814 3043 3883 negotii
3087 3830 3284 3867 movere
3312 3813 3527 3866 voluerit
3571 3811 3904 3883 quintio-sem.

2346 3907 2722 3977 fraternitatem
2752 3914 2891 3958 tuam
2920 3906 3114 3958 noverit
3142 3904 3453 3958 adeundam.
3484 3903 3591 3955 Aut
3615 3904 3665 3957 si
3688 3905 3834 3968 forte,
3862 3910 3907 3950 ut

2347 3994 2554 4061 assolet,
2583 3996 2757 4065 aliqua
2794 3994 2897 4047 illis
2919 3992 3139 4063 quolibet
3162 3992 3314 4046 modo
3342 3993 3497 4062 fuerit
3526 4002 3655 4045 nata
3682 3991 3905 4060 suspirio,

2347 4095 2396 4139 et
2439 4086 2711 4138 electorum
2745 4082 3142 4136 desideraverint
3180 4085 3399 4151 fortasse
3419 4081 3703 4151 judicium,
3730 4080 3817 4134 sub
3838 4089 3909 4131 tua

2349 4177 2674 4231 exsecutione
2714 4175 2937 4245 eligendi
2967 4176 3050 4244 fas
3083 4172 3301 4226 habeant
3330 4175 3657 4243 cognitores;
3684 4180 3909 4242 quatenus

2352 4267 2445 4320 hoc
2475 4266 2625 4320 modo
2668 4281 2759 4318 nec
2808 4274 2858 4316 tu
2905 4265 3137 4317 amisisse
3171 4263 3609 4334 jurisdictionem,
3644 4279 3735 4316 nec
3788 4268 3906 4313 actor

2351 4356 2491 4426 apud
2519 4365 2804 4423 suspectum
2834 4353 3083 4425 litigando
3112 4354 3342 4406 videatur
3380 4353 3740 4423 prtejudicium
3770 4350 3909 4404 susti-

2352 4443 2631 4513 nere(Lib.
2665 4462 2745 4509 v1,
2788 4461 2869 4513 ep.
2922 4444 3033 4512 11).
3067 4442 3194 4498 llam
3239 4443 3546 4497 exscribere
3594 4458 3703 4497 non
3742 4440 3909 4512 piguit.

667 4533 916 4587 datorum
962 4530 1329 4601 apostolorum
1377 4546 1440 4585 ac
1468 4540 1764 4601 martyrum
1813 4533 2085 4604 reliquias,
2115 4549 2247 4603 quas
2276 4516 2324 4575 θ
2349 4534 2491 4602 quod
2517 4534 2841 4603 judiciorutn
2870 4534 3355 4589 eccltsiasticorum
3396 4533 3627 4587 formam
3657 4531 3910 4588 continete

664 4637 872 4677 summa
894 4638 1015 4677 cum
1040 4621 1335 4676 reverentia
1361 4621 1560 4712 suscipi
1583 4629 1637 4675 et
1658 4622 1910 4677 collocari
1932 4623 2243 4692 postulavit.

663 4714 923 4770 Cottsulat
967 4714 1237 4768 studiosus
1285 4714 1455 4768 lector
1486 4720 1640 4767 notas
1669 4713 1734 4767 ad
1766 4714 1903 4768 hanc
1942 4715 2244 4783 epistolam,

664 4820 730 4859 ex
757 4805 951 4875 quibus
974 4805 1146 4859 discet
1187 4804 1344 4871 longe
1372 4813 1497 4857 ante
1528 4802 1841 4870 Gregorium
1872 4804 2097 4873 plurima
2126 4820 2247 4860 ere-

662 4904 749 4951 cta
771 4910 889 4950 esse
931 4895 1141 4948 altaria.
1172 4893 1285 4948 Etsi
1328 4910 1457 4948 vero
1481 4892 1786 4948 Gnecnrum
1817 4894 2106 4948 hodiernus
2132 4911 2249 4949 mos

664 4991 803 5046 hanc
831 4990 1079 5044 altarium
1112 4990 1503 5043 multitudinem
1538 5003 1641 5041 non
1681 4989 1958 5055 admittat,
1991 4988 2120 5042 olim
2167 4996 2249 5042 ta-

664 5099 787 5138 men
817 5084 884 5138 ab
914 5082 1043 5152 ipsis
1065 5082 1283 5136 minime
1312 5079 1649 5149 reprobatam
1679 5093 1798 5134 esse
1843 5079 2151 5134 ostenditur
2180 5095 2248 5134 ex

664 5174 949 5231 Theodoro
976 5172 1185 5228 Studita
1216 5172 1445 5241 epistola
1472 5170 1596 5235 219,
1629 5169 1655 5208 δ
1689 5171 2001 5236 interrogat.
2052 5169 2137 5224 15.
2171 5170 2244 5224 Ex

664 5267 845 5321 altaris
881 5279 1034 5329 voce,
1072 5264 1119 5318 si
1169 5278 1291 5317 cum
1334 5261 1681 5316 heterodmis
1724 5260 2048 5328 digladianli
2105 5268 2249 5315 esset

736 5391 759 5416 "
789 5378 848 5434 S.
883 5377 993 5433 Leo
1016 5378 1174 5447 epist.
1210 5375 1293 5439 1'2,
1320 5390 1368 5430 c.
1402 5373 1434 5427 9
1464 5392 1483 5447 :7
1566 5376 1747 5447 'ienunt
1770 5373 2048 5447 flerii'um,
2084 5376 2242 5447 invito

664 5454 903 5519 episcopo
925 5442 1106 5519 ipsius,
1157 5463 1302 5519 nemo
1353 5446 1617 5519 suscipiat.
1673 5444 1805 5519 Ibid.
1844 5461 1855 5495 :
1894 5442 2241 5519 Transfugam

667 5514 904 5571 rlericum
925 5514 993 5570 ad
1014 5532 1161 5570 suam
1186 5514 1448 5566 ecclesiam
1473 5515 1891 5581 metropolitanus
1913 5514 2081 5565 redire
2100 5530 2240 5567 com-

666 5589 843 5654 pellat.
882 5587 944 5638 Et
973 5602 1059 5649 ep.
1087 5585 1173 5646 13,
1205 5602 1255 5636 υ.
1284 5582 1316 5634 4
1349 5602 1361 5634 ;
1410 5582 1477 5654 Ut
1506 5583 1676 5654 nullus
1706 5585 1992 5652 episcopus,
2028 5584 2238 5637 alterius

666 5653 890 5719 episcom’
921 5657 1158 5707 clericum
1204 5654 1302 5705 sibi
1341 5653 1527 5703 audeat
1557 5653 1839 5713 vindicare,
1871 5656 1981 5705 sine
2006 5655 2142 5706 illius
2172 5657 2239 5706 ad

667 5740 808 5785 quem
846 5726 1064 5792 perlinat
1104 5724 1349 5787 cessione,
1380 5737 1529 5788 quam
1567 5731 1732 5773 tamen
1762 5723 2015 5773 evidentia
2044 5727 2235 5789 srriptu

2350 4626 2653 4680 videantur.

2427 4715 2493 4771 Ut
2518 4718 2914 4787 episcoporum,
2944 4718 3017 4771 ita
3048 4716 3394 4771 ecclesiarum
3419 4713 3543 4783 jura
3571 4722 3627 4769 et
3659 4712 3908 4784 privilegia

2351 4810 2551 4865 illibata
2574 4825 2888 4879 permanere
2906 4811 3121 4865 volebat
3135 4810 3469 4879 aequissimus
3489 4812 3750 4881 pontifex,
3770 4819 3909 4877 utpa-

2354 4901 2458 4954 lam
2481 4899 2779 4971 proﬁtetur,
2804 4901 2870 4954 ad
2886 4900 3114 4967 Donum,
3139 4898 3558 4967 Messanensem,
3575 4911 3629 4955 et
3648 4900 3906 4957 Joannem.

2351 4990 2743 5062 Syracusanum
2765 4991 3096 5062 episcopum,
3112 4989 3336 5045 Pallium
3361 4992 3600 5045 mittens.
3615 4990 3672 5045 In
3688 4988 3907 5058 epistolis

2352 5081 2417 5135 ad
2448 5090 2731 5152 utrumque
2753 5085 2927 5138 missis
2948 5098 3067 5151 quas
3094 5091 3219 5137 sunt
3242 5084 3463 5137 omnino
3488 5082 3709 5147 similes,
3737 5079 3907 5148 depre-

2352 5174 2587 5229 hendere
2632 5176 2758 5229 mihi
2806 5175 2993 5230 videor
3039 5190 3380 5231 communem
3410 5184 3465 5230 et
3502 5175 3754 5229 usitatam
3778 5168 3909 5241 pallii

2351 5264 2679 5320 concedendi
2714 5266 2995 5320 formulam
3021 5265 3158 5337 (Lib.
3188 5283 3257 5332 vt,
3287 5265 3463 5337 epp.>5
3482 5275 3531 5319 et
3562 5264 3672 5335 i8).

2349 5378 2657 5431 contineant.

2418 5447 2442 5483 ιι
2476 5446 2611 5529 ξηῃι
2646 5446 2908 5529 Ecclesiae,
2953 5449 3125 5529 inquit
3162 5449 3494 5529 Theodorus,
3527 5446 3805 5529 'qute-

2344 5522 2447 5567 tres
2478 5516 2695 5569 habeant
2716 5518 2960 5571 wdiculas
2990 5516 3053 5591 [l1
3066 5518 3471 5593 rmcexb'yxag].
3631 5518 3724 5593 [iis
3753 5526 3906 5567 ante"!

2342 5601 2447 5724 rima
2475 5594 2549 5637 est
2577 5602 2727 5654 quam
2774 5604 2921 5641 nemo
2974 5587 3265 5657 occuparit,
3292 5587 3477 5641 utrum
3517 5590 3601 5661 [as
3627 5587 3694 5639 ibi
3723 5596 3907 5637 sacrum

2367 5670 2513 5705 acere
2534 5672 2600 5706 an
2631 5671 2751 5708 non.

2367 5670 2513 5705 ητενε
2534 5672 2600 5706 an
2631 5671 2751 5708 non.

2420 5734 2440 5761 ε
2470 5722 2633 5779 Hebr.
2661 5741 2769 5788 xm,
2804 5725 2900 5789 10;
2934 5726 3155 5792 Apocal.
3184 5742 3253 5787 γι,
3288 5727 3339 5780 9.
