3976 6310
579 362 680 415 5‘39

1050 352 1107 409 S.
1147 343 1476 404 CREGORII
1514 338 1724 409 MMJNI
1768 333 1949 398 VITA,
1993 330 2083 384 EX
2130 326 2290 384 EJUS
2328 325 2635 382 SCRIPTIS
2672 319 3066 379 ADOGNATA.
3111 316 3239 371 LIB.
3280 314 3371 370 Ill.

3721 320 3810 372 sill)

574 482 661 553 qui
704 476 860 549 ﬁdens
905 472 1042 526 illius
1093 473 1295 527 tenent,
1339 470 1388 513 et
1433 459 1588 512 vitam
1632 451 1757 523 ﬁdei
1808 465 1913 503 non
1962 444 2150 499 habent
2180 446 2224 503 Α
2252 452 2302 498 et
2330 453 2502 497 tamen
2530 442 2597 495 ad
2627 438 2823 510 aliquid
2853 434 3127 498 ardebant,
3157 433 3372 494 scilicet,
3403 438 3461 483 ut
3482 430 3611 499 justi
3638 446 3811 498 omnes,

1392 550 1403 553 _
1436 550 1446 553 _
1693 543 1724 553 η
1792 541 1803 552 .
1852 548 1861 553 -
2006 534 2123 553 .A_.g
2297 546 2310 553 _
2364 538 2375 549 ο
2466 535 2504 553 ῃ
2552 552 2557 553 ,
2600 535 2800 553 ,SJ-_‘_.
2858 528 3039 553 __..J:..
3082 541 3193 553 -..ι-ε
3229 525 3519 553 ..η-ρὶηιυκο
3582 532 3627 553 Α.
3652 523 3701 553 ὅ-
3725 523 3811 553 £11.“.

580 534 719 642 ἷιευί
741 584 853 633 νιιι,
883 582 963 633 ep.
989 560 1077 627 ts)
1097 577 1110 622 ;
1133 554 1275 625 quod
1301 550 1479 604 multis
1500 559 1667 601 sacra:
1692 541 1980 610 Scriptura:
2006 534 2158 588 IcSti-

579 663 774 719 muniis
796 660 1163 713 demonstrare
1193 644 1382 715 pergit.

746 749 903 805 Solus
931 744 1017 798 hic
1062 741 1209 792 locus
1256 732 1409 786 sullic
1445 735 1527 783 ret
1565 726 1632 780 ad
1661 720 2052 795 explodendam
2085 716 2162 769 fa-

578 844 772 900 bellam
802 839 869 893 de
894 832 1125 900 Trojano
1155 828 1221 881 ab
1252 823 1446 879 inferni
1476 819 1650 893 pinnis
1690 812 1937 883 Gregorii
1983 808 2162 879 preci-

579 934 677 987 bus
700 930 946 989 liberato,
966 935 1125 992 quam
1155 915 1390 971 referunt
1424 912 1615 966 Paulus
1642 917 1697 963 et
1724 906 1957 960 Joannes
1980 901 2169 954 Diaco-

579 1037 681 1077 uus
711 1021 763 1074 in
794 1018 911 1087 ejus
938 990 1058 1067 Vita
1103 1010 1194 1063 lib.
1238 1022 1306 1072 tt,
1355 1020 1405 1059 c.
1437 1002 1526 1056 M.
1576 998 1713 1067 Quid
1759 993 1946 1050 enim?
1997 990 2156 1059 ιοιυίι

579 1112 785 1169 scilicet
805 1086 904 1179 pro
925 1102 1142 1171 Trajani
1169 1096 1393 1155 cultoris
1415 1093 1701 1151 idolorum,
1717 1086 2168 1143 Christianorum-

581 1218 687 1273 que
718 1178 1077 1272 persecutoris
1099 1204 1267 1260 usque
1290 1185 1358 1241 ad
1380 1189 1605 1239 mortem
1636 1178 1953 1235 liberatione
1981 1186 2169 1245 preces

584 1265 650 1350 ad
678 1265 843 1348 Deum
873 1286 1093 1343 fundere
1112 1324 1127 1348 ,
1156 1282 1245 1350 qui
1283 1284 1537 1339 noverat,
1571 1272 1706 1325 trahi
1755 1267 1822 1321 ad
1861 1265 2026 1319 Deum
2054 1270 2169 1331 post

587 1394 802 1442 mortem
827 1397 931 1436 non
956 1391 1124 1448 posse,
1150 1372 1236 1442 qui
1257 1388 1311 1425 se
1339 1386 1371 1421 a
1397 1366 1505 1420 Deo
1526 1363 1661 1417 male
1686 1358 1896 1415 vivendo
1926 1369 2169 1425 separas-

587 1487 697 1539 set;
731 1473 782 1529 id
813 1447 964 1528 enim
997 1464 1273 1534 conceptis
1305 1459 1481 1515 verbis
1523 1456 1653 1510 dicit
1677 1451 1920 1521 egregius
1948 1447 2167 1501 Doctor.

588 1568 697 1622 Sed
725 1566 883 1633 longe
910 1558 1138 1615 validius
1177 1552 1438 1608 refellitur
1465 1552 1828 1601 commentum
1859 1540 1963 1594 hoc
1989 1552 2057 1592 ex
2086 1551 2171 1593 as-

589 1668 733 1715 serta
757 1658 809 1710 in
835 1651 1069 1721 Dialogis
1094 1648 1338 1703 doctrina
1378 1642 1471 1697 lib.
1500 1656 1575 1707 tv,
1601 1653 1721 1704 cap.
1756 1633 1844 1686 44.

665 1745 903 1814 Quaestio
933 1718 1010 1796 eo.
1045 1738 1149 1793 loci
1178 1732 1454 1806 protiosita
1478 1737 1560 1783 est
1590 1744 1605 1780 :
1637 1725 1698 1780 Si
1723 1738 1926 1793 semper
1952 1718 2174 1773 ardeant

591 1802 940 1909 quiwgehennte
966 1802 1221 1886 incendiis
1242 1825 1581 1894 deputantur;
1609 1816 1675 1871 ad
1698 1829 1857 1886 quam
1882 1809 2174 1882 respondet
2206 1802 2249 1860 Β

591 1906 649 1981 S.
667 1906 957 1992 Gregorius
984 1936 999 1972 :
1025 1918 1238 1972 Constat
1265 1912 1528 1973 nimirum,
1558 1916 1606 1961 et
1626 1906 1985 1959 incunctanter
2003 1912 2174 1953 verum

591 2025 685 2081 est,
717 1988 837 2087 quia
867 2013 999 2066 sicut
1046 2008 1167 2078 ﬁnis
1196 2021 1302 2058 non
1329 2009 1404 2055 est
1431 1998 1621 2071 gaudio
1652 1995 1923 2055 bonorum,
1950 1992 2025 2044 ita
2052 1988 2175 2058 ﬁnis

592 2079 695 2159 non
729 2079 832 2157 erit
862 2105 1114 2156 tormento
1152 2092 1429 2148 malorum.
1462 2086 1606 2141 Nam
1627 2100 1741 2138 cum
1771 2081 1975 2135 Veritas
1994 2079 2176 2131 dicat:

595 2192 751 2247 Ibunt
775 2190 920 2261 impii
958 2191 1013 2243 in
1039 2184 1346 2255 supplicium
1372 2186 1638 2237 teternum,
1662 2172 1794 2242 justi
1823 2178 1993 2222 autem
2020 2167 2075 2219 in
2102 2166 2175 2219 vi-

597 2293 703 2337 tam
726 2254 974 2337 aeternam
1013 2278 1032 2347 (
1058 2273 1248 2328 Matth.
1280 2285 1407 2332 xxv,
1439 2265 1562 2333 46);
1592 2263 1713 2335 quia
1738 2275 1911 2314 verum
1939 2265 2017 2311 est
2043 2254 2178 2327 quod

597 2373 852 2444 promisit,
886 2368 1075 2441 falsum
1120 2358 1455 2434 proculdubio
1501 2371 1607 2409 non
1649 2352 1745 2405 erit
1789 2349 1923 2421 quod
1954 2347 2178 2399 minatus

599 2472 675 2519 est
700 2462 860 2516 Deus.

669 2553 723 2606 6.
754 2550 945 2604 Petrus
974 2546 1059 2600 his
1101 2538 1324 2611 opponit
1357 2553 1370 2588 :
1406 2532 1541 2597 Quid
1571 2532 1615 2584 si
1639 2530 1749 2601 quis
1771 2527 1907 2580 dicat
1932 2524 2172 2578 :Idcirco

601 2638 926 2712 peccantibus
947 2645 1195 2690 retentam
1216 2642 1417 2699 poenam
1439 2624 1666 2677 minatus
1693 2627 1871 2679 est,.ut
1890 2632 1978 2670 eos
1997 2632 2029 2667 a
2056 2629 2172 2684 pec-

604 2706 841 2789 catorum
896 2724 1273 2799 perpetratione
1324 2711 1715 2786 compesceret?
1764 2709 1835 2763 At
1886 2708 1976 2761 illa
2029 2706 2184 2759 diluit
2222 2723 2238 2734 ε

602 2822 658 2877 S.
690 2821 894 2876 Doctor
936 2815 1266 2886 respondens
1312 2809 1365 2862 in
1412 2807 1528 2860 hinc
1552 2803 1751 2857 verba:
1784 2799 1845 2853 Si
1875 2799 2067 2869 falsum
2108 2804 2183 2849 est

603 2910 737 2983 quod
783 2909 1011 2963 minatus
1052 2913 1161 2967 est,
1202 2909 1258 2952 ut
1297 2897 1360 2951 ab
1400 2893 1655 2965 injustitia
1683 2889 1999 2959 corrigeret:
2027 2888 2182 2939 etiam

606 2976 741 3073 falsa
785 3006 861 3052 est
900 2995 1191 3066 pollicitus,
1219 2997 1275 3042 ut
1324 2987 1391 3039 ad
1432 2986 1693 3055 justitiam
1728 2987 2047 3044 prouocaret.
2079 2976 2186 3030 Sed

606 3070 715 3164 quis
743 3092 838 3145 hoc
862 3088 1032 3141 dicere
1059 3084 1136 3137 vel
1164 3084 1383 3134 insanus
1431 3084 1711 3148 prtesumat
1729 3073 1753 3124 ?
1770 3070 1841 3125 Et
1883 3072 1928 3124 si
1957 3070 2185 3122 minatus

2261 546 2310 589 et
2356 538 2411 589 in
2458 535 2566 589 Deo
2594 535 2801 587 videant
2849 528 3040 602 gaudia
3078 541 3193 596 qua:
3228 525 3550 595 percipiunt,
3580 532 3628 575 et
3652 523 3701 576 in
3725 523 3816 579 illis

2260 628 2536 695 respiciant
2587 621 2841 692 supplicia
2889 633 3002 690 qua:
3048 622 3317 669 evaserunt
3350 629 3367 666 :
3407 622 3653 682 quatenus
3694 622 3816 668 tanto

2262 719 2427 789 magis
2458 718 2511 770 in
2555 723 2800 769 teternum
2834 711 3019 782 gratia:
3046 708 3234 761 divina:
3262 704 3519 759 debitores
3546 719 3599 757 se
3622 721 3725 758 esse
3746 722 3816 760 co-

2263 817 2533 882 gnoscant,
2562 815 2752 876 quanto
2773 805 2828 858 in
2855 812 3104 857 (sternunt
3129 798 3271 852 mala
3299 796 3476 866 puniri
3502 795 3815 864 conspiciunt,

2263 916 2377 972 qua:
2405 899 2517 968 ejus
2545 896 2807 967 adjutorio
2837 894 3086 946 vicerunt.

2336 988 2496 1059 275
2533 984 2584 1039 8.
2629 983 2732 1039 Ista
2778 977 3132 1051 perpendenli
3177 990 3417 1044 quonam
3472 981 3626 1043 pacto
3663 973 3821 1031 venire

2266 1085 2447 1149 potest
2473 1077 2816 1134 intuentem,
2848 1068 3167 1139 Gregorium
3199 1066 3272 1120 ita
3316 1065 3634 1131 sapientem,
3654 1065 3719 1117 ita
3744 1066 3824 1117 (lo-

2268 1177 2500 1234 centem,
2523 1180 2714 1236 preces
2744 1159 3033 1230 aliquando
3066 1158 3266 1212 fudisse
3297 1170 3400 1225 pro
3426 1153 3651 1219 Traiano
3676 1154 3823 1225 impe-

2273 1267 2470 1321 ratore,
2500 1270 2661 1325 quem
2688 1254 2759 1308 ob
2800 1249 3173 1306 infidelitatem
3204 1254 3261 1300 et
3285 1252 3489 1299 motam
3519 1244 3570 1298 in
3595 1243 3822 1298 Christia-

2273 1374 2370 1414 nos
2395 1354 2829 1428 persecutionem
2881 1351 2973 1420 (ut
3009 1347 3113 1402 alia
3161 1343 3379 1399 interim
3430 1340 3821 1411 dissimulemus)

2273 1448 2489 1504 .etcruis
2531 1444 2706 1516 poenis
2752 1440 3021 1494 addictum
3052 1450 3160 1489 non
3192 1430 3512 1487 dubitabat?
3536 1428 3601 1483 At
3625 1445 3731 1499 qua:
3753 1445 3822 1483 se-

2273 1547 2527 1609 quuntur,
2561 1551 2627 1590 ne
2653 1530 2999 1588 leviuSt-ulam
3025 1526 3241 1597 quidem
3275 1523 3584 1590 relinquunt
3609 1536 3667 1575 ea
3692 1522 3751 1575 do
3775 1538 3821 1576 re

2274 1627 2662 1683 difficultatem.
2686 1621 2887 1689 Quaerit
2924 1617 3067 1674 enim
3109 1613 3305 1670 Petrus
3333 1630 3347 1666 :
3374 1610 3445 1665 Et
3470 1612 3553 1665 ubi
3596 1621 3667 1666 est
3706 1614 3815 1682 quod

2277 1719 2443 1773 sancti
2472 1719 2592 1778 sint,
2625 1716 2670 1768 si
2700 1729 2792 1782 pro
2828 1709 3054 1764 inimicis
3091 1706 3198 1760 suis
3246 1720 3377 1775 quos
3426 1711 3544 1755 tunc
3571 1701 3735 1755 ardere
3757 1704 3819 1755 vi-

2275 1812 2418 1870 dent,
2446 1825 2549 1863 non
2588 1804 2826 1865 orabunt,
2849 1800 3028 1873 quibus
3055 1799 3231 1868 utique
3253 1796 3447 1849 dictum
3466 1803 3541 1848 est
3563 1810 3579 1847 :
3612 1793 3706 1847 Pro
3735 1794 3816 1846 iui-

2276 1904 2422 1958 micis
2445 1900 2623 1954 vestris
2653 1895 2838 1951 orate?
2872 1891 3085 1960 (Matth.
3111 1905 3167 1955 ν,
3194 1886 3312 1955 44.)
3344 1884 3443 1940 Cui
3472 1883 3739 1951 respondet
3761 1884 3817 1937 ita

2277 1991 2705 2064 sapientissimus
2757 1988 2999 2041 Doctor:
3052 1981 3159 2036 Pro
3203 1978 3431 2033 inimicis
3475 1977 3575 2030 suis
3608 1988 3740 2030 orant
3770 1993 3816 2029 eo

2279 2098 2500 2155 trmpore
2521 2100 2618 2155 quo
2641 2088 2855 2152 possunt
2875 2076 2942 2130 ad
2966 2077 3284 2146 fructuosam
3314 2067 3650 2138 paenitentiam
3674 2082 3817 2119 eorum

2280 2176 2437 2230 corda
2465 2179 2777 2232 convertere,
2806 2178 2955 2238 atque
2982 2167 3096 2233 ipsa
3124 2160 3453 2217 conversione
3481 2160 3683 2212 sulcare.
3706 2155 3818 2219 Quid

2280 2264 2419 2318 enim
2464 2260 2606 2314 aliud
2652 2275 2744 2328 pro
2786 2256 3011 2310 inimicis
3050 2250 3312 2306 orandum
3340 2257 3434 2308 est,
3465 2248 3560 2300 nisi
3601 2246 3686 2299 hoc
3709 2245 3818 2313 quod

2281 2351 2553 2421 Apostolus
2580 2350 2653 2402 ait
2676 2364 2691 2400 :
2722 2345 2788 2400 Ut
2810 2344 2894 2398 det
2922 2342 3028 2397 illis
3050 2339 3189 2393 Deus
3210 2336 3559 2407 paenitentiam
3581 2334 3642 2386 ad
3659 2349 3816 2405 cogno-

2280 2442 2523 2496 scendam
2562 2438 2870 2497 veritatem,‘
2890 2444 2939 2487 et
2963 2433 3275 2502 resipiscant
3306 2446 3337 2481 a
3367 2426 3552 2481 diaboli
3580 2426 3769 2493 laqueis,
3792 2440 3816 2476 a

2283 2554 2380 2608 quo
2402 2534 2591 2599 captivi
2619 2540 2855 2586 tenentur
2875 2528 2941 2580 ad
2963 2526 3125 2594 ipsius
3152 2522 3506 2577 voluntatem?
3528 2517 3607 2588 (Il
3637 2515 3750 2570 Tim.
3771 2530 3815 2578 ιι,

2282 2607 2397 2697 95.)
2432 2624 2497 2677 Et
2524 2622 2776 2694 quomodo
2806 2635 2899 2684 pro
2928 2617 3034 2671 illis
3065 2625 3184 2669 tunc
3211 2612 3452 2679 orabunt,
3491 2610 3572 2681 qui
3602 2607 3703 2678 jam
3725 2608 3819 2660 nul-

2285 2719 2487 2770 latenus
2517 2730 2605 2782 pos
2634 2720 2725 2764 unt
2746 2710 2812 2763 ad
2832 2709 3054 2780 justitire
3081 2721 3239 2774 opera
3271 2701 3337 2756 ab
3358 2702 3617 2771 iniquitate
3634 2711 3822 2751 comm-

2289 2807 2429 2860 tari?
2457 2803 2654 2857 Eadem
2676 2803 2854 2880 jtaquc
2878 2813 3038 2852 causa
3064 2803 3160 2858 est,
3192 2810 3289 2847 cur
3311 2808 3413 2846 non
3432 2799 3598 2845 oretur
3626 2800 3725 2840 tunc
3748 2800 3821 2854 pro

2288 2894 2577 2951 hominibus
2601 2893 2710 2963 igni
2733 2899 2925 2949 (eterna
2945 2886 3227 2949 damnatis,
3254 2898 3372 2954 qua:
3392 2896 3523 2935 nunc
3542 2880 3681 2933 etiam
3696 2891 3823 2930 casm

2288 2997 2383 3052 est,
2427 2996 2482 3040 ut
2511 3002 2613 3039 non
2644 2992 2818 3038 oretur
2846 2997 2937 3050 pro
2968 2978 3175 3032 diabolo
3206 2974 3504 3044 angelisque
3541 2986 3643 3039 ejus
3667 2976 3820 3021 (eterna

2288 3076 2536 3146 supplicio
2577 3072 2853 3142 deputatis.
2888 3068 3017 3132 Qua:
3046 3083 3182 3121 nunc
3209 3065 3370 3119 etiam
3400 3076 3550 3114 causa
3586 3068 3653 3111 est
3673 3064 3719 3108 ut
3741 3070 3822 3107 non

609 3143 710 3164 1--~
785 3143 795 3145 ~
1431 3143 1441 3148 -

609 3193 680 3239 est
707 3180 841 3254 quod
871 3193 974 3232 non
1001 3182 1110 3229 erat
1138 3171 1462 3241 impleturus,
1484 3165 1605 3218 dum
1633 3175 1863 3217 asserere
1882 3175 1997 3212 eum
2024 3157 2183 3210 mise-

2294 3143 2436 3220 orent
2466 3161 2629 3216 sancti
2660 3159 2889 3213 homines
2920 3172 3013 3225 pro
3043 3152 3337 3208 horninibus
3358 3147 3636 3218 inﬁdelibus
3661 3143 3823 3212 impiis-

610 3250 863 3327 ricordem
892 3266 1140 3327 volumus,
1174 3259 1435 3330 fallacem,
1460 3251 1593 3323 quod
1623 3250 1724 3303 dici
1754 3250 1904 3316 nefas
1932 3253 2027 3309 est,
2052 3258 2190 3313 prte-

612 3365 785 3418 dicare
813 3354 1195 3417 compellimur.

684 3454 736 3508 ’7.
780 3452 973 3506 Petrus
999 3449 1101 3501 hac
1130 3439 1484 3511 responsione
1527 3434 1626 3491 sibi
1657 3432 1854 3486 factum
1883 3429 2013 3484 satis
2042 3426 2198 3481 intel-

612 3548 803 3617 ligens,
836 3540 997 3596 alium
1029 3534 1224 3591 nodum
1251 3530 1504 3601 proponit
1529 3523 1881 3603 solvendum:
1906 3521 2055 3576 Scire
2093 3516 2198 3573 vel-

617 3596 954 3706 lejnpinquit,
984 3596 1480 3702 quomodo-justum
1524 3621 1610 3684 sit,
1640 3628 1695 3671 ut
1734 3596 1885 3684 culpa
1931 3628 2046 3685 qure
2088 3626 2201 3665 cum

619 3745 720 3805 pne
749 3701 1050 3802 perpetrata
1079 3729 1176 3786 est,
1208 3720 1319 3772 sine
1347 3716 1451 3784 ﬁne
1478 3711 1744 3775 puniatur.
1773 3705 1872 3760 Cui
1914 3701 2205 3772 respondet

618 3794 1041 3894 sapientissimus
1060 3812 1313 3880 magister
1331 3824 1349 3861 :
1368 3805 1483 3860 Iloc
1496 3810 1628 3856 recte
1648 3799 1919 3861 diceretur,
1936 3796 1979 3849 si
2002 3794 2210 3847 distric-

620 3893 700 3971 tus
738 3914 901 3988 judea:
951 3926 1056 3964 non
1099 3904 1259 3960 corda
1303 3893 1712 3963 hominum,’sed
1759 3893 1901 3961 facta
1948 3894 2203 3956 pensaret.

625 3977 799 4080 lniq'ui
829 4006 966 4059 enim
996 4000 1110 4055 ideo
1138 4011 1253 4050 cum
1297 3994 1402 4063 ﬁne
1431 3987 1776 4057 deliquerunt,
1805 3981 1925 4050 quia
1965 3995 2079 4032 cum
2104 3977 2210 4047 fine

623 4065 879 4152 vixerunt.
907 4089 1050 4143 Nam
1075 4085 1354 4140 voluissent
1389 4079 1561 4147 utique
1585 4074 1629 4126 si
1658 4071 1942 4142 potuissent
1971 4068 2081 4120 sine
2107 4065 2213 4135 ﬁne

626 4190 805 4247 vivere,
834 4191 890 4235 ut
920 4178 1205 4248 potuissent
1232 4173 1346 4226 sine
1374 4169 1478 4239 ﬁne
1502 4182 1732 4236 peccare.
1761 4162 2051 4217 Ostendunt
2076 4159 2213 4213 enim

629 4282 750 4351 quia
791 4278 847 4328 in
895 4280 1101 4339 peccato
1149 4278 1348 4332 semwr
1376 4261 1540 4314 vivere
1581 4257 1810 4327 cupiunt,
1842 4254 1928 4320 qui
1956 4265 2213 4321 nunquam

631 4338 874 4421 desinunt
898 4338 1107 4430 peceare
1135 4353 1254 4406 dum
1285 4351 1474 4404 vivunt.
1505 4345 1585 4397 Ad
1623 4358 1869 4414 magnam
1897 4356 2017 4411 ergo
2057 4338 2211 4408 justi~

634 4457 761 4509 tiam
775 4425 1061 4522 judicantis
1088 4441 1326 4512 pertinet,
1347 4442 1402 4489 ut
1426 4447 1687 4502 nunquam
1708 4435 1917 4482 careant
1942 4425 2214 4496 supplicio,

2295 3270 2389 3325 que
2435 3251 2720 3323 defunctis,
2751 3249 2850 3301 nisi
2896 3247 3018 3317 quia
3062 3260 3155 3311 pro
3202 3244 3283 3297 eis
3310 3241 3477 3307 utique
3517 3253 3630 3308 quos
3669 3241 3822 3288 (eterna

2295 3319 2564 3413 deputatas
2594 3338 2845 3409 supplicio
2889 3337 3003 3407 jam
3030 3340 3305 3394 noverunt,
3336 3338 3453 3382 ante
3496 3326 3632 3380 illum
3665 3319 3823 3392 judicis

2290 3432 2423 3503 justi
2450 3438 2774 3497 conspectum
2801 3424 3051 3489 orationis
3097 3435 3204 3475 suae
3245 3417 3482 3471 meritum
3516 3409 3690 3466 cassari
3714 3406 3823 3475 refu-

2300 3523 2464 3593 giunt.
2499 3516 2651 3582 Quod
2704 3517 2751 3570 si
2778 3531 2917 3568 nunc
2943 3527 3137 3583 quoque
3163 3510 3386 3562 viventes
3424 3504 3548 3576 justi
3587 3496 3769 3554 mortuis
3788 3502 3825 3549 et

2303 3611 2563 3666 damnatis
2585 3609 2796 3679 injustis
2823 3604 3032 3659 minime
3059 3599 3466 3671 compatiuntur,
3488 3592 3673 3660 quando
3696 3586 3827 3640 adhuc

2304 3702 2500 3775 aliquid
2522 3675 2807 3773 judicabile
2837 3696 2899 3749 de
2918 3711 3013 3749 sua
3046 3707 3202 3745 carne
3233 3706 3349 3744 sese
3375 3685 3562 3757 perpeti
3587 3682 3721 3737 etiam
3751 3675 3827 3745 ipsi

2306 3773 2580 3856 noverunt;
2610 3798 2801 3862 quanto
2832 3784 3117 3840 districtius
3148 3792 3267 3834 tunc
3299 3780 3582 3849 iniquorum
3622 3773 3828 3825 tomento

2308 3883 2617 3954 respiciunt,
2657 3876 2866 3949 quando
2910 3872 2973 3926 ab
3010 3872 3149 3926 omni
3195 3869 3321 3923 vitio
3349 3863 3671 3933 corruptionis
3693 3854 3826 3914 eauti.

2308 3942 2409 4045 ipsi
2424 3973 2537 4043 jam
2552 3942 2771 4040 justitia:
2791 3964 3004 4018 vicinius
3030 3969 3180 4029 atque
3203 3958 3399 4011 arctius
3422 3946 3744 4007 inhterebunt.’
3764 3942 3830 3995 Sic

2312 4030 2497 4138 quippe
2541 4030 2714 4114 eorum
2743 4063 2938 4110 mentes
2986 4068 3077 4123 per
3114 4050 3210 4103 hoc
3238 4044 3379 4115 quod
3421 4040 3680 4115 justissima
3701 4030 3831 4104 judici

2313 4124 2587 4212 inhterent,
2614 4146 2688 4198 vis
2717 4140 3057 4197 districtionis
3084 4134 3347 4202 absorbet,
3377 4140 3433 4186 ut
3459 4128 3651 4183 omnino
3671 4124 3732 4177 eis
3754 4133 3833 4171 non

2315 4241 2470 4297 libeat
2526 4209 2774 4308 quidquid
2819 4230 2883 4285 ab
2933 4230 3075 4283 illius
3124 4234 3337 4280 aeternis
3381 4220 3565 4291 regulis
3610 4209 3835 4268 subtilitate

2318 4330 2603 4388 discordat.

2380 4422 2507 4477 Hzec
2556 4415 2754 4486 legenti
2800 4428 2927 4467 num
2968 4410 3128 4465 dubia
3168 4414 3261 4461 aut
3302 4404 3523 4460 obscura
3571 4407 3678 4450 esse
3700 4390 3837 4457 ροιθει

635 4480 761 4509 "at"
775 4480 1061 4522 ⁸μιιυιιμηιισ
1088 4480 1165 4512 ,ιυ-
1182 4480 1326 4501 υυυνν,
1349 4480 1400 4489 νη
1427 4480 1681 4502 -σν--ν-,ηνηη
1714 4480 1783 4482 νην
1804 4480 1815 4481 κ
1866 4480 1889 4481 ,,
1952 4480 1955 4481 ν
2005 4480 2016 4496 Ι
2039 4480 2050 4495 Ι
2202 4480 2212 4487 ⁷
2610 4480 2637 4486 ν

635 4543 719 4614 qui
771 4540 826 4593 in
872 4537 968 4589 hac
997 4532 1099 4585 vita
1141 4539 1403 4597 nunquam
1448 4522 1714 4575 voluerunt
1760 4532 1934 4570 carere
1984 4523 2212 4584 peccato.
2245 4524 2297 4585 ι)
2321 4512 2378 4568 S.
2411 4507 2658 4577 Gregorii
2683 4502 2970 4567 sententia,
2997 4508 3109 4554 tum
3138 4498 3204 4551 de
3232 4504 3509 4565 pmnarum
3536 4480 3837 4541 mlerniatter-

1751 4604 1765 4614 “
1829 4611 1838 4614 ’
1981 4610 1990 4614 “
2098 4600 2130 4614 ’⁸
2364 4603 2397 4614 "
2446 4610 2454 4614 ‘
2546 4606 2560 4614 Α
2621 4612 2648 4614 α
2700 4596 2751 4614 1-
2800 4589 3053 4614 ---—--.l3-
3085 4585 3335 4614 n-nn:‘\noa
3378 4576 3609 4614 nunnihllﬂ
3648 4568 3702 4614 iis
3736 4574 3837 4614 ("105

636 4600 860 4698 Egregia
882 4635 1015 4678 sane
1043 4617 1183 4673 ratio
1211 4629 1316 4684 qua
1348 4622 1624 4682 poenarum
1652 4604 1908 4676 probetur
1929 4600 2222 4666 aeternitas,

641 4691 899 4775 adversus
927 4708 1206 4779 religionis
1242 4708 1667 4772 contemptores,
1698 4696 1789 4765 qui
1818 4693 1996 4749 solent
2023 4693 2130 4748 hoc
2156 4691 2225 4746 de

639 4812 914 4879 dogmate,
938 4812 1001 4858 ut
1022 4801 1243 4857 liberius
1264 4801 1510 4869 peccent,
1541 4788 1800 4847 cavillari.
1827 4787 2021 4841 Petrus
2043 4792 2223 4838 tamen

642 4896 947 4970 argumenti
977 4894 1134 4963 hujus
1158 4889 1399 4962 pondere
1438 4883 1675 4941 nondum
1714 4893 2020 4949 oppressus,
2051 4875 2231 4931 adhuc

646 4968 900 5051 subtilius
921 4990 1114 5045 instat:
1140 4985 1245 5041 Sed
1274 4982 1444 5038 nullus
1460 4980 1632 5051 jus‘tus
1654 4973 1956 5028 crudelitate
1982 4968 2231 5040 pascitur,

644 5096 696 5142 et
717 5086 1021 5154 delinquens
1064 5092 1235 5133 servus
1261 5093 1293 5128 a
1317 5075 1461 5145 justo
1490 5068 1698 5123 domino
1724 5064 1918 5129 idcirco
1946 5060 2075 5115 caedi
2100 5074 2236 5129 prce-

650 5150 945 5247 cipitur,vut
973 5187 1004 5223 a
1035 5169 1263 5239 nequitia
1289 5161 1600 5231 corrigatur.
1633 5156 1713 5208 Ad
1743 5155 1836 5208 hoc
1866 5168 1987 5222 ergo
2008 5150 2233 5219 vapulat,

2326 4568 2657 4664 nitate,vtum
2689 4596 2758 4650 de
2799 4589 3056 4660 negaudis
3085 4585 3338 4653 precibus
3378 4576 3609 4635 omnibus
3648 4568 3702 4622 iis
3736 4574 3838 4656 ques

2327 4695 2463 4750 citra
2494 4689 2655 4745 ullam
2702 4681 3097 4739 haesitationem
3144 4675 3343 4730 scimus
3388 4657 3667 4733 huiusmodi
3707 4646 3839 4723 ρωυίε

2326 4782 2573 4838 addictos
2591 4779 2615 4831 ‘t

2406 4871 2456 4924 9.
2498 4866 2570 4922 Ut
2594 4865 2701 4920 vim
2727 4857 3026 4929 argumenti
3056 4854 3216 4923 hujus
3243 4850 3421 4907 eludat
3444 4852 3530 4899 aut
3548 4841 3699 4895 elevet
3724 4829 3840 4929 1220'

2334 4978 2430 5017 nes
2454 4960 2740 5018 Diaconos,
2772 4914 2875 5005 boc
2900 4914 3226 5015 excogitavit
3255 4937 3520 5007 elfugium.
3551 4929 3727 4991 Nempe
3748 4914 3843 5018 ψ’

2338 5052 2536 5123 gorium
2558 5063 2652 5117 pro
2675 5042 2906 5113 Trojano
2935 5034 3202 5092 liberanda
3251 5047 3354 5087 non
3393 5034 3648 5081 exorasse,
3685 5008 3757 5064 sed
3774 5005 3843 5100 μετ

2338 5100 2416 5123 :7"
2434 5100 2531 5105 ⁷’“”⁷
2559 5100 2577 5117 Γ
2630 5100 2637 5102 ⁷
2775 5100 2795 5113 σ

2337 5143 2487 5195 uisse.
2519 5134 2683 5203 Quasi
2726 5133 2975 5200 lacrymte
3013 5140 3196 5181 coram
3246 5122 3356 5176 Deo
3398 5117 3521 5172 fusa:
3565 5100 3844 5203 alicuiuil’e'

651 5187 862 5247 cipitur,
890 5187 945 5226 ut
973 5187 1004 5223 a
1035 5187 1263 5239 nequitia
1289 5187 1600 5231 corrigatur.
1633 5187 1713 5208 nu
1743 5187 1835 5208 ηυν
1866 5187 1986 5222 ειυς,
2011 5187 2233 5219 νκ,η.....,
2339 5187 2486 5195 ην---
2529 5187 2618 5203 ,ομ
2640 5187 2679 5189 -,
2842 5187 2861 5200 ν

651 5278 709 5336 ut
734 5264 998 5321 emendari
1048 5260 1248 5313 debeat.
1306 5251 1481 5315 Iniqui
1519 5258 1689 5303 autem
1737 5244 1982 5316 gehenna:
2033 5238 2239 5310 ignibus
2339 5227 2645 5286 obtinendas
2679 5224 2845 5291 gratia
2865 5263 2880 5288 ,
2912 5234 3101 5288 preces
3127 5232 3230 5271 non
3258 5214 3385 5278 sint,
3416 5216 3470 5263 et
3492 5200 3683 5273 quidem
3707 5187 3845 5320 emt:

1839 5334 1847 5336 λ
2148 5326 2171 5336 Α
2378 5324 2389 5336 α
2452 5322 2462 5333 ·
2534 5334 2563 5336 η
2659 5314 2805 5336 ιλιι.
2859 5310 3147 5336 *ι’-..εειηηηι
3196 5307 3265 5336 ἶσα
3308 5301 3578 5336 lihnrnlnm
3796 5286 3818 5323 ³

649 5359 852 5422 traditi,
887 5357 929 5408 si
979 5350 1048 5406 ad
1094 5347 1459 5402 correctionem
1502 5356 1604 5393 non
1646 5334 1961 5406 perveniunt,
1992 5344 2090 5399 quo
2135 5326 2240 5396 ﬁne

651 5418 854 5520 semper
885 5440 1175 5499 ardebant?
1206 5433 1515 5505 Respondet
1543 5444 1673 5485 vero
1705 5427 1904 5481 Doctor
1933 5418 2197 5489 discipulo
2223 5434 2237 5469 :

664 5537 1005 5614 Omnipotens
1053 5530 1209 5593 Deus,
1236 5528 1356 5599 quia
1405 5525 1519 5594 pius
1555 5530 1650 5586 est,
1681 5519 1987 5573 miserorum
2014 5511 2245 5565 cruciatu

660 5612 767 5687 non
790 5604 1049 5699 pascitur;
1076 5624 1195 5694 quia
1218 5635 1331 5673 vero
1348 5617 1522 5687 justus
1544 5621 1638 5677 est,
1658 5611 2027 5679 abiniquorum
2053 5604 2248 5657 ultione

670 5726 725 5774 in
753 5728 1049 5790 perpetuum
1088 5729 1191 5768 non
1235 5709 1469 5765 sedatur.
1521 5703 1626 5759 Sed
1648 5702 1811 5769 iniqui
1841 5712 2015 5753 omnes
2056 5701 2252 5748 aeterna

670 5785 922 5879 supplicio
963 5801 1211 5870 deputati,
1265 5813 1362 5853 sua
1400 5794 1613 5867 quidem,
1641 5792 1916 5863 iniquitate
1950 5785 2254 5858 puniuntur,

2342 5269 2645 5286 ..............w
2679 5269 2880 5291 unum,
3371 5269 3383 5278 ,
3510 5269 3523 5273 _

2342 5322 2591 5378 cissimaz.
2647 5314 2810 5370 Addit
2859 5310 3149 5378 Traianum
3196 5307 3268 5360 ita
3308 5301 3579 5356 liberatum
3625 5284 3758 5339 fuisse

2346 5410 2539 5468 inferni
2577 5403 2919 5463 cruciatibus,
2953 5406 3010 5453 ut
3039 5399 3094 5453 in
3136 5395 3347 5451 inferno
3376 5399 3546 5444 tamen
3572 5369 3847 5459 remanserit.

2348 5519 2455 5559 non
2485 5507 2663 5555 autem
2690 5496 2761 5550 sit
2784 5501 3005 5549 evectus
3027 5488 3093 5543 ad
3122 5499 3362 5556 superos.
3389 5481 3455 5534 At
3479 5467 3635 5530 sancti
3656 5462 3848 5559 Doctor:i

2350 5589 2711 5655 ratiocinatio,
2734 5587 2811 5641 uti
2832 5592 2887 5639 et
2913 5579 3226 5638 testimonia
3249 5571 3424 5631 omnia
3452 5575 3604 5621 sacra:
3623 5549 3849 5655 Serum":ﬁ

2357 5688 2423 5742 ab
2448 5686 2565 5755 ipso
2586 5679 2815 5753 prolata,
2846 5690 2954 5731 non
2981 5672 3158 5728 solum
3186 5667 3412 5741 probant
3430 5662 3663 5715 teter-nam
3682 5641 3845 5755 dam-tl:

2360 5729 2422 5742 '"’
2448 5729 2562 5755 ἰ’-’ν
2590 5729 2814 5753 ινν-νηη
2848 5729 2858 5731 ν
2893 5729 2906 5731 -
3188 5729 3206 5741 _

2360 5786 2535 5835 torum
2559 5774 2615 5829 iu
2643 5767 2851 5826 inferno
2878 5764 3233 5829 inuasionem,
3256 5755 3349 5815 sed
3378 5751 3532 5810 etiam
3557 5729 3847 5798 exustioucm-
