3976 6294
164 325 253 382 801

607 314 671 373 Β.
714 312 1041 371 GREGORII
1080 312 1295 369 MAGNI
1334 313 1514 372 VITA.
1560 314 1648 369 EX
1694 311 1859 369 Ε]υὸ
1897 311 2205 370 SCRIPTIS
2242 312 2636 370 ADORNATA.
2678 314 2805 371 LIB.
2848 317 2934 374 Ill.

3307 322 3412 377 402

160 446 325 514 Neque
351 440 544 507 lingere
586 436 715 490 licet
743 434 801 489 S.
835 434 1121 490 Ductorem
1152 432 1420 502 duplicem
1465 432 1722 488 habuisse
1749 436 1797 493 Α
1825 431 2030 495 dicans,
2057 431 2167 502 ipse
2196 432 2441 503 reprobus
2469 435 2674 505 efﬁciar
2703 435 2764 521 (1
2810 435 2930 492 Cor.
2977 454 3058 505 Ix,
3088 436 3202 507 27).
3233 440 3412 494 Adhuc

160 532 363 592 diversis
389 527 717 597 temporibus
746 525 815 580 de
863 526 966 580 hac
1005 525 1305 594 quaestione
1349 525 1711 579 sententiam:

160 641 265 682 nam
293 621 457 692 primo
486 634 597 673 non
643 617 820 688 potuit
847 617 1095 687 ignorare
1131 631 1250 685 qua:
1273 624 1415 671 esset
1443 631 1717 671 sacrarum

159 718 433 773 litterarum
465 707 827 777 Ecclesiaeque
856 708 958 762 hac
982 707 1049 761 de
1073 721 1133 761 re
1159 706 1439 767 doctrina;
1484 706 1719 761 secundo

161 811 447 862 constanter
476 801 619 854 idem
652 798 705 852 in
734 798 984 854 omnibus
1010 814 1151 868 pene
1188 798 1462 868 operibus,
1494 798 1720 853 diversis

160 897 266 953 licet
293 892 619 963 temporibus
661 891 1006 956 elucubratis,
1042 891 1292 944 nimirum
1330 891 1382 945 in
1431 890 1723 945 Moralibus

162 989 234 1044 lib.
263 1000 416 1040 xxxiv
445 999 595 1038 num.
627 981 733 1047 54,
778 983 830 1036 in
877 982 1143 1053 Dialogis,
1175 990 1231 1037 et
1258 982 1312 1037 in
1358 982 1583 1052 epistola
1608 981 1722 1052 jam

161 1080 366 1145 laudata,
390 1091 511 1147 quae
553 1076 680 1131 huic
704 1074 1185 1130 dissertatiuncula:
1222 1075 1564 1130 occasionem
1587 1090 1724 1143 pras-

162 1173 272 1235 huit,
298 1170 365 1225 ob
392 1183 634 1224 errorem
664 1168 963 1235 legatorum
990 1166 1202 1238 Cyriaci
1228 1168 1283 1221 in
1314 1181 1377 1221 ea
1408 1167 1720 1221 refutatum.

161 1260 398 1315 Ceterum
428 1257 741 1328 Opinionem
772 1257 909 1312 hanc
936 1272 1057 1325 quas
1100 1254 1320 1325 Origeni
1359 1257 1518 1311 tribui
1564 1257 1722 1321 solet,

161 1355 510 1421 impugnarant
551 1350 665 1418 jam
714 1349 1045 1418 Augustinus
1092 1357 1149 1403 et
1194 1348 1422 1404 Basilius
1483 1348 1722 1418 Magnus.

166 1440 317 1512 (Vide
364 1439 455 1493 lib.
504 1454 597 1494 xu
675 1438 738 1493 de
795 1438 945 1493 Civil.
1006 1437 1210 1506 Dei,c.
1262 1454 1338 1505 tl,
1397 1438 1528 1510 Reg.
1588 1448 1724 1495 brev.

163 1538 318 1605 quiest.
346 1528 514 1599 267.)
1356 1566 1357 1569 γ

221 1620 298 1675 l0.
335 1618 488 1686 Quod
534 1619 732 1689 legitur
774 1620 828 1674 in
872 1618 1007 1675 actis
1054 1619 1111 1674 S.
1156 1618 1437 1689 Perpetua:
1486 1618 1726 1691 (Patrol.

163 1720 270 1768 tam.
290 1708 384 1764 III
396 1710 437 1781 ),
461 1710 712 1765 nimirum
735 1710 883 1765 illam
909 1725 1008 1781 pro
1028 1709 1193 1765 fratre
1216 1709 1500 1766 Dinocrate
1521 1725 1725 1778 orasse,

1819 524 1963 577 timet
2009 524 2097 595 qui
2138 525 2252 593 jam
2281 525 2349 577 ad
2375 525 2555 579 castum
2601 527 2824 594 ducitur,
2866 538 2915 582 et
2947 531 3061 599 jam
3104 531 3282 584 limere
3309 547 3411 586 non

1819 612 1923 664 vult
1950 613 2034 681 qui
2064 612 2233 665 adhuc
2256 614 2308 666 in
2339 623 2477 667 terra
2506 618 2870 671 conversatur?
2899 618 3188 687 Perpende,
3215 619 3410 675 dulcis-

1818 700 1951 751 sima
1980 700 2115 768 ﬁlia,
2140 702 2261 771 quia
2302 711 2467 757 mater
2497 704 2826 775 negligentia:
2847 707 2975 761 solet
3004 725 3113 762 esse
3138 711 3411 765 securitas.

1820 788 2030 843 Habere
2054 807 2176 861 ergo
2201 793 2253 845 in
2285 792 2380 846 hac
2408 795 2512 848 vita
2552 812 2657 850 non
2686 796 2835 851 debes
2865 799 3221 864 securitatem,
3253 803 3413 872 276

1821 897 1913 947 per
1932 897 2083 951 quam
2109 884 2373 954 negligens
2400 886 2658 942 reddaris.
2684 888 2946 960 Scriptum
2972 902 3047 945 est
3074 896 3212 947 enim
3240 912 3251 945 :
3280 893 3412 947 Bea-

1833 972 1919 1018 tus
1949 964 2029 1017 vir
2059 965 2149 1034 qui
2173 982 2376 1035 semper
2403 977 2477 1020 est
2491 971 2712 1034 pavidus
2760 972 2940 1039 (Prov.
2974 992 3161 1039 xum,
3190 979 3296 1046 14).
3334 979 3401 1032 Et

1832 1068 2020 1108 rursus
2074 1056 2326 1123 scriptum
2345 1066 2456 1111 est:
2497 1057 2699 1113 Servite
2753 1061 2974 1116 Domino
3014 1067 3069 1117 in
3114 1068 3320 1135 timore,
3350 1080 3399 1124 et

1831 1145 2091 1198 exsultate
2114 1146 2163 1199 ei
2186 1162 2301 1199 cum
2328 1158 2551 1200 tremore
2578 1150 2747 1216 (Psal.
2770 1167 2827 1213 ιι,
2852 1154 2960 1220 ll).
2994 1154 3053 1207 In
3085 1173 3250 1223 pauco
3276 1178 3400 1233 ergo

1829 1238 1985 1305 hujus
2013 1238 2131 1291 vita:
2154 1246 2383 1305 tempore
2413 1248 2634 1292 mentem
2685 1253 2906 1294 vestram
2975 1261 3178 1302 necesse
3208 1264 3287 1306 est
3340 1264 3399 1306 ut

1831 1339 2028 1383 tremor
2051 1339 2243 1395 teneat,
2275 1342 2529 1400 quatenus
2559 1348 2651 1400 per
2668 1335 2969 1388 securitatis
3020 1342 3270 1406 gaudium
3289 1345 3399 1398 sine

1830 1421 1935 1490 ﬁde
1957 1426 2286 1491 postmodum
2311 1424 2535 1477 exsultet
2575 1426 2713 1493 (Lib.
2746 1443 2841 1493 vn,
2866 1442 2948 1497 ep.
2975 1429 3088 1501 25).

1888 1514 2024 1581 Quid
2054 1517 2407 1585 opp'ortunius
2436 1516 2541 1572 hoc
2567 1517 2687 1573 loco
2717 1519 2783 1572 ad
2808 1521 3169 1573 exsulilatntus
3204 1521 3420 1574 larvam:

1829 1601 2109 1671 cujusdam
2142 1605 2357 1674 pietatis
2386 1604 2622 1661 fallacias
2665 1622 2784 1676 qua:
2806 1610 2905 1663 sub
2934 1610 3162 1663 mentito
3189 1613 3421 1680 purioris

1828 1694 2032 1749 amoris
2074 1695 2293 1751 nomine
2338 1711 2552 1752 onmem
2596 1698 2842 1753 timorem
2882 1698 2951 1752 de
2979 1702 3153 1755 salute
3195 1712 3416 1767 acterna,

164 1803 324 1871 sicque
350 1800 525 1870 ipsum
554 1815 585 1854 a
613 1800 788 1871 pmnis
818 1800 1011 1871 quibus
1049 1800 1104 1855 in
1133 1800 1256 1855 loco
1285 1800 1578 1855 tenebroso
1609 1802 1725 1871 ple-
1758 1800 1806 1860 B
1833 1785 2249 1842 sollicitudinem
2297 1804 2513 1844 onniem
2544 1792 2792 1847 excutit?
2838 1789 2895 1846 In
2936 1793 3162 1863 epistola
3204 1796 3418 1864 quidem

164 1891 381 1944 ctebatur
408 1888 684 1953 liberasse,
716 1890 939 1945 minime
965 1889 1111 1944 favet
1138 1889 1383 1959 opinioni
1411 1904 1572 1959 quam
1601 1899 1725 1960 post

166 1978 454 2048 Gregorium
504 1978 895 2048 impugnamus.
932 1977 1131 2034 Probat
1165 1978 1307 2034 enim
1354 1980 1725 2034 tantummodo

166 2080 382 2125 mortuos
434 2070 733 2141 purgatorii
780 2070 1107 2125 cruciatibus
1172 2069 1414 2126 addictos
1462 2070 1532 2126 ob
1585 2070 1725 2125 levia

166 2168 359 2228 peccata
384 2168 507 2229 post
533 2159 858 2230 baptismum
889 2159 1143 2227 admissa,
1169 2174 1327 2230 posse
1350 2158 1583 2214 ﬁdelium
1614 2175 1729 2230 pre.

165 2248 296 2303 cibus
338 2249 401 2303 ab
446 2249 510 2303 iis
549 2249 734 2304 eximi.
775 2247 946 2316 Quam
970 2248 1378 2318 responsionem
1421 2250 1730 2320 suppeditat

163 2340 469 2408 Augustinus
497 2341 590 2397 lib.
621 2357 639 2396 ι
668 2341 735 2396 de
775 2339 994 2410 Origine
1034 2339 1225 2395 animae
1252 2356 1302 2395 c.
1333 2339 1430 2403 10,
1459 2349 1515 2395 et
1544 2340 1637 2395 lib.
1671 2357 1728 2396 ιιι

161 2446 215 2485 c.
245 2432 297 2497 9,
321 2432 407 2487 ubi
452 2433 530 2487 ait
568 2433 908 2489 Dinocratem
952 2441 1175 2503 propter
1216 2441 1441 2503 peccata
1483 2433 1729 2502 quaedam

159 2520 423 2576 commissa
451 2530 576 2593 post
602 2523 928 2593 baptismum
958 2523 1166 2593 aliquas
1202 2523 1486 2593 pertulisse
1515 2538 1726 2594 ptenas.

161 2609 353 2681 Quippe
378 2626 499 2667 cum
522 2612 803 2682 septennis
832 2620 996 2674 esset,
1023 2612 1199 2682 potuit
1232 2612 1478 2679 mentiri,
1504 2622 1598 2667 aut
1620 2613 1728 2669 alio

162 2704 257 2759 levi
297 2706 506 2774 piaculo
556 2706 791 2760 animam
837 2706 1132 2761 maculare.
1185 2704 1341 2772 Quod
1384 2713 1566 2759 autem
1604 2714 1732 2760 ante

162 2801 372 2848 mortem
402 2793 590 2850 fuisset
618 2795 919 2865 baptizatus
970 2796 1157 2865 negari
1203 2794 1423 2864 nequit,
1465 2794 1730 2865 Perpetua

159 2887 264 2957 ipsa
294 2892 521 2941 testante
573 2893 742 2940 totam
794 2885 1051 2940 familiam
1079 2900 1256 2952 suam,
1286 2892 1514 2956 excepto
1542 2894 1695 2954 patre
1714 2925 1731 2953 ,

158 2978 342 3035 Christi
368 2980 600 3036 coluisse
621 2980 957 3051 religionem.

755 3090 985 3147 CAPUT
1027 3091 1119 3147 XI.

1828 1881 1896 1937 ad
1941 1881 2306 1938 Theoctistam
2356 1886 2634 1963 patriciam
2668 1885 2808 1957 (Lib.
2861 1904 2952 1953 vu,
3000 1904 3083 1958 ep.
3113 1887 3205 1959 26)
3252 1930 3268 1956 ,
3302 1904 3419 1959 qua:

1828 1972 2074 2041 proxime
2119 1973 2383 2043 sequitur,
2430 1975 2666 2044 explicat
2716 1976 2773 2031 S.
2826 1977 3026 2034 Doctor
3067 1980 3175 2033 duo
3223 1994 3419 2049 genera

1829 2061 2284 2130 compunCtionis,
2333 2080 2490 2117 unum
2537 2065 2672 2135 quod
2725 2075 2947 2120 ceternas
2994 2083 3172 2137 poenas
3220 2070 3419 2135 metuit,

1828 2149 2055 2205 alterum
2104 2165 2213 2220 quo
2242 2152 2401 2221 longa
2447 2155 2694 2209 maeroris
2736 2155 3019 2211 formidine
3066 2166 3120 2212 et
3148 2159 3421 2213 anxietate

1827 2251 2167 2313 consumpta,
2196 2244 2440 2314 quaedam
2465 2243 2577 2313 jam
2609 2249 2676 2301 de
2702 2248 3119 2317 praesumptione
3148 2250 3317 2303 venue
3342 2264 3421 2304 se-

1828 2333 2028 2388 curitas
2070 2335 2326 2389 nascitur.
2360 2335 2429 2388 At
2476 2336 2565 2391 hic
2592 2345 2765 2393 status
2790 2353 2899 2392 non
2930 2339 3090 2393 exclu
3112 2339 3173 2392 lit
3202 2354 3420 2393 omnem

1830 2426 2019 2480 salutis
2040 2440 2223 2480 curam
2253 2444 2268 2491 ,
2301 2441 2475 2495 neque
2496 2427 2636 2482 enim
2666 2428 2819 2483 adest
2842 2429 2997 2499 plena
3025 2429 3304 2495 securitas,
3327 2428 3421 2483 sed

1830 2517 2103 2583 inchoata,
2138 2533 2245 2573 non
2276 2533 2491 2573 omnem
2519 2519 2795 2589 expellens
2826 2521 3099 2587 timorem,
3132 2520 3225 2574 sed
3258 2520 3418 2575 nimis

1831 2610 2071 2663 anxium.
2104 2608 2225 2665 Hoc
2272 2610 2325 2665 in
2361 2618 2528 2677 statu,
2556 2611 2793 2680 inquam,
2836 2612 3013 2665 anima
3040 2612 3103 2664 de
3142 2609 3422 2665 cwlestibus

1831 2701 2059 2770 prwmiis
2103 2702 2350 2771 suspirat.
2400 2702 2503 2765 Qui
2546 2703 2689 2771 prius
2725 2702 2902 2771 ﬂebat,
2942 2720 3005 2756 ne
3046 2704 3318 2756 duceretur
3351 2702 3421 2754 ad

1830 2791 2140 2860 supplicium
2166 2834 2181 2859 ,
2212 2793 2535 2862 postmodum
2564 2794 2687 2861 flere
2715 2795 3038 2848 amarissime
3074 2793 3273 2863 incipit,
3301 2794 3422 2864 quia

1834 2880 2073 2949 differtur
2101 2898 2134 2934 a
2162 2898 2343 2953 regno.

1903 2970 1957 3025 2.
1988 2970 2068 3025 Ex
2098 2972 2199 3027 hac
2242 2973 2470 3042 epistola
2512 2974 2856 3042 intelligimus
2891 2975 3281 3042 Theoctistam,
3324 2974 3419 3029 im-

1834 3062 2100 3131 peratoris
2128 3077 2393 3127 sororem,
2426 3064 2564 3119 sacri
2594 3064 2742 3119 verbi
2781 3064 3025 3119 ubertate
3054 3064 3268 3134 plenam
3298 3064 3424 3118 fuis-

161 3185 423 3247 AacL'm—
444 3180 495 3247 1,
510 3182 564 3247 S.
579 3182 859 3247 Gregorius
898 3186 949 3232 in
986 3185 1201 3233 moribus
1234 3182 1545 3233 eﬂ'ormandis
1565 3182 1731 3247 doctor
1758 3169 1804 3233 C
1834 3166 1915 3216 set
1958 3153 2023 3247 af!
2050 3161 2253 3247 ίξδιθῗθθ
2298 3153 2855 3247 9³Ῐ¹ἀίδμίηθθ⁵⁸³¹¹ᾲιθ¹
2891 3154 3209 3247 Susl’lfaéseg
3241 3154 3307 3208 ad
3336 3170 3425 3247 mf

217 3246 438 3293 eximius.
465 3245 591 3303 Quid
614 3245 789 3294 doceat
813 3253 976 3295 contra
1000 3247 1195 3294 nimiam
1232 3248 1553 3295 securitatem
1595 3252 1645 3293 et
1666 3246 1732 3293 de

211 3305 386 3366 duplici
417 3308 817 3368 compunctioue.
835 3331 896 3341 —
918 3306 966 3354 it.
988 3305 1283 3368 Theoctistae
1312 3308 1496 3356 sororis
1519 3308 1733 3368 imperas

215 3371 332 3415 toris
356 3366 540 3426 pietas.
558 3394 618 3403 —
642 3368 688 3416 3.
716 3368 765 3418 S.
790 3366 1057 3429 Gregorius
1075 3370 1242 3429 amicis
1265 3370 1479 3429 denegat
1503 3366 1647 3427 Opem
1673 3367 1733 3416 ad

211 3429 473 3477 obtinenda
495 3429 749 3479 secularia
772 3428 942 3478 cilicia.
968 3454 1033 3463 —
1053 3429 1099 3476 4.
1128 3428 1307 3487 Quales
1331 3428 1495 3478 amicis
1518 3441 1733 3477 maeren-

214 3493 343 3539 tibus
366 3491 629 3540 adhiberet
650 3489 1021 3540 consolationes.
1043 3514 1104 3527 —-
1124 3492 1171 3540 5.
1197 3490 1381 3540 Laudat
1410 3489 1557 3539 laicos
1582 3489 1733 3539 divini

212 3552 352 3615 verbi
382 3553 543 3599 cibum
565 3558 864 3615 querentes.
889 3575 951 3615 -ῗ
974 3552 1029 3615 6_._
1046 3551 1340 3615 Ariminensi
1386 3555 1616 3615 episcopo
1656 3554 1734 3600 in-

209 3610 348 3661 ﬁrmo
390 3610 645 3661 successor
662 3613 820 3662 datur.
838 3638 900 3649 ——
920 3614 967 3661 7.
993 3612 1054 3662 Et
1096 3612 1397 3662 Corneliensi
1420 3610 1507 3661 'ob
1550 3612 1733 3672 lapsum

211 3675 422 3736 deiecto.
460 3673 706 3736 Laudatur
750 3688 776 3722 ι
802 3674 955 3736 Greg.
984 3673 1265 3736 Stephanus
1302 3676 1573 3736 episcopus.
1600 3698 1661 3707 —
1684 3674 1731 3721 8.

214 3733 315 3784 Res
336 3735 559 3794 quedam
593 3737 887 3785 monasticae.
910 3733 973 3772 -'—
992 3736 1041 3785 9.
1069 3733 1248 3785 Insula:
1273 3733 1479 3785 (ἰοὶ-εἰοιιὲ
1505 3736 1736 3795 prospicit

211 3808 411 3859 papa.—
449 3798 524 3846 10.
552 3796 781 3855 Quadam
804 3799 867 3846 de
891 3798 1138 3846 servilium
1161 3808 1480 3859 personarum
1507 3795 1736 3858 coniugio

211 3858 556 3909 Observantur.
583 3858 697 3918 (An.
710 3860 821 3909 596.
846 3865 900 3908 et
920 3860 1055 3919 597.)

221 3958 275 4013 l.
313 3958 441 4015 Mox
480 3960 719 4016 vidimus
740 3959 797 4015 S.
828 3959 1167 4031 Gregorium,
1200 3959 1600 4030 Theologorum
1640 3973 1739 4029 op-

158 4048 361 4113 timum,
393 4063 493 4118 pro
542 4048 670 4104 ﬁdei
696 4051 932 4120 puritate
977 4065 1041 4105 ac
1086 4048 1396 4118 integritate
1445 4047 1739 4114 fortissime

158 4135 550 4205 decertantem;
580 4154 723 4193 nunc
750 4139 1005 4195 miremur
1044 4139 1217 4210 ipsum
1247 4146 1502 4208 tanquam
1543 4138 1597 4193 in
1621 4152 1741 4192 mo-

158 4225 297 4283 ribus
316 4226 671 4283 informandis
690 4228 1004 4298 magistrum
1022 4229 1277 4283 eximium
1298 4228 1514 4299 pietatis
1540 4226 1743 4297 perfec-

158 4315 421 4387 tionisque
446 4316 763 4374 Christiana:
802 4319 1218 4389 exquisitissima
1246 4318 1740 4375 subministrantem

160 4407 395 4463 consilia.
446 4406 707 4480 Gregoria
725 4447 739 4471 .
770 4415 1024 4480 Augusta:
1054 4410 1414 4480 cubicularis,
1442 4410 1738 4481 scripserat

162 4498 208 4552 ei
233 4514 291 4554 se
319 4514 597 4568 nunquam
628 4502 696 4556 ab
739 4502 1062 4572 importunis
1090 4504 1340 4573 precibus
1368 4512 1697 4559 cessaturam
1720 4544 1736 4571 ,

162 4589 324 4647 donec
352 4592 423 4646 ab
451 4593 570 4663 ipso
592 4603 743 4649 certo
770 4595 952 4660 sciret,
985 4596 1233 4650 nimirum
1273 4611 1342 4650 ex
1382 4596 1558 4652 divina
1588 4612 1741 4652 reve-

163 4679 378 4751 latione,
406 4693 628 4753 peccata
678 4700 776 4740 sua
806 4701 929 4741 esse
969 4686 1206 4740 dimissa.
1234 4684 1333 4742 Cui
1361 4687 1440 4743 sic
1468 4687 1744 4757 respondit

164 4775 550 4830 modestissime
572 4777 729 4832 simul
754 4793 819 4834 ac
841 4777 1255 4848 prudentissime
1282 4797 1295 4832 :
1322 4778 1450 4834 Rem
1471 4780 1741 4851 difﬁcilem

162 4866 306 4921 etiam
335 4878 385 4921 et
414 4870 650 4923 inutilem
687 4871 980 4941 postulasti.
1024 4870 1311 4943 Difﬁcilem
1352 4874 1584 4944 quidem,
1617 4872 1738 4945 quia

163 4970 247 5026 ego
272 4959 522 5031 indignus
562 4976 678 5015 sum
704 4963 786 5015 cui
816 4962 1058 5016 revelatio
1097 4963 1214 5033 ﬁeri
1256 4962 1453 5017 debeat.
1490 4962 1738 5017 Inutilem

163 5060 287 5111 vero,
302 5052 425 5117 quia
440 5066 624 5104 secura
639 5052 702 5105 de
717 5054 941 5122 peccatis
956 5054 1054 5107 tuis
1073 5054 1185 5123 fieri
1202 5070 1304 5107 non
1321 5053 1491 5117 debes,
1507 5055 1608 5108 nisi
1624 5071 1739 5108 cum

160 5134 263 5204 jam
281 5140 336 5192 in
360 5140 446 5193 die
464 5140 581 5194 vitae
600 5150 701 5195 tua:
720 5142 903 5197 ultimo
926 5144 1172 5215 plangere
1193 5142 1371 5196 eadem
1394 5152 1608 5214 peccata
1634 5144 1739 5196 mi-

165 5226 290 5283 nime
303 5230 517 5285 valebis.
534 5231 664 5295 Qua:
680 5233 787 5287 dies
802 5250 1063 5306 quousque
1083 5237 1251 5289 veniat
1267 5252 1468 5303 semper
1481 5244 1736 5304 suspecta,

164 5334 354 5390 semper
367 5322 575 5392 trepida
598 5333 820 5378 metuere
839 5326 1016 5395 culpas
1029 5327 1199 5390 debes,
1215 5336 1366 5398 atque
1381 5343 1467 5380 eas
1483 5328 1737 5396 quotidia-

166 5408 240 5463 κίε
256 5411 460 5479 ﬂetibus
474 5414 666 5469 lavare.
680 5413 830 5469 Certe
842 5414 1039 5470 Paulus
1053 5418 1314 5487 apostolus
1327 5417 1442 5487 jam
1454 5418 1523 5470 ad
1540 5419 1742 5471 tertium

167 5500 332 5555 celum
354 5503 682 5569 ascenderat,
706 5506 761 5557 in
783 5506 1086 5575 paradisum
1126 5523 1323 5578 quoque
1352 5507 1535 5560 ductus
1558 5508 1747 5578 fuerat,

168 5600 351 5644 arcana
380 5591 532 5645 verba
574 5594 831 5658 audierat,
863 5610 978 5664 qute
1019 5595 1215 5650 homini
1245 5596 1383 5665 loqui
1424 5612 1527 5650 non
1573 5596 1751 5651 liceret

171 5676 262 5750 (11
275 5682 394 5739 Cor.
412 5686 511 5755 xu)
528 5702 542 5752 ;
561 5696 608 5740 et
624 5696 792 5740 tamen
815 5688 981 5741 adhuc
1000 5689 1265 5755 trepidans
1280 5687 1514 5742 dicebat:
1536 5686 1747 5761 Castigo

176 5786 347 5845 (crpus
376 5792 568 5847 meum,
595 5770 853 5834 etscrvitu
865 5779 903 5834 ti
940 5779 1179 5851 subjicio,
1207 5796 1271 5837 ne
1299 5780 1437 5851 forte
1463 5780 1587 5837 aliis
1608 5797 1746 5853 pre-

1834 3241 2206 3310 promissionis
2239 3243 2467 3312 patriam
2501 3243 2643 3297 inter
2672 3244 2841 3298 undas
2869 3244 3053 3299 saeculi
3080 3244 3238 3299 siccis
3265 3245 3425 3299 vestio

1834 3331 1935 3400 giis
1971 3347 2332 3402 properasse;
2372 3335 2622 3389 nimirum
2670 3335 2812 3391 inter
2841 3335 3119 3391 hominum
3169 3336 3426 3391 tumultus

1834 3434 1891 3477 et
1918 3422 1973 3477 in
1998 3423 2115 3493 ipsa
2142 3423 2262 3478 aula
2293 3425 2640 3480 solitudinem
2670 3426 2898 3481 colendo
2924 3444 2938 3494 ;
2965 3425 3109 3497 quod
3135 3442 3234 3497 pro
3264 3426 3426 3480 mira-

1834 3512 1959 3567 culo
1986 3513 2149 3567 habet
2176 3512 2233 3568 S.
2271 3512 2585 3583 Gregorius,
2632 3525 3018 3585 comparataue
3046 3532 3167 3571 cum
3197 3516 3423 3570 filiorum

1834 3603 2002 3658 Israel
2053 3605 2280 3659 transitu
2325 3620 2422 3677 per
2453 3606 2599 3661 Mare
2642 3607 2901 3661 Rubrum.
2944 3606 3204 3661 Piissimae
3251 3607 3425 3661 sorori

1835 3693 2564 3765 nutriendorumiiberorum
2595 3695 2927 3765 provinciam
2972 3694 3194 3748 dederat
3225 3693 3423 3747 Mauri-

1836 3781 1953 3837 cius
1975 3764 2283 3851 Augustus;
2315 3784 2442 3837 hinc
2469 3764 2863 3838 eamhortatur
2890 3799 3025 3853 papa
3056 3792 3116 3837 ut
3140 3784 3260 3838 illos
3285 3785 3427 3853 opti-

1835 3873 1939 3929 mis
1958 3874 2200 3928 moribus
2228 3874 2466 3929 imbuere
2486 3884 2713 3930 conetur
2734 3917 2749 3941 ,
2779 3883 2833 3929 et
2866 3874 3145 3929 eunuchos
3187 3874 3424 3943 ipsorum

1837 3963 2094 4018 custodite
2139 3978 2204 4017 ac
2254 3965 2526 4032 obsequiis
2573 3964 2861 4033 deputatas
2900 3962 3212 4029 admoneat,
3260 3979 3423 4032 quam

1840 4062 2001 4109 caute
2045 4068 2229 4110 coram
2276 4054 2407 4124 ipsis
2446 4054 2594 4124 loqui
2646 4054 2917 4109 debeant:
2957 4052 3124 4107 Verba
3153 4055 3198 4107 si
3228 4053 3427 4124 quidem

1839 4145 2194 4210 nutrientium,
2244 4144 2437 4214 inquit,
2469 4153 2558 4198 aut
2596 4144 2677 4198 lac
2706 4153 2855 4197 erunt
2898 4144 2944 4198 si
2973 4142 3106 4198 bona
3153 4153 3296 4210 sunt,
3339 4153 3429 4198 aut

1840 4249 2090 4287 venenum
2120 4234 2164 4287 si
2192 4234 2352 4287 mala.
2382 4232 2440 4287 lu
2470 4233 2658 4288 eadem
2682 4233 2913 4303 epistola
2941 4233 3230 4302 Gregorius
3249 4241 3430 4288 osten-

1840 4322 1921 4378 dit
1947 4338 2007 4379 se
2033 4322 2101 4378 de
2143 4323 2318 4379 salute
2352 4322 2721 4379 Constantina:
2758 4324 3031 4393 Augustae,
3078 4333 3135 4379 et
3174 4325 3241 4378 de
3269 4324 3433 4395 ipsius

1843 4413 2087 4485 profectu
2116 4414 2169 4469 in
2199 4415 2397 4470 virtute
2427 4415 2752 4471 sollicitum:
2786 4430 2922 4484 quos
2959 4415 3103 4469 enim
3136 4416 3369 4480 amabat,
3401 4431 3435 4470 a

1842 4504 2073 4561 terrenis
2097 4505 2479 4576 cupiditatibus
2507 4506 2844 4572 abstrahere,
2875 4515 2931 4560 et
2959 4507 3013 4561 in
3032 4522 3216 4561 amore
3242 4507 3434 4562 caeles-

1848 4593 1982 4647 tium
2009 4594 2336 4649 succendere
2365 4596 2694 4662 conabatur;
2724 4596 2945 4665 haecque
2972 4604 3130 4650 erant
3156 4595 3274 4664 ejus
3299 4597 3435 4652 ami-

1844 4686 1985 4739 citia:
2012 4686 2253 4756 symbola
2280 4694 2336 4741 et
2360 4696 2697 4756 argumenta.

1915 4772 1969 4830 ὅ.
2000 4776 2265 4845 Andreas,
2306 4777 2387 4831 vir
2412 4778 2745 4833 clarissimus
2767 4820 2783 4845 ,
2814 4777 2931 4847 ejus
2960 4777 3237 4832 familiaris
3261 4819 3277 4844 ,
3307 4793 3435 4846 pos-

1849 4866 2054 4920 tularat
2080 4866 2149 4921 ab
2192 4881 2260 4922 eo
2318 4866 2633 4936 imperatori
2681 4867 3069 4931 commendari,
3123 4865 3192 4920 ad
3219 4868 3436 4936 aliquod

1842 4957 2083 5013 ofﬁcium
2130 4958 2185 5013 in
2232 4957 2510 5027 republica
2555 4957 2908 5014 obtinendum
2933 4998 2949 5023 ,
2982 4958 3126 5026 quod
3153 4958 3436 5013 sanctissi-

1846 5065 1994 5105 mum
2035 5057 2246 5119 patrem
2293 5065 2401 5105 non
2449 5050 2703 5105 mediocri
2751 5065 2983 5106 maerore
3012 5051 3259 5120 perculit.
3291 5050 3438 5107 Mul-

1848 5147 1926 5193 tos
1946 5140 2081 5204 novi,
2106 5139 2280 5208 inquit
2307 5139 2503 5203 amico,
2534 5140 2621 5211 qui
2650 5141 2703 5192 in
2732 5140 2936 5194 servitio
2962 5138 3257 5210 reipublica:
3281 5140 3437 5210 positi

1818 5230 2165 5285 vehementer
2208 5230 2552 5300 afﬂiguntur:
2604 5232 2729 5301 quia
2764 5231 2839 5284 eis
2880 5246 2985 5285 non
3031 5232 3357 5287 licetvacare
3388 5242 3438 5287 et

1847 5331 2060 5393 peccata
2084 5338 2181 5377 sua
2224 5321 2512 5392 plangere;
2550 5330 2599 5376 et
2626 5339 2713 5377 vos
2738 5339 2915 5394 quare,
2966 5324 3155 5390 nescio,
3180 5325 3437 5394 implicari

1851 5415 2197 5470 desideratis?
2226 5414 2389 5468 Multa
2420 5417 2776 5484 prastermitto
2803 5416 2870 5471 de
2887 5416 3077 5472 mundi
3101 5426 3436 5490 contemptu,

1850 5507 2007 5575 digna
2037 5513 2217 5558 tamen
2246 5520 2365 5575 qua:
2392 5504 2638 5570 legantur
2663 5514 2720 5561 et
2742 5507 2886 5561 serio
2912 5508 3112 5564 animis
3132 5508 3434 5582 insculpsit-

1852 5603 1958 5651 tur.
1987 5593 2281 5664 Epistulam
2311 5595 2412 5649 iSIa
2441 5596 2698 5651 claudunt
2722 5614 2733 5649 :
2769 5597 2884 5651 lloc
2911 5598 3082 5669 ipsum
3109 5614 3232 5654 vero
3249 5617 3359 5656 esse
3384 5603 3439 5658 in

1851 5688 2090 5758 obsequio
2112 5687 2331 5757 piissimi
2352 5688 2623 5758 principis,
2649 5700 2843 5758 quanta
2865 5700 2940 5745 est
2959 5692 3142 5746 mentis
3170 5696 3439 5764 occupatio

1851 5787 1907 5841 in
1932 5784 2159 5856 appetitu
2184 5790 2403 5839 terrente
2421 5783 2697 5855 gratiw,et
2718 5794 2940 5857 quantas
2969 5796 3050 5841 est
3067 5785 3220 5840 tintor
3246 5801 3310 5838 ne
3326 5784 3433 5837 haec
