3976 6302
610 312 714 366 έίὶὖ

1093 308 1149 362 S.
1193 305 1516 360 GllEGURll
1555 300 1764 356 MtGNl
1805 301 1986 365 VITA,
2029 296 2116 350 EX
2163 293 2321 350 EJUS
2359 291 2659 349 SCIlIPTlS
2695 285 3088 345 ADORNATA.
3129 283 3257 339 LIB.
3300 282 3390 338 111.
3736 286 3818 340 Oili

605 428 786 484 eadem
823 437 992 498 grana
1039 425 1306 488 perdatur,
1355 423 1400 475 si
1440 421 1624 489 adepta
1671 417 1872 488 fuerit?
1926 413 2193 482 Perpende
2226 417 2253 468 ρ
2296 409 2561 464 cidentem
2604 417 2959 473 revertamur,
3008 403 3096 470 ubi
3132 401 3466 475 potissimum
3507 398 3740 470 vigilabat
3767 404 3822 461 ad

605 540 728 594 ergo
755 537 868 593 qua:
896 535 1042 587 paena
1069 519 1158 579 sit,
1191 524 1297 578 aut,
1331 512 1684 584 prosperitatis
1714 508 1967 571 desiderio
1996 507 2186 576 fatiga-

607 618 652 672 ri
661 659 674 680 ,
704 623 793 668 aut
815 611 1138 666 adversitatis
1167 607 1346 662 timore
1369 618 1656 674 pavescere.
1691 599 1839 654 Unde
1865 598 2032 668 magis
2062 612 2184 648 sua-

605 707 700 760 deo
723 745 738 769 ,
768 712 826 757 ut
854 699 1150 771 magnitudo
1177 705 1341 750 vestra
1387 695 1440 746 in
1480 710 1571 748 suo
1600 692 1863 762 proposito
1905 688 2186 758 quondam,

604 801 660 852 in
689 813 852 868 pauco
892 804 1114 861 tempore
1145 789 1435 844 delectabili
1465 784 1785 855 receptaculo
1815 781 2182 853 peregrinatio-

603 889 872 942 nist'ivere
918 883 1143 940 studeat.
1197 890 1245 950 et
1292 881 1511 950 quietam
1560 895 1621 930 ac
1660 874 1990 944 tranquillam
2031 873 2186 925 o'tam

601 979 808 1041 ducere,
839 975 1004 1029 sacris
1027 949 1329 1027 lectionibus
1360 987 1564 1033 vacare,
1595 967 1819 1022 caelestia
1846 964 1997 1017 verba
2021 961 2187 1016 nudi-

603 1067 703 1122 turi
731 1068 786 1120 in
816 1065 1120 1120 ceternitatis
1143 1079 1317 1116 amore
1342 1079 1396 1115 se
1424 1060 1720 1120 accendere,
1764 1057 1828 1110 de
1866 1056 2080 1109 terrenis
2106 1070 2188 1107 re-

602 1156 694 1212 bus
721 1156 1004 1210 secundum
1025 1157 1158 1208 vires
1199 1153 1334 1206 bona
1361 1170 1518 1222 opera
1549 1167 1721 1220 agere,
1753 1159 1800 1202 et
1830 1163 2040 1218 regnum
2066 1163 2185 1215 perv

602 1257 808 1317 petuum
854 1248 908 1300 in
946 1262 1121 1300 eorum
1164 1243 1580 1297 remuneratione
1606 1256 1834 1309 sperare.
1886 1237 1975 1290 Sic
2016 1245 2186 1288 autem

603 1341 787 1406 vivere,
810 1338 925 1408 jam
946 1337 999 1389 in
1020 1334 1323 1388 wternitatis
1353 1332 1455 1385 vita
1477 1339 1678 1397 partem
1701 1326 1884 1380 habere
1911 1336 2008 1379 est.
2036 1323 2182 1387 llaec,

603 1426 877 1498 magniﬁce
904 1423 1003 1494 ﬁli,
1035 1422 1215 1493 loquor
1239 1463 1254 1488 ,
1281 1421 1400 1487 quia
1432 1419 1646 1470 multum
1675 1426 1720 1468 te
1757 1415 1939 1484 diligo.
1974 1411 2038 1465 Et
2067 1414 2187 1482 quia

603 1519 654 1569 in
693 1514 945 1585 procellas
977 1520 1026 1565 et
1052 1512 1237 1579 ﬂuctus
1264 1506 1451 1564 tendis.
1481 1506 1746 1558 verborum
1787 1518 2016 1555 meorum
2045 1501 2187 1568 funi-

602 1605 693 1658 bus
724 1616 770 1656 te
796 1604 864 1655 ad
894 1604 1035 1655 littus
1074 1614 1284 1661 revoco;
1313 1605 1362 1651 et
1390 1597 1435 1650 si
1465 1595 1752 1648 trahentem
1781 1593 1920 1664 sequi
1946 1592 2183 1652 volueris.

598 1712 714 1768 quae
750 1693 977 1765 pericula
1017 1692 1258 1753 evaseris,
1301 1705 1414 1759 qua:
1441 1687 1634 1755 gaudia
1681 1685 1953 1746 inveneris,
1983 1685 2036 1738 in
2075 1685 2186 1752 ipso

2288 499 2644 555 Ecclesiarum
2683 497 3124 567 gubernationem
3169 490 3455 563 pastoralis
3478 487 3708 557 Gregorii
3730 491 3820 547 sol-

2289 589 2528 644 licitudo.
2560 586 2911 642 Ariminensis
2940 583 3175 638 Ecclesia
3207 582 3297 636 diu
3328 581 3443 635 sine
3471 581 3708 648 erisc0po
3730 579 3822 636 fne-

2289 687 2394 742 rat,
2423 679 2492 732 ob
2523 677 2784 732 infirmam
2813 676 3043 732 Castorii
3089 672 3467 728 valetudinem.
3497 670 3591 734 Qui
3617 687 3724 726 cum
3744 690 3822 744 per

2287 769 2694 836 quadriennium
2746 767 3020 828 abfuisset,
3068 779 3168 819 nee
3202 763 3394 816 melius
3440 763 3675 825 haberet,
3717 763 3820 818 data

2288 861 2494 930 scriptis
2533 860 2911 928 supplicatione
2938 858 3082 927 petiit
3124 872 3155 908 α
3193 870 3350 924 papa.
3380 863 3435 908 ut
3461 854 3574 919 quia
3613 852 3673 904 ad
3709 854 3821 924 ejus-

2289 951 2402 1004 dem
2428 950 2678 1006 Ecclesia:
2708 952 2935 1020 regimen
2958 948 3032 1002 vel
3059 954 3351 1014 susceptum
3401 945 3630 1014 oﬂicium,
3653 961 3734 1012 pro
3751 963 3824 999 ca-

2288 1043 2400 1096 dem
2448 1060 2548 1114 qua
2599 1041 2924 1099 detinebatur
2976 1038 3210 1094 molestia
3257 1052 3529 1106 assurgere
3573 1035 3820 1090 nullatenus

2287 1145 2472 1202 posset,
2509 1133 2752 1188 Ecclesia:
2771 1134 2869 1201 ipsi
2899 1131 3144 1186 ordinare
3171 1129 3464 1197 episconum
3493 1127 3695 1180 deberet.
3720 1125 3821 1195 Ejus

2286 1226 2427 1278 votis
2454 1239 2694 1277 amiuens
2731 1237 2970 1276 summus
2998 1217 3261 1290 pontifex,
3291 1220 3414 1277 auia
3442 1227 3718 1269 cunctarum
3739 1215 3821 1268 Ec-

2287 1313 2562 1365 clesiarum
2589 1313 2641 1365 in
2641 1313 2826 1382 juncta
2853 1327 2966 1366 eum
3008 1306 3372 1362 sollicitudinis
3399 1321 3522 1358 cura
3547 1307 3820 1374 constringe-

2289 1404 2394 1468 bat,
2425 1403 2563 1455 datis
2607 1403 2673 1455 de
2702 1416 2849 1455 more
2878 1397 3162 1468 praeceptis
3194 1395 3398 1451 clerum
3427 1402 3482 1447 et
3508 1393 3734 1462 populum
3771 1394 3821 1448 ad

2291 1492 2594 1560 eligendum
2624 1491 2725 1545 sibi
2765 1489 3058 1543 antistitem
3099 1487 3347 1541 hortatus
3385 1493 3485 1547 est,
3525 1499 3668 1551 quem
3694 1483 3821 1536 Mari-

2291 1585 2452 1638 niano
2496 1581 2792 1638 Ravennati
2819 1577 3235 1636 examinandum
3265 1575 3382 1638 sisti
3406 1573 3567 1630 voluit
3595 1571 3718 1644 (Lib.
3747 1590 3817 1639 vn,

2295 1690 2379 1744 ep.
2418 1674 2524 1738 19).

599 1752 782 1862 quietis
819 1796 919 1839 tua:
944 1785 1118 1840 littore
1143 1752 1344 1853 positus
1373 1752 1619 1851 agnosces
1653 1776 1793 1847 (Lib.
1824 1792 1915 1839 vn,
1956 1791 2036 1846 ep.
2069 1773 2105 1826 2
2141 1773 2181 1844 ).
2220 1779 2266 1839 Β
2363 1764 2416 1816 7.
2445 1762 2606 1817 Paulo
2638 1770 2759 1830 post
2780 1761 2846 1815 ad
2885 1759 3131 1814 eumdem
3163 1755 3515 1812 Marinianum
3543 1752 3749 1821 scripsit,
3776 1761 3820 1807 ut

667 1876 720 1931 ι.
751 1874 977 1943 Quando
1009 1871 1307 1927 amicorum
1338 1869 1549 1924 animos
1577 1867 1824 1923 fatiscere
1853 1865 1952 1920 sub
1993 1878 2190 1918 uarum-

597 1981 788 2022 narum
815 1963 1057 2036 pondere
1089 1962 1432 2027 observabat,
1462 1959 1660 2014 litteris
1688 1956 2067 2014 consolatoriis
2095 1969 2190 2010 eos

600 2057 842 2126 erigebat
873 2093 889 2119 ,
919 2053 1008 2110 vel
1034 2055 1150 2124 ipsa
1177 2052 1337 2106 animi
1365 2051 1733 2119 magnitudine
1758 2063 1866 2118 qua
1895 2063 2057 2118 supra
2084 2047 2188 2102 huc

603 2161 760 2202 mana
788 2145 967 2202 omnia
996 2145 1049 2198 in
1089 2144 1152 2198 iis
1191 2142 1430 2197 eminere
1453 2139 1756 2196 videbatur.
1787 2139 1864 2194 De
1895 2137 2187 2194 amicarum

604 2246 910 2292 nostrorum
967 2234 1191 2298 liberis,
1241 2239 1337 2286 aut
1393 2231 1568 2300 aliqua
1617 2229 1825 2284 ratione
1875 2227 2191 2298 prepinquis

605 2336 778 2382 morte
806 2325 1086 2396 prmreptis
1130 2326 1446 2390 immatura,
1493 2321 1728 2376 solemus
1757 2319 1980 2386 dolere;
2030 2319 2190 2387 idque

604 2418 671 2472 de
709 2431 895 2471 eorum
926 2414 1216 2473 amissione
1265 2413 1568 2481 lugentibus
1596 2409 1916 2480 signiﬁcare.
1947 2410 2015 2463 At
2057 2407 2190 2464 Gre-

605 2498 786 2574 gorius
811 2504 887 2558 nil
918 2503 1134 2558 humani
1163 2503 1400 2572 sapiens,
1432 2502 1498 2555 ad
1526 2500 1794 2554 Andream
1825 2499 2060 2554 amicitia
2088 2498 2189 2552 sibi

605 2593 1100 2664 coniunctissimum
1147 2593 1373 2649 scribit:
1425 2591 1577 2656 Quod
1617 2589 2190 2644 domna'Constantina

602 2687 894 2742 clarissima
922 2685 1115 2756 puella,
1144 2685 1444 2754 priusquam
1473 2684 1680 2748 nuptias
1710 2684 1924 2753 faceret,
1949 2678 2013 2732 ab
2040 2679 2190 2750 hujus

554 2779 556 2783 ’
603 2779 780 2832 rutundi
808 2776 1062 2832 illecebris
1088 2785 1166 2830 est
1209 2784 1386 2846 erepta
1405 2815 1420 2840 ,
1451 2775 1769 2828 vehementer
1796 2773 1997 2826 exsulto
2045 2771 2186 2844 (Lib.

606 2884 697 2937 vn,
725 2884 808 2938 ep.
847 2865 962 2937 29).
995 2865 1061 2920 Et
1085 2866 1155 2920 ad
1184 2865 1405 2920 Narsam
1435 2883 1447 2918 :
1501 2865 1606 2919 Per
1643 2865 1838 2934 scripta
1863 2874 2034 2920 vestra
2061 2864 2189 2918 mihi

606 2961 882 3014 transitum
909 2959 1112 3013 damna:
1152 2957 1392 3029 Esycbia:
1428 2959 1749 3022 nuntiastis;
1789 2963 1838 3010 et
1883 2971 2072 3026 magna
2100 2973 2191 3009 ex-

605 3051 883 3105 sultatione
911 3051 1115 3121 gauisus
1131 3065 1243 3103 sum
1266 3087 1281 3112 ,
1312 3050 1434 3120 quia
1461 3049 1555 3102 illa
1583 3049 1717 3102 bona
1743 3047 1921 3101 anima
1949 3047 2018 3099 ad
2041 3061 2187 3098 suam

2292 1857 2506 1926 dejecto
2558 1874 2624 1912 ex
2663 1855 3026 1913 Corneliensis
3054 1853 3313 1914 Ecclesiae
3358 1849 3486 1906 sede
3531 1849 3757 1918 episcopo
3781 1848 3821 1904 in

2293 1950 2451 2022 277
2492 1947 2692 2004 Crimen
2726 1947 2898 2018 lapso,
2931 1945 2984 2000 in
3016 1945 3132 2012 ejus
3173 1944 3350 1998 locum
3381 1941 3510 1994 alius
3538 1937 3824 1993 ordinaretur

2290 2042 2578 2112 episcopus
2603 2058 2617 2106 ;
2645 2039 2768 2110 quia
2800 2055 2900 2094 nec
2924 2040 3073 2108 lapso
3100 2052 3226 2110 spes
3255 2035 3360 2089 ulla
3383 2046 3647 2104 superesse
3676 2039 3819 2098 poser

2291 2135 2356 2188 ad
2411 2133 2691 2204 pristinam
2740 2130 3004 2186 redeundi
3053 2128 3394 2196 dignitatem.
3437 2139 3532 2181 nec
3573 2123 3696 2178 ultra
3737 2130 3820 2176 tres

2277 2240 2501 2280 -mense~
2535 2222 2830 2278 Ecclesiam
2862 2236 3051 2276 vacare
3078 2219 3218 2275 sacri
3250 2217 3610 2288 permitterent
3635 2213 3658 2252 δ
3685 2229 3818 2268 cano-

2295 2331 2392 2369 nes
2431 2312 2670 2385 (Lib.vn,
2701 2330 2781 2380 ep.
2815 2311 2925 2375 41).
2959 2310 3096 2365 Dum
3143 2324 3274 2364 vero
3304 2307 3434 2374 legis
3473 2319 3623 2374 supra
3654 2301 3818 2370 Grego-

2293 2407 2432 2460 rium
2483 2415 2706 2460 cunctas
2734 2403 2787 2460 in
2837 2402 3105 2458 ECCleriaS
3151 2398 3524 2457 sollicitudinis
3558 2410 3719 2451 curam
3743 2395 3819 2448 sibi

2289 2499 2528 2552 tribuere
2552 2535 2577 2559 ,
2619 2511 2686 2550 ne
2715 2495 3006 2564 suSpiceris
3037 2495 3212 2564 ipsum
3248 2492 3384 2546 ultra
3414 2489 3616 2544 modum
3642 2487 3820 2556 pontiﬁ-

2291 2602 2428 2641 crant
2475 2588 2761 2657 protulisse
2803 2596 3145 2656 potestatem,
3178 2585 3324 2655 quod
3353 2583 3419 2637 ab
3462 2581 3570 2648 ejus
3607 2578 3821 2634 modestia

2293 2689 2349 2734 et
2379 2682 2542 2735 animi
2593 2681 2918 2736 demissione
2945 2694 3167 2750 prorsus
3208 2678 3351 2730 abbo
3381 2676 3548 2729 rebat.
3583 2670 3722 2726 Certe
3752 2670 3820 2736 qui

2293 2769 2396 2823 150
2426 2769 2648 2826 circiter
2673 2769 2830 2824 annis
2856 2777 2987 2822 ante
3013 2768 3190 2836 ipsum
3220 2765 3378 2830 sedit,
3411 2764 3512 2819 Leo
3539 2761 3749 2828 Magnus,
3769 2757 3820 2811 ad

2293 2874 2380 2928 ep.
2414 2857 2799 2914 Thessalonice
2824 2873 2952 2912 xsem
2991 2857 3237 2911 scribens
3268 2856 3368 2927 (ep.
3404 2869 3473 2907 xu
3495 2893 3510 2917 ,
3551 2868 3594 2905 ο.
3627 2850 3673 2917 1)
3715 2858 3762 2902 ut
3783 2846 3820 2900 ei

2292 2949 2436 3004 vices
2464 2966 2588 3004 suas
2625 2950 2879 3004 committi
2903 2957 3007 3012 ret,
3048 2948 3124 3002 ait
3159 2962 3286 3002 eum
3328 2948 3379 2999 in
3419 2954 3601 3014 portent
3634 2947 3818 2994 uocatum

2291 3057 2403 3094 esse
2449 3039 2832 3097 sollicitudinis.
2887 3055 2991 3094 non
3047 3038 3104 3094 in
3155 3038 3245 3107 ple
3281 3036 3520 3090 itudinem
3567 3029 3817 3101 potestatis;

604 3139 826 3209 patriam
845 3140 1092 3209 pervenit,
1107 3154 1221 3210 qua:
1239 3139 1293 3192 in
1309 3139 1483 3208 patria
1510 3135 1781 3191 laborabat
1805 3135 1974 3190 aliena
1994 3134 2180 3204 (Ibid.,
2212 3133 2257 3195 (ζ
2287 3144 2448 3200 quam
2479 3129 2704 3198 proinde
2733 3128 2833 3182 sibi
2871 3127 3157 3181 vendicare
3196 3141 3306 3179 non
3336 3121 3617 3178 dubitabat.

605 3247 686 3296 rp.
713 3228 827 3299 50).
858 3227 1090 3287 Noverat
1114 3227 1338 3283 fortasse
1363 3226 1505 3280 haud
1534 3228 1800 3292 ingratum
1834 3224 1946 3278 lore
1973 3224 2077 3276 hoc
2101 3238 2186 3290 ge-

606 3331 709 3371 nus
737 3315 1144 3383 consolationis,
1173 3315 1356 3372 Nar-sa:
1384 3316 1498 3369 viro
1529 3315 1769 3384 religioso
1800 3314 1900 3379 (sic
1945 3313 2187 3386 appella-

606 3421 693 3465 tur
721 3409 774 3463 in
804 3408 1046 3477 epistolae
1073 3407 1445 3478 inscriptione)
1476 3407 1566 3477 qui
1597 3421 1718 3461 cum
1749 3403 1988 3474 patricia:
2017 3405 2188 3473 digni-

605 3498 732 3552 tatis
758 3505 921 3562 esset,
951 3508 1010 3552 ut
1059 3514 1127 3554 ex
1167 3513 1252 3568 ep.
1307 3496 1379 3552 52
1406 3497 1498 3551 lib.
1549 3512 1602 3552 tv
1650 3496 1937 3564 colligitur,
1990 3495 2187 3549 sarculo

605 3590 849 3644 nuntium
872 3598 998 3645 tunc
1012 3590 1522 3654 remisisseividetur.
1556 3598 1610 3642 et
1629 3587 1944 3656 quibusdam
1968 3601 2184 3639 monas-

605 3678 751 3732 teriis
780 3677 1074 3748 prazfuisse.
1107 3677 1239 3732 Filia
1269 3677 1384 3746 ejus
1413 3678 1711 3741 Dominicu,
1743 3677 1894 3744 virgo
1936 3675 2188 3730 doctissi-

603 3783 708 3831 ma,
740 3783 860 3837 quae
899 3767 1087 3822 Latina
1114 3784 1236 3823 cum
1265 3777 1426 3833 esset,
1459 3766 1643 3822 Grmce
1673 3774 1853 3819 tamen
1901 3763 2188 3829 scribebat,

601 3857 778 3912 aulam
803 3875 1018 3928 quoque
1047 3859 1251 3926 fugiens
1273 3899 1288 3924 ,
1321 3858 1705 3914 monasterium
1728 3856 1963 3923 ingressa
1992 3855 2186 3915 fuerat,

604 3951 786 4020 ibique
824 3958 1008 4020 postea
1054 3951 1192 4004 facta
1240 3950 1544 4020 praeposita.
1596 3949 1725 4014 Quae
1772 3948 1839 4002 de
1888 3945 2188 4009 Dmninica,

605 4044 658 4097 in
700 4039 898 4095 Graecis
945 4041 1134 4094 littvris
1178 4039 1388 4096 erudita
1419 4038 1649 4093 diximus
1705 4053 1770 4091 eo
1801 4042 1971 4104 mags
2001 4036 2184 4090 mirari

605 4131 881 4193 debemus,
904 4131 1046 4197 quod
1063 4130 1119 4184 S.
1151 4129 1440 4197 Gregorius
1467 4129 1533 4182 ad
1563 4128 1802 4196 ejusdem
1827 4134 2032 4196 patrem
2060 4127 2194 4185 scri-

606 4227 760 4290 bens,
805 4235 1012 4282 asa-rat
1053 4235 1179 4278 tunc
1219 4241 1324 4278 non
1357 4224 1516 4278 luisse
1544 4221 1864 4278 Constantia
1905 4221 2010 4288 poli
2062 4220 2193 4273 s:tis

606 4317 793 4371 docto<
835 4298 1184 4384 interpretes,
1215 4318 1300 4387 qui
1348 4317 1411 4370 de
1438 4315 1617 4369 erco
1664 4318 1718 4368 in
1763 4313 2017 4375 Latinum
2049 4319 2098 4365 et
2129 4310 2194 4363 de

614 4407 796 4462 Latino
823 4407 874 4460 in
904 4405 1137 4461 Graecum
1158 4408 1350 4461 dictata
1376 4407 1501 4461 bene
1532 4408 1914 4478 transp-nent?
1947 4403 2190 4474 (Lib.vn,

608 4515 690 4568 ep.
724 4498 839 4567 5‘.)

678 4593 732 4648 5.
766 4593 1042 4647 Laudabat
1071 4593 1304 4647 maxime
1332 4591 1390 4647 S.
1422 4589 1715 4658 Gregorius
1744 4589 1789 4643 si
1819 4589 1998 4653 annei,
2029 4586 2188 4640 etiam

612 4693 637 4720 ιι
683 4682 824 4745 laici,
877 4684 928 4736 in
975 4683 1142 4737 verbo
1189 4682 1372 4736 divino
1411 4681 1662 4736 solatium
1693 4687 1748 4734 et
1783 4679 1974 4732 animm
2013 4679 2190 4733 cibum

607 4782 930 4844 qumrerent.
963 4773 1017 4827 ld
1048 4774 1386 4842 potissimum
1417 4773 1585 4841 liquet
1613 4789 1680 4826 ex
1702 4770 1929 4841 epistola
1960 4771 2064 4825 hoc
2094 4787 2188 4823 an-

611 4882 680 4920 no
721 4865 790 4919 ad
833 4864 1150 4936 Dynamium
1205 4874 1264 4920 et
1290 4865 1560 4920 Aureliam
1604 4862 1788 4918 Gallos
1825 4862 2020 4931 scripta
2055 4861 2191 4932 (Lib.

611 4974 699 5023 vn,
729 4974 812 5028 ep.
845 4958 956 5027 '56),
1000 4958 1090 5013 ubi
1130 4959 1208 5013 eis
1233 4957 1553 5026 gratulatur,
1587 4955 1710 5018 quia
1738 4969 1907 5009 saeue
1946 4953 2195 5008 lectionis

611 5052 806 5120 pabula
835 5053 1183 5121 quaerebant;
1216 5052 1502 5119 subditque
1547 5050 1805 5119 optimam
1831 5045 1987 5115 hujus
2015 5043 2190 5100 Evan-

611 5141 794 5209 geliczc
821 5142 1101 5196 sententia:
1129 5141 1524 5208 espositionem
1554 5157 1566 5192 :
1602 5139 1785 5193 Omnis
1831 5137 1918 5208 qui
1951 5137 2077 5205 petit
2104 5151 2192 5188 ac-

611 5232 774 5299 cipit,
827 5240 878 5287 et
919 5234 1004 5303 qui
1048 5234 1231 5304 quatrit
1284 5233 1498 5298 ittvenit,
1545 5240 1594 5284 et
1646 5228 1876 5299 pulsanti
1930 5229 2192 5293 aperietur

612 5318 826 5390 (Matth.
859 5338 951 5387 vn,
993 5320 1067 5391 8).
1106 5321 1350 5375 I’etantus
1371 5359 1386 5384 ,
1419 5318 1611 5388 inquit,
1639 5316 1837 5371 orando
1860 5355 1877 5381 ,
1905 5330 2193 5384 quaeramus

612 5412 846 5483 legendo,
876 5415 1133 5484 pulsemus
1174 5413 1436 5483 c-perando
1477 5409 1626 5480 (Luc.
1661 5407 1872 5479 “12).
1906 5406 1976 5460 At
2021 5405 2088 5461 de
2113 5404 2195 5458 bis

613 5503 779 5563 satis;
810 5505 878 5559 ad
903 5505 1006 5561 a‘ia
1035 5514 1394 5559 transeamus.

683 5591 738 5648 ὃ.
771 5591 900 5648 Post
917 5593 1173 5649 diutinazn
1203 5594 1254 5648 in
1280 5592 1499 5648 Oriente
1529 5607 1734 5647 moram
1769 5591 1980 5654 factam,
2014 5591 2070 5645 in
2095 5590 2196 5644 0c-

689 5754 716 5782 ~‘-
745 5742 878 5802 Vide
906 5759 1064 5817 supra
1095 5744 1192 5818 Ep.
1218 5745 1306 5815 “'26,
1341 5755 1394 5802 et
1423 5745 1557 5801 infra
1591 5744 1681 5798 lib.
1714 5757 1788 5814 si,
1818 5743 1912 5814 Ep.
1948 5742 2033 5796 78.

2364 3220 2826 3287 Quemadmodum
2848 3218 3139 3286 Gregorius
3161 3218 3446 3285 episcopos
3465 3211 3548 3279 qui
3571 3207 3725 3266 ollicio
3744 3221 3818 3262 suo

2289 3311 2534 3375 deerant,
2570 3310 2742 3378 dignis
2771 3309 2946 3379 pmnis
2965 3307 3256 3368 alliciebat,
3287 3308 3360 3360 ita
3385 3305 3604 3374 optimos
3619 3307 3776 3367 pastor
3801 3311 3818 3350 ς

2291 3401 2484 3456 debitis
2531 3400 2776 3455 laudibus
2824 3409 2879 3456 et
2917 3415 3148 3470 praemiis
3185 3411 3530 3456 remunerare
3571 3391 3816 3460 satagebat.

2293 3493 2634 3560 Quapmpter
2680 3490 3012 3560 Stephanum
3060 3491 3377 3560 episcopum
3425 3487 3646 3555 impense
3679 3475 3819 3532 laudat

2293 3581 2437 3650 quod
2466 3581 2680 3636 assidua
2713 3581 3090 3650 prxdicatione
3120 3580 3345 3641 Mariam
3376 3576 3635 3649 patriciam
3661 3570 3720 3626 ah
3734 3568 3819 3624 hae

2296 3674 2400 3727 resi
2429 3681 2522 3727 aut
2545 3672 2836 3727 schismate
2857 3671 3197 3727 ad—Ecclesiaa
3218 3673 3395 3726 sinum
3417 3664 3679 3727 revocarit,
3701 3659 3819 3710 alios-

2295 3779 2402 3834 que
2431 3780 2540 3822 non
2590 3779 2794 3834 paucos
2847 3762 2984 3834 (Lib.
3018 3779 3111 3829 vn,
3155 3779 3245 3834 ep.
3294 3762 3373 3830 8).
3405 3759 3479 3813 Ex
3517 3759 3613 3815 hoc
3639 3750 3820 3806 fortasse

2299 3869 2523 3908 numero
2550 3862 2669 3908 erat
2713 3854 2992 3909 Dnminica
3016 3854 3253 3924 gloriosa
3296 3852 3506 3914 femina,
3533 3842 3730 3902 Joannis
3749 3852 3820 3890 cu-

2291 3943 2510 4010 jusdam
2560 3960 2697 4002 uxor
2740 3944 3002 4012 Gregorio
3041 3945 3214 4002 intimi
3244 3965 3259 4010 ;
3291 3944 3356 4002 ad
3384 3955 3535 4012 quem
3561 3930 3748 4001 scripsit
3778 3939 3821 3979 se

2299 4049 2406 4090 non
2437 4051 2523 4092 tuo
2548 4037 2808 4092 diocriter
2857 4037 3113 4098 lanatum.
3161 4054 3287 4094 cum
3324 4036 3486 4106 ipsam
3537 4021 3821 4095 cognatis“

2300 4125 2489 4181 unitati
2520 4123 2776 4182 Ecclesiae
2801 4127 3058 4184 sociatam
3085 4126 3276 4197 (Ibid.,
3305 4142 3386 4195 ep.
3409 4122 3518 4190 57)-

2369 4215 2422 4269 8.
2458 4214 2527 4270 Ut
2553 4231 2640 4272 res
2665 4219 2991 4273 manasticas
3022 4217 3260 4275 breviter
3287 4214 3618 4279 attingamus,
3639 4204 3731 4258 hoc
3747 4210 3822 4250 sn-

2298 4309 2534 4375 "Q'Papa
2565 4307 2852 4376 Privilegiis
2879 4306 3101 4362 donavit
3143 4301 3518 4360 monasterium
3547 4293 3600 4347 S.
3627 4281 3820 4344 Cassiani

2299 4398 2441 4465 apud
2490 4395 2777 4451 Massiliam
2807 4395 2891 4452 eui
2938 4405 3167 4466 prmerat
3209 4395 3487 4461 Bestiam“
3519 4385 3588 4440 De
3613 4381 3819 4466 1'09"“?-

2227 4506 2276 4565 ι)
2304 4486 2539 4542 nasterio
2582 4486 2804 4542 consule
2848 4459 3005 4542 antas
3033 4485 3098 4540 ad
3145 4459 3428 4555 epistolam
3456 4477 3564 4531 haec
3591 4459 3817 4540 privilegia

2299 4579 2662 4635 continentem
2695 4577 2833 4648 (Lib.
2860 4594 2951 4642 vn,
2983 4595 3064 4647 ep.
3102 4575 3210 4644 12).
3585 4647 3626 4653 __
3705 4641 3714 4653 ο

2371 4668 2426 4724 In
2456 4669 2559 4724 alia
2581 4647 2806 4738 epistola
2832 4666 2970 4738 (Lib.
3003 4683 3071 4721 vu
3097 4706 3114 4732 ,
3144 4683 3226 4735 ep.
3251 4663 3337 4733 18)
3355 4659 3566 4728 tegimus
3584 4647 3819 4703 Martinum

2299 4760 2583 4829 quemdam
2631 4758 2914 4814 diaconum
2944 4765 2999 4811 et
3028 4757 3203 4810 abbat.
3227 4772 3301 4818 ιη,
3345 4751 3412 4805 de
3437 4760 3540 4814 quo
3565 4740 3716 4805 aliqua
3750 4743 3820 4797 pa-

2300 4870 2380 4922 pae
2418 4857 2624 4927 fueram
2648 4853 2889 4908 nuntiata
2912 4891 2927 4915 ,
2955 4866 3070 4921 qua?
3095 4849 3247 4919 ofﬁcii
3274 4847 3384 4917 ejuS
3415 4833 3820 4927 ΡνοΡῨδξωηλῗῗ

2300 4945 2474 5000 leriter
2487 4943 2831 5007 macularent,
2857 4956 2955 4995 nec
2976 4948 3155 4994 tamen
3175 4935 3359 4992 sedula
3379 4920 3695 4996 inquisitione
3711 4910 3821 5050 [arcella

2404 5037 2414 5050 ¹
2502 5036 2513 5046 ’
2618 5043 2630 5050 ‘
2691 5049 2694 5050 ν
2790 5041 2823 5050 ν·
2888 5049 2895 5050 ί
2932 5047 2946 5050 λ
2990 5047 3031 5050 -»
3059 5046 3078 5050 -
3122 5029 3178 5050 -ιι
3211 5029 3272 5050 :2-
3303 5016 3528 5050 ,ηωηςηῖη
3552 5014 3740 5050 romane
3807 5029 3820 5050 ,

3687 5014 3820 5055 nerelt

2302 5036 2514 5105 probari
2541 5041 2852 5098 potuerant,
2885 5047 2953 5089 ne
2981 5046 3086 5100 qua
3116 5029 3182 5083 de
3211 5029 3276 5084 iis
3302 5016 3528 5089 suspiCiO
3551 5016 3820 5100 “minare?

2302 5129 2363 5150 ...ι
2409 5103 2823 5150 -.........:....:.........
2858 5121 3000 5150 ιιηηιι
3037 5119 3175 5150 θοι-οἱ
3220 5109 3573 5150 ηηηειιιιοι-ιιηι
3613 5093 3822 5150 ιπιηοιριε

3690 5107 3798 5137 “Cll”

2300 5129 2365 5179 ad
2409 5124 2824 5178 sacratissimum
2858 5121 3003 5176 beati
3035 5119 3176 5172 Petri
3217 5109 3576 5192 apostolorum
3613 5106 3690 5192 tm.

2300 5231 2495 5286 corpus
2534 5215 2770 5268 districta
2799 5221 3127 5266 sacramenta
3155 5206 3450 5280 pm’lmisse,
3479 5188 3821 5290 quibusinst

2284 5321 2410 5381 (tem
2431 5325 2492 5368 se
2521 5315 2809 5364 assereret.
2835 5276 3173 5376 Quapropter
3196 5320 3316 5359 eum
3343 5290 3561 5352 absolvit
3581 5283 3632 5340 S.
3655 5276 3822 5335 Greﬁo‘

2303 5401 2413 5454 rius
2441 5410 2495 5454 et
2517 5413 2615 5452 suo
2645 5397 2764 5452 loco
2788 5397 3038 5452 restituit.

2374 5487 2614 5559 Epistola
2636 5486 2708 5541 '52
2728 5485 2936 5556 scripta
2951 5495 3035 5542 est
3052 5487 3116 5540 ad
3142 5477 3470 5538 Anastasium

2303 5542 2462 5651 (Ιυθιῖὶ
2493 5579 2674 5635 multis
2701 5589 2756 5634 et
2787 5542 3055 5648 praeclaris
3082 5574 3368 5631 virtutibus
3410 5565 3643 5620 ornatum
3666 5542 3819 5606 dell"?

2307 5785 2352 5840 Β
2378 5714 2400 5751 δ
2429 5711 2502 5768 Ex
2534 5728 2651 5768 can.
2686 5709 2753 5767 9.5
2775 5709 3101 5768 Chalcedon.
3136 5709 3187 5764 in
3219 5703 3400 5763 codice
3428 5691 3674 5749 canonum
3703 5656 3818 5722 Βοάο

2356 5799 2446 5840 om

2356 5799 2446 5841 om
