3976 6296
142 292 233 344 ωε

140 408 237 476 git;
266 400 524 467 vituperat
545 403 726 449 tamen
756 393 827 449 ob
850 393 1103 448 ducatum
1128 393 1178 445 in
1204 391 1534 446 monasterio
1555 389 1697 458 quod
1730 387 1776 444 A

143 492 411 551 vocabatur
458 483 596 539 Neas
624 493 994 552 assumptum,
1043 483 1188 551 quod
1230 483 1333 538 hoc
1357 483 1409 537 in
1453 481 1702 536 ctenobio

145 584 284 635 multa
304 577 393 631 sub
421 574 713 630 sanctitatis
744 574 917 629 habitu
940 574 1213 629 saecularia
1237 581 1531 644 agerentur.
1564 569 1704 626 Hor-

147 685 269 730 tatur
297 680 475 727 autem
521 671 672 726 illmn
704 670 771 726 ad
814 672 1212 725 contentionem
1244 685 1362 738 quae
1393 669 1532 721 inter
1561 666 1706 734 ejus-

147 768 250 820 dem
270 763 572 819 monasterii
596 772 827 832 patrem,
857 771 911 817 et
932 763 1095 816 Amos
1121 760 1577 831 Jerosolymorum
1612 773 1707 826 pa-

151 857 416 913 triarchatn
468 863 661 909 exorta
690 864 825 917 erat,
863 853 1154 908 tollendam
1184 862 1239 907 et
1261 849 1706 920 compomndam.

206 947 383 1014 Magna
430 952 547 1000 erat
576 945 858 999 altercatio
907 945 1049 997 inter
1093 942 1382 997 Caesarium
1410 981 1424 1005 ,
1463 941 1710 993 abbatem

152 1037 438 1091 monasterii
470 1036 643 1089 sancti
677 1033 816 1090 Petri
851 1034 989 1099 apud
1023 1034 1199 1101 Baias.
1231 1040 1286 1084 et
1311 1028 1713 1087 Joannem..ab—

152 1131 307 1183 hatcm
335 1124 392 1181 S.
442 1125 648 1189 Lucire,
697 1125 746 1178 itt
778 1124 1110 1194 Syraciisana
1143 1123 1272 1177 urbe
1298 1140 1311 1185 ;
1356 1124 1423 1175 de
1450 1136 1552 1190 qua
1583 1119 1713 1171 divi-

154 1217 319 1271 menda
349 1216 644 1283 Gregoius
691 1214 755 1266 ad
801 1212 1061 1267 Joannem
1099 1214 1352 1278 Syracus.
1405 1209 1714 1278 episcopum

153 1308 341 1372 scripsit
368 1304 509 1367 (Lib.
544 1320 634 1369 vn,
666 1321 746 1373 ep.
779 1302 868 1369 59)
899 1344 914 1367 ,
945 1316 1140 1369 rogans
1170 1309 1227 1355 ut
1255 1301 1368 1369 ipse
1398 1314 1516 1353 cum
1547 1297 1721 1351 Fanti-

158 1416 212 1455 n0
253 1395 557 1460 defensore,
605 1396 846 1449 adhibito
892 1406 1099 1447 Joanne
1151 1392 1518 1459 agrim-nsore
1583 1390 1721 1457 (erat

156 1490 277 1542 enim
314 1487 543 1555 quiestio
571 1485 639 1539 de
680 1483 895 1555 ﬁnibus)
943 1484 1245 1547 accederet,
1294 1497 1358 1536 ac
1398 1480 1721 1536 sententiam

157 1580 301 1635 ferret
325 1596 337 1631 :
372 1576 459 1631 Ne
482 1576 838 1646 religiosorum
864 1574 1088 1627 virorum
1112 1574 1271 1627 corda
1298 1571 1620 1626 swcularimn
1646 1586 1727 1623 re-

158 1690 254 1725 rum
280 1673 494 1725 intentio
530 1686 563 1724 a
602 1678 779 1722 mutua
825 1668 1144 1737 disjungeret
1182 1666 1457 1719 cliaritate.
1491 1664 1566 1717 De
1612 1676 1725 1716 ser-

601 281 658 337 S.
703 277 1031 334 GREGORII
1072 278 1281 333 MAGNI
1327 278 1507 339 Vl'l‘A,
1552 273 1642 328 EX
1686 269 1843 326 Ε]υὸ
1884 269 2183 326 SCRIPTlS
2224 267 2616 325 ADORNATA.
2665 266 2788 322 LIB.
2836 265 2919 321 Ill.

3278 262 3383 320 406

1866 386 1912 434 5.
1936 384 2139 434 Moritur
2163 383 2460 432 Anastasius.
2488 380 2602 441 Ejus
2638 391 2892 429 successor
2916 380 2976 426 ad
3012 379 3065 441 S.
3094 378 3387 437 Gregoﬁum

1867 448 2055 494 scribit.
2098 444 2453 495 Haereticorum
2492 439 2655 491 falsam
2683 441 2860 501 Ephesi
2901 439 3133 501 synodum
3163 449 3251 498 pro
3274 450 3387 501 vera

1868 508 2229 557 obtrudentium
2268 505 2488 553 fraudem
2510 518 2570 551 ex
2600 498 2857 552 veteribus
2891 498 3029 551 codd.
3061 498 3392 559 detegendam

1872 578 2045 619 censet
2065 570 2116 618 S.
2138 567 2337 617 Doctor.
2356 593 2416 603 —
2439 569 2487 614 6.
2518 563 2716 626 Eulogio
2741 562 3075 626 Alexandrino
3098 558 3390 626 gratulatur.

1870 656 1931 666 —
1950 632 1995 678 7.
2024 631 2101 680 De
2127 630 2453 691 Martyrologii
2479 626 2613 691 llum.
2638 621 2958 691 antiquitate.
2986 624 3163 691 Opinio
3188 621 3391 691 Henrita

1874 692 2054 742 Valesil
2082 680 2476 753 expendtan—e
2499 692 2548 738 8.
2573 680 2792 753 Sustsicié
2818 696 2882 735 ne
2904 680 3245 753 Vaticangrum
3270 680 3397 730 codi-

1872 768 1981 801 cum
2022 746 2357 814 suppositione
2400 752 2574 809 injecta
2620 747 3069 814 exsulila_tur_.—:9.
3100 746 3398 814 Episconnut

1874 805 2127 863 Numidae
2155 815 2373 861 inittt'irttn
2416 805 2604 871 passum
2642 812 2851 869 protegit
2891 809 2942 857 S.
2972 805 3396 871 Pontifex.—:lll.

1876 876 2097 923 Africana
2127 874 2336 923 Ecclesia
2361 864 2492 921 ducit
2526 864 2764 927 originem
2784 864 2813 918 'a
2841 872 3066 919 Romana.
3092 895 3153 904 —-
3176 868 3246 917 li.
3272 864 3400 921 Quid

1875 938 1941 985 de
1970 938 2128 997 pretio
2149 950 2233 995 pro
2257 936 2508 994 sepultura
2532 936 2645 997 dato
2664 936 2883 997 senserat
2906 941 3098 980 sanctus
3115 929 3399 997 Gregorius.

1878 1024 1938 1032 -—-
1964 993 2034 1044 l2.
2064 993 2189 1054 Quid
2215 998 2276 1044 de
2299 993 2545 1044 redituum
2567 994 2754 1042 Eccles.
2781 996 3040 1052 partitione.
3079 993 3402 1054 statuerit.—

1880 1060 1956 1108 is.
1986 1059 2045 1107 Et
2069 1051 2131 1106 de
2157 1058 2426 1115 Catnpsgis.
2452 1082 2513 1091 ——
2542 1055 2616 1102 14.
2642 1051 2844 1113 Septem
2868 1057 3155 1103 detensores
3178 1051 3295 1100 fecit
3319 1062 3403 1096 re-

1881 1121 2140 1179 giouarios.
2164 1144 2224 1154 -—
2254 1114 2327 1166 1’5.
2354 1118 2456 1165 Res
2478 1119 2753 1164 mouaslica:
2780 1114 2923 1176 hujus
2947 1117 3056 1163 anni
3083 1116 3399 1175 attinguntur.

1885 1184 1997 1239 (An.
2024 1182 2112 1230 597
2148 1189 2199 1230 et
2221 1179 2355 1238 598.)

1896 1294 1945 1347 l.
1985 1292 2243 1348 Octavum
2272 1291 2353 1345 sui
2382 1287 2724 1360 pontiﬁcatus
2752 1301 2950 1360 annum
2979 1285 3285 1354 auspicatus
3324 1292 3407 1340 est

1824 1385 1881 1439 S.
1912 1382 2204 1446 Gregorius
2232 1359 2427 1447 magno
2457 1395 2580 1434 cum
2605 1378 2799 1446 gaudio
2818 1417 2833 1443 ,
2857 1359 3095 1445 'propter
3121 1372 3407 1427 Corsorum

1826 1474 2266 1537 conversionem,
2297 1470 2363 1525 de
2408 1485 2512 1540 qua
2542 1468 2851 1539 nuperrime
2896 1465 3286 1537 perscripserat
3316 1461 3415 1517 Pe-

1828 1576 1960 1628 trus,
1995 1563 2283 1619 Ateriensis
2315 1562 2619 1631 episcopus.
2646 1558 2843 1614 Gratiis
2867 1557 2978 1612 Deo
3006 1556 3075 1611 de
3100 1569 3251 1609 more
3280 1553 3417 1609 actis

1830 1660 1899 1712 ob
1928 1659 2106 1711 lectum
2128 1655 2369 1709 nuntium
2389 1696 2403 1719 ,
2446 1653 2693 1708 eumdem
2724 1650 2941 1705 Petrum
2972 1649 3217 1704 hortatus
3245 1653 3329 1702 est
3358 1653 3419 1700 ut

160 1764 313 1818 vanda
354 1762 657 1817 monastica
686 1759 964 1829 disciplina
996 1760 1049 1814 in
1094 1758 1271 1812 Africa
1311 1756 1588 1819 sollicitus,
1619 1753 1728 1807 Do-
1762 1760 1807 1819 Β
1833 1756 2068 1818 cceptum
2128 1745 2353 1801 feliciter
2401 1760 2535 1813 opus
2581 1740 2888 1811 perﬁceret,
2937 1755 3017 1796 ac.
3056 1748 3279 1794 caeteros
3323 1737 3417 1806 qui

161 1853 417 1917 minicum,
469 1850 947 1918 Carthaginensem
991 1847 1346 1918 episcopum,
1396 1844 1627 1913 rogavit,
1673 1853 1731 1895 ut

164 1953 420 1998 coerceret
464 1940 761 1996 monachos
787 1939 1004 2010 impune
1037 1946 1292 2008 vagantes
1316 1978 1331 2002 ,
1364 1950 1565 2004 eosque
1595 1934 1727 1989 obe-

162 2029 357 2086 dientia:
384 2029 538 2099 jugo,
582 2029 728 2097 quod
757 2035 1126 2094 excusserant,
1156 2041 1368 2081 rursum
1397 2024 1549 2081 subdi
1576 2038 1733 2080 cura-

166 2129 235 2175 ret
260 2138 274 2185 ;
299 2122 693 2192 episcoposque
715 2136 851 2191 quos
880 2121 1125 2175 audierat
1152 2120 1217 2176 iis
1238 2119 1521 2175 erronibus
1546 2127 1731 2188 patro-

168 2213 345 2268 ciuium
388 2212 551 2283 ferre,
585 2214 655 2269 ab
695 2230 887 2270 eorum
931 2210 1245 2268 defensione
1283 2212 1460 2268 modis
1488 2212 1736 2268 omnibus

167 2305 545 2361 iutenninando
573 2314 945 2375 compesceret
974 2302 1162 2374 (lbid.,
1192 2319 1274 2371 ep.
1299 2301 1414 2371 55).

226 2398 273 2449 9.
301 2397 419 2451 Alia
449 2398 740 2453 occasione
766 2398 834 2452 ad
874 2397 1211 2453 Gennadium
1234 2436 1252 2461 ,
1296 2398 1488 2453 Africa:
1517 2397 1737 2466 prazfec-

168 2492 286 2552 tum,
311 2486 547 2557 scripsit,
572 2486 823 2542 ttimirutn
846 2495 906 2542 ut
930 2488 979 2542 ei
1009 2486 1287 2542 Ruferium
1318 2490 1575 2545 comitem
1603 2489 1739 2558 ejus-

169 2598 258 2653 que
283 2585 534 2641 concives
556 2599 619 2640 ac
647 2585 817 2653 ipsam
839 2584 1112 2640 Corsicam
1136 2585 1366 2640 insulam
1393 2584 1739 2639 commenda-

171 2684 241 2730 ret
264 2674 402 2745 (Lib.
425 2692 521 2741 vn,
550 2694 631 2741 ep.
664 2676 742 2746 5).
777 2674 928 2733 Unde
955 2676 1301 2745 intelligimus
1330 2675 1556 2730 insulam
1603 2676 1743 2730 hanc

172 2765 226 2820 ad
252 2767 441 2824 Arriae
468 2768 842 2840 prazfecturam
864 2782 960 2822 seu
988 2767 1338 2822 exarchatum
1379 2767 1740 2837 pertinuisse;

172 2857 380 2914 fortasse
422 2858 571 2927 quod
622 2856 883 2913 Sardiniae
922 2857 1187 2926 adjaceat,
1246 2872 1366 2926 qua:
1422 2866 1549 2913 tunc
1603 2857 1743 2912 inter

174 2946 350 3003 Africae
396 2947 703 3017 provincias
744 2948 1136 3003 accensebatur
1164 2945 1393 3016 septima
1440 2956 1495 3000 et
1533 2944 1740 3001 ultima.

173 3036 401 3093 Hostium
454 3039 850 3097 incursionibus
891 3039 1114 3108 patebat
1158 3037 1417 3103 Corsica;
1474 3052 1574 3093 nec
1613 3038 1745 3093 satis

1832 1841 2056 1894 necdum
2080 1836 2336 1908 baptizati
2382 1844 2556 1902 erant,
2589 1842 2681 1889 aut
2725 1842 2848 1903 post
2868 1840 3174 1901 susceptum
3214 1831 3416 1901 baptis-

1832 1947 1975 1985 mum
1994 1972 2008 1993 ,
2042 1930 2153 1985 sive
2192 1928 2513 1997 negligentia
2543 1928 2655 1981 sive
2684 1925 3031 1987 necessitate,
3058 1923 3124 1977 ad
3154 1921 3419 1977 idolorum

1832 2022 2034 2078 cultum
2064 2019 2265 2074 reversi
2290 2018 2519 2081 fuerant,
2548 2029 2897 2085 congregare,
2932 2023 2987 2069 et
3008 2013 3074 2068 ad
3107 2013 3263 2067 ﬁdem
3292 2025 3420 2081 per-

1833 2113 2032 2167 ducere
2075 2118 2344 2181 pergeret.
2382 2108 2530 2175 Quod
2559 2109 2727 2171 enim,
2758 2105 2963 2176 inquit,
3008 2121 3137 2175 opus
3177 2104 3354 2157 utilius
3374 2110 3423 2155 et

1835 2204 2101 2260 sublimius
2125 2210 2334 2255 acturus
2362 2217 2445 2263 es,
2471 2216 2624 2270 qttam
2656 2210 2709 2251 ut
2752 2199 2815 2251 de
2860 2198 3154 2250 animarum
3195 2195 3425 2263 viviﬁca-

1838 2300 1974 2352 tione
1993 2306 2041 2349 et
2068 2294 2367 2349 collectione
2378 2292 2586 2360 cogites,
2611 2299 2659 2342 et
2681 2298 2765 2342 tuo
2790 2286 3032 2352 Domino,
3054 2286 3139 2357 qui
3154 2283 3243 2338 tibi
3259 2284 3427 2337 locum

1837 2387 2153 2460 prcedicamli
2174 2385 2336 2449 dedit,
2356 2381 2644 2437 immortale
2664 2383 2862 2434 lucrum
2883 2376 3145 2459 reportes?
3171 2373 3311 2444 (Lib.
3332 2388 3425 2437 vn,

1838 2448 1920 2549 ep.
1958 2477 2047 2546 l.)
2082 2448 2458 2529 Adhortationi
2509 2469 2920 2537 liberalitatem,
2959 2448 3017 2521 ut
3064 2466 3298 2526 solebat,
3336 2462 3431 2516 ad-

1837 2571 2047 2641 junxit;
2098 2566 2394 2621 transmisit
2416 2565 2557 2619 enim
2589 2563 2714 2616 huic
2761 2561 3016 2631 episcopo
3044 2556 3430 2629 quinquaginta

1842 2662 2073 2721 Solidos,
2126 2658 2191 2711 ad
2242 2656 2560 2712 vestimenta
2610 2667 2797 2707 eorum
2826 2651 2916 2720 qui
2948 2646 3252 2719 baptizandi
3279 2654 3433 2701 erant

1844 2747 2204 2817 comparanda
2235 2745 2370 2816 (Lib.
2401 2760 2470 2807 vi,
2498 2760 2581 2812 ep.
2602 2741 2729 2809 22);
2762 2749 2816 2795 et
2843 2740 3157 2810 presbytero
3197 2735 3433 2807 episcopi

1845 2840 2077 2910 adjutori
2122 2839 2212 2907 qui
2238 2837 2457 2906 regebat
2485 2834 2775 2889 Ecclesiam
2805 2848 2914 2886 non
2958 2821 3255 2900 itapridem
3281 2828 3432 2898 jussu

1848 2946 1999 3000 papa:
2024 2931 2076 2983 in
2100 2929 2440 2999 possessione
2462 2926 2618 2979 Rom.
2650 2922 2899 2979 Ecclesia:
2924 2928 3287 2977 constructam
3313 2934 3434 2973 cum

1848 3025 2182 3093 baptisterio,
2204 3019 2460 3090 praedium
2490 3016 2705 3087 aliquod
2736 3030 2835 3084 pro
2855 3013 3119 3083 stipendio
3149 3012 3438 3080 assignavit

172 3138 282 3182 eat
308 3128 426 3184 illuc
453 3129 753 3185 exercitum
798 3130 1180 3194 transmittere,
1210 3129 1311 3183 nisi
1343 3130 1465 3185 huic
1492 3138 1743 3199 praeesset

1860 3122 1906 3167 et
1934 3110 2215 3167 concessit.
2246 3107 2507 3163 Laudavit
2548 3108 2766 3174 insuper
2808 3103 3090 3158 consilium
3132 3099 3279 3155 Petri
3326 3099 3438 3169 epi~

174 3222 271 3276 dux
316 3223 692 3293 peritissimus.
736 3222 972 3294 ideoque
1001 3231 1157 3292 rogat
1202 3221 1493 3290 Gregorius
1548 3220 1746 3293 praeﬁci

175 3318 495 3372 Anastasium
526 3317 820 3383 tribunum,
850 3318 938 3388 qui
964 3317 1075 3386 jam
1091 3315 1281 3371 eadem
1312 3317 1584 3385 provincia
1606 3323 1746 3371 stre-

178 3421 274 3460 nue
299 3405 579 3466 defunctus
606 3407 817 3475 fuerat,
848 3417 905 3463 et
941 3408 1008 3462 ab
1037 3408 1153 3478 ipsa
1190 3407 1313 3463 dein
1360 3417 1604 3472 amotus,
1636 3423 1749 3461 tua-

179 3510 323 3563 gaam
367 3500 450 3554 sui
492 3499 947 3556 existimationem
992 3499 1243 3556 omnibus
1291 3500 1478 3555 insulae
1530 3500 1747 3564 incolis,

180 3592 443 3662 majusque
460 3595 755 3664 reliquerat
782 3593 1132 3650 desiderium.

246 3683 328 3739 10.
350 3683 649 3755 Septimum
672 3684 816 3740 hunc
838 3682 1153 3755 Gregoriani
1181 3682 1527 3754 pontiﬁcatus
1553 3697 1752 3736 annum

182 3774 479 3831 claudemus
521 3774 904 3830 observatione
949 3776 1018 3831 de
1046 3775 1300 3844 coniugio
1322 3813 1337 3839 ,
1379 3773 1425 3828 si
1454 3774 1593 3828 alter
1620 3788 1745 3826 con-

184 3864 347 3933 jugum
390 3864 601 3919 servilis
648 3866 718 3919 sit
761 3866 1107 3931 conditionis,
1159 3863 1505 3929 dirimendo;
1555 3862 1697 3932 quod
1726 3876 1757 3915 a

185 3956 507 4011 sanctissimo
550 3956 805 4025 pontiﬁce
856 3971 1196 4027 nequaquam
1248 3955 1596 4025 reprobatum
1628 3994 1643 4019 ,
1700 3960 1760 4008 ut

188 4053 324 4108 patet
348 4062 414 4102 ex
446 4050 675 4118 epistola
697 4048 763 4101 ad
793 4047 1163 4112 Fortunatum,
1186 4047 1597 4117 Neapolitanum
1620 4045 1760 4115 epis-

189 4156 365 4210 copum
397 4142 537 4215 (Lib.
569 4160 664 4209 vn,
695 4161 777 4213 ep.
809 4143 884 4212 l).
918 4141 1044 4209 l'ljus
1076 4140 1326 4195 Ecclesiae
1370 4139 1599 4194 clericus
1628 4152 1761 4192 uxo-

193 4244 292 4282 rem
319 4246 348 4284 a
377 4248 475 4287 suo
520 4232 795 4287 consortio
822 4237 1147 4294 removerat,
1180 4228 1326 4298 quod
1365 4228 1454 4283 illa
1482 4227 1671 4282 fuisset
1699 4227 1762 4281 de

193 4323 345 4376 senili
366 4322 660 4377 conditione
679 4323 906 4391 pulsata.
932 4320 1223 4375 Contendit
1242 4335 1372 4375 vero
1394 4320 1586 4374 mulier
1614 4319 1762 4389 ejec-

197 4418 244 4462 ta
267 4426 322 4466 se
346 4412 568 4468 liberam
600 4428 760 4477 esse;
792 4421 846 4465 et
872 4426 1140 4465 summum
1168 4411 1478 4480 pontiﬁcem
1501 4410 1651 4476 adiit,
1676 4425 1765 4465 ro-

198 4513 310 4565 gans
333 4502 449 4557 viro
476 4518 578 4558 suo
610 4502 839 4557 restitui.
881 4502 1146 4570 Benignas
1190 4517 1348 4556 aures
1378 4502 1605 4570 pratbuit
1633 4516 1763 4571 sup-

200 4588 389 4656 plicanti
422 4592 542 4662 pius
572 4592 734 4647 Pater
759 4610 774 4659 ;
806 4608 1037 4661 cumque
1065 4593 1121 4649 in
1150 4607 1214 4647 ea
1239 4593 1383 4647 nulla
1420 4593 1621 4647 servilis
1648 4610 1762 4646 ma-

199 4682 296 4735 cula
336 4683 551 4738 inventa
590 4690 774 4750 esset,
802 4682 962 4752 jussit
989 4690 1047 4737 ut
1075 4682 1165 4738 ille
1207 4680 1449 4739 Clericus
1476 4684 1761 4753 conjugem

199 4767 374 4838 injuste
401 4772 738 4842 repudiatam
770 4775 1064 4843 reciperet;
1094 4774 1137 4828 si
1168 4789 1296 4829 vero
1340 4775 1620 4841 abnueret,
1650 4776 1762 4829 dis-

202 4864 354 4919 tricta:
379 4865 629 4920 vindictae
672 4863 1046 4933 subjiceretur.
1092 4863 1244 4921 Unde
1288 4865 1458 4935 liquet
1503 4881 1610 4921 non
1658 4866 1763 4920 alia

203 4955 390 5011 ratione
432 4965 682 5014 coactum
732 4956 897 5011 fuisse
945 4956 1203 5011 clericum
1236 4956 1386 5010 illum
1434 4956 1502 5010 ad
1541 4972 1763 5010 uxorem

200 5047 359 5105 denuo
383 5049 775 5120 accipiendam,
807 5064 970 5118 quam
997 5049 1123 5120 quia
1150 5048 1284 5103 falso
1307 5048 1481 5102 fuerat
1505 5049 1570 5101 de
1596 5048 1767 5102 servili

201 5141 474 5197 mditione
512 5142 742 5212 pulsata.
774 5140 961 5209 Itaque
989 5141 1035 5194 si
1071 5139 1341 5209 nupsisset
1367 5146 1429 5192 ut
1467 5138 1635 5192 libera
1658 5177 1673 5203 ,
1713 5145 1769 5190 et

199 5240 370 5302 postea
398 5234 632 5303 probata
661 5232 851 5289 fuisset
877 5230 995 5294 ejus
1021 5232 1259 5287 conditio
1286 5231 1517 5295 servilis,
1546 5238 1769 5300 propter

198 5325 508 5381 conditionis
532 5326 742 5386 vitium,
771 5324 980 5379 irritum
1010 5323 1196 5379 fuisset
1223 5324 1640 5379 matrimonium.

726 5417 893 5488 273
918 5413 1148 5470 CAPUT
1209 5413 1322 5468 xu.
1648 5414 1653 5419 ο

200 5510 376 5561 Ancum.
401 5536 464 5547 —
492 5517 532 5560 ἰ.
560 5510 817 5560 Corsorum
859 5508 1221 5559 idololatrarum
1261 5506 1534 5557 conversio.
1560 5531 1621 5542 -
1643 5504 1690 5552 2.
1718 5503 1774 5554 Et

256 5573 532 5623 Iudaeorum
564 5572 1014 5635 Agrigentinorum.
1036 5596 1096 5605 -
1118 5571 1168 5619 5.
1192 5569 1327 5635 Alios
1360 5568 1554 5635 Judugos
1600 5566 1780 5635 injuste

257 5638 413 5685 vexari
458 5628 1156 5699 prohibet'S.Gregori_us.-—
1195 5633 1243 5679 4.
1266 5629 1573 5699 Anastasium
1610 5628 1781 5677 Antio-

254 5690 472 5748 chenum'
488 5699 636 5748 variis
658 5690 1082 5747 persecutionibus
1105 5705 1390 5757 Oppressum
1415 5690 1703 5743 consolatur.
1722 5715 1783 5726 —

283 5801 449 5861 'Vidc
478 5811 639 5859 notas
667 5801 731 5858 ad
779 5801 920 5858 hanc
946 5819 1035 5874 ep.

1851 3206 1998 3274 scopi
2046 3203 2113 3256 de
2163 3201 2271 3255 alio
2300 3201 2557 3269 episcopo
2586 3198 2638 3251 in
2662 3196 2852 3252 eadem
2898 3194 3071 3249 insula
3120 3190 3437 3249 ordinando.

1853 3310 1960 3351 non
2009 3293 2194 3365 procul
2238 3307 2267 3345 a
2299 3298 2485 3344 monte
2533 3304 2690 3358 quem
2720 3287 2935 3358 plurimi
2973 3285 3149 3339 adhuc
3174 3282 3441 3338 idolorum

1850 3386 2085 3443 cultores
2114 3381 2437 3438 incolebant.
2475 3379 2590 3433 Non
2613 3378 2665 3432 in
2696 3377 2811 3432 sola
2839 3374 3055 3431 Corsica
3087 3371 3364 3428 exsulabat
3392 3379 3447 3424 et

1851 3476 2097 3531 latitabat
2122 3471 2424 3529 idololatria
2464 3486 2586 3524 nam
2638 3483 2705 3522 ex
2737 3482 2822 3537 ep.
2858 3465 2954 3529 18,
2998 3464 3102 3519 hoc
3139 3478 3282 3517 anno
3311 3463 3447 3517 scri-

1855 3578 1945 3639 pta
1969 3567 2036 3621 ad
2061 3564 2364 3634 Agnellum,
2394 3559 2833 3614 Terracinensem
2858 3554 2983 3625 Ep..
3014 3553 3268 3607 discimus
3294 3567 3454 3622 quos-

1855 3663 1978 3718 dam
2019 3659 2206 3715 hocin
2245 3669 2383 3727 pago
2424 3662 2552 3708 tunc
2590 3653 2813 3705 arbores
2863 3648 3037 3702 adhuc
3084 3645 3333 3700 coluisse.
3386 3641 3451 3694 Et

1856 3752 2076 3808 biennio
2133 3756 2257 3818 post
2322 3742 2716 3798 Brunichildem
2778 3738 3017 3806 reginam
3073 3736 3321 3790 hortatus
3368 3744 3451 3788 est

1860 3842 2000 3915 (Lib.
2053 3856 2128 3903 ix,
2160 3855 2242 3907 ep.
2276 3834 2364 3904 ll)
2399 3843 2455 3887 ut
2482 3833 2549 3884 ab
2593 3830 2855 3884 idolorum
2898 3826 3040 3881 cultu
3072 3823 3173 3879 sibi
3211 3822 3452 3877 subditos

1858 3912 2086 4005 populos
2127 3934 2439 3985 coerceret;
2492 3921 2659 3987 Quia,
2710 3920 2916 3987 inquit,
2957 3915 3181 3985 pervenit
3227 3912 3294 3965 ad
3337 3927 3451 3972 nos,

1860 4023 1996 4098 quod
2020 4021 2167 4075 multi
2202 4017 2612 4072 Christianorum
2654 4020 2702 4065 et
2737 4009 2805 4063 ad
2846 4005 3108 4062 Ecclesias
3156 4010 3454 4069 occurrant,

1862 4093 1928 4183 et,
1953 4114 2088 4176 quod
2114 4113 2214 4166 dici
2259 4111 2409 4177 nefas
2455 4115 2557 4171 est,
2609 4121 2640 4157 a
2671 4103 2884 4157 culturis
2907 4101 3197 4155 daemonum
3226 4113 3329 4150 non
3358 4093 3453 4148 ab-

1863 4211 2091 4267 scedant.
2129 4204 2408 4273 Quodnam
2432 4208 2577 4255 esset
2600 4195 2916 4253 idololatria:
2930 4208 3097 4262 genus
3117 4189 3347 4260 explicat
3373 4188 3456 4242 his

1864 4301 2042 4356 verbis
2075 4317 2087 4351 :
2114 4296 2345 4351 Cultor-es
2376 4292 2618 4345 arborum
2649 4305 2750 4342 non
2780 4287 3030 4351 existant,
3059 4281 3122 4335 de
3152 4279 3457 4334 animalium

1865 4388 2118 4459 capitibus
2164 4383 2424 4453 sacrificia
2471 4396 2573 4435 non
2612 4376 2905 4431 exhibeant.
2951 4373 3081 4440 Quae
3126 4372 3178 4425 in
3222 4369 3365 4424 notis
3392 4368 3460 4422 ad

1870 4486 2013 4539 hunc
2036 4482 2211 4535 locum
2228 4474 2597 4544 estposuimus.
2617 4471 2733 4524 Alia
2749 4470 2800 4524 in
2815 4466 3042 4536 epistola
3058 4464 3324 4518 idolorum
3343 4461 3459 4517 cul-

1873 4570 2261 4640 tmibusjungit
2277 4566 2548 4638 aruspices
2563 4573 2724 4633 atque
2741 4559 3027 4625 sortilegos
3044 4554 3234 4625 (lbid.,
3249 4548 3428 4622 ep.65)
3442 4587 3457 4602 .

1936 4685 1988 4739 2.
2017 4684 2280 4739 Laetitiam
2311 4694 2408 4750 pro
2438 4674 2712 4732 conversis
2742 4669 3039 4726 idololatris
3077 4666 3293 4735 excepit
3329 4679 3461 4734 gau-

1865 4779 2012 4832 dium
2059 4776 2127 4829 de
2160 4772 2355 4827 iudicis
2404 4763 2761 4837 Agrigentinis
2806 4762 2873 4817 ad
2920 4761 3077 4815 fidem
3106 4755 3461 4811 Christianam

1868 4869 2052 4924 venire
2089 4864 2462 4923 festinantibus
2492 4858 2632 4930 (Lib.
2664 4872 2787 4923 VIII,
2817 4873 2899 4923 ep.
2932 4851 3045 4922 εἳ).
3077 4849 3154 4905 Ne
3187 4863 3317 4903 vero
3341 4846 3462 4902 lon¢

1871 4960 2006 5028 giori
2034 4971 2187 5011 mora
2216 4952 2537 5010 desiderium
2564 4963 2751 5005 eorum
2792 4945 3194 5000 defervesceret
3222 4939 3367 5010 (nam
3385 4974 3402 5002 ,
3433 4951 3465 4991 a

1874 5026 2058 5105 mense
2083 5045 2242 5101 Junio
2269 5059 2377 5112 quo
2406 5057 2469 5097 ea
2491 5041 2558 5095 de
2580 5055 2637 5093 re
2663 5038 2861 5106 scripta
2888 5042 2971 5090 est
2999 5031 3225 5102 epismla
3248 5030 3307 5085 S.
3334 5026 3468 5083 Gre-

1873 5141 2007 5211 gorii
2038 5152 2208 5209 usque
2245 5137 2313 5190 ad
2354 5133 2659 5205 proximum
2698 5128 2932 5192 Pascha,
2961 5138 3153 5181 novem
3197 5122 3263 5177 ad
3291 5121 3469 5177 minus

1876 5246 2086 5286 menses
2108 5222 2602 5295 computabantur),
2636 5219 2857 5275 indulsit
2876 5232 3015 5287 papa
3044 5226 3101 5270 ut
3123 5222 3249 5269 ante
3272 5212 3468 5268 solem-

1880 5323 2103 5378 nitatem
2147 5315 2461 5372 Paschalem
2481 5354 2496 5379 ,
2530 5323 2555 5350 η
2582 5323 2733 5367 extra
2775 5325 2937 5379 quam
2967 5316 3025 5363 et
3051 5307 3245 5362 festum
3275 5305 3469 5361 Pente-

1876 5419 2053 5467 costes
2093 5408 2388 5477 baptismus
2415 5402 2528 5459 dari
2552 5418 2657 5457 non
2680 5401 2890 5457 solebat
2918 5399 2972 5453 in
2997 5397 3235 5454 Ecclesia
3261 5396 3470 5465 Latina,

1880 5498 2186 5555 lustralibus
2233 5494 2384 5567 aquis
2414 5492 2775 5565 fingerentur,
2812 5490 3015 5552 indicta
3040 5488 3193 5566 prius
3238 5490 3474 5564 quadra--

1879 5594 2029 5662 ginta
2071 5590 2281 5649 dierum
2316 5590 2636 5647 abstinentia
2675 5598 2730 5645 et
2770 5588 3111 5660 patnitentia.
3136 5586 3378 5655 Cumque
3402 5597 3471 5640 ex

1884 5683 1991 5743 illis
2035 5683 2248 5757 plurimi
2295 5694 2555 5757 pauperes
2620 5688 2831 5751 essent,
2874 5682 2945 5737 ita
2991 5688 3049 5737 ut
3078 5679 3145 5735 ad
3190 5673 3475 5733 emendant
