3976 6302
559 282 660 336 407

1023 285 1082 341 S.
1126 285 1447 340 CREGOltll
1490 283 1699 338 MAGNI
1744 282 1918 347 VITA,
1964 279 2053 335 EX
2097 277 2259 335 EJUS
2299 277 2606 337 SCRIPTIS
2644 279 3038 339 ADORNATA.
3082 285 3210 339 LIB.
3251 287 3339 343 111.

3719 294 3822 353 608

549 401 653 457 sibi
684 412 706 439 α
752 404 1032 459 candidam
1078 412 1277 460 vestem
1327 419 1356 457 a
1388 418 1575 458 recens
1616 401 1900 469 baptizatis
1935 397 2134 467 gestari
2165 397 2210 453 Α
2240 401 2298 447 et
2329 409 2696 451 successorem
2732 397 2917 454 habuit
2945 400 3108 455 alium
3142 401 3481 458 Anastasium
3511 404 3714 463 dictum
3734 410 3827 480 ju-

548 494 784 557 solitam,
812 498 881 552 ob
911 499 985 550 rei
1016 494 1321 550 domesticce
1347 493 1637 561 angustias,
1679 506 1836 561 pares
1863 502 1983 543 esse
2020 500 2128 540 non

548 585 881 654 Viderentur,
908 586 1065 654 jussit
1093 585 1320 641 Fantioo
1341 582 1605 637 defensori
1630 588 1686 637 ut
1715 579 1966 636 Ecclesia:
1993 591 2132 631 sum-

548 675 725 742 ptibus
745 682 1187 743 compararentur
1207 675 1287 728 hae
1318 679 1515 737 vestes,
1549 685 1684 739 quas
1713 674 1953 736 egestate
1980 664 2130 719 labo-

549 762 791 815 rantibus
808 760 1129 815 distribuere
1150 770 1380 818 curaret.
1406 762 1621 816 Interim
1653 759 1959 828 episcopum
1985 752 2137 821 Agri-

544 852 821 919 gentinum
866 853 1123 906 monitum
1169 870 1288 910 esse
1340 855 1538 919 voluit,
1568 865 1627 909 ut
1670 850 1793 908 illos
1819 847 2134 903 Christianae

544 940 815 1008 religionis
860 941 1174 998 can'didatos
1223 946 1642 1001 catechumenos
1686 946 1917 1011 faceret,
1948 954 2012 993 ac
2039 953 2133 992 eos

545 1028 649 1083 lide
689 1045 850 1099 quam
900 1036 1197 1104 suscepturi
1226 1045 1379 1092 erant
1414 1047 1623 1091 mature
1649 1036 1876 1100 dor-ere,
1921 1046 2131 1090 necnon

543 1118 877 1189 Evangelicze
914 1124 1045 1193 legis
1084 1129 1365 1198 pnncuptis
1404 1127 1645 1183 imbuere
1675 1128 1932 1183 sollicitus
1969 1127 2126 1181 foret.

614 1211 666 1264 5.
698 1210 769 1266 Ut
797 1211 1004 1270 facilius
1029 1215 1241 1273 Judreos
1263 1219 1396 1273 alios
1421 1219 1705 1273 clementia
1729 1226 1783 1272 et
1817 1225 2129 1272 mansuetu-

542 1296 668 1354 dine
710 1301 775 1355 ad
817 1301 978 1357 ﬁdem
1024 1307 1360 1374 pertraheret
1402 1308 1824 1378 sapientissimus
1866 1307 2126 1376 pontilcx,

543 1388 819 1456 prohibuit
840 1407 914 1446 ne
942 1378 1248 1463 locisjuxta
1281 1395 1424 1464 leges
1465 1396 1564 1449 sibi
1591 1394 1863 1451 concessis
1891 1394 2128 1462 depelle-

543 1488 757 1545 rentur,
815 1489 906 1536 aut
950 1483 1068 1538 aliis
1097 1485 1433 1539 alﬁcerentur
1474 1485 1699 1553 injuriis.
1747 1484 1803 1539 Id
1850 1484 2017 1554 liquet
2062 1499 2129 1537 ex

542 1568 769 1637 epistola
820 1570 1051 1639 Victori,
1099 1572 1478 1627 Panormitano
1508 1574 1796 1644 episcopo,
1828 1573 1877 1627 in
1901 1572 2126 1642 gratiam

541 1654 845 1711 Iudaeorum
884 1659 1065 1714 hacin
1110 1661 1241 1715 urbe
1273 1660 1578 1729 degentium
1623 1662 1852 1731 scripta,
1894 1660 1921 1699 ι»
1964 1661 2125 1729 paulo

2239 486 2476 554 niorem;
2506 489 2596 557 qui
2624 504 2746 543 cum
2775 492 2839 545 ad
2869 509 3062 563 papam
3090 495 3388 565 scripsisset
3413 497 3481 552 de
3513 512 3612 553 sua
3641 517 3833 570 prove-

2235 578 2437 644 ctione,
2465 593 2530 633 ac
2556 578 2680 634 ﬁdei
2732 582 3116 650 professionem
3145 594 3204 639 ut
3229 587 3393 641 moris
3415 598 3535 643 erat
3575 592 3827 662 misisset,

2235 683 2553 739 responsum
2577 670 2645 724 ab
2668 670 2785 740 ipso
2806 672 2933 729 tulit
2953 683 3259 743 pergratum
3289 688 3345 730 et
3368 677 3649 735 charitatis
3672 686 3833 741 melle

2236 759 2529 814 conditum.
2576 760 2646 816 Ut
2690 764 2833 819 sedis
2862 765 3129 821 Anastasii
3155 768 3375 836 majoris
3420 787 3704 829 successor
3729 776 3835 834 fuit

2236 846 2327 903 ille
2355 850 2682 918 patriarcha,
2713 852 2785 907 ita
2815 856 2975 909 etiam
2998 842 3383 914 molestiarum
3410 871 3466 916 et
3491 868 3830 933 persecutio-

2237 955 2363 993 num
2397 958 2411 994 :
2439 957 2563 996 nam
2590 953 2712 1013 post
2740 962 2930 1001 novem
2970 950 3312 1020 episcopatus
3339 967 3543 1015 annos.
3594 956 3646 1010 in
3685 959 3830 1014 sedi-

2236 1030 2384 1085 tione
2414 1041 2618 1103 martyr
2645 1036 2961 1092 occuhuisse
2996 1039 3210 1094 dicitur.
3241 1039 3297 1094 In
3329 1043 3557 1113 epistola
3602 1044 3659 1099 S.
3689 1044 3829 1103 Grc-

2239 1117 2372 1186 gorii
2396 1119 2537 1195 (Lib.
2570 1138 2643 1188 1x,
2676 1141 2756 1195 ep.
2791 1124 2881 1195 49)
2910 1141 3012 1195 qua
3042 1130 3332 1198 respondet
3352 1131 3637 1190 Anastasio
3660 1152 3833 1205 nuper

2232 1219 2300 1273 ad
2327 1221 2510 1275 sedem
2569 1219 2956 1276 Antiochenam
3008 1235 3319 1294 assumpto,
3361 1227 3412 1282 id
3460 1244 3573 1299 pra:
3619 1232 3829 1287 ceteris

2231 1310 2606 1366 observatione
2633 1311 2874 1383 dignum,
2909 1314 3472 1386 pseudo-Ephesinam
3503 1320 3767 1391 synodum
3795 1337 3829 1375 a

2231 1396 2561 1455 Nestorianis
2604 1402 2872 1469 habitam,
2914 1407 2966 1461 in
2994 1418 3099 1476 qua
3131 1405 3291 1473 impia
3322 1406 3555 1462 leestii
3586 1418 3643 1462 et
3672 1408 3829 1462 Pria—

2230 1486 2302 1553 gii
2330 1488 2582 1557 dogmata
2610 1502 2735 1548 sunt
2758 1497 3071 1565 approbata,
3096 1509 3224 1556 tunc
3244 1498 3438 1572 saepius
3471 1515 3571 1568 pro
3601 1502 3829 1567 ipsamet

2231 1582 2559 1636 mcumenica
2585 1583 2790 1653 synodo
2822 1584 3118 1655 Ephesina,
3148 1592 3507 1661 versipellium
3539 1590 3819 1649 heretico—

2231 1685 2347 1723 rum
2373 1671 2556 1729 l'raude
2587 1675 2747 1730 fuisse
2773 1679 3068 1735 obtrusam.
3099 1681 3195 1736 Cui
3222 1684 3821 1754 erroriutoccurratur,

540 1752 665 1814 post
709 1748 1039 1816 superiorem
1074 1748 1140 1802 de
1167 1748 1231 1802 ιιι]
1254 1750 1362 1804 latis
1396 1752 1739 1819 Agrigentum
1772 1750 2127 1804 incolentibus
2157 1749 2203 1807 Β
2232 1763 2420 1817 suadet
2465 1765 2808 1822 doctissimus
2853 1779 3034 1837 pater,
3079 1772 3133 1826 in
3170 1773 3380 1828 scriniis
3428 1748 3823 1847 prmcipuaruui

539 1836 607 1890 ad
635 1826 920 1894 Fantinum
950 1841 1150 1897 directa
1174 1842 1310 1905 (Lib.
1342 1859 1455 1908 vm,
1486 1861 1565 1915 ep.
1592 1841 1704 1912 25).
1738 1842 1791 1897 Si
1823 1842 1915 1912 qui
1945 1849 2124 1895 tamen

539 1925 845 1984 Iudaeorum
868 1931 1254 1988 insolescerent
1281 1934 1536 1990 adversus
1556 1934 1914 1995 Christianos,
1941 1950 2126 1989 eorum

540 2020 819 2076 audaciam
850 2023 1094 2093 frangere
1143 2034 1198 2080 et
1244 2041 1504 2081 coercere
1544 2027 1866 2093 quantocius
1912 2033 2126 2091 satage-

542 2109 667 2177 bat;
699 2120 754 2166 et
781 2114 1065 2185 episcopos
1096 2124 1155 2170 ut
1198 2132 1385 2170 eorum
1429 2118 1608 2186 pravis
1646 2117 1881 2173 coasiliis
1910 2116 2118 2171 resi..te-

520 2202 664 2256 'rent
690 2202 1009 2258 hortabatur
1039 2203 1223 2276 (lbid.,
1250 2224 1330 2277 ep.
1364 2205 1456 2277 ί21)

620 2290 667 2344 4.
726 2292 926 2349 Laetum
964 2295 1032 2350 de
1073 2304 1153 2351 tot
1190 2297 1491 2355 inlidelihus
1537 2299 1602 2352 ad
1645 2298 1800 2354 tidem
1854 2301 2129 2355 conversis

545 2380 792 2435 nuntium
831 2383 1116 2440 turbarunt
1156 2388 1457 2453 Anastasii,
1506 2389 1823 2444 Antiocheni
1867 2390 2125 2461 episcopi,

545 2468 806 2537 epistolas,
839 2488 952 2541 qua:
978 2490 1072 2543 pro
1099 2477 1262 2535 verbis
1311 2477 1567 2547 lacrymas
1596 2479 1822 2548 ﬂuebant
1849 2480 1984 2551 (Lib.
2016 2497 2126 2547 vui,

542 2574 624 2625 ep.
654 2560 743 2627 2).
772 2559 941 2617 Amici
967 2563 1207 2619 dolorem
1236 2565 1434 2629 lenire,
1476 2569 1822 2639 animumque
1857 2587 1995 2640 pene
2030 2572 2129 2624 sub

544 2644 928 2703 adversitatum
958 2652 1194 2720 pondere
1214 2652 1549 2709 deﬁcientem
1572 2658 1781 2723 erigere
1803 2668 2029 2725 conatus
2049 2668 2131 2715 est

542 2730 852 2800 Gregorius.
894 2736 938 2790 A
966 2739 1158 2807 quibus
1187 2753 1314 2796 tunc
1346 2752 1633 2798 vexaretur
1663 2746 1750 2801 hic
1803 2748 2126 2816 patriarcha,

542 2838 650 2878 non
675 2826 973 2894 explicatur
1002 2830 1053 2882 in
1095 2832 1321 2900 epistola
1351 2835 1709 2890 consolatoria
1754 2839 1947 2892 summi
1997 2855 2131 2909 pon-

542 2910 718 2967 tilicis.
751 2914 1038 2972 [hereticos
1073 2926 1249 2973 tamen
1280 2921 1371 2989 qui
1416 2930 1544 2977 tunc
1573 2923 1624 2977 in
1653 2922 1872 2980 Oriente
1920 2940 2133 2995 grassa-

542 3004 735 3059 bantur
758 3006 992 3074 plurimi,
1022 3009 1121 3064 sub
1164 3011 1327 3067 variis
1355 3012 1766 3079 Acephalorum,
1812 3014 2134 3071 Severiano-

543 3109 688 3159 rum,
736 3095 1233 3154 Theodosianorum
1296 3102 1628 3169 nominibus,
1699 3105 2124 3161 adversariorum
2157 3111 2202 3172 C
2232 3095 2398 3185 ηιξ)έο

541 3185 656 3254 ejus
693 3188 1070 3257 antesignanos
1117 3193 1388 3249 exstitisse
1434 3196 1523 3249 vix
1564 3197 1891 3253 dubitamus.
1931 3199 2132 3255 Przmer

543 3288 992 3333 commemoratos
1040 3281 1430 3350 beterodoxos,
1501 3286 1603 3340 alia
1664 3296 1906 3342 monstra
1961 3307 2133 3359 nuper

540 3368 944 3422 cmsurrexisse
982 3370 1226 3437 queritur
1263 3372 1698 3439 vigilantissimus
1742 3392 1911 3447 papa;
1960 3394 2132 3435 novos

471 3509 494 3525 ο
541 3454 789 3510 videlicet
817 3472 1057 3523 errones,
1089 3461 1173 3528 qui
1202 3459 1522 3529 Prophetas,
1554 3465 1871 3538 Evangelia,
1915 3477 1963 3523 et
1992 3471 2131 3524 dicta

546 3542 761 3597 Patrum
788 3562 1035 3601 evacuare
1058 3548 1417 3604 moliebantur.
1445 3552 1551 3606 Sed
1579 3567 1932 3625 permanente,
1961 3559 2133 3632 inquit

544 3635 830 3704 Gregorius
880 3639 946 3693 ad
993 3640 1363 3707 Aiastasium,
1425 3646 1527 3698 vita
1580 3657 1759 3701 vestrae
1818 3652 2129 3716 sanctitatis,

541 3732 701 3801 279
720 3732 773 3784 in
793 3734 1096 3802 protectoris
1125 3737 1289 3789 nostri
1311 3738 1480 3806 gratia
1502 3754 1768 3807 speramus
1796 3742 1931 3812 quod
1956 3760 2133 3797 eorum

542 3838 633 3874 ora
660 3822 810 3875 citius
840 3822 1193 3879 obmutescunt
1220 3843 1335 3899 qua:
1363 3839 1544 3882 contra
1582 3831 1897 3888 soliditatem
1944 3839 2131 3889 verita-

542 3912 604 3964 tis
634 3921 813 3979 aperta
839 3923 992 3979 sunt;
1023 3917 1145 3985 quia
1171 3926 1220 3969 et
1258 3918 1535 3988 quamlibet
1581 3924 1717 3974 acuti
1744 3923 1911 3991 gladii
1938 3925 2134 3978 immit—

473 3997 481 4003 ’
542 4015 746 4071 tantur,
782 4024 895 4061 cum
927 4026 1111 4062 saxum
1152 4011 1371 4081 feriunt,
1425 4013 1582 4083 fracti
1621 4016 1876 4069 resiliunt.
1918 4016 2130 4085 Optima

539 4114 670 4153 sane
698 4101 854 4163 ratio,
888 4118 984 4156 cur
1016 4111 1091 4156 tot
1122 4103 1494 4159 hmrcticorum
1540 4105 1646 4160 tela
1676 4107 1729 4161 in
1757 4106 2015 4164 Ecclesiae
2043 4111 2133 4164 lir-

542 4187 835 4242 missimam
878 4198 1085 4259 petram
1133 4192 1368 4261 intorta,
1420 4202 1599 4250 retusa
1644 4196 1857 4250 tandem
1889 4198 1942 4251 in
1990 4199 2133 4267 ipsos

542 4280 828 4335 reciderint
855 4290 1126 4338 auctores.
1165 4285 1391 4341 Aliunde
1418 4302 1541 4356 spes
1579 4287 1867 4357 aﬁ'ulgebat
1895 4292 2132 4348 victoriae

542 4372 609 4425 ulc
669 4370 752 4426 his
802 4371 1051 4427 Ecclesia:
1096 4375 1339 4433 hostibus
1384 4368 1749 4448 reportandm,
1808 4385 2014 4441 scilicet
2064 4389 2132 4442 ab

541 4476 725 4516 eorum
766 4464 1067 4519 divisione:
1116 4465 1283 4534 Quia,
1327 4471 1497 4541 inquit
1545 4486 1763 4528 sanctus
1814 4477 2041 4544 Doctor,
2076 4482 2125 4535 in

540 4553 687 4623 ipsis,
718 4556 804 4626 qui
832 4573 864 4609 a
894 4566 1088 4613 sancta:
1115 4562 1343 4616 ecclesiae
1363 4564 1597 4617 doctrina
1628 4564 1776 4621 divisi
1798 4579 1937 4637 sunt,
1960 4573 2131 4626 unitas

538 4662 641 4700 non
665 4653 761 4701 est.

608 4734 758 4791 Inter
786 4750 881 4792 eos
921 4738 1011 4807 qui
1060 4749 1247 4795 sancto
1296 4742 1579 4798 Anastasio
1623 4746 1813 4802 inﬁ-nsi
1852 4760 2041 4819 erant,
2070 4751 2127 4807 S.

536 4828 824 4898 Gregorius
869 4832 1152 4901 designare
1180 4836 1393 4892 videtur
1418 4839 1773 4908 patriarcham
1801 4843 1906 4899 ΟΡ.
1924 4886 1941 4911 ,
1968 4861 2130 4915 quem

536 4920 613 4973 ait
656 4921 924 4978 addidisse
952 4939 1150 4990 onera,
1192 4942 1313 4980 cum
1360 4929 1643 4985 sublevare
1690 4931 1996 5004 debuisset;
2030 4936 2129 4990 sub

535 5012 716 5067 ovium
749 5016 941 5071 vestitu
971 5017 1115 5072 intus
1142 5018 1302 5075 fuisse
1332 5019 1514 5091 lupum
1562 5038 1839 5094 rapacem;
1882 5039 1931 5083 et
1961 5031 2130 5085 solum

534 5122 645 5173 prce
670 5106 789 5161 aliis
816 5108 1003 5163 habere
1023 5113 1326 5182 oppetiisse,
1352 5115 1487 5182 quod
1514 5116 1701 5187 dignus
1727 5136 1830 5173 non
1861 5123 2029 5190 fuerat
2054 5127 2130 5178 vel

534 5215 646 5251 cum
670 5199 915 5270 fratribus
934 5201 1141 5269 habere,
1162 5206 1230 5258 ob
1254 5216 1561 5280 usurpatum
1580 5210 1787 5265 scilicet
1807 5217 2126 5271 (ecumenici

533 5287 854 5355 patriarcha:
894 5291 1129 5347 titulum.

603 5380 654 5437 5.
691 5382 855 5440 Paulo
878 5397 999 5456 post
1020 5399 1269 5460 acceptas
1296 5408 1327 5447 a
1350 5392 1610 5462 Gregorio
1643 5394 1865 5464 litteras,
1898 5398 2125 5454 Anasta-

533 5468 643 5526 sius
673 5470 742 5526 ad
766 5477 1193 5547 tranquilliorem
1222 5487 1277 5535 et
1317 5483 1594 5539 meliorem
1629 5485 1791 5540 vitam
1836 5499 1858 5528 ο
1894 5490 2125 5559 transiit,

608 5593 632 5661 ξ
663 5583 912 5661 Gonsnle
931 5599 1111 5646 notam
1143 5592 1248 5647 527
1276 5594 1343 5648 ad
1374 5594 1590 5652 Librum
1628 5598 2122 5661 Sacratnentorum.

609 5653 633 5691 ι’
677 5654 822 5730 Lege
844 5659 1004 5711 etiam
1031 5676 1115 5730 ep.
1147 5663 1180 5714 6
1202 5664 1320 5717 libri
1350 5682 1425 5725 ix.
1451 5677 1507 5721 et
1536 5667 1621 5721 55.

610 5735 629 5761 ε
674 5722 768 5780 De
798 5722 1081 5785 Anastasio
1123 5732 1381 5802 legendus
1416 5722 1685 5807 'Evagrius
1732 5741 1825 5798 lib.
1888 5760 1941 5800 tv
1989 5744 2122 5801 Hist.

2228 1851 2583 1909 Ecclesiarum
2636 1856 2924 1927 Romanas,
2971 1862 3379 1932 Alexandrinae,
3430 1868 3823 1939 Antiochense,

2230 1949 2439 2005 sincera
2478 1952 2760 2022 Ephesinm
2804 1955 2996 2026 synodi
3044 1965 3164 2012 acta
3212 1960 3481 2028 perquiri;
3525 1961 3618 2015 ubi
3669 1962 3820 2018 vides

2229 2049 2471 2095 veterum
2517 2044 2760 2099 codicum
2809 2044 2965 2099 ﬁdem
3012 2054 3069 2101 et
3116 2050 3490 2105 auctoritatem
3530 2060 3819 2109 assertam.

2302 2129 2356 2184 6.
2403 2132 2812 2190 Tumultuantes
2857 2136 3118 2193 adversus
3162 2138 3499 2196 Anastasium
3536 2144 3823 2200 haereticos

2230 2236 2353 2275 mox
2385 2222 2614 2279 vidimus
2641 2224 2692 2278 in
2735 2224 2972 2282 Oriente.
3006 2228 3252 2284 Pacatior
3279 2239 3458 2285 autem
3498 2242 3617 2288 erat
3641 2233 3818 2306 Egy-

2230 2321 2354 2382 ptus
2382 2323 2436 2367 et
2456 2314 2815 2371 Alexandrina
2842 2317 3077 2374 Ecclesia
3107 2322 3206 2376 sub
3235 2320 3455 2391 Eulogio
3483 2325 3817 2394 patriarcha,

2230 2407 2323 2475 qui
2354 2406 2639 2477 plerosque
2662 2410 2943 2468 hzereticos
2976 2411 3225 2469 Ecclesia:
3262 2417 3730 2483 recoueiliaverat,
3766 2427 3825 2474 et

2229 2496 2574 2551 concordiam
2605 2499 2746 2554 inter
2790 2499 2972 2556 ﬁdeles
3017 2493 3275 2558 ﬁrmarat.
3330 2505 3456 2562 [hec
3508 2515 3567 2562 ut
3609 2509 3825 2579 accepit

2231 2583 2290 2639 S.
2314 2585 2623 2655 Gregorius,
2650 2600 2866 2659 arrepto
2893 2594 3101 2649 calamo
3120 2596 3299 2649 statim
3322 2598 3496 2652 amico
3516 2600 3824 2667 gratulatus

2232 2684 2335 2740 est,
2366 2677 2703 2748 vicissimque
2725 2680 2792 2735 de
2820 2686 3093 2738 conversis
3130 2701 3298 2755 nuper
3337 2688 3519 2755 Anglis
3552 2704 3678 2745 eum
3706 2707 3825 2747 eer-

2233 2769 2427 2825 t'iorem
2458 2771 2602 2826 lecit.
2626 2773 2694 2826 At
2720 2774 2787 2829 de
2811 2775 2893 2829 his
2910 2776 3017 2841 jam
3040 2777 3285 2833 diximus.
3311 2778 3435 2834 Erat
3463 2781 3607 2836 inter
3625 2791 3826 2839 utrum-

2233 2876 2338 2928 que
2363 2863 2700 2918 sanctissima
2725 2866 3059 2920 consuetudo
3094 2870 3291 2924 mutuis
3317 2871 3634 2927 cenllrmata
3658 2876 3829 2930 bene-

2236 2949 2370 3007 ﬁciis
2395 2962 2450 3006 et
2492 2951 2701 3009 olliciis.
2747 2954 2997 3022 Eulogius
3026 2961 3320 3028 postularat
3347 2978 3375 3015 a
3405 2978 3622 3019 summo
3649 2969 3829 3033 pomi-

2236 3041 2363 3106 lice,
2412 3050 2469 3094 ut
2507 3042 2607 3097 sibi
2660 3054 2961 3100 cunctorum
3006 3060 3295 3120 martyrum
3340 3062 3517 3123 gesta,
3572 3072 3693 3126 qua!
3730 3058 3831 3125 pia:

2403 3133 2494 3186 riae
2515 3131 2838 3189 Constantini
2857 3139 3165 3205 temporibus
3185 3140 3248 3192 ab
3273 3139 3495 3198 Eusebio
3516 3142 3831 3200 Casariensi

2232 3222 2445 3276 collecta
2473 3234 2593 3278 sunt
2635 3229 3023 3283 transmitteret.
3078 3231 3144 3283 At
3194 3232 3282 3288 ille
3329 3235 3610 3304 respondit
3658 3253 3723 3292 se
3764 3240 3829 3292 de

2235 3312 2337 3368 hac
2363 3310 2389 3349 ἀ
2418 3312 2717 3369 Eusebiana
2758 3318 3078 3375 collectione
3109 3321 3238 3376 nihil
3288 3340 3523 3390 unquam
3567 3336 3703 3383 ante
3741 3344 3831 3382 ar-

2233 3410 2443 3471 ceptam
2470 3402 2677 3469 Eulogii
2711 3407 2991 3475 epistolam
3039 3411 3289 3465 audiisse.
3337 3412 3499 3468 Addit
3558 3434 3572 3469 :
3629 3416 3829 3472 Praeter

2231 3493 2325 3546 illa
2353 3510 2467 3564 qua:
2490 3496 2547 3548 in
2571 3495 2804 3566 ejusdem
2824 3497 3036 3554 Eusebii
3059 3500 3208 3556 libris
3236 3504 3300 3557 de
3347 3508 3505 3575 gestis
3528 3519 3830 3564 sanctorum

2234 3598 2520 3659 martyrum
2548 3592 2893 3657 continentur,
2926 3595 3070 3647 nulla
3096 3596 3150 3648 in
3199 3597 3405 3650 aro/rivo
3451 3599 3608 3670 hujus
3637 3613 3831 3656 nostra:

2234 3678 2503 3747 Ecclesite,
2541 3682 2617 3736 vel
2662 3684 2716 3737 in
2748 3682 2999 3739 Romana:
3038 3687 3180 3740 urbis
3228 3687 3548 3751 bibliothecis
3588 3709 3705 3745 esse
3747 3710 3831 3745 co—

2232 3773 2404 3843 gnovi,
2435 3774 2541 3828 nisi
2566 3792 2731 3844 pauca
2761 3777 2998 3845 quwdam
3044 3780 3097 3832 in
3139 3780 3292 3832 unius
3334 3783 3526 3835 codicis
3571 3783 3830 3836 volumine

2233 3862 2467 3917 collecta.
2500 3862 2616 3918 Nos
2642 3874 2812 3919 autem
2836 3883 2966 3934 pene
3005 3870 3229 3921 omnium
3256 3881 3540 3940 martyrum
3569 3874 3830 3926 distinctis

2234 3969 2326 4021 per
2361 3954 2471 4007 dies
2513 3955 2744 4025 singulos
2776 3958 3103 4025 pussionibus
3149 3960 3363 4013 c.~l.‘ecta
3409 3963 3463 4013 in
3506 3978 3612 4015 uno
3652 3965 3829 4016 codice

2234 4044 2446 4096 nomina
2487 4043 2755 4111 habemus,
2791 4054 2944 4116 atque
2985 4046 3299 4118 quotidianis
3347 4050 3525 4104 diebus
3554 4052 3610 4104 in
3648 4069 3827 4107 eorum

2233 4135 2561 4188 veneratione
2581 4136 2855 4190 missarum
2881 4140 3133 4191 solemnia
3171 4142 3390 4210 agimus.
3421 4139 3543 4195 Non
3579 4152 3755 4197 tamen
3778 4144 3828 4197 in

2232 4225 2411 4278 eodem
2439 4226 2695 4280 volumine
2714 4229 2827 4297 quis
2855 4229 3075 4298 qualiter
3096 4230 3163 4283 sit
3191 4246 3374 4299 passus
3413 4231 3680 4285 indicatur
3700 4275 3717 4298 ,
3741 4234 3827 4286 sed

2235 4319 2589 4373 tantummodo
2631 4336 2843 4384 nomen,
2871 4321 3041 4388 locus,
3081 4333 3130 4375 et
3157 4323 3263 4376 dies
3293 4325 3552 4392 passionis
3594 4326 3826 4392 ponitur.

2240 4408 2389 4462 Unde
2426 4409 2486 4479 ﬁt
2525 4418 2581 4462 ut
2615 4411 2761 4464 multi
2799 4427 2864 4463 ea:
2910 4412 3125 4466 diversis
3175 4413 3321 4466 terris
3370 4424 3521 4484 atque
3550 4414 3831 4483 provinciis

2162 4487 2208 4543 Ῐ)
2232 4517 2324 4570 per
2350 4501 2492 4567 dies,
2520 4510 2576 4554 ut
2614 4502 2868 4572 praedixi,
2900 4503 3130 4572 singulos
3164 4514 3541 4569 cognoscantur
3576 4507 3825 4576 martyrio

2230 4595 2463 4648 coronati
2490 4592 2642 4663 (Lib.
2674 4608 2786 4651 vm.
2811 4611 2895 4663 ep.
2924 4593 3037 4661 5.)).

2304 4683 2355 4736 7.
2388 4683 2487 4737 Hic
2517 4682 2780 4736 habemus
2808 4682 3172 4753 Martyrologii
3205 4684 3432 4741 Romani
3460 4685 3632 4755 prima
3661 4685 3824 4741 veluti

2229 4771 2549 4826 rudimenta.
2592 4772 2762 4842 lpsius
2808 4774 3051 4828 meminit
3097 4776 3331 4846 synodus
3357 4775 3827 4833 Clovesboviensis

2228 4876 2316 4915 an.
2349 4860 2448 4913 ’747
2473 4861 2680 4926 habita,
2712 4862 2765 4916 in
2793 4878 2898 4931 qua
2939 4864 3215 4919 decretum
3255 4874 3312 4918 ut
3348 4884 3439 4937 per
3459 4884 3645 4937 gyrum
3672 4870 3827 4922 totius

2233 4954 2357 5007 anni
2383 4952 2621 5006 natalitia
2643 4963 2939 5007 sanctorum
2962 4971 3065 5009 uno
3090 4955 3363 5027 eodemque
3389 4956 3473 5009 die
3491 4958 3651 5027 juxta
3680 4957 3822 5012 Har.

2230 5043 2540 5114 tyrologium
2570 5042 2817 5097 Ecclesiae
2839 5042 3109 5110 Romamn,
3133 5062 3248 5100 cum
3267 5063 3361 5100 sua
3381 5047 3479 5101 sibi
3499 5051 3825 5103 conveniente

2230 5132 2521 5203 psalmodia
2554 5142 2603 5185 et
2653 5133 2911 5187 cantilena
2955 5148 3275 5191 venerentur.
3320 5137 3820 5210 Martyrologiorum

2230 5226 2382 5291 origo
2412 5241 2441 5278 a
2474 5226 2624 5278 lastis
2669 5223 3027 5280 Ecclesiarum
3076 5231 3365 5298 repetenda
3411 5231 3565 5285 nobis
3593 5233 3819 5288 vitetur.

2229 5314 2464 5383 Singulte
2492 5316 2633 5375 enim
2663 5315 2930 5370 habebant
2974 5328 3264 5389 martyrum
3304 5337 3523 5377 suorum
3563 5322 3818 5378 aliorum-

2231 5419 2337 5472 que
2366 5415 2670 5459 sanctorum
2704 5405 3008 5476 eatalogum
3035 5423 3262 5475 quorum
3285 5411 3336 5464 in
3367 5413 3681 5468 memoriam
3701 5412 3820 5468 le~ti

2234 5495 2647 5550 celebrabantur
2664 5496 2798 5550 dies.
2829 5495 2964 5552 Hinc
2983 5497 3283 5569 Cyprianus
3312 5519 3326 5557 :
3359 5501 3609 5578 Denique,
3625 5503 3819 5573 inquit,

2238 5606 2442 5680 Eccles.
2470 5623 2518 5662 c.
2549 5608 2610 5672 4,
2641 5616 2697 5663 et
2723 5608 2817 5663 lib.
2849 5625 2911 5680 v,
2940 5624 3061 5680 cap.
3093 5609 3142 5665 5.

2306 5678 2330 5715 ά
2361 5678 2503 5748 Lege
2540 5688 2699 5735 notas
2738 5680 2806 5733 ad
2846 5678 3315 5751 hanc’epistolam.
