3976 6316
151 339 240 393 ,ιω
606 335 664 387 S.
707 333 1035 390 ΟΜ·ῖοοῆΙὶ
1075 334 1291 391 ΜΑΟΝΙ
1335 336 1514 402 “TA,
1548 335 1638 391 EX
1680 335 1843 391 EJUS
1882 335 2191 390 SCRIPTIS
2231 337 2630 393 ADORNATA.
2672 338 2800 394 LIB.
2841 341 2927 396 ΙΙΙ.
3284 348 3387 400 ιιο

145 462 187 505 et
222 451 316 503 dies
340 464 511 502 eorum
538 446 717 517 quibus
744 449 997 503 excedunt
1022 458 1285 511 annotate,
1316 460 1372 501 ut
1399 466 1704 503 commemo-
1735 456 1778 509 Α
1810 463 1977 516 raque
2012 450 2407 517 reperirentur,
2450 451 2601 520 quasi
2633 452 2683 506 in
2714 468 2875 505 unum
2904 468 3098 521 corpus
3140 455 3387 524 redacta,

145 542 341 594 rationes
392 553 564 589 eorum
602 538 735 589 inter
782 539 1058 591 memorias
1103 548 1385 608 martyrum
1440 537 1699 593 celebrare
1801 540 1895 594 sed
1921 541 2102 593 ditata!
2132 541 2483 596 nihilominus
2507 551 2662 596 erant
2702 544 2836 597 actis
2869 543 3223 611 singularibus
3248 562 3389 601 mar-

144 630 361 699 pouimus
401 625 525 695 (Ep.
570 626 661 691 lt,
708 626 912 681 Patrol.
960 636 1084 680 tom.
1136 627 1264 695 IV).
1308 628 1382 681 De
1411 628 1513 681 hoc
1542 642 1695 695 argu-
1802 639 2010 701 tyrum,
2053 631 2287 685 maxime
2320 632 2373 685 in
2416 632 2596 699 ltalia,
2634 642 2689 688 et
2716 634 3008 703 praesertim
3037 633 3391 691 Romtemar-

143 726 295 772 mento
323 717 487 769 lector
515 715 785 769 studiosus
812 717 1058 770 consulat
1081 716 1369 770 Henricum
1405 716 1694 780 Valesium,
1804 721 1944 791 tyrio
1973 730 2375 776 coronatorum.
2408 723 2585 777 Taceo
2613 723 2681 778 de
2721 724 2991 778 veteribus
3017 726 3291 779 codicibus
3322 726 3389 782 ad

142 810 214 877 qui
232 804 542 873 singularem
569 803 736 857 edidit
759 804 823 857 de
845 804 1223 874 Martyrologio
1247 803 1488 858 Romano
1510 802 1700 857 disser-

1819 814 1908 868 ilia
1939 831 2096 883 quam
2123 816 2188 869 ad
2220 825 2512 886 martyrum
2536 817 2788 872 historias
2816 820 3225 887 pertinentibus,
3255 836 3389 889 quo-

142 903 384 964 tatiouem,
414 906 470 952 et
522 898 633 952 suis
664 898 715 950 in
745 895 862 949 Eusi
883 896 1029 951 bium
1061 897 1442 951 Ctesariensem
1470 905 1697 949 annota-

1818 919 1915 956 'um
1941 911 2151 972 poterat
2174 919 2293 958 esse
2324 904 2507 961 Roma:
2539 909 2770 961 maxima
2802 908 2956 977 copia
2986 926 2999 961 :
3029 908 3097 963 de
3130 909 3213 965 his
3244 909 3388 964 enim

142 991 339 1045 tionibus
375 989 639 1054 attexuit;
688 988 1089 1057 perpendatque
1118 988 1354 1042 rationes
1383 988 1575 1057 quibus
1597 987 1696 1041 ad-
1796 993 1920 1047 silet
1945 1002 2162 1047 sanctus
2193 993 2412 1048 Doctor,

137 1093 311 1139 struere
336 1088 567 1136 conatur
586 1082 667 1135 vir
693 1081 1029 1137 doctissimus
1053 1082 1254 1135 nullum
1277 1099 1509 1152 unquam
1534 1081 1695 1136 fuisse
1867 1079 2048 1135 Tertio
2077 1082 2201 1149 quid
2229 1090 2376 1136 vetat
2404 1085 2564 1136 etiam
2602 1095 2726 1151 post
2759 1087 3080 1139 sanctissimi
3110 1085 3388 1145 Pontiﬁcis

136 1178 381 1251 proprium
417 1192 483 1229 ac
528 1177 801 1245 peculiare
824 1176 1257 1247 Martyrologium
1288 1175 1539 1230 Ecclesia:
1586 1175 1695 1229 Ro-
1798 1174 2000 1227 obitum
2025 1175 2223 1229 multos
2246 1176 2461 1232 aliunde
2491 1178 2705 1233 codices
2735 1179 2959 1233 Romam
2985 1178 3146 1235 fuiSSe
3173 1183 3385 1251 allatos,

135 1285 280 1325 mana:
312 1276 435 1323 ante
464 1269 592 1323 illud
619 1268 762 1337 quod
786 1268 937 1337 jussu
961 1267 1098 1322 Xisti
1122 1269 1163 1320 V
1189 1266 1462 1323 Pontiﬁcis
1479 1268 1697 1321 maximi
1797 1282 1933 1335 quos
1960 1282 2100 1321 nunc
2129 1267 2348 1321 laudare
2377 1284 2474 1323 nos
2501 1284 2605 1323 non
2636 1270 2880 1338 puderet,
2921 1271 3131 1325 etiamsi
3165 1290 3270 1327 non
3301 1292 3387 1329 es-

134 1362 304 1415 editum
332 1368 414 1413 est
442 1359 548 1412 hoc
578 1360 756 1423 titulo,
785 1368 840 1413 et
869 1358 1081 1412 Baronii
1110 1358 1550 1412 annotationibus
1578 1357 1697 1410 illu-
1797 1364 1918 1410 sent
1958 1354 2219 1423 Gregorio
2259 1357 2628 1426 antiquiores?
2667 1356 2781 1424 Qua
2813 1360 3013 1413 etenim
3043 1364 3386 1418 veneratione

134 1457 348 1504 stratum.
391 1446 666 1517 Prtecipua
713 1447 925 1502 ducitur
966 1462 1033 1502 ex
1080 1459 1323 1501 veterum
1372 1448 1693 1515 scriptorum
1798 1444 1971 1512 digna:
2014 1454 2139 1499 sunt
2182 1447 2508 1500 membranzn
2551 1447 2831 1516 plusquam
2870 1457 3086 1503 centum
3127 1465 3385 1504 annorum

139 1543 343 1603 silentio,
370 1556 490 1609 qua:
517 1549 695 1595 tamen
726 1540 833 1593 ruit
856 1540 996 1595 lecto
1016 1539 1205 1605 synodi
1230 1538 1696 1594 Cloveshmiensis
1798 1552 1960 1606 supra
2007 1536 2186 1591 mille?
2231 1537 2382 1593 Nunc
2422 1538 2489 1593 ad
2534 1538 2771 1595 historia:
2811 1539 3155 1610 Gregoriana:
3196 1542 3386 1597 seriem

136 1634 275 1688 allato
300 1649 459 1703 supra
490 1632 819 1686 testimonio.
849 1630 965 1686 Non
998 1630 1265 1685 inﬁciatur
1292 1630 1505 1700 quidem
1538 1630 1697 1686 Vale-
1800 1643 2113 1684 revocemus
2145 1630 2388 1698 gradum.

133 1728 225 1781 sius
247 1725 535 1781 Ecclesium
578 1725 875 1779 Romanam
908 1733 963 1778 et
991 1725 1123 1779 alias
1152 1725 1343 1779 saltem
1374 1725 1696 1793 insigniores
1872 1721 1926 1775 9.
1958 1720 2162 1774 Bellum
2192 1722 2297 1776 hoc
2325 1738 2464 1776 anno
2494 1722 2545 1775 in
2589 1722 2733 1776 Italia
2764 1722 3029 1778 exarsisse
3057 1724 3229 1778 innuit
3265 1740 3387 1779 san-

134 1814 353 1871 lta'buisse
378 1830 474 1869 sua
519 1814 829 1869 kalendaria
859 1830 1096 1884 suosque
1142 1815 1190 1869 fa
1224 1824 1340 1878 tos,
1390 1817 1586 1884 quibus
1614 1817 1696 1870 in-
1731 1815 1769 1871 Β
1800 1822 1918 1865 ctus
1945 1809 2263 1881 Gregorius,
2304 1812 2429 1866 dum
2462 1811 2626 1865 deﬂet
2653 1812 2791 1866 mala
2819 1828 2938 1881 qua:
2967 1827 2994 1865 a
3034 1811 3386 1869 Barbaroruut

132 1905 302 1973 scripta
348 1903 686 1972 propriorum
728 1911 1021 1972 martyrum
1066 1918 1130 1957 ac
1168 1914 1475 1958 sanctorum
1498 1903 1699 1973 episco-
1797 1901 1985 1969 g‘adiis
2017 1902 2220 1971 perpeti
2251 1902 2541 1970 cogebatur
2568 1901 2714 1973 (Lib.
2746 1918 2867 1969 vm,
2898 1920 2979 1971 ep.
3016 1900 3101 1972 2).
3144 1902 3293 1973 Ipsos
3331 1904 3385 1959 in

134 2009 296 2062 porum
323 1992 539 2045 nomina
568 1991 1017 2055 continebantur,
1045 1991 1139 2045 sed
1169 1991 1475 2045 nullatenus
1502 2000 1696 2061 matty-
1796 1992 2101 2047 Sardiniam
2122 1993 2526 2049 descensionem
2554 1993 2743 2047 fecisse
2772 1992 3043 2062 colligitur
3063 2008 3129 2047 ex
3156 1993 3383 2063 epistola

131 2084 327 2153 rologia,
351 2099 465 2155 quin
482 2100 590 2137 non
619 2084 792 2147 unius,
826 2082 1015 2153 inquit,
1043 2082 1141 2137 loci
1162 2082 1394 2151 prapria,
1421 2080 1513 2134 sed
1540 2081 1694 2134 totius
1796 2084 2040 2152 sequenti
2085 2084 2375 2138 indictione
2413 2083 2609 2152 scripta
2654 2081 2801 2153 (Lib.
2842 2099 2925 2146 Ix,
2970 2101 3052 2153 ep.
3088 2083 3113 2136 1
3146 2095 3196 2137 et
3223 2082 3381 2155 τεῳ).

133 2175 354 2229 Ecclesia
399 2177 545 2245 [uere
592 2172 913 2237 communia,
961 2174 1145 2243 quippe
1196 2187 1310 2240 qua:
1355 2172 1511 2224 totius
1556 2169 1694 2224 orbis
1795 2174 2000 2231 idcirco
2033 2175 2264 2229 fortasse
2288 2175 2461 2231 voluit
2497 2175 2554 2229 S.
2592 2173 2885 2242 Gregorius
2914 2185 2972 2228 ut
3013 2176 3187 2231 nullus
3223 2178 3383 2233 etiam

133 2272 356 2333 martyres
383 2264 803 2332 confessorequ
833 2261 1143 2330 generaliter
1170 2259 1503 2313 continerent.
1532 2260 1694 2312 Certe
1794 2265 2027 2321 clericus
2068 2281 2100 2320 a
2137 2266 2331 2333 vigiliis
2365 2274 2421 2319 et
2450 2266 2689 2320 excubiis
2727 2266 2793 2319 ad
2833 2266 3042 2319 urbium
3085 2268 3383 2322 custodiam

130 2354 165 2407 si
198 2369 259 2408 ex
301 2353 459 2407 allata
509 2352 825 2408 definitione
887 2350 1310 2406 controversiam
1354 2350 1688 2413 ditimamus.
1796 2355 2115 2411 necessariis
2140 2362 2489 2410 excusaretur
2522 2371 2535 2407 :
2571 2354 2867 2422 eademque
2904 2354 3021 2421 lege
3062 2357 3385 2409 tenebantur

129 2442 343 2499 Valet-ius
391 2443 487 2499 lite
524 2459 748 2499 casurus
787 2443 1018 2496 videtur.
1068 2441 1277 2512 Quippe
1329 2458 1435 2497 non
1470 2442 1693 2523 alicujus
1793 2446 2042 2503 Monacbi
2073 2446 2219 2517 (Lib.
2247 2464 2330 2514 ix,
2360 2463 2443 2517 ep.
2468 2446 2588 2517 75).
2621 2446 2738 2501 Non
2768 2447 2943 2501 minus
2970 2446 3116 2501 dolet
3146 2449 3226 2502 vir
3253 2464 3381 2502 san—

127 2535 391 2590 ltalendarii
419 2536 665 2591 meminit
710 2535 768 2590 S.
816 2534 1134 2605 Gregorius,
1182 2535 1233 2588 in
1263 2550 1370 2605 quo
1397 2542 1691 2605 martyrum
1793 2550 1915 2595 ctus
1942 2540 2010 2595 de
2035 2538 2275 2609 judicum
2307 2548 2361 2594 et
2390 2540 2797 2609 magistratuum
2825 2542 3155 2610 perversitate
3193 2548 3248 2594 et
3284 2540 3383 2594 ini-

125 2641 305 2685 tantum
359 2630 619 2685 Romana:
666 2645 943 2700 passorum
995 2629 1211 2683 nomina
1260 2628 1689 2695 continerentur,
1792 2630 2021 2698 quitate,
2052 2645 2209 2699 quam
2233 2631 2300 2684 de
2322 2629 2601 2684 ferocitate
2626 2630 2877 2685 hostium.
2903 2628 3048 2684 lnter
3069 2645 3215 2683 arma
3237 2629 3381 2683 enim

125 2720 413 2776 scdcodicis
460 2721 516 2774 in
553 2738 653 2792 quo
693 2736 822 2791 pene
848 2720 1075 2774 omnium
1123 2727 1408 2788 martyrum
1438 2717 1692 2771 distinctis
1792 2722 2076 2777 silentibus
2130 2721 2337 2791 legibus
2380 2722 2560 2774 omnia
2613 2722 2713 2775 sibi
2770 2721 2930 2775 licere
2980 2720 3379 2776 existimabant.

126 2830 197 2876 per
234 2813 463 2884 singulos
511 2814 619 2865 dies
684 2809 1010 2882 passionibus
1064 2809 1279 2863 collecta
1329 2809 1561 2862 nomina.
1621 2806 1692 2862 Ut
1791 2814 2132 2879 Gennadius,
2165 2813 2356 2868 Africa:
2388 2813 2677 2879 Patricius,
2710 2813 3296 2883 Paulum,episcopum
3326 2814 3381 2869 in

123 2912 280 2959 autem
318 2905 401 2972 agi
463 2904 532 2958 de
578 2903 901 2973 martyribus
948 2901 1145 2969 ubique
1206 2908 1468 2953 terrarum
1521 2898 1693 2968 passis
1790 2905 2069 2969 Numidia,
2111 2904 2293 2959 multis
2337 2906 2407 2959 ab
2449 2904 2602 2957 annis
2636 2904 2888 2958 vexabat.
2921 2902 3161 2973 Cumque
3196 2904 3380 2959 sedem

124 2993 445 3057 ostendatur.
474 2992 656 3047 subdit
703 3009 717 3021 '
776 2991 841 3046 1η
873 2991 1049 3045 eodem
1087 2989 1455 3044 volumine-m-
1481 3006 1687 3054 ηοηιϐπν
1790 2997 2144 3069 apostolicam
2187 2996 2540 3066 appellasset,
2571 2995 2735 3051 variis
2779 2996 3060 3051 calumniis
3108 2996 3381 3067 impetitus

124 3086 271 3151 locus,
314 3096 364 3139 et
392 3085 501 3138 dies
525 3084 784 3154 passionis
828 3083 1055 3152 ponitur.
1106 3079 1257 3135 Unde
1276 3080 1339 3150 ﬁt
1366 3089 1420 3132 ut
1445 3081 1592 3134 multi
1625 3096 1691 3133 ea:
1790 3089 1986 3160 prmsol
2008 3128 2022 3153 ,
2066 3088 2356 3158 quominus
2393 3086 2619 3143 Romam
2662 3087 2867 3142 veniret
2906 3086 3189 3142 obstiterat
3216 3086 3382 3157 patri-

124 3174 311 3229 ditersis
342 3176 490 3228 terris
538 3185 689 3244 atque
726 3172 1032 3243 provinciis.
1076 3188 1166 3239 per
1194 3170 1418 3224 dies.....
1455 3170 1685 3240 singulos

1811 3180 1924 3248 :ius,
1956 3195 2124 3251 penes
2147 3194 2307 3249 quem
2338 3178 2391 3233 in
2414 3178 2878 3233 administratione
2904 3179 3060 3243 hujus
3090 3179 3381 3247 provincia:

124 3274 473 3334 cognoscantur
500 3264 753 3332 martyrio
805 3262 1057 3315 coronati.
1090 3259 1188 3314 llic
1214 3259 1339 3327 quid
1387 3260 1685 3315 sentiamus
1786 3286 1995 3327 summa
2034 3278 2154 3325 erat
2194 3269 2492 3324 anetoritas
2525 3266 2673 3338 (Lib.
2704 3284 2753 3323 Vl
2775 3310 2791 3335 ,
2820 3285 2903 3337 ep.
2930 3265 3049 3337 65).
3097 3266 3384 3321 Consensit

124 3354 176 3408 de
200 3355 387 3410 Valesii
416 3356 671 3425 opinione
700 3353 910 3424 aperire
950 3366 1128 3421 opera:
1152 3351 1383 3421 pretium
1424 3349 1686 3418 jutlicavi-
1787 3377 1929 3432 popa
1979 3370 2038 3416 ιιι
2075 3360 2362 3431 episcopus
2390 3358 2458 3413 ad
2485 3359 2800 3413 comitatum
2830 3366 3076 3426 pergeret
3118 3366 3279 3425 atque
3313 3355 3384 3411 ad

125 3464 248 3510 mus.
301 3463 370 3501 ne
415 3448 537 3516 quis
567 3448 705 3501 forte
749 3444 996 3501 crederet
1032 3452 1215 3497 notam
1253 3441 1538 3510 quamdam
1567 3456 1686 3512 qua:

1808 3454 2082 3521 tugustum
2124 3464 2250 3505 suas
2290 3447 2524 3504 deferret
2564 3449 2813 3517 querelas
2844 3446 2992 3518 (Lib.
3025 3463 3126 3509 vn,
3173 3464 3254 3517 ep.
3291 3444 3378 3515 2).

124 3538 308 3596 Valesio
325 3538 471 3595 favet
498 3540 795 3608 subjectam
822 3537 1051 3592 laudata:
1078 3536 1319 3606 epistolte
1347 3552 1414 3590 ex
1446 3536 1687 3590 Gussan-
1788 3544 2029 3598 Tandem
2059 3542 2257 3597 Paulus
2287 3542 2339 3595 in
2367 3541 2669 3596 Numidiam
2692 3540 2870 3596 redire
2889 3539 3071 3609 jussus
3091 3548 3197 3607 est,
3228 3549 3285 3594 ιιι
3313 3539 3382 3594 ab

124 3630 270 3687 vilisao
299 3633 464 3685 luisse
493 3647 523 3684 a
553 3630 707 3685 nobis
733 3630 1067 3698 adoptatam.
1091 3627 1241 3681 Absit
1262 3626 1403 3680 enim
1426 3634 1486 3680 ut
1507 3624 1689 3680 omnia
1789 3636 2060 3705 episcopis
2081 3632 2239 3703 hujus
2263 3632 2551 3703 provincia:
2568 3632 2928 3701 judicaretur;
2956 3630 3107 3700 cujus
3129 3632 3387 3686 innocen-

124 3738 221 3790 qua:
246 3724 298 3778 in
328 3722 692 3791 Gregorianas
740 3718 995 3788 epistolas
1030 3716 1333 3772 observavit
1361 3717 1445 3770 vir
1473 3716 1686 3781 doctus,

1815 3727 1921 3781 iatn
1951 3740 2287 3795 cognoscens
2314 3724 2639 3792 Gregorius,
2672 3724 2839 3793 ipsius
2868 3738 3088 3777 causam
3119 3721 3385 3791 episcopis

125 3816 254 3870 nobis
298 3815 689 3885 approbentur.
1790 3815 2091 3877 Adeodato,
2123 3817 2214 3884 qui
2247 3822 2376 3867 tunc
2406 3823 2432 3850 ἰ
2466 3814 2755 3884 primatum
2786 3813 3029 3879 gerebat,
3061 3811 3385 3881 Maurentio,

180 3905 229 3960 8.
276 3906 453 3962 Certe
488 3906 593 3959 hoc
638 3905 759 3959 loco
806 3901 1165 3972 suspicionem
1216 3898 1386 3969 injicit
1432 3897 1499 3954 de
1526 3913 1689 3954 manu
1791 3914 1845 3960 et
1872 3904 2168 3975 prtesertitn
2192 3902 2456 3957 Columbo
2496 3901 2896 3957 commendavit
2933 3899 3083 3971 (Lib.
3116 3917 3235 3966 vm,
3264 3917 3384 3972 epp.

125 3986 443 4053 exaratorutn
501 3998 748 4053 codicum
813 3996 975 4051 etiam
1048 3993 1435 4048 Vaticanorum
1491 4006 1691 4061 suppo—
1793 3994 1862 4050 l2
1888 4006 1937 4050 et
1962 3994 2085 4066 l5);
2117 3994 2259 4049 hunc
2281 3994 2425 4049 enim
2447 4000 2675 4050 noverat
2701 3992 2957 4049 Ecclesia:
2976 4008 3006 4046 a
3035 3992 3193 4049 beato
3222 3992 3387 4049 Petro

124 4088 318 4156 titione,
373 4104 535 4157 quam
590 4087 815 4142 diliuere
852 4084 1023 4140 nostri
1054 4091 1137 4138 est
1177 4082 1355 4137 ofﬁcii.
1390 4082 1478 4135 Ait
1508 4083 1687 4135 enim:
1793 4080 2486 4152 fundatteaddictissimum,
2508 4094 2564 4141 et
2581 4086 2710 4141 recti
2729 4085 3152 4140 tenacissimum.
3178 4084 3388 4139 Nihilo-

127 4176 283 4234 Roma:
324 4179 466 4233 nulla
503 4181 581 4233 vel
636 4193 803 4248 pauca
850 4160 968 4229 tunc
994 4177 1152 4245 fu’sse
1195 4182 1479 4243 martyrum
1525 4182 1688 4244 gesta,
1795 4178 2157 4231 tamentninus
2188 4176 2361 4246 ipsum
2390 4175 2567 4230 adhuc
2602 4175 2813 4230 munire
2842 4182 2997 4229 curat
3026 4183 3213 4231 contra
3243 4175 3388 4245 opti-

125 4272 270 4325 nullas
296 4273 360 4325 de
384 4280 675 4340 martyrum
715 4266 1038 4339 passionibus
1068 4265 1388 4318 narrationes
1409 4304 1425 4329 ,
1473 4263 1529 4316 id
1557 4272 1693 4317 certe
1793 4274 1995 4319 matum
2024 4265 2435 4320 sollicitationes
2462 4272 2517 4318 et
2540 4263 2822 4333 impulsus,
2853 4265 3046 4333 quibus
3075 4263 3193 4333 ejus
3221 4266 3391 4322 virtus

126 4373 186 4414 est
204 4361 449 4425 mirabile,
480 4373 529 4416 et
558 4363 702 4415 novis
731 4358 1028 4414 auctoribus
1066 4358 1151 4430 qui
1189 4355 1469 4411 Vaticanos
1494 4354 1692 4408 codices
1794 4357 2107 4412 labefactari
2165 4356 2430 4426 potuisset
2456 4374 2468 4409 :
2501 4354 2665 4410 Nulla
2701 4373 2843 4427 ergo,
2876 4356 3073 4424 inquit,
3105 4373 3192 4411 vos
3220 4373 3300 4411 res
3325 4356 3389 4411 ab

126 4452 291 4521 passim
328 4456 591 4523 ingerunt,
621 4452 1018 4506 incommodum.
1798 4452 2056 4523 aequitatis
2076 4451 2269 4514 studio,
2303 4452 2448 4503 nulla
2468 4449 2752 4519 suspendat
2779 4450 3009 4520 potentia
3031 4466 3387 4519 personarum.

183 4540 1187 4609 AtprimosanctusGregorhtsminime
1220 4539 1349 4594 dicit
1383 4554 1490 4593 non
1523 4536 1693 4594 exsti-
1722 4564 1775 4624 D
1800 4541 1907 4596 Sed
1948 4543 2174 4596 innitens
2220 4542 2490 4611 prteceptis
2535 4532 2855 4602 Dominicis,
2904 4543 3078 4593 omnia
3114 4557 3230 4610 qua:
3271 4552 3390 4594 sunt

130 4630 234 4686 ti>se
260 4634 546 4688 iuarcliivo
562 4632 816 4687 Ecclesia:
829 4630 1335 4686 Romantecodicem
1351 4631 1514 4701 280
1532 4645 1694 4700 quem
1799 4632 2095 4687 rectitudini
2125 4631 2363 4697 adversa,
2393 4639 2678 4685 contemne.
2706 4629 2772 4683 In
2796 4629 3129 4700 defendendis
3154 4630 3389 4698 partibus

128 4721 211 4775 sibi
254 4724 638 4779 communicari
677 4724 979 4794 postularat
1017 4722 1302 4792 Eulogius,
1342 4722 1435 4777 sed
1491 4730 1693 4775 tantum
1795 4724 2017 4797 justitia:
2044 4733 2342 4778 constanter
2369 4722 2570 4776 insiste.
2606 4720 2744 4774 Odia
2779 4736 2872 4790 pro
2912 4719 3160 4784 veritate,
3204 4719 3247 4771 si
3289 4735 3390 4788 qua

130 4828 215 4867 non
240 4815 545 4881 inventum;
579 4815 719 4870 unde
756 4815 938 4871 subdit
966 4832 980 4868 :
1015 4813 1315 4879 Quwrentes
1360 4798 1563 4885 quidem
1590 4828 1697 4867 non
1796 4826 1952 4881 sunt,
1985 4817 2235 4871 sustinere
2265 4832 2368 4868 non
2396 4831 2583 4868 renuas
2613 4828 2631 4866 :
2660 4822 2715 4865 ut
2744 4821 2887 4865 tanto
2928 4811 3180 4880 majorem
3212 4810 3264 4862 in
3296 4812 3392 4862 att-

128 4904 406 4971 t'nvenimus,
430 4906 526 4960 sed
553 4907 723 4960 adhuc
744 4923 847 4961 non
881 4898 1201 4961 invenientes
1247 4907 1553 4971 quwrimus;
1575 4914 1624 4958 ct
1650 4905 1695 4957 si
1798 4920 1951 4963 uentu
1981 4908 2342 4978 Redemptoris
2386 4907 2552 4961 nostri
2586 4908 2811 4975 fructum
2855 4902 3103 4956 mercedis
3132 4902 3387 4959 invenias.

128 4998 360 5061 Ροηιετίπε
385 4997 609 5051 inveniri
656 4997 1077 5051 ιναηεηιίαεηωεα
1800 5011 1993 5074 quanto
2007 5002 2119 5071 ejus
2145 5000 2393 5053 ntandata
2423 5016 2525 5053 non
2544 4997 2831 5068 negligens,
2854 4997 2907 5048 in
2932 4997 3157 5065 favorem
3171 4993 3392 5063 justitia:

185 5084 420 5140 Secundo
446 5086 660 5142 etiamsi
686 5094 987 5141 cunctorum
1014 5094 1300 5156 martyrum
1323 5092 1485 5157 gesta,
1508 5100 1689 5156 ante...
1800 5103 1849 5149 ει
1878 5092 2225 5163 defensionem
2254 5089 2589 5158 impenderis.

129 5168 431 5227 Constantini
454 5174 768 5244 temporibus
794 5174 858 5227 ab
888 5172 1111 5229 Eusebio
1141 5173 1449 5229 Caesariensi
1480 5173 1694 5228 collecta
1876 5182 1962 5236 to.
1987 5179 2189 5236 Prazter
2210 5195 2548 5236 communem
2576 5174 2991 5231 sollicitudinem
3012 5188 3171 5242 quam
3190 5172 3255 5226 de
3279 5181 3389 5226 tota

130 5264 341 5331 fluant,
374 5267 426 5321 in
457 5266 692 5321 archivis
719 5275 775 5321 et
802 5266 1142 5322 bibliothecis
1171 5265 1431 5321 Romanis
1462 5273 1588 5318 tunc
1617 5264 1697 5317 lo-

1820 5274 2043 5330 Eeclesia
2070 5288 2260 5341 gerere
2286 5272 2519 5327 debebat
2545 5283 2788 5326 summus
2815 5265 3052 5336 pontifex
3070 5308 3085 5333 ,
3132 5282 3158 5322 s
3183 5264 3390 5333 ngulari

131 5366 233 5405 ωηι
268 5371 372 5409 "On
416 5356 804 5418 υδιίῐιυίεδυηῑν
852 5356 976 5410 inde
1022 5364 1227 5409 temere
1276 5354 1541 5421 colligitur
1578 5362 1696 5405 “mc
1804 5364 1983 5421 studio
2011 5375 2067 5420 et
2096 5380 2225 5419 cura
2256 5362 2513 5417 Ecc’esia:
2540 5358 2806 5414 Africana:
2836 5357 3145 5425 prospicere
3174 5354 3391 5407 teneba-

135 5439 292 5499 Ronta:
322 5447 464 5500 nulla
492 5446 570 5501 vel
602 5462 769 5515 pauca
799 5448 961 5517 fuisse
986 5459 1268 5517 martyrum
1301 5453 1447 5516 gesta
1466 5486 1481 5510 ,
1523 5443 1695 5498 nullas

1823 5472 1925 5518 .ur,
1974 5454 2117 5525 quod
2158 5470 2188 5508 a
2233 5454 2478 5507 Romana
2522 5465 2674 5506 suam
2711 5448 2951 5502 traheret
2996 5447 3290 5514 originem,
3336 5452 3393 5498 ut

134 5533 477 5609 demartyrum
500 5537 828 5609 passionibus
852 5542 1199 5594 narrationes.
1226 5538 1446 5594 Fatetur
1468 5537 1695 5594 fortasse
1804 5541 1962 5595 docet
1997 5540 2053 5595 S.
2084 5537 2377 5607 Gregorius
2403 5537 2471 5591 ad
2506 5533 2872 5599 Dominicum,
2916 5530 3394 5597 Carthaginensem

133 5624 396 5695 Gregorius
414 5631 656 5686 caruisse
676 5646 777 5687 suo
791 5639 1035 5703 tempore
1049 5632 1402 5688 bibliothecas
1424 5631 1696 5688 Romanas
1802 5628 2136 5699 episcopum,
2168 5627 2409 5684 scribens
2442 5668 2454 5681 .
2490 5626 2722 5683 Sclentes
2744 5622 2880 5676 unde
2899 5622 2952 5675 in
2979 5620 3242 5691 Africanis
3266 5636 3394 5691 par-

132 5719 451 5778 collectaneis
481 5724 535 5777 in
561 5722 757 5791 quibus
785 5730 906 5778 acta
934 5734 1229 5795 martyrum
1256 5724 1436 5779 omnia
1464 5731 1557 5777 aut
1581 5725 1695 5793 ple-
1806 5722 1938 5778 tibus
1972 5722 2249 5794 sumpserit
2279 5719 2543 5777 ordinatio
2579 5716 2920 5774 sacerdotalis
2944 5714 3214 5770 exordium
3232 5753 3249 5780 ,
3278 5712 3391 5766 lau-

197 5824 219 5853 ⁶
249 5816 373 5876 Vide
398 5834 521 5895 qua:
545 5834 705 5892 supra
732 5819 963 5879 diximus
988 5819 1082 5879 lib.
1113 5836 1168 5889 ιι,
1199 5836 1245 5877 c.
1272 5821 1324 5890 6,
1356 5838 1503 5879 nutu.
1532 5824 1581 5880 2.
