3976 6334
563 331 656 383 «ill

1049 329 1106 384 S.
1147 324 1472 382 GliEGOBlI
1513 321 1728 381 MAG-Nl
1771 321 1950 387 VITA,
1995 321 2084 374 EX
2132 319 2292 377 EJUS
2330 317 2638 376 SCRIPTIS
2677 314 3070 370 AllORNATA.
3113 314 3241 368 LIB.
3287 312 3373 368 Ill.

3721 317 3853 372 “3

559 447 798 500 dabititer
827 445 979 515 agitis
1006 447 1144 513 quod
1165 445 1336 496 sedem
1365 438 1704 509 apostolicam
1741 435 2036 505 diligendo,
2069 434 2137 487 ad
2167 440 2215 498 Α
2243 435 2426 488 debeas
2460 450 2764 505 segregare,
2809 440 2962 502 atque
2990 447 3105 485 eam
3139 430 3421 485 secundum
3460 427 3562 484 Dei
3603 432 3857 488 tium

559 537 713 608 officii
740 535 893 589 vestri
921 535 1175 604 originem
1213 530 1450 600 prudenti
1483 527 1837 580 recordatione
1880 525 2146 579 recurritis

561 627 700 700 (Lib.
731 643 838 689 vnt,
868 643 950 693 ep.
977 625 1086 690 55).
1123 623 1256 676 lliuc
1284 622 1350 674 ad
1383 619 1664 674 fovendam
1697 627 1936 672 mutuam
1967 617 2144 670 chari-

561 728 724 771 tatem
767 713 932 767 teneri
988 712 1260 778 utriusque
1302 707 1376 762 Ec
1414 709 1554 761 lesize
1601 708 1870 761 antistites
1921 706 2144 775 probat;

559 803 901 868 excurrisque
933 800 1032 854 hac
1071 799 1355 853 occasione
1399 798 1449 850 in
1482 797 1670 851 laudes
1707 797 2016 862 charitatis,
2067 797 2149 850 his

560 893 738 948 verbis
775 892 934 960 plane
977 891 1154 945 aureis
1198 908 1210 944 :
1256 889 1451 959 Magna
1483 901 1654 942 autem
1683 885 1952 942 charitatis
1993 889 2149 942 virtus

559 990 657 1046 est,
688 981 873 1034 dilecte
900 982 1081 1050 frater,
1111 995 1225 1049 qua:
1251 979 1563 1032 sinceritatis
1589 994 1698 1032 sua?
1725 979 1925 1032 vinculo
1950 978 2150 1030 alterna

560 1081 734 1126 mutuo
772 1070 962 1140 affectu
1002 1069 1163 1123 corda
1200 1069 1537 1138 constringit,
1583 1076 1633 1122 et
1675 1084 1739 1120 ea
1777 1085 1808 1120 a
1839 1069 2021 1138 gratia:
2048 1083 2148 1118 non

558 1158 683 1216 sinit
713 1177 960 1230 compage
987 1159 1226 1222 dissolvi;
1259 1159 1519 1228 disjuncta
1551 1175 1644 1212 con
1644 1159 1850 1227 jungit,
1885 1159 2034 1211 unita
2063 1173 2152 1208 cu—

561 1255 742 1322 stodit,
773 1261 821 1306 et
853 1254 1056 1323 ignotos
1077 1251 1174 1304 sibi
1202 1252 1430 1320 imagine
1453 1236 1619 1304 i'eda'it
1646 1251 1876 1320 cognitos
1899 1265 1988 1317 per
2010 1265 2153 1301 amo-

563 1360 690 1398 rem.
735 1342 977 1412 Quisquis
1016 1343 1172 1412 igitur
1211 1341 1264 1393 in
1307 1341 1460 1410 hujus
1502 1340 1714 1393 cardine
1754 1348 1972 1392 mentem
2015 1339 2148 1406 ﬁgit,
2198 1382 2201 1384 .

562 1449 676 1488 eum
717 1433 781 1486 de
812 1447 1048 1502 superna:
1076 1432 1262 1498 patria:
1291 1429 1586 1483 habitacula
1619 1429 1887 1499 cujuslibet
1917 1429 2150 1481 adversi-

567 1530 686 1582 tatis
711 1528 953 1598 impulsio
981 1543 1085 1579 non
1111 1525 1278 1578 evellit
1311 1539 1328 1576 :
1358 1524 1602 1594 quoniam
1631 1537 1942 1591 quocumque
1967 1537 2020 1574 se
2043 1537 2151 1574 ver-

565 1621 714 1683 terit,
758 1636 790 1671 a
832 1619 1196 1671 mandatorum
1237 1617 1413 1669 limine
1450 1632 1553 1669 non
1580 1613 1779 1668 excedit
1809 1613 2036 1681 (Ibid.).
2075 1614 2152 1667 ita

562 1710 986 1779 sapientissimus
1024 1708 1112 1763 ille
1142 1706 1357 1776 pietatis
1387 1705 1703 1759 Christiana:
1739 1707 1990 1771 magister
2033 1719 2150 1757 om-

2250 527 2577 596 presbyteris,
2607 524 2859 586 diaconis,
2892 540 2953 576 ac
2982 523 3139 588 clero,
3168 533 3224 575 ut
3245 522 3340 574 tibi
3363 522 3524 575 visum
3557 522 3719 592 fuerit,
3757 523 3858 578 di-

2249 627 2410 670 screte
2438 616 2666 672 dividere
2689 617 2796 668 :ita
2813 631 2939 668 sane
2963 623 3020 666 ut
3046 614 3322 682 unicuique
3351 615 3728 667 sicutmeritum
3761 615 3857 668 ια-

2250 706 2389 760 boris
2422 707 2682 776 exegerit,
2715 706 2878 758 libera
2915 703 3002 756 tibi
3036 705 3135 766 sit,
3161 704 3316 772 juxta
3349 703 3485 772 quod
3508 705 3816 774 prazvideris
3837 743 3856 766 .

2249 798 2505 869 largiendi
2533 797 2769 859 licentia;
2799 804 3050 866 quatenus
3076 804 3125 848 et
3154 795 3204 848 hi
3233 795 3321 865 qui
3359 804 3640 861 merentur,
3684 798 3860 849 etiam

2253 887 2523 955 temporali
2551 905 2606 940 se
2632 887 2863 940 sentiant
2892 885 2989 940 hoc
3017 885 3283 940 commodo
3318 886 3614 951 consolari,
3651 897 3696 940 et
3721 887 3862 953 alii,

2253 980 2531 1049 adjuvante
2559 977 2813 1041 Domino,
2854 993 3032 1032 eorum
3061 976 3130 1029 ad
3158 978 3339 1030 melius
3370 978 3686 1031 contendant
3719 978 3858 1030 imi-

2252 1073 2446 1125 tatione
2470 1071 2722 1140 pro/icere
2751 1068 2892 1136 (Lib.
2920 1085 2992 1131 Ix,
3020 1085 3102 1138 ep.
3133 1068 3247 1134 64).

2325 1160 2410 1213 15.
2445 1161 2576 1226 Qui,
2619 1159 2780 1228 justis
2816 1158 3200 1215 Catanensium
3247 1161 3570 1215 clericorum
3610 1162 3864 1230 querelis

2254 1252 2522 1323 pulsatus,
2573 1253 2712 1305 hanc
2747 1251 3069 1305 sententiam
3115 1251 3237 1306 tulit
3281 1261 3472 1306 contra
3510 1251 3864 1320 episcopum,

2253 1342 2564 1398 eorumdem
2593 1341 2900 1411 superbiam
2941 1349 2996 1394 et
3026 1341 3238 1397 inanem
3275 1340 3562 1409 gloriolam
3590 1342 3866 1410 repressit

2254 1440 2414 1511 paulo
2440 1448 2580 1509 post,
2613 1441 2682 1494 ob
2706 1446 2995 1507 usurpatos
3016 1436 3044 1475 ιι
3068 1450 3375 1506 campagos,
3408 1435 3552 1506 quod
3578 1445 3660 1492 est
3684 1451 3863 1505 genus

2254 1530 2604 1586 calceamenti
2634 1529 2699 1584 ad
2728 1545 2881 1584 usum
2913 1529 3254 1598 pnelatorum
3284 1526 3600 1583 solemniter
3632 1528 3863 1583 missam

2255 1622 2661 1676 celebrantium.
2688 1619 2754 1674 lis
2776 1620 2854 1675 uti
2875 1635 2996 1676 eum
3025 1619 3154 1674 solis
3179 1619 3367 1673 intota
3397 1616 3583 1673 Sicilia
3606 1616 3863 1674 diaconis

2258 1712 2611 1768 Messanensis
2639 1711 2897 1768 Ecclesiae
2917 1727 2944 1764 a
2970 1709 3228 1765 Romanis
3249 1708 3594 1778 pontiﬁcibus
3621 1724 3860 1764 conces-

563 1801 718 1854 nibus
738 1800 977 1869 epistolis
1005 1799 1114 1854 suis
1139 1797 1432 1867 exquisitas
1455 1807 1479 1832 ⁸
1503 1796 1842 1866 inspergebat
1863 1796 2156 1850 sententias

2265 1818 2375 1857 sum
2402 1804 2532 1857 olim
2564 1801 2785 1866 fuisset,
2817 1801 3147 1856 Catanenses
3175 1807 3352 1854 tamen
3381 1798 3595 1856 diaconi
3627 1796 3859 1856 calceati

562 1891 629 1945 de
657 1891 920 1944 clrarirate
942 1929 956 1953 ,
989 1889 1056 1944 de
1098 1887 1279 1944 mundi
1308 1894 1652 1956 contemptu,
1697 1885 1765 1940 de
1793 1885 2030 1940 adversis
2060 1901 2154 1954 pa-

565 1985 762 2038 tienter
786 1982 1035 2046 ferendis,
1063 1981 1130 2035 de
1159 1980 1334 2034 studio
1361 1994 1636 2033 sacrarum
1662 1978 1978 2040 litterarum,
2011 1985 2066 2031 et
2086 1977 2154 2030 de

564 2075 773 2128 caeteris
803 2072 1090 2128 virtutibus
1125 2071 1190 2125 ad
1229 2070 1502 2125 cmlestem
1541 2070 1705 2123 vitam
1735 2067 2150 2142 pertinentibus;

563 2176 738 2226 eoque
790 2161 954 2215 veluti
1010 2161 1122 2215 sale
1176 2159 1432 2230 quidquid
1483 2159 1747 2215 scriberet
1792 2158 2014 2214 condire
2061 2175 2154 2215 ru-

566 2251 719 2304 rabat

637 2340 723 2392 Η.
755 2339 1048 2410 Episcopos
1067 2381 1080 2404 ,
1113 2339 1358 2409 aliosque
1387 2340 1555 2394 saeris
1581 2338 1890 2392 minismriis
1913 2338 2154 2392 addictos

566 2446 596 2486 a
627 2432 766 2500 turpi
797 2431 947 2486 lucro
975 2439 1030 2484 et
1057 2431 1282 2484 avaritia
1319 2431 1483 2484 verbo
1523 2438 1576 2484 et
1612 2429 1861 2498 exemplo
1909 2444 2036 2482 avcr
2061 2445 2155 2482 ere

568 2522 901 2591 potissimum
951 2521 1233 2588 satagebat
1277 2519 1644 2574 sanctissimus
1696 2516 1964 2572 Pontifex.
2021 2518 2156 2572 llinc

567 2612 792 2667 moleste
831 2612 953 2666 tu‘it
996 2611 1234 2676 Donum,
1269 2610 1578 2679 episc'0pum
1606 2607 1925 2663 Messene-ns:
1947 2624 2027 2672 m,
2057 2625 2154 2676 pro

567 2700 840 2770 sepultura
869 2708 1078 2753 tantum
1109 2700 1338 2768 pretium
1367 2698 1641 2768 accepisse
1661 2735 1677 2763 ,
1720 2704 1780 2750 ut
1808 2696 1924 2764 ejus
1952 2697 2042 2764 qui
2067 2712 2155 2750 se-

568 2793 795 2862 pulturze
826 2793 914 2862 jus
942 2800 1376 2861 comparaverat,
1433 2789 1674 2844 hatredes
1704 2789 1772 2844 ad
1801 2788 2034 2858 inopiam
2066 2802 2151 2842 re-

569 2885 709 2940 dacti
731 2885 1057 2938 viderentur.
1081 2881 1285 2936 Suadet
1305 2882 1466 2950 igitur
1485 2880 1744 2950 episcopo
1773 2887 1831 2933 ut
1853 2894 1970 2948 quae
1995 2892 2153 2933 acve-

568 2977 646 3046 pit
672 2975 951 3037 restituat,
997 2973 1227 3027 maxime
1267 2987 1388 3027 cum
1431 2987 1494 3026 ea
1532 2985 1650 3026 esse
1687 2969 1824 3038 juris
1863 2967 2023 3022 alieni
2054 2966 2154 3020 Pa-

570 3063 771 3132 lumbi,
815 3061 1056 3132 episcopi
1102 3059 1444 3118 Consentini.
1487 3058 1796 3114 testimonio
1835 3057 2048 3127 pnban
2070 3065 2155 3108 tur

572 3155 711 3228 (Lib.
740 3171 850 3222 vm,
882 3172 964 3226 ep.
997 3155 1072 3224 5).
1107 3152 1220 3206 Etsi
1241 3167 1372 3206 vero
1395 3167 1501 3206 non
1524 3151 1808 3220 prohibeat
1830 3149 2029 3218 aliquid
2057 3165 2152 3215 pro
2183 3188 2198 3238 ί

569 3246 848 3315 sepultura
880 3245 1048 3314 πεῖρε
1069 3259 1146 3306 re,
1179 3243 1514 3311 fateaturque
1543 3241 1758 3310 antiqua
1783 3255 1851 3295 ex
1871 3248 2154 3294 σοιιευιιῑυ-

574 3337 697 3388 dine
740 3333 789 3386 id
831 3334 1079 3397 factum;
1109 3333 1184 3384 ait
1213 3341 1390 3385 tamen
1441 3331 1492 3384 in
1531 3345 1627 3384 sua
1668 3330 1902 3384 Ecclesia
1934 3330 2156 3384 vetitum

575 3441 602 3477 a
625 3438 683 3477 se
706 3422 889 3488 fuisse,
923 3437 1023 3476 nec
1045 3422 1236 3490 cuiqua
1261 3439 1290 3472 u
1320 3435 1596 3474 assensum
1625 3435 1684 3473 se
1707 3419 2072 3489 prmbituv‘um,
2102 3427 2160 3473 ut

576 3516 688 3568 loca
713 3515 959 3567 humandi
986 3514 1217 3582 corporis
1245 3514 1408 3582 pretio
1431 3513 1628 3582 possint
1649 3512 1886 3580 adipisci.
1917 3509 2050 3575 Nos,
2079 3511 2154 3564 in-

577 3604 718 3674 quit,
750 3603 836 3674 qui
863 3602 1090 3672 episcopi
1115 3601 1365 3664 dicimur,
1393 3602 1456 3654 de
1486 3601 1762 3655 humandis
1782 3601 2014 3672 ﬁdelium
2040 3617 2158 3655 cor-

576 3691 780 3762 poribus
823 3707 984 3758 pensa
1024 3692 1195 3761 facere
1230 3691 1354 3761 quid
1389 3690 1668 3746 debemus?
1697 3689 1890 3746 Posrea
1919 3691 2161 3750 scribens

575 3783 641 3835 ad
675 3779 1016 3844 Januarium,
1060 3779 1280 3834 indulsit
1316 3789 1520 3833 tantum
1571 3789 1628 3833 ut
1667 3795 1767 3850 pro
1814 3781 2163 3835 luminaribus

575 3873 911 3942 acciperetur
950 3871 1094 3942 quod
1130 3875 1356 3942 quisque
1395 3871 1591 3926 offerre
1635 3873 1815 3926 vellet.
1868 3871 1986 3926 Peti
2023 3889 2160 3937 vero,

575 3965 773 4034 inquit,
825 3973 914 4019 aut
961 3964 1158 4036 aliquid
1201 3965 1338 4036 exigi
1380 3966 1589 4018 omnino
1631 3964 1990 4035 prohibemus;
2030 3964 2164 4036 quod

576 4055 723 4108 ualde
754 4055 1099 4124 irreligiosum
1137 4063 1246 4121 est,
1286 4070 1348 4107 ne
1389 4063 1478 4107 aut
1514 4054 1706 4107 venalis
1737 4055 1986 4125 fortasse,
2029 4052 2166 4122 quod

577 4145 738 4208 absit,
772 4144 975 4196 dicatur
1003 4143 1272 4207 Ecclesia,
1305 4152 1392 4196 aut
1421 4161 1505 4198 vos
1534 4144 1596 4196 de
1624 4145 1862 4197 humanis
1890 4143 2167 4198 videamini

577 4234 826 4287 mortibus
853 4234 1139 4304 gratulari,
1182 4235 1226 4286 si
1255 4249 1320 4287 ea:
1356 4250 1533 4288 eorum
1561 4233 1894 4288 cadaveribus
1918 4233 2167 4288 studentis

579 4336 803 4389 qumere
823 4319 1047 4390 quolibet
1073 4321 1227 4375 modo
1257 4323 1614 4392 compendium
1637 4323 1776 4394 (Lib.
1806 4341 1881 4392 Ix,
1907 4342 1988 4391 ep.
2015 4324 2092 4394 5).

653 4409 738 4462 12.
787 4410 894 4464 Leo
931 4411 1250 4468 Catanensis
1287 4415 1570 4487 episcopus
1615 4415 1884 4471 ferebatur
1921 4428 2164 4488 quartam

2257 1894 2530 1963 campagis
2558 1892 2856 1962 procedere
2891 1896 3362 1961 praisumpserant.
3411 1886 3586 1954 Quem
3615 1898 3862 1942 temera-

2256 1986 2395 2041 rium
2425 1999 2618 2040 ausum
2645 1999 2841 2039 exosus
2868 1997 3006 2052 papa
3045 1982 3260 2052 scripsit
3286 1980 3354 2035 ad
3377 1978 3642 2034 Joannem
3688 1979 3860 2050 Syra-

2255 2092 2512 2132 cusanum
2543 2085 2695 2131 utea
2732 2075 2801 2130 de
2828 2089 2889 2131 re
2929 2074 3258 2145 inquireret,
3299 2087 3364 2126 ac
3392 2080 3572 2126 utrum
3612 2087 3646 2125 a
3685 2087 3749 2129 se
3774 2071 3861 2126 vel

2256 2167 2484 2236 alicujus
2529 2167 2853 2221 auctoritate
2903 2165 2952 2222 id
3004 2165 3467 2235 prazsumpsissent
3507 2164 3858 2233 exploraret;

2256 2265 2552 2328 posteaque
2575 2258 2892 2311 decerneret
2914 2259 3026 2325 ipse
3051 2255 3175 2324 quid
3198 2255 3339 2310 facto
3359 2263 3502 2311 esset
3522 2277 3534 2299 ‹
3556 2270 3678 2324 pus.
3711 2252 3859 2307 Nam

2253 2350 2298 2403 si
2329 2349 2666 2420 negligenter,
2700 2348 2888 2415 inquit,
2919 2364 2979 2400 ea
3007 2363 3120 2418 qua:
3147 2347 3283 2400 male
3308 2355 3629 2415 usurpantur
3650 2345 3857 2399 omitti-

2253 2457 2386 2501 mus,
2420 2453 2654 2491 excessus
2675 2438 2808 2491 viam
2840 2437 2956 2491 aliis
2988 2437 3245 2506 aperimus
3275 2434 3413 2506 (Lib.
3443 2451 3557 2502 vm,
3581 2453 3668 2506 ep.
3699 2433 3821 2502 27).

2328 2529 2415 2584 M.
2447 2527 2911 2595 Quemadmodum
2941 2527 3174 2597 superbe
3203 2527 3604 2595 insolenterque
3630 2534 3860 2593 agentes

2254 2621 2563 2686 coercebat,
2597 2620 2671 2674 ita
2696 2620 2858 2674 etiam
2889 2619 3090 2674 utiliter
3109 2633 3208 2688 pro
3233 2615 3468 2674 Ecclesia
3495 2615 3858 2670 militantibus

2255 2703 2433 2766 debita
2468 2710 2690 2764 honoris
2733 2708 2951 2777 praemia
2998 2707 3296 2778 rependere
3332 2707 3631 2776 satagebat.
3682 2705 3860 2776 quue

2254 2800 2563 2856 defensores
2609 2798 2713 2855 hoc
2752 2813 2895 2854 anno
2924 2805 3050 2854 sunt
3079 2797 3325 2868 experti;
3366 2813 3494 2851 nam
3532 2805 3748 2875 septem
3789 2813 3856 2850 ex

2257 2894 2492 2958 ilsorum
2534 2889 2764 2956 collegio
2801 2887 3134 2956 regionarios
3163 2888 3474 2953 constituit,
3517 2886 3589 2942 ob
3627 2895 3857 2942 strenue

2257 2992 2501 3039 navatam
2544 2983 2596 3036 in
2633 2983 2807 3037 causis
2847 2979 3101 3037 Ecclesia:
3139 2988 3195 3036 et
3230 2979 3545 3050 pontiﬁcum
3575 2978 3857 3048 obsequiis

2255 3090 2474 3142 Operam
2501 3072 2643 3142 (Lib.
2665 3088 2780 3138 vui,
2798 3089 2880 3143 ep.
2903 3071 3016 3141 14).
3039 3070 3174 3126 Olim
3195 3087 3265 3125 ex
3285 3070 3416 3150 solis
3436 3069 3684 3124 diaconis
3704 3083 3855 3124 assu-

2205 3186 2220 3236 ζ
2258 3167 2543 3220 ωνιηιιιιιιι·
2564 3163 2885 3233 regionarii;
2917 3172 3126 3232 postea,
3151 3160 3506 3230 quorumdam
3535 3159 3850 3230 pontiﬁcum

2257 3255 2628 3322 concessione,
2657 3269 2722 3308 ex
2746 3253 2933 3308 schola
2957 3252 3290 3307 notariorum
3314 3258 3370 3305 et
3397 3250 3854 3306 subdiacouorum

2260 3345 2503 3403 nonnulli
2541 3344 2817 3401 constituti
2860 3352 3018 3409 sunt;
3067 3342 3280 3398 tandem
3323 3341 3391 3397 ad
3419 3341 3744 3398 defensores
3774 3340 3853 3396 hic

2259 3437 2434 3493 honor
2460 3437 2705 3507 pervenit
2730 3435 2789 3491 S.
2816 3435 3060 3503 Gregorii
3087 3434 3368 3490 benelicio.

2336 3524 2419 3579 15.
2442 3523 2554 3580 Etsi
2580 3525 2685 3580 hoc
2707 3525 3006 3594 przesertiru
3027 3539 3171 3582 anno
3191 3523 3250 3580 S.
3277 3522 3572 3592 Gregorius
3590 3531 3850 3593 quantum

2259 3614 2360 3672 sibi
2398 3629 2542 3670 curae
2578 3624 2760 3670 essent
2797 3630 2884 3672 res
2925 3615 3237 3672 monasticae
3269 3625 3292 3653 ο
3322 3615 3567 3683 plurimis
3612 3613 3854 3685 epistolis

2265 3705 2438 3776 palam
2467 3703 2680 3769 fecerit,
2719 3720 2892 3774 pauca
2922 3713 3101 3762 tamen
3130 3721 3201 3760 ex
3238 3705 3322 3760 his
3347 3704 3732 3762 delibabimus.
3770 3704 3854 3760 ln-

2263 3796 2343 3862 sig
2383 3811 2414 3848 e
2440 3811 2549 3865 pra:
2577 3795 2785 3850 expleris
2812 3803 2894 3848 est
2930 3795 3263 3863 privilegium
3303 3810 3625 3850 concessum
3662 3808 3854 3851 mona-

2264 3895 2329 3940 εις
2349 3885 2429 3940 rio
2458 3893 2764 3939 sanctorum
2784 3883 3006 3940 Joannis
3034 3891 3090 3940 et
3118 3883 3377 3954 Stephani
3408 3885 3462 3942 in
3493 3885 3628 3940 urbe
3654 3883 3853 3941 Classi-

2266 3983 2388 4028 tana
2440 3974 2765 4040 constituto,
2819 3973 2889 4034 de
2939 3990 3048 4043 quo
3091 3975 3306 4042 scripsit
3357 3973 3425 4028 ad
3473 3973 3855 4039 Marinianum,

2267 4064 2632 4119 Ravennatem
2661 4066 2971 4135 episcopum
3003 4064 3140 4134 (Lib.
3176 4083 3293 4130 νιιι,
3321 4082 3402 4136 ep.
3439 4064 3554 4136 l5).
3585 4064 3728 4133 Quid
3758 4068 3855 4122 hoc

2265 4156 2543 4228 privilegio
2565 4165 2779 4210 cautum
2803 4165 2946 4214 esset
2969 4151 3021 4212 in
3043 4158 3270 4226 gratiam
3288 4158 3708 4222 monachorum,
3741 4156 3855 4214 inde

2268 4246 2635 4314 repetendum.

2341 4339 2415 4391 Ex
2445 4339 2688 4407 epistolis
2717 4337 2778 4392 5|
2813 4346 2868 4392 et
2897 4337 2966 4391 δι
2995 4338 3162 4408 liquet
3187 4336 3539 4394 Castelliense
3579 4347 3851 4395 monaste-

2267 4431 2401 4484 rium
2431 4429 2556 4484 olim
2585 4445 2613 4483 a
2643 4443 2836 4498 magno
2864 4429 3190 4486 Cassiodoro
3211 4427 3512 4493 fundatum,
3547 4445 3660 4483 non
3685 4430 3850 4485 solum

581 4499 850 4600 redituum
898 4501 1392 4600 ecclesiasticorum
1435 4514 1638 4574 partem
1683 4523 1788 4561 non
1828 4523 1896 4562 ex
1935 4509 2161 4579 integrO,
2196 4544 2240 4600 ο
2271 4527 2400 4575 tunc
2429 4534 2830 4589 perseverasse,
2862 4519 2954 4575 sed
2989 4519 3152 4574 etiam
3184 4516 3456 4582 ﬂoruisse,
3496 4517 3719 4588 aliaque
3747 4533 3852 4573 mo-

580 4592 677 4648 sed
714 4608 836 4648 cum
873 4594 1050 4664 aliqua
1096 4596 1448 4654 diminutione
1489 4601 1600 4654 suis
1640 4601 1848 4658 clericis
1892 4603 2162 4669 dividere,

580 4682 724 4750 quod
746 4683 1051 4754 cupiditatis
1077 4695 1448 4755 argumentum
1476 4700 1609 4744 erat.
1641 4689 1767 4746 lude
1795 4693 2164 4763 acolythorum

580 4781 638 4828 et
663 4774 888 4830 aliorum
918 4774 986 4828 de
1014 4776 1160 4831 clero
1193 4778 1424 4845 querelae
1459 4780 1524 4832 ad
1556 4797 1749 4850 papam
1785 4791 2165 4850 pervenerunt.

583 4864 662 4919 Ex
696 4867 863 4921 tribus
885 4867 1005 4922 aliis
1026 4867 1290 4924 bonorum
1316 4869 1568 4926 Ecclesia:
1589 4873 1922 4942 portionibus
1949 4890 2053 4929 una
2080 4891 2171 4930 ce-

581 4955 742 5010 debat
767 4957 1004 5028 episcopo
1031 4969 1082 5012 et
1109 4961 1324 5029 familite
1352 4963 1480 5032 ejus,
1533 4972 1742 5034 propter
1771 4965 2169 5036 hospitalitatem

581 5053 629 5098 et
649 5047 1040 5116 susceptionem,
1069 5049 1176 5102 alia
1197 5051 1524 5120 pauperibus,
1556 5054 1666 5108 alia
1691 5054 1904 5126 denique
1926 5072 2170 5126 reparan-

582 5135 662 5189 dis
703 5137 930 5191 ecclesiis
971 5141 1273 5195 servabatur
1313 5141 1461 5212 (Lib.
1499 5160 1615 5207 vm,
1648 5162 1727 5214 ep.
1755 5144 1830 5214 7).
1879 5144 1946 5199 Ut
1987 5154 2166 5201 autem

582 5227 757 5279 outnis
802 5229 1142 5295 querelarum
1202 5232 1696 5303 calurnniarumque
1749 5237 1802 5292 in
1853 5237 2165 5306 epi:copum

582 5315 860 5372 tolleretur
901 5323 1146 5390 occasio,
1199 5323 1313 5379 haec
1363 5325 1602 5381 decrevit
1647 5329 2070 5397 sapientissimus
2112 5340 2168 5384 et

579 5407 912 5474 aequissimus
929 5411 1093 5477 judex
1119 5431 1131 5464 :
1175 5411 1420 5469 Volumus
1441 5427 1496 5469 ut
1524 5418 1771 5488 quidquid
1796 5423 1954 5491 231
1984 5420 2165 5476 Eccle-

580 5497 676 5552 sia:
699 5509 798 5554 tate
814 5516 878 5555 ea:
901 5503 1066 5556 reditu
1086 5505 1162 5557 vel
1181 5506 1405 5576 quolibet
1427 5509 1530 5562 alio
1555 5511 1700 5563 titulo
1725 5514 1965 5579 fortassis
1992 5529 2163 5568 acces-

582 5601 726 5658 serit,
741 5603 979 5664 quartam
996 5597 1182 5652 exinde
1199 5601 1487 5669 portionem
1504 5603 1614 5655 sine
1633 5603 1969 5660 diminutione
1989 5604 2163 5676 aliqua

657 5717 679 5781 ς·
707 5707 841 5781 Ῐξᾲε
868 5724 954 5776 ep.
986 5711 1049 5762 17
1072 5725 1134 5765 ac
1161 5711 1232 5766 '55
1262 5715 1351 5767 lib.
1377 5715 1616 5781 ejusdem
1646 5734 1756 5774 vin.

656 5773 680 5812 b
711 5775 840 5832 Vide
868 5773 1022 5832 uetas
1049 5781 1113 5834 ad
1145 5773 1424 5838 laudatam.
1443 5801 1530 5852 cp.

2272 4611 2505 4664 uasta-ria
2554 4610 2654 4664 sibi
2704 4619 2851 4664 muta
2891 4610 3206 4664 obtinuisse.
3248 4609 3385 4664 Nam
3424 4607 3590 4676 priori
3633 4607 3852 4678 epistola

2271 4700 2636 4767 Secundinus,
2666 4699 3157 4756 Tauromenitanus
3184 4700 3505 4770 episcopus,
3549 4699 3604 4755 iu
3644 4697 3850 4762 Sicilia,

2272 4798 2522 4844 monetur
2550 4805 2619 4844 ne
2660 4789 2892 4861 patiatur
2935 4790 3318 4845 monasterium
3361 4804 3473 4844 suae
3506 4789 3764 4846 dioecesis
3793 4785 3850 4840 ad

2273 4880 2647 4936 Castellienses
2675 4880 2966 4935 monachos
2995 4880 3298 4950 pertinens,
3341 4880 3394 4936 in
3435 4879 3589 4936 laicae
3620 4891 3852 4949 personae

2275 4978 2596 5041 potestatem
2627 4971 2831 5028 venire.
2862 4970 2978 5025 Alia
3005 4970 3234 5040 epistola
3267 4969 3323 5026 S.
3362 4969 3661 5038 Gregorius
3688 4971 3850 5026 intre-

2274 5077 2404 5132 pare
2453 5061 2662 5115 videtur
2696 5059 2988 5124 Joannem.
3029 5062 3342 5132 episc0pmn
3386 5060 3757 5123 Scillitauum,
3801 5057 3847 5110 in

2273 5150 2425 5220 cujus
2452 5150 2671 5205 civitate
2710 5151 2942 5221 positum
2972 5161 3092 5206 erat
3118 5151 3250 5208 illud
3281 5149 3640 5209 Castelliense
3680 5162 3850 5206 emno»

2273 5242 2438 5307 bium,
2469 5241 2610 5309 quod
2635 5241 2734 5310 ipsi
2755 5257 3011 5298 concessa
3033 5242 3309 5312 privilegia
3331 5242 3494 5312 longo
3515 5257 3620 5300 usu
3652 5240 3849 5296 limata

2276 5339 2508 5385 tentaret
2533 5331 2880 5386 labefactare.
2919 5329 3033 5386 Hac
3073 5346 3140 5386 ex
3182 5333 3409 5402 epistola
3442 5339 3658 5386 constat
3687 5331 3846 5401 ipsum

2273 5421 2574 5476 Scillacium
2617 5419 2865 5477 Castrum
2904 5422 2958 5477 iu
3006 5423 3124 5478 solo
3166 5423 3303 5492 juris
3340 5423 3658 5478 monasterii
3698 5421 3848 5477 luisse

2270 5513 2579 5581 fundatum,
2627 5514 2782 5583 cujus
2834 5515 3023 5572 incola:
3063 5514 3506 5572 Castelliensibus
3551 5515 3846 5588 persolvere

2270 5622 2489 5662 censum
2521 5605 2855 5661 tenebantur.

2349 5736 2367 5761 τ
2402 5723 2534 5779 Vide
2555 5739 2677 5794 cpp.
2711 5725 2762 5792 4,
2796 5725 2850 5792 8,
2881 5727 2931 5793 9,
2965 5727 3046 5793 ll,
3078 5724 3161 5791 15,
3190 5725 3281 5795 3|,
3310 5723 3397 5781 54.
