3976 6310
118 359 202 416 615

117 489 2307 524 __________.________.__.___.__._..___._.._._

562 349 622 404 S.
663 345 987 404 GREGUIHI
1029 344 1239 400 MAGNI
1284 344 1459 411 VITA,
1503 345 1595 398 EX
1639 342 1800 399 Ε]υὸ
1840 343 2140 400 SCRIPTIS
2182 344 2572 400 ADORNATA.
2615 346 2736 402 LIB.
2781 346 2868 401 IV.

3229 344 3338 400 illi

812 597 1156 681 LIBER
1212 592 1786 698 QUARTUS
1845 591 1997 672 ET
2057 593 2580 675 UL'HMUS

709 758 1030 836 Quidquid
1063 765 1334 834 superest
1368 753 1646 813 historice
1679 755 1938 831 uittaque
1971 755 2042 812 S.
2073 753 2370 831 Gregorii
2404 755 2708 818 exhibens.

485 979 648 1050 282
677 973 904 1032 CAPUT
949 969 1237 1028 PRIMUM.

118 1101 434 1153 Anan-eam.
452 1117 518 1129 -
547 1093 586 1153 ί.
615 1090 716 1137 Pax
737 1088 789 1153 ﬁt
808 1086 1048 1153 Romanos
1070 1086 1204 1153 inter
1226 1089 1276 1130 et
1296 1080 1656 1153 Langobardos,

160 1143 411 1206 anteme
447 1154 502 1201 S.
545 1152 804 1209 Gregorio.
834 1173 891 1183 —-
926 1148 973 1193 ‘2.
1004 1145 1226 1193 Praedicit
1270 1157 1374 1209 eam
1416 1155 1509 1209 non
1554 1143 1580 1187 l'o
1602 1155 1656 1189 re

161 1203 432 1267 diuturnam.
460 1216 586 1262 ——3.
624 1203 810 1258 Bvelhtm
852 1210 1213 1266 redintegratur
1256 1203 1316 1267 ab
1351 1206 1659 1267 exarclth—

158 1265 510 1333 i.§cbismatici
537 1277 597 1325 ad
622 1272 886 1323 Ecclesiam
919 1265 1146 1318 redeunt.
1185 1265 1321 1333 Quid
1335 1278 1419 1333 pro
1455 1266 1576 1333 ipsis
1610 1266 1658 1310 in

162 1327 324 1392 [illitis
350 1338 584 1387 Ecclesim
608 1333 945 1383 conﬁrmandis
969 1329 1252 1392 praestiterit
1292 1327 1344 1392 S.
1373 1327 1658 1392 Gregorius.

279 1399 706 1450 Schlsmaticorum
730 1389 1064 1454 episcotiorum
1089 1390 1340 1454 depravati
1368 1389 1657 1454 [nores—6.

158 1468 202 1516 S.
214 1448 438 1522 Gregorii
470 1461 689 1522 charitasg
711 1448 826 1522 erga
858 1448 1207 1522 sebistnatirOS.
1222 1475 1286 1522 ‘—
1366 1448 1450 1521 ,ΒΘ
1474 1452 1662 1522 secun-

160 1511 275 1585 dino,
312 1511 910 1585 iiionacborelcberrimo.
933 1515 1109 1585 Scribit
1126 1518 1294 1585 contra.
1314 1512 1407 1585 ria
1433 1511 1660 1585 capitula,

160 1571 459 1637 ets-liuinime
496 1579 853 1628 schismaticus.
878 1602 940 1612 -—
960 1576 1006 1623 8.
1031 1571 1511 1637 Secundinihumiiis
1545 1584 1662 1637 con-

161 1633 308 1698 tagio.
352 1644 473 1696 Eum
513 1641 787 1690 consolatur
828 1640 880 1686 S.
905 1633 1323 1698 Gregorium—79
1366 1633 1664 1698 S.Doctoris

160 1695 391 1761 seintentia
417 1706 482 1751 de
504 1718 591 1750 usu
621 1710 669 1751 et
693 1701 823 1748 cultu
848 1695 1090 1747 sacrarum
1125 1697 1386 1754 imaginum
1420 1695 1664 1761 expendi-

162 1758 240 1818 tnr.
266 1771 336 1818 Ab
355 1766 588 1817 Ecclesiae.
608 1765 821 1811 doctrina
847 1774 971 1808 nunc
992 1767 1190 1819 rcvepta
1218 1771 1308 1804 non
1337 1758 1664 1819 ρχοτιήυης-

162 1816 623 1890 iﬁ.rt')bjectionibus
631 1826 944 1890 occurritur.
979 1822 1030 1890 S:
1059 1816 1338 1890 Gregorius.
1367 1816 1665 1890 in_epistolis

157 1879 465 1944 sd'SerEnum
491 1887 714 1945 prohibet
735 1885 890 1932 solum
926 1896 986 1930 ne
1015 1882 1305 1942 imaginibus
1331 1880 1482 1931 latrize
1505 1879 1664 1945 cultus

161 1941 396 2004 tribuatur.
418 1941 551 1996 -ἸΙ
595 1947 779 1994 Laudat
804 1947 1066 2004 imaginum
1092 1941 1234 1991 nsum
1256 1980 1267 2001 ,
1293 1951 1518 2004 tan-mam
1542 1941 1662 1986 anti-

159 2002 619 2078 qultnsrectjptum.
645 2008 862 2078 Seciinon
897 2002 1226 2078 adorationum
1252 2002 1662 2078 molirieudicta‘m.

161 2063 286 2126 3—12:
313 2063 536 2132 Ejusdem
565 2071 812 2120 veneratio
837 2079 956 2130 erga
975 2073 1250 2114 sanctorum
1270 2065 1520 2128 reliquias.
1548 2063 1660 2123 (Au.

163 2140 240 2190 598
260 2144 308 2186 et
328 2133 460 2196 599.)

171 2246 214 2300 i.
241 2243 352 2299 lam
375 2257 406 2296 a
435 2241 598 2307 longo
621 2245 865 2304 tempore
889 2234 947 2291 S.
975 2233 1266 2305 Gregorius
1293 2234 1362 2289 de
1390 2247 1524 2303 pace
1548 2230 1658 2285 Ro-

1685 974 1726 1026 Α
1760 953 1973 1018 ducibus
2000 981 2091 1034 per
2110 967 2312 1020 diversa
2335 967 2469 1032 loca,
2495 977 2544 1022 et
2572 970 2797 1022 maxime
2824 971 2878 1023 in
2908 970 3158 1027 Romanis
3179 976 3347 1044 parti-

1759 1053 1850 1107 bus
1889 1055 2180 1108 constitutis
2208 1056 2487 1124 praecipiat
2517 1071 2705 1125 pacem
2733 1058 2864 1112 sicut
2900 1062 3205 1128 promissum
3231 1073 3347 1120 erat

1761 1143 2055 1197 custodire.
2084 1143 2355 1198 Metuebat
2375 1143 2516 1196 enim
2539 1145 3022 1212 ne-redintegrandi
3044 1148 3170 1203 belli
3193 1165 3348 1205 occa-

1760 1233 1970 1287 sionem
1997 1242 2324 1301 quaererent.
2356 1231 2541 1300 Neque
2571 1247 2739 1286 vanus
2768 1230 2865 1286 fuit
2895 1234 3083 1296 timor;
3114 1235 3350 1296 Ariull’us

1760 1324 1940 1387 enim,
1995 1323 2103 1378 dux
2157 1323 2599 1388 Beneventanus,
2660 1337 2850 1392 pacem
2902 1332 3239 1378 servaturum
3291 1341 3350 1381 se

1756 1413 1941 1483 jurare
1983 1414 2186 1479 noluit,
2233 1414 2332 1467 nisi
2376 1413 2628 1468 adhibitis
2665 1413 2827 1468 certis
2867 1412 3264 1468 conditionibus
3297 1415 3350 1468 in

1762 1506 1958 1573 quibus
1988 1506 2217 1560 latenter
2243 1521 2307 1560 ac
2333 1506 2558 1561 subdole
2586 1506 3046 1577 opportunitatem
3074 1507 3350 1576 quaerebat

1763 1597 2039 1653 Romanos
2112 1598 2360 1653 incautos
2417 1599 2487 1652 ob
2547 1598 2706 1652 ﬁdem
2760 1600 2937 1653 datam
2992 1598 3347 1670 opprimendi.

1763 1689 2133 1760 Suspicionem
2165 1691 2426 1758 augebat,
2472 1688 2617 1758 quod
2659 1687 3038 1756 Warnill‘rida,
3091 1705 3160 1745 ex
3199 1691 3353 1760 cujus

1765 1783 1987 1838 arbitrio
2012 1791 2065 1838 et
2103 1782 2329 1838 consilio
2352 1781 2587 1835 Ariulfus
2613 1790 2804 1836 cuncta
2834 1780 3094 1848 faciebat,
3141 1784 3352 1836 omnino

1757 1874 1940 1944 jurare
1962 1872 2296 1942 despexisset.
2333 1869 2440 1942 (Cf.
2470 1869 2626 1923 Paul.
2659 1869 2814 1924 Diac.
2847 1871 2886 1925 ι.
2914 1888 2964 1924 ιν
2989 1870 3130 1926 Ilist.
3155 1888 3200 1924 c.
3237 1873 3350 1942 15.)

1835 1960 1887 2014 2.
1931 1961 2048 2014 Alia
2072 1976 2136 2014 ex
2161 1971 2313 2030 parte
2339 1959 2600 2030 Agilulius
2636 1968 2691 2013 et
2720 1960 3058 2028 Langobardi
3092 1962 3352 2029 urgebant

1765 2049 2082 2120 Gregorium
2107 2058 2162 2104 ut
2188 2059 2340 2121 pacto
2365 2050 2734 2119 subscriberet,
2763 2051 2906 2120 quod
2937 2052 3201 2120 negabat,
3229 2052 3351 2122 quis

1765 2140 1962 2193 medius
2002 2147 2058 2192 et
2086 2146 2375 2210 sequestee
2404 2147 2523 2192 erat
2551 2154 2733 2206 regem
2766 2141 2907 2195 inter
2933 2156 2996 2196 ac
3032 2142 3351 2196 exarchum.

1763 2227 1952 2298 Itaque
1991 2244 2114 2284 cum
2157 2243 2244 2283 res
2284 2229 2338 2282 in
2383 2230 2602 2299 ancipiti
2645 2238 2858 2298 essent,
2907 2231 3211 2301 bellumque
3254 2233 3355 2289 sub

117 2351 274 2392 manos
293 2335 432 2388 inter
447 2341 503 2386 et
524 2327 904 2398 Langobardos
928 2326 1168 2383 iacienda
1193 2323 1665 2392 conlirmandaque
1693 2344 1738 2397 Α
1768 2321 1948 2390 specie
1998 2319 2550 2390 pacispericulosius
2598 2320 2881 2375 imminere
2926 2321 3242 2378 videretur:
3286 2339 3356 2380 ne

116 2426 381 2497 cogitabat;
412 2438 574 2493 quam
617 2429 676 2476 ut
711 2420 1022 2490 impetraret
1050 2419 1157 2489 egit
1189 2428 1298 2471 tum
1328 2416 1466 2487 apud
1497 2418 1665 2486 impe-

118 2529 338 2583 ratorem,
370 2524 482 2569 tum
511 2513 652 2584 apud
679 2509 963 2581 Agilulium
988 2525 1168 2580 regem
1195 2509 1415 2582 ejusque
1441 2525 1664 2563 uxorem

116 2605 527 2667 Theodelindam,
560 2602 735 2658 missis
762 2618 868 2656 non
896 2601 1069 2655 solum
1092 2600 1354 2670 epistolis,
1382 2599 1474 2652 sed
1501 2599 1664 2653 etiam

117 2699 292 2767 legatis.
329 2695 460 2749 Tam
495 2695 612 2748 utili
649 2691 1059 2759 necessarioque
1099 2690 1398 2759 reipublicae
1440 2689 1665 2743 consilio

117 2803 295 2859 semper
321 2784 607 2841 obstiterat
634 2781 910 2836 Romanus
939 2779 1230 2844 exarchus;
1263 2778 1505 2847 quamvis
1537 2777 1665 2831 viri-

118 2886 194 2932 bus
223 2877 410 2946 impar,
442 2871 762 2940 aliundeque
785 2871 912 2925 belli
942 2879 996 2924 et
1024 2870 1098 2922 rei
1128 2869 1372 2922 militaris
1403 2885 1508 2922 non
1538 2869 1669 2923 satis

118 2968 287 3034 peritus
309 2973 471 3029 esset,
502 2971 614 3020 uta
643 2961 1006 3028 Langobardis
1028 2958 1233 3013 Italiam
1264 2953 1531 3012 liberaret.
1563 2957 1669 3012 Nu-

118 3075 191 3128 per
211 3057 518 3112 Hunnorum
561 3070 657 3108 rex
696 3053 764 3106 ah
793 3051 1055 3121 Agilull‘o,
1088 3049 1373 3104 Mediolani
1404 3049 1627 3103 sedente
1651 3091 1666 3118 ,

117 3163 275 3219 pacem
326 3147 662 3216 impetrarat.
722 3141 901 3197 Rebus
950 3142 1130 3206 itaque
1181 3140 1494 3209 compositis
1547 3154 1666 3193 cum

117 3238 490 3294 belliCosissima
516 3243 693 3303 gente,
718 3231 1051 3300 Langobardi
1070 3230 1301 3285 ferocius
1323 3229 1671 3282 imminebant

118 3330 306 3384 urbibus
333 3327 510 3382 adhuc
539 3323 774 3379 intactis.
807 3321 925 3376 Non
957 3321 1026 3375 ita
1056 3321 1258 3388 pridem
1286 3319 1573 3373 Crotonam
1615 3319 1668 3371 in

119 3405 325 3474 extrema
355 3425 508 3487 parte
535 3414 701 3468 Italiae
732 3418 1122 3482 expugnarant,
1152 3409 1393 3464 abductis
1422 3408 1474 3462 in
1504 3408 1669 3478 capti-

117 3511 307 3566 vitatem
346 3509 574 3564 civibus.
613 3506 930 3576 Nuperrime
971 3502 1270 3557 Sardiniam
1309 3499 1670 3571 populabundi

118 3605 211 3656 iura
243 3610 422 3661 erant.
465 3601 607 3674 quod
653 3600 901 3676 futurum.
936 3596 1319 3668 praenuntiarat
1346 3593 1668 3662 Gregorius;

1767 2410 1902 2477 ignis
1930 2409 2118 2464 doloso
2147 2409 2316 2480 cineri
2355 2409 2663 2480 suppositus
2710 2417 3053 2480 erumperet,
3095 2408 3357 2468 Romanis

1765 2503 1898 2557 nihil
1940 2502 2047 2557 tale
2085 2501 2444 2570 cogitantibus
2469 2541 2485 2566 ,
2533 2500 2701 2555 suasit
2741 2497 3036 2568 Gregorius
3072 2509 3129 2555 ut
3157 2501 3210 2556 in
3242 2502 3356 2572 ipsa

1767 2610 1932 2665 tace,
1966 2593 2089 2650 belli
2117 2595 2448 2663 agitarentur
2475 2593 2733 2659 consilia;
2777 2591 3094 2663 scripsitque
3132 2609 3356 2663 praeseb

1767 2688 1863 2740 tim
1891 2686 1958 2740 ad
1983 2684 2295 2740 Ianuarium
2323 2684 2683 2740 Caralitanum
2714 2685 2888 2755 primo
2915 2685 2983 2740 de
3010 2686 3356 2744 conciliandis

1769 2777 1910 2834 inter
1942 2792 2000 2831 se
2031 2777 2264 2831 hostium
2294 2784 2441 2830 metu
2471 2775 2666 2830 civium
2697 2775 2919 2841 animis,
2952 2777 3106 2846 quia,
3142 2776 3355 2846 inquit,

1769 2867 1864 2921 hoc
1893 2867 2118 2920 maxime
2137 2875 2382 2934 tempore,
2412 2865 2617 2936 quando
2642 2870 2706 2918 de
2727 2865 2870 2919 hoste
2891 2865 3113 2936 formido
3141 2874 3238 2931 est,
3269 2865 3355 2919 di-

1769 2964 1930 3016 visum
1974 2960 2219 3032 populum
2259 2958 2448 3013 habere
2488 2976 2592 3014 non
2629 2958 2840 3013 debetis.
2875 2959 3078 3014 Deinde
3123 2973 3252 3014 vero
3288 2958 3360 3014 de

1771 3053 2075 3108 Caralitana
2098 3051 2230 3105 urbe
2253 3051 2476 3118 aliisque
2503 3050 2686 3104 insulae
2707 3049 2838 3103 locis
2858 3047 3180 3106 muniendis.
3210 3046 3356 3104 Unde

1771 3161 1976 3200 necesse
2007 3152 2116 3206 est,
2150 3143 2354 3212 inquit,
2396 3151 2453 3194 ut
2495 3142 2795 3212 fraternitas
2826 3149 3024 3205 vestra,
3053 3142 3174 3194 dum
3203 3141 3353 3205 licet,

1770 3237 2026 3289 civitatem
2055 3250 2204 3287 suam
2250 3215 2459 3286 vel'aiia
2491 3233 2603 3286 loca
2644 3231 2828 3302 fortius
2856 3232 3044 3285 muniri
3069 3230 3361 3300 provideat,

1771 3335 1923 3394 atque
1963 3324 2226 3376 immineat
2273 3331 2330 3374 ut
2359 3321 2681 3374 abundanter
2719 3321 2774 3373 in
2819 3320 2893 3372 eis
2933 3321 3141 3374 condita
3169 3335 3356 3387 procu-

1772 3424 1950 3467 rentur
1979 3429 1997 3466 :
2027 3422 2308 3483 quatenus,
2341 3411 2460 3464 dum
2489 3411 2652 3464 hostis
2679 3410 2802 3463 illuc
2833 3408 2942 3465 Deo
2971 3411 3067 3464 sibi
3096 3411 3231 3464 irato
3271 3427 3363 3464 ac-

1774 3504 2003 3566 cesserit,
2037 3519 2142 3556 non
2171 3502 2399 3555 inreniat
2424 3501 2558 3570 quod
2598 3501 2782 3565 lwdut,
2815 3501 2974 3570 283
3003 3500 3094 3554 sed
3117 3502 3360 3571 confusus

1775 3593 2036 3647 abscedat.
2065 3593 2174 3648 Sed
2212 3601 2260 3646 et
2294 3609 2388 3646 nos
2414 3609 2508 3662 pro
2537 3591 2676 3644 vobis
2703 3600 2948 3662 quantum
2975 3608 3243 3660 possumus
3273 3607 3360 3646 co-

67 3735 70 3740 .
119 3703 482 3760 monueratque
535 3702 645 3745 tum
699 3687 1070 3752 Gennadium,
1125 3685 1315 3740 Africae
1360 3683 1669 3755 praefectum
1699 3696 1742 3757 ς
1772 3687 1996 3756 gitamus
2019 3726 2032 3745 ,
2063 3693 2112 3736 et
2139 3685 2204 3737 iis
2232 3699 2446 3752 quorum
2476 3685 2721 3744 interest,
2750 3688 2806 3733 ut
2831 3697 2886 3733 se
2914 3681 3359 3735 ad’obsistendum

120 3790 130 3838 ί
140 3782 234 3836 Lib.
260 3797 346 3848 vn,
377 3799 460 3853 ep.
484 3780 561 3851 '5),
598 3791 706 3833 tum
727 3777 1058 3841 Januarium,
1083 3774 1441 3830 Caralitanum
1463 3774 1670 3844 episco-

119 3892 217 3941 pum
251 3873 395 3942 (Lib.
419 3891 470 3928 nt
493 3912 507 3936 ,
534 3890 616 3942 ep.
641 3869 674 3922 4
702 3881 751 3924 et
778 3868 892 3938 4'5),
925 3877 983 3922 ut
1010 3867 1193 3921 insulae
1216 3865 1514 3920 defensioni
1543 3879 1671 3935 pro-

118 3971 381 4040 spicerent.
428 3968 559 4034 Quis
588 3974 718 4018 tunc
757 3978 919 4018 ausus
947 3961 1133 4016 rUiSM’i.
1163 3973 1349 4030 pacem
1385 3958 1485 4012 sibi
1514 3957 1670 4026 polli-

116 4063 237 4117 ωτίῖ
287 4063 354 4117 At
394 4061 537 4116 Deus
585 4059 638 4113 in
683 4056 834 4124 cujus
881 4069 1042 4108 manu
1089 4059 1214 4107 sunt
1254 4049 1415 4106 corda
1463 4063 1670 4117 regum,

119 4151 376 4220 Agilulfum
417 4159 483 4204 an
528 4163 675 4202 arma
705 4143 1026 4214 deponenda
1066 4149 1121 4196 et
1158 4139 1494 4210 accipienlas
1524 4137 1670 4206 pacis

118 4243 428 4298 conditiones
466 4255 496 4294 a
543 4253 677 4308 papa
717 4237 924 4291 oblatas
970 4233 1138 4288 ﬁexit.
1190 4231 1325 4286 Usus
1369 4231 1456 4284 ille
1500 4231 1670 4284 fuerat

120 4327 283 4399 Probi,
317 4341 343 4369 η
371 4330 581 4385 abbatis
619 4327 944 4391 ministerio,
977 4339 1134 4394 quem
1157 4322 1267 4392 jam
1294 4332 1418 4375 ante
1446 4319 1668 4374 multum

122 4423 352 4494 temporis
379 4421 446 4475 ad
481 4435 659 4488 regem
698 4418 1043 4487 reginamqne
1073 4416 1319 4479 miserat,
1360 4422 1419 4467 ut
1446 4412 1513 4466 de
1543 4425 1672 4480 pace

121 4524 308 4582 ageret,
355 4513 510 4568 irrito
558 4522 736 4566 tamen
784 4524 997 4578 semper
1035 4505 1506 4574 conatu-quamdiu
1544 4503 1675 4556 vixit

124 4605 370 4660 [tertianus
411 4605 706 4669 exarchus,
755 4602 924 4656 hostis
967 4601 1111 4672 pacis
1147 4596 1554 4651 infensissimus.
1599 4593 1674 4646 Eo

123 4696 274 4763 itaque
310 4704 527 4750 mortuo
556 4709 676 4747 cum
707 4689 996 4746 Callinicus
1037 4704 1135 4760 pro
1181 4687 1485 4756 reipublic-an
1531 4685 1674 4740 bono

122 4787 283 4841 melius
309 4786 534 4841 allectus
571 4798 780 4838 summa
808 4797 986 4837 rerum
1027 4781 1226 4851 potitus
1254 4789 1393 4834 esset
1425 4779 1474 4831 in
1504 4777 1674 4841 Italia,

121 4891 223 4943 spes
268 4878 447 4932 denuo
490 4875 638 4946 pacis
676 4871 1030 4928 resarcienda:
1073 4868 1286 4923 aﬁ'ulsit.
1334 4867 1678 4938 Tandemque

120 4967 234 5024 facta
271 4980 352 5026 est
391 4970 672 5025 annitente
714 4965 1011 5038 praesertim
1050 4963 1366 5029 Theodoro,
1410 4963 1676 5018 Ravennae

1773 3773 1884 3827 Deo
1926 3784 2136 3827 auctore
2175 3788 2474 3842 prwparare
2515 3769 2759 3834 debemt,
2799 3771 3122 3823 imminemus
3156 3785 3174 3823 :
3203 3772 3354 3840 quia,

1770 3865 1903 3918 sicut
1943 3881 2029 3918 vos
2076 3874 2282 3916 nostras
2313 3861 2666 3915 tributationes
2709 3870 2904 3914 vestras
2941 3860 3238 3929 attenditis,
3282 3860 3358 3915 ita

1771 3969 1966 4024 quoque
1993 3969 2084 4006 nos
2105 3961 2300 4005 vestras
2334 3949 2634 4020 aﬂlictiones
2663 3958 2868 4003 nostras
2897 3948 3133 4005 similiter
3151 3959 3359 4020 reputa-

1771 4061 1885 4099 mus
1914 4042 2049 4114 (Lib.
2076 4059 2151 4101 1x.
2183 4059 2264 4113 ep.
2292 4041 2368 4110 6).

1843 4133 1896 4188 5.
1929 4134 2102 4187 Metus
2127 4133 2193 4187 de
2222 4132 2371 4187 brevi
2398 4130 2578 4186 futuro
2607 4131 2748 4186 bello
2779 4146 2887 4186 non
2917 4128 3104 4186 fefellit
3133 4146 3356 4202 papam;

1775 4241 1897 4278 nam
1924 4225 2085 4293 paulo
2109 4233 2229 4292 post
2255 4222 2552 4290 recruduit,
2578 4231 2634 4279 et
2659 4222 2889 4277 ferocius
2907 4223 3163 4278 desaeviit.
3181 4223 3360 4294 Nuper

1774 4316 2038 4384 Agilulfus
2080 4331 2261 4386 pacem
2305 4324 2603 4384 perpetuam
2632 4329 2754 4368 cum
2786 4312 3121 4369 Theoderico
3140 4353 3156 4378 ,
3186 4313 3358 4373 Fran-

1775 4425 1959 4464 corum
1997 4424 2124 4480 rege
2146 4447 2163 4474 ,
2208 4408 2486 4475 foedusque
2513 4408 2886 4462 constituerat.
2919 4405 3051 4464 Tres
3079 4407 3240 4464 duces
3258 4445 3274 4473 ,
3304 4407 3358 4462 in

1777 4499 1859 4554 his
1884 4497 2246 4554 Veronensem
2275 4506 2330 4552 et
2357 4496 2791 4565 Pergamensem,
2819 4497 2906 4552 cui
2925 4497 3035 4568 jam
3064 4498 3145 4554 bis
3167 4513 3360 4567 peper-

1776 4603 1955 4658 cerat,
2000 4607 2122 4647 cum
2167 4590 2553 4655 rebellassent,
2589 4604 2879 4658 oppressos
2912 4589 3150 4657 jusserat
3184 4597 3360 4643 morte

1779 4683 1939 4748 allici,
1973 4692 2031 4737 ut
2059 4684 2160 4737 hac
2187 4683 2475 4738 severitate
2503 4689 2728 4736 caeteros
2755 4681 2808 4734 in
2838 4679 3015 4736 oﬂicio
3037 4682 3352 4737 contineret.

1778 4774 1856 4830 De
1877 4769 2010 4845 pace
2030 4774 2191 4842 paulo
2219 4781 2375 4830 antea
2398 4787 2520 4826 cum
2549 4771 2866 4828 Hunnorum
2886 4784 3013 4839 rege
3038 4772 3176 4826 facta
3197 4786 3358 4840 supra

1781 4868 2029 4923 diximus.
2052 4865 2178 4922 Haec
2200 4863 2532 4936 perpendens
2553 4863 2863 4931 Callinicus,
2883 4864 2954 4920 ob
2975 4871 3272 4932 reportatas
3291 4863 3360 4918 de

1781 4958 1989 5014 Sclavis
2009 4957 2260 5012 victorias
2285 4954 2424 5011 forte
2445 4956 2621 5019 ferox,
2651 4964 3000 5022 metuensque
3020 4968 3108 5018 ne,
3137 4953 3273 5010 liber
3290 4953 3360 5008 ab

122 5072 380 5130 curatore,
421 5076 584 5134 quem
623 5045 922 5128 adjutorem
950 5065 1206 5126 expertus
1239 5066 1321 5110 est
1348 5056 1399 5109 in
1431 5053 1680 5110 omnibus
1713 5063 1760 5121 υ
1783 5050 2032 5104 omnibus
2062 5048 2232 5112 bellis,
2263 5046 2522 5114 Agilullus
2549 5045 2847 5116 conjunctis
2864 5042 3064 5102 viribus
3086 5042 3140 5098 in
3162 5041 3360 5098 Roma-

121 5146 304 5206 l’robus
325 5168 422 5222 pro
449 5165 580 5221 pace
608 5147 942 5204 concilianda
983 5147 1190 5215 legatus
1220 5145 1409 5217 (Ibid.,
1448 5163 1530 5216 ep.
1561 5143 1673 5215 98).

125 5240 262 5300 Pacta
288 5245 730 5312 conditionesque
759 5240 909 5310 pacis
937 5238 1195 5308 Agilulius
1222 5253 1314 5292 rex
1345 5239 1548 5307 optima
1577 5235 1680 5293 ﬁde

121 5343 434 5390 sacramento
454 5333 812 5395 conﬁrmavit,
845 5347 949 5402 qua
970 5331 1036 5386 de
1057 5345 1115 5384 re
1136 5328 1425 5397 Gregorius
1447 5339 1556 5382 tum
1580 5329 1680 5398 ipsi

124 5429 297 5494 gratias
325 5430 454 5498 egit,
487 5437 602 5481 tum
631 5423 1010 5480 Theodelindzn
1036 5423 1256 5491 reginae,
1287 5436 1449 5491 quam
1477 5421 1682 5476 studio-

124 5515 215 5571 sius
251 5534 347 5588 pro
374 5515 663 5573 concordia
693 5515 994 5578 laborasse,
1027 5528 1057 5566 a
1086 5511 1262 5567 Probo
1298 5511 1492 5566 abbate
1528 5525 1683 5566 acce-

127 5615 278 5674 1-erat.
323 5606 381 5662 ln
424 5604 654 5676 epistola
692 5603 760 5659 ad
800 5602 1086 5674 Agilull‘um
1127 5617 1251 5657 eum
1281 5611 1436 5674 rogat
1481 5611 1536 5655 ut
1577 5602 1684 5656 suis

1785 5154 1885 5192 nos
1905 5153 1972 5191 ex
1992 5137 2282 5206 improviso
2306 5137 2554 5200 irrueret,
2585 5133 2754 5206 ipsum
2776 5146 3042 5200 occupare
3061 5131 3358 5188 constituit.

1785 5228 2028 5285 Collecto
2055 5228 2237 5295 itaque
2265 5226 2527 5295 exercitu,
2557 5225 2845 5292 tractisque
2864 5223 2929 5280 ad
2953 5223 3159 5293 imperii
3182 5231 3362 5293 partes

1787 5321 2057 5398 nonnullis
2087 5319 2558 5388 Langobardorum
2587 5317 2838 5382 ducibus,
2884 5315 3131 5374 Parmam
3173 5317 3362 5373 urbem

1790 5414 2195 5471 munitissimam
2218 5413 2495 5467 obsidione
2515 5410 2683 5464 cinxit
2709 5423 2773 5462 ac
2793 5409 3136 5478 expugnavit.
3161 5407 3365 5480 Captos

1788 5510 1842 5563 in
1893 5507 1996 5561 hac
2041 5503 2436 5574 expugnatione
2481 5499 2852 5556 Godiscalcurn
2899 5499 3088 5556 ducem
3138 5509 3196 5558 et
3248 5499 3364 5571 ejus

1790 5614 2032 5662 uxorem,
2064 5596 2204 5666 regis
2243 5594 2421 5662 ﬁliam,
2455 5593 2761 5648 Ravennam
2792 5592 2944 5650 duxit
2969 5595 3254 5652 exarchus.
3297 5595 3358 5650 At

189 5781 208 5811 ³
235 5772 361 5840 Quis
383 5771 548 5829 fuerit
577 5768 670 5827 ille
695 5767 898 5826 Probus
922 5766 1086 5825 abbas
1109 5767 1298 5838 quaerit
1329 5766 1528 5824 Mabill.
1574 5767 1763 5822 Annal.
1799 5760 2072 5819 Bcnedict.
2103 5758 2194 5814 lib.
2227 5773 2299 5824 ix,
2335 5772 2480 5812 num.
2513 5754 2602 5825 26,
2633 5768 2752 5827 pag.
2782 5753 2905 5810 252.
