3976 6294
647 292 745 347 415

1125 296 1183 352 S.
1226 297 1549 352 GREGORII
1589 296 1802 356 MAGNI
1844 300 2021 366 VITA,
2066 297 2157 352 EX
2199 297 2360 353 EJUS
2397 295 2701 352 SCRIPTIS
2741 295 3133 353 ADORNATA.
3176 297 3301 353 UB.
3344 298 3411 353 IV

3795 307 3899 361 “6

638 408 837 462 tllatam
868 408 968 462 sibi
998 407 1246 477 injuriam
1276 410 1462 464 ulcisci
1490 410 1715 479 cupiens
1736 410 1995 479 Agilull‘us
2016 410 2217 466 vicem-
2248 416 2292 468 A
2322 406 2389 459 ad
2409 407 2806 462 schismaticum
2823 408 3157 478 episcopum,
3183 409 3275 479 qui
3295 410 3363 466 de
3379 410 3555 468 reditu
3573 412 3640 469 ad
3657 411 3900 472 Ecclesia:

636 514 743 566 que
770 498 1103 566 rependere,
1136 514 1258 553 cum
1291 508 1499 553 tentare
1523 500 1661 554 velle
1691 500 2042 568 Cremonam,
2074 501 2223 556 Man-

636 597 818 652 tuam,
864 588 1099 641 Montem
1132 587 1308 642 Silicis
1338 589 1389 642 iu
1417 604 1547 657 agro
1587 587 1846 645 Patavino
1882 592 2219 657 simulasset,

639 677 810 746 ipsum
841 678 1063 730 adorsus
1090 687 1171 731 est
1198 678 1492 745 Patavium,
1526 696 1633 749 quo
1660 682 1860 750 potitus
1890 682 2074 737 urbem
2103 684 2220 738 solo

632 769 893 837 :equmit;
946 768 1251 835 praesidium
1295 779 1473 825 tamen
1518 772 1827 827 Ravennam
1871 787 1932 830 se
1976 777 2217 845 recepit,

630 857 811 926 populi
840 866 1017 909 autem
1049 873 1174 927 pars
1204 861 1436 914 maxima
1466 862 1533 916 ad
1560 862 1677 918 loca
1702 863 2030 920 Venetorum
2059 868 2217 937 palu-

626 947 756 1000 stria
800 947 1173 1017 confugerunt.
1222 950 1299 1005 Ne
1347 954 1582 1009 obsessis
1627 970 1787 1025 Opem
1836 956 1977 1013 ferre
2032 968 2215 1027 posset

625 1043 915 1109 exarchns,
938 1060 1035 1099 rex
1055 1046 1339 1117 imperavit
1368 1048 1569 1103 Ariullo
1596 1058 1650 1104 et
1669 1049 2031 1119 Langobardis
2053 1050 2214 1105 Etru-

624 1132 760 1187 riam
792 1135 1189 1201 obtinentibus,
1234 1145 1291 1191 ut
1331 1138 1555 1193 Romam
1589 1140 1862 1209 ipsamque
1903 1140 2210 1195 Ravennam

623 1223 894 1278 continuis
918 1227 1325 1282 excursionibus
1354 1228 1696 1283 lacesserent.
1739 1229 1954 1285 Interim
1986 1233 2209 1303 Avares,

623 1304 1098 1381 Langobardorum
1155 1325 1209 1370 et
1236 1317 1554 1372 Sclavorum
1603 1320 1772 1388 copiis
1813 1322 2015 1387 juncti,
2069 1321 2209 1376 lerto

622 1401 857 1473 igneque
905 1403 1158 1460 Histriam
1207 1416 1507 1463 vastavere.
1560 1408 1779 1465 Patavio
1817 1422 2004 1481 capto,
2055 1413 2207 1469 Mons

620 1492 799 1548 Silicis
845 1505 1204 1565 expugnatur,
1252 1507 1308 1551 et
1344 1499 1451 1552 duo
1497 1498 1967 1566 Langobardorum
2019 1504 2205 1573 duces,

620 1581 966 1637 Tridentinus
993 1601 1057 1640 ac
1086 1586 1469 1656 Forojuliensis
1489 1632 1504 1655 ,
1537 1591 1627 1658 qui
1658 1605 1688 1644 a
1719 1606 1845 1660 rege
1874 1593 2202 1663 de’l’bcerant,

617 1672 828 1725 veniam
859 1674 930 1727 ob
960 1674 1213 1730 violatam
1252 1677 1408 1732 ﬁdem
1440 1688 1658 1748 petunt,
1702 1690 1864 1750 atque
1894 1686 1945 1738 in
1976 1687 2200 1753 gratiam

2323 498 2602 552 catholica:
2632 499 2892 551 unitatem
2931 506 2987 553 et
3025 498 3091 554 ad
3120 502 3393 570 propriam
3421 502 3633 573 plebem
3658 519 3778 560 eum
3808 507 3899 561 ad-

2322 596 2588 643 moneret.
2632 587 2859 658 Scripsit
2895 590 3058 644 etiam
3099 590 3390 660 Gregorius
3428 593 3497 648 ad
3531 594 3689 662 hujus
3716 596 3900 652 insula:

2320 675 2671 743 habitatores,
2703 677 2924 731 laudans
2948 693 3189 733 amorem
3212 681 3429 735 unitatis
3448 696 3557 751 quo
3586 682 3898 753 ﬂagrabant,

2320 775 2376 822 et
2404 767 2473 821 de
2500 767 2568 823 iis
2590 783 2710 838 qua:
2744 768 3040 826 Mariniano
3065 771 3356 841 scripserat
3393 789 3490 830 eos
3527 777 3785 834 certiores
3824 779 3900 832 fa-

2317 857 2486 913 ciens.
2520 858 2698 915 Pauca
2720 875 2789 915 ex
2810 861 2912 917 hac
2933 864 3163 934 epistola
3190 865 3340 932 quasi
3367 865 3619 922 ﬂosculos
3640 871 3897 939 quosdam

2316 952 2652 1021 excerpenda
2669 953 2936 1023 duximus,
2963 964 3020 1010 et
3034 958 3383 1026 apponenda;
3407 961 3716 1016 mulcebunt
3730 965 3894 1029 enim,

2316 1050 2371 1097 et
2394 1044 2596 1111 odore,
2628 1055 2684 1100 et
2723 1055 2941 1117 aspectu
2969 1066 2982 1102 :
3015 1048 3328 1121 Redemptor
3351 1063 3555 1121 noster,
3588 1053 3893 1125 inquit,.....

2313 1134 2388 1186 sic
2412 1135 2531 1188 imis
2551 1153 2751 1190 summa
2778 1141 3066 1210 conjungit,
3093 1150 3150 1193 ut
3176 1143 3287 1211 ipse
3306 1131 3360 1195 in
3383 1145 3669 1198 mtemitate
3696 1163 3898 1215 penna-

2314 1243 2468 1293 nens,
2515 1229 2590 1282 ita
2627 1232 2928 1300 temporalia
2976 1233 3175 1287 occulto
3212 1234 3457 1288 instinctu
3494 1238 3583 1306 pia
3628 1239 3897 1292 consulem

2312 1318 2664 1372 moderatione
2692 1320 2971 1390 disponat:
2987 1332 3237 1393 quatenus
3262 1324 3326 1378 de
3345 1325 3457 1395 ejus
3482 1343 3637 1380 manu
3660 1330 3896 1399 antiquus

2310 1405 2474 1461 hostis
2507 1409 2799 1463 nullatenus
2835 1413 3007 1480 rapiat
3033 1429 3160 1482 quos
3185 1422 3306 1467 ante
3337 1417 3530 1469 saecula
3563 1418 3701 1471 intra
3726 1418 3895 1473 sinunt

2309 1500 2491 1553 matris
2515 1498 2763 1555 Ecclesiae
2788 1504 3157 1558 coadunandos
3177 1522 3289 1560 esse
3314 1510 3588 1576 pra'scivit.
3617 1508 3783 1574 Nam,
3804 1513 3896 1565 etsi

2308 1591 2574 1660 quisquam
2604 1608 2781 1645 eorum
2807 1592 2943 1647 inter
2969 1611 3094 1664 quos
3123 1597 3463 1665 corporaliter
3485 1598 3657 1668 degit,
3688 1600 3895 1669 ﬂatibus

2308 1690 2496 1746 motus,
2528 1682 2596 1735 ad
2617 1693 2813 1755 tempus
2838 1694 2893 1738 ut
2922 1686 3118 1757 palmes
3143 1688 3342 1754 titubet,
3366 1691 3521 1744 radix
3547 1701 3719 1745 tamen
3744 1704 3894 1748 recta:

615 1762 964 1831 recipiuntur.
1012 1764 1089 1819 lta
1136 1767 1359 1822 turbatae
1405 1771 1553 1839 pacis
1587 1771 1846 1840 religione
1883 1790 2163 1831 sacramen
2190 1778 2206 1831 i
2243 1779 2284 1838 Β
2310 1779 2462 1848 ﬁdei,
2493 1797 2607 1850 quin
2632 1798 2698 1836 ea:
2721 1783 2918 1837 occulto
2948 1784 3150 1853 prodit,
3181 1785 3567 1855 divinojudicio
3587 1789 3761 1841 virens
3783 1805 3893 1841 ma-

616 1853 779 1920 paulo
819 1864 975 1910 antea
1013 1859 1230 1914 sancita:
1266 1869 1321 1916 et
1350 1873 1679 1919 consecratae
1704 1866 1996 1924 Callinicus
2024 1886 2210 1941 poenas

612 1943 772 1997 tledit.
805 1946 822 2015 (
841 1946 923 2016 Cf.
953 1947 1110 2004 Paul.
1137 1950 1291 2007 Diae.
1324 1952 1469 2009 Hist.
1499 1954 1667 2028 Lang.
1701 1958 1794 2013 lib.
1827 1977 1900 2028 tv,
1932 1978 2083 2034 capp.
2111 1964 2203 2022 21,

613 2031 683 2086 at
703 2042 752 2087 et
778 2034 892 2106 25.)

688 2122 742 2176 4.
795 2123 851 2178 Id
892 2139 1051 2193 quam
1081 2129 1309 2186 moleste
1335 2134 1520 2189 tulerit
1546 2134 1604 2190 S.
1636 2135 1957 2208 Gregorius,
1987 2144 2077 2211 qui
2106 2160 2205 2214 pro

612 2224 745 2278 pace
789 2214 926 2268 adeo
976 2215 1347 2287 laboraverat,
1395 2237 1665 2295 quamque
1712 2242 1895 2284 amare
1937 2232 2201 2300 jacturam

613 2300 752 2355 illius
781 2300 987 2357 ﬂeverit
1016 2306 1103 2360 hic
1132 2309 1280 2376 pacis
1308 2312 1531 2378 angelus
1549 2354 1564 2380 ,
1613 2314 1822 2372 facilius
1850 2328 1932 2373 est
1960 2323 2202 2390 cogitare

609 2405 765 2459 quam
817 2393 994 2449 verbis
1041 2410 1335 2465 exponere.
1387 2401 1639 2458 Dolorem
1695 2409 1960 2479 tantisper
2014 2412 2202 2468 lenivit

599 2481 810 2538 .reditus
837 2482 903 2536 ad
931 2481 1228 2540 Ecclesiam
1259 2498 1281 2525 ⁸
1311 2488 1611 2559 Capritana:
1640 2495 1853 2564 insulsa,
1883 2513 2001 2567 qua:
2026 2502 2198 2558 schis-

611 2572 734 2625 mati
785 2585 884 2640 pro
933 2574 1103 2629 tribus
1151 2578 1400 2646 capitulis
1446 2582 1680 2638 conﬂato
1730 2586 1821 2641 diu
1876 2588 2193 2646 adhmserat.

610 2660 1054 2729 Quandoquidem
1092 2663 1412 2736 Capritanos
1452 2671 1517 2726 ad
1564 2674 1793 2730 schisma
1823 2677 2137 2747 ejurantlum
2164 2697 2196 2737 a

609 2751 869 2807 Callinico
910 2754 1171 2823 impulsos
1207 2759 1453 2815 audierat
1480 2779 1616 2834 papa
1639 2808 1654 2832 ,
1702 2767 1801 2835 ipsi
1828 2772 2026 2837 gratias
2051 2774 2198 2849 egit,

603 2843 943 2914 laudavitque
957 2850 1238 2903 consilium
1257 2851 1323 2907 de
1335 2858 1653 2912 revocandis
1670 2859 1737 2913 ad
1750 2861 1923 2916 sinum
1942 2843 2195 2921 Ecclesiae

600 2933 998 3005 dissidentibus,
1032 2949 1087 2994 et
1113 2944 1558 3003 tumultuantibus
1583 2953 1792 3019 populis
1820 2956 1921 3010 sibi
1944 2958 2189 3015 subditis.

608 3023 685 3079 Ne
709 3034 885 3082 tamen
916 3030 966 3083 in
998 3031 1102 3086 hoc
1129 3036 1403 3104 proposito
1434 3052 1838 3112 perseveraret,
1868 3046 2083 3103 obstare
2112 3052 2190 3104 vi-

2313 1878 2432 1934 net;
2462 1887 2577 1941 qua:
2603 1882 2809 1941 accepto
2840 1882 3064 1943 tempore
3096 1876 3319 1944 fructum
3346 1876 3410 1929 de
3436 1894 3493 1930 se
3520 1887 3783 1932 ostentare
3805 1896 3892 1933 va-

2308 1959 2412 2013 leat
2439 1963 2526 2032 qui
2553 1962 2761 2016 latebat.
2789 1961 2942 2027 Quod
2961 1966 3016 2018 in
3041 1964 3180 2019 vobis
3202 1983 3337 2020 nunc
3357 1984 3422 2021 ea:
3449 1968 3710 2023 desiderio
3732 1981 3890 2025 uestro

2307 2060 2503 2119 gestum
2524 2067 2634 2105 esse
2644 2055 2852 2121 superni
2865 2064 3120 2125 respectus
3144 2056 3490 2111 illustratione
3510 2062 3887 2130 cognoscimus,

2306 2139 2395 2208 qui
2437 2140 2880 2196 schismaticorum
2924 2144 3060 2198 inter
3093 2162 3220 2214 quos
3262 2145 3507 2201 habitatis
3550 2150 3888 2218 pertinaciam

2304 2231 2592 2298 refutantes
2610 2269 2625 2295 ,
2656 2232 2939 2286 coadunari
2968 2235 3085 2288 ovili
3116 2234 3385 2291 Dominico
3416 2248 3584 2292 mente
3609 2242 3887 2309 promptis-

2302 2320 2437 2373 sima
2461 2321 2575 2391 ipsa
2604 2323 2678 2375 rei
2707 2324 3006 2393 operatione
3032 2314 3348 2379 monstratis.
3379 2324 3574 2390 Quibus
3599 2330 3742 2382 enim
3770 2331 3889 2383 scis-

2301 2427 2426 2465 sura
2456 2412 2723 2482 displicet,
2765 2431 2921 2469 sanos
2948 2431 3002 2469 se
3028 2416 3156 2470 velle
3184 2433 3295 2471 esse
3322 2425 3603 2486 testantur,
3631 2430 3687 2472 et
3714 2436 3887 2488 repro-

2300 2503 2479 2560 bantes
2506 2523 2751 2574 errorem,
2791 2510 3061 2564 ostenditis
3089 2528 3177 2566 vos
3203 2529 3380 2568 amare
3404 2516 3540 2586 quod
3566 2524 3769 2570 rectum
3797 2529 3887 2585 est,

2297 2596 2459 2650 vitare
2486 2597 2622 2668 quod
2665 2598 2864 2652 devium
2894 2599 3089 2671 (Ibid.,
3116 2619 3197 2673 ep.
3226 2602 3348 2673 97).
3397 2604 3473 2660 De
3512 2605 3633 2661 aliis
3672 2606 3887 2663 Histria:

2297 2685 2513 2757 populis
2529 2689 2621 2759 qui
2650 2690 2880 2746 schisma
2903 2691 3271 2760 deseruerant,
3302 2696 3552 2766 agiturin
3574 2698 3701 2754 aliis
3723 2700 3885 2769 pluri-

2299 2780 2400 2835 mis
2424 2780 2647 2850 hujusce
2668 2782 2795 2836 anni
2816 2783 3057 2851 epistolis
3076 2783 3263 2853 (Ibid.,
3285 2803 3402 2857 epp.
3429 2787 3516 2854 65,
3540 2788 3629 2854 94,
3650 2789 3749 2854 95,
3774 2790 3884 2861 99).

2295 2866 2355 2922 In
2402 2868 2506 2923 illis
2553 2870 2619 2923 ad
2664 2869 2961 2926 Ecclesiam
3009 2875 3325 2932 revocandis
3359 2877 3601 2933 eluxerat
3645 2883 3884 2938 maxime

2295 2957 2550 3026 Gull‘aris,
2576 2962 2817 3030 magistri
2843 2962 3095 3031 militum,
3125 2965 3378 3033 studium,
3406 2967 3473 3022 de
3495 2982 3604 3038 quo
3633 2969 3744 3039 ipsi
3763 2986 3881 3041 gra—

2295 3042 2527 3116 tulatur,
2558 3058 2613 3106 et
2639 3052 2838 3120 gratias
2866 3054 2976 3121 agit
3005 3054 3272 3124 piissimus
3301 3065 3514 3126 pastor;
3548 3074 3793 3130 eumque
3817 3062 3879 3115 ad

605 3116 829 3171 debatur
850 3119 1023 3186 jussio
1050 3122 1291 3180 Mauricii
1326 3129 1583 3195 Augusti,
1614 3149 1710 3202 pro
1745 3136 2189 3193 schismaticorum
2216 3150 2261 3211 ο
2295 3144 2746 3211 perseverantiam
2786 3153 2843 3200 et
2876 3147 2944 3200 ad
2983 3149 3373 3216 protectionem
3404 3166 3434 3204 a
3469 3151 3773 3208 schismate
3801 3169 3879 3209 re-

604 3204 902 3276 defensione
924 3211 993 3263 ad
1013 3214 1180 3281 ipsum
1211 3220 1548 3284 transmissa;
1577 3222 1669 3275 sed
1692 3238 1810 3277 eam
1836 3226 1905 3279 ita
1931 3227 2195 3298 interpre-

605 3296 1064 3365 tatur'Gregorius
1098 3319 1110 3353 :
1146 3300 1296 3365 Quod
1327 3316 1495 3360 autem
1519 3313 1785 3381 exemplar
1797 3314 1827 3384 j
1848 3317 2052 3371 :ssionis
2076 3296 2190 3390 quae

600 3382 670 3434 ad
700 3400 786 3437 vos
819 3403 913 3454 pro
945 3390 1385 3447 schismaticorum
1416 3397 1715 3463 defensione
1745 3409 2052 3461 transmissa
2091 3420 2188 3476 est,

602 3472 723 3525 mihi
750 3476 952 3529 ostendi
974 3478 1227 3548 voluistis,
1257 3499 1476 3551 pensare
1505 3489 1722 3545 sollicite
1746 3494 2041 3551 dulcissima
2066 3500 2191 3554 mihi

595 3571 763 3615 vestra
804 3566 1108 3621 excellentia
1152 3571 1325 3626 debuit
1367 3590 1384 3629 :
1432 3579 1552 3647 quia
1600 3586 1826 3649 quamvis
1867 3587 2035 3656 jussio
2072 3593 2187 3661 ipsa

601 3650 841 3723 subrepta
874 3666 980 3721 est,
1014 3669 1319 3716 nontamen
1350 3667 1402 3718 in
1431 3685 1493 3720 ea
1523 3671 1660 3724 vobis
1689 3650 2000 3745 praeceptum
2026 3650 2102 3733 esi
2131 3692 2187 3734 ut

600 3744 850 3797 venientes
874 3747 943 3799 ad
964 3752 1209 3804 unitatem
1238 3752 1488 3811 Ecclesia:
1507 3762 1789 3829 repellatis,
1823 3744 1913 3820 sed
1937 3779 1991 3821 ut
2017 3774 2185 3827 venire

593 3834 821 3889 nolentes
844 3837 939 3890 hoc
968 3839 1163 3897 incerto
1189 3854 1411 3915 tempore
1435 3852 1643 3905 minime
1663 3861 2001 3926 compellatis.
2035 3862 2184 3919 Unde

595 3942 793 3980 necesse
822 3939 897 3982 est
921 3941 977 3982 ut
1006 3932 1113 3986 [nec
1141 3934 1255 4002 ipsa
1283 3939 1529 4007 piissimis
1560 3943 1953 4013 imperatoribus
1983 3957 2178 4009 nostris

596 4032 866 4087 suggerere
904 4022 1090 4090 festiue
1118 4024 1345 4080 debeatis
1375 4044 1393 4082 :
1424 4040 1672 4101 quatenus
1701 4051 2011 4107 cognoscant
2045 4044 2181 4109 quod

596 4123 771 4161 eorum
815 4116 1124 4181 temporibus
1172 4119 1489 4174 schismatici
1528 4140 1643 4177 cum
1675 4130 2038 4199 omnipotentis
2080 4134 2179 4190 Dei

595 4196 781 4251 solatio
820 4209 869 4252 et
909 4201 1084 4255 labore
1123 4217 1317 4270 uestro,
1366 4226 1462 4263 sua
1497 4224 1678 4281 sponte
1720 4196 1900 4273 reverti
1931 4225 2177 4292 festinant

595 4283 734 4350 (Lib.
764 4304 838 4352 ιχ,
872 4307 952 4357 ep.
983 4290 1059 4361 9).
1085 4293 1141 4347 ln
1169 4297 1359 4352 eadem
1387 4301 1453 4353 ad
1478 4306 1765 4360 exarchum
1789 4283 2015 4378 epistola
2047 4330 2177 4368 con-

594 4379 836 4445 queritur
874 4381 931 4434 S.
975 4381 1293 4453 Gregorius,
1326 4399 1437 4444 tum
1474 4392 1542 4448 de
1582 4398 1786 4466 majore
1815 4402 1932 4470 ejus
1960 4403 2171 4473 domus,

591 4475 699 4521 tum
729 4468 796 4522 de
824 4467 1035 4526 Justino
1063 4475 1212 4543 cujus
1243 4481 1468 4536 consilio
1499 4485 1774 4552 utebatur;
1805 4467 1894 4558 qui
1919 4467 2168 4549 nimirum
2196 4519 2250 4579 D

591 4573 695 4611 non
719 4559 947 4616 obscure
976 4562 1241 4623 barreticis
1266 4569 1513 4631 favebant
1538 4587 1698 4649 atque
1722 4582 2092 4640 schismaticis.

657 4647 979 4743 Quiabujus
1020 4654 1207 4712 insulm
1237 4663 1555 4736 episcOpus,
1599 4647 1880 4741 postquam
1912 4677 2169 4743 petitione

588 4739 763 4792 oblata
792 4738 1054 4800 Callinico
1083 4752 1383 4817 postularat
1412 4766 1472 4811 ut
1491 4738 1751 4817 sibi—cuni
1790 4738 1933 4820 omni
1965 4770 2165 4838 p0pulo

585 4830 653 4883 ad
677 4832 933 4889 unitatem
960 4834 1207 4897 Ecclesiae
1237 4850 1434 4903 reverti
1465 4852 1676 4921 liceret,
1708 4866 1941 4913 mentem
1967 4830 2165 4920 deinde

584 4933 884 4980 mutaverat
916 4936 971 4983 et
1011 4946 1070 4986 se
1098 4933 1164 4987 ad
1191 4938 1564 5000 schismaticos
1599 4947 1793 5003 iterum
1837 4955 2162 5024 contulerat,

584 5012 782 5114 placuit
833 5030 985 5086 papae
1032 5028 1090 5074 ut
1138 5023 1484 5100 Marinianus,
1534 5033 1816 5094 Ravennas
1857 5043 2160 5114 episcopus,

580 5098 883 5201 Capritaute
904 5107 1156 5168 Ecclesne
1176 5118 1451 5177 ordinaret
1469 5098 1803 5198 episcopum,
1825 5098 1912 5201 qui
1931 5134 1995 5187 ad
2011 5098 2160 5192 sitam

579 5196 918 5299 mptropolim
966 5205 1288 5275 pertineret,
1337 5213 1510 5271 donec
1556 5196 2053 5299 HistriciepiscOpi
2093 5232 2162 5288 ad

586 5282 737 5337 iidem
762 5289 1080 5348 catholicam
1110 5298 1425 5370 rediissent,
1453 5321 1679 5376 quorum
1709 5282 1916 5373 Scilicet
1943 5282 2160 5388 pr'oviu-

582 5373 1048 5481 fireltribuebatur
1082 5386 1253 5446 insula
1283 5373 1569 5465 Capritana
1620 5401 1766 5471 (Lib.
1800 5423 1885 5477 ιχ,
1930 5373 2153 5481 eptlfll.

579 5461 1115 5560 Nihilotamenminus
1153 5492 1278 5538 ante
1319 5490 1442 5543 novi
1481 5492 1716 5565 episcopi
1764 5461 2153 5559 ordinalionem

581 5563 748 5610 visum
770 5570 852 5612 est
877 5564 1272 5633 sapientissimo
1301 5574 1561 5649 Ponttllci,
1594 5563 1978 5648 utiuitti-retur
2006 5596 2153 5664 ptllls

649 5694 676 5723 ³
701 5687 760 5743 in
800 5690 988 5752 intimo
1033 5714 1246 5760 recessu
1291 5713 1451 5768 maris
1480 5714 1764 5786 Adriatici,

2295 3232 2582 3288 deuntibus
2609 3233 3017 3305 impendendam
3047 3237 3382 3294 adhortatur.

2367 3324 2416 3379 5.
2450 3327 2546 3392 Qui
2570 3342 2634 3382 ex
2662 3328 3014 3384 schismaticis
3039 3330 3140 3384 illis
3161 3330 3227 3384 ad
3252 3333 3392 3387 ovile
3416 3335 3620 3390 reversi
3643 3334 3875 3398 fuerant,

2293 3415 2356 3468 de
2391 3418 2647 3485 pravitate
2683 3419 3037 3489 episcoporum
3084 3420 3295 3476 Histria:
3331 3425 3495 3478 multa
3534 3428 3832 3483 narrabant
3861 3448 3875 3484 :

2291 3519 2409 3572 quae
2446 3514 2502 3559 ut
2530 3505 2783 3562 Mauricio
2811 3509 3122 3579 imperatori
3150 3512 3543 3581 signiﬁcarent,
3578 3517 3875 3572 medelam-

2288 3609 2394 3663 que
2424 3594 2756 3665 ﬂagitarent,
2790 3597 3310 3671 Constantinopolim
3333 3617 3392 3657 se
3412 3604 3796 3671 contulerunt,
3826 3616 3874 3662 et

2289 3685 2556 3751 Anatolio,
2598 3687 2741 3741 sedis
2769 3690 3080 3757 apostolica:
3108 3691 3315 3760 legato,
3347 3696 3725 3751 commendari
3756 3714 3873 3767 pos-

2289 3782 2541 3835 tularunt.
2564 3780 2621 3833 ld
2639 3797 2758 3836 cum
2773 3782 2874 3835 illis
2892 3781 3156 3851 denegare
3173 3800 3279 3839 non
3302 3795 3485 3855 posset
3500 3790 3873 3847 sanctissimus

2289 3867 2551 3937 Pontifex,
2580 3871 2794 3940 scripsit
2816 3871 3065 3927 Anatolio
3088 3883 3147 3927 ut
3174 3875 3276 3943 eis,
3307 3876 3451 3930 salva
3480 3878 3709 3946 ratione,
3744 3897 3872 3951 pne-

2283 3959 2332 4013 bi
2353 3970 2437 4012 ιιι-ι
2467 3960 2741 4014 auxilium.
2774 3960 2888 4016 Non
2911 3962 3192 4019 dubitabat
3211 3966 3353 4020 enim
3374 3968 3503 4037 quin
3531 3969 3802 4026 haereticis
3821 3980 3871 4027 et

2281 4049 2664 4115 schismaticis,
2715 4052 2856 4105 haud
2894 4068 3051 4108 secus
3081 4069 3146 4110 ac
3189 4057 3424 4123 caeteris,
3466 4074 3687 4129 aequum
3720 4062 3870 4118 reddi

2279 4143 2500 4197 deberet
2528 4143 2665 4216 (Lib.
2699 4162 2774 4212 Ix,
2806 4163 2888 4218 ep.
2918 4146 3032 4219 66).

2301 4236 2305 4241 “
2352 4233 2404 4289 6.
2453 4233 2567 4291 Hoc
2593 4252 2722 4292 sane
2752 4240 2968 4309 proprio
2997 4242 3244 4310 probavit
3277 4245 3555 4315 exemplo,
3608 4261 3739 4315 erga
3770 4247 3869 4302 Co-

2280 4327 2479 4380 mensis
2508 4325 2762 4383 Ecclesize
2796 4330 3054 4397 clericos,
3100 4334 3192 4402 qui
3230 4333 3296 4388 ab
3335 4333 3575 4391 Ecclesia
3619 4336 3865 4393 Romana

2275 4426 2643 4485 secesserant,
2694 4427 2753 4473 ut
2799 4418 3153 4478 Histricorum
3204 4425 3433 4480 schisma
3479 4438 3861 4496 sequerentur.

2273 4507 2648 4575 Constantius,
2701 4510 3115 4570 Mediolanensis
3155 4515 3624 4586 archiepiscopus,
3683 4521 3862 4576 studio

2271 4599 2590 4654 sacerdotali
2631 4616 2727 4656 eos
2766 4612 3050 4659 monuerat
3088 4614 3144 4660 ut
3185 4607 3253 4662 ad
3298 4606 3554 4663 Ecclesiae
3593 4611 3858 4667 unitatem

2270 4688 2529 4744 redirent.
2567 4690 2635 4743 At
2666 4692 2741 4745 illi
2769 4694 3163 4762 responderunt
3199 4710 3259 4750 se
3299 4712 3329 4750 a
3378 4698 3560 4752 multis
3607 4700 3859 4768 injuriam

2271 4792 2490 4846 pa‘sos,
2518 4787 2574 4833 et
2600 4796 2782 4849 praise:
2798 4783 2892 4836 tim
2920 4784 2988 4837 ab
3017 4782 3257 4840 Ecclesia
3288 4785 3530 4842 Romana
3548 4829 3565 4854 ,
3596 4805 3723 4859 qua:
3751 4806 3859 4845 sua:

2266 4864 2522 4922 Ecclesiae
2558 4870 2813 4939 praedium
2839 4874 3107 4941 quoddam
3138 4887 3450 4946 usurparet,
3481 4880 3667 4949 potius
3696 4882 3859 4954 285

2265 4959 2367 5014 hac
2394 4960 2571 5030 iniqua
2602 4978 2821 5033 prorsus
2853 4967 3041 5034 agendi
3071 4969 3283 5024 ratione
3308 4985 3340 5025 a
3372 4972 3740 5030 Romanorum
3768 4992 3856 5033 so-

2266 5050 2462 5106 cietate
2483 5054 2876 5124 repelli,-quam
2897 5058 3158 5114 eharitate
3181 5060 3341 5117 allici.
3368 5061 3493 5120 Haec
3514 5074 3572 5119 ut
3591 5071 3804 5138 accepit
3820 5084 3853 5125 ι

2265 5139 2581 5199 Ceustantio
2608 5144 2924 5215 Gregorius,
2955 5152 3231 5221 respondit
3259 5158 3657 5224 possessionem
3689 5178 3851 5230 quam

2263 5236 2364 5291 sibi
2392 5236 2626 5292 ablatam
2656 5239 2949 5298 Comenses
2989 5247 3351 5302 causabantur
3387 5259 3576 5305 contra
3624 5252 3852 5309 rationis

2263 5329 2506 5383 ordinem
2539 5331 2675 5385 ultra
2704 5332 2931 5390 detineri
2975 5352 3034 5391 se
3073 5339 3292 5394 minime
3328 5358 3641 5411 passurum,
3686 5360 3733 5400 ει
3770 5360 3852 5400 eis

2256 5419 2379 5486 jure
2417 5431 2775 5492 competeret,
2825 5429 3071 5494 quamvis
3098 5430 3164 5484 ad
3207 5434 3639 5489 communionem
3670 5437 3851 5491 redire

2260 5508 2564 5578 diﬂ'errcnt,
2596 5512 2719 5577 sed,
2751 5517 2966 5582 cognita
2995 5519 3254 5588 veritate,
3305 5525 3513 5579 restitui
3538 5525 3844 5595 jussuruuz.

2260 5596 2430 5655 Porro
2457 5601 2503 5655 si
2517 5602 2587 5655 ad
2601 5606 2848 5659 unitatem
2863 5606 3110 5665 Ecclesiae
3133 5629 3186 5667 se
3207 5617 3567 5683 converterint,
3583 5616 3850 5688 prandium

1807 5738 1911 5779 non
1941 5726 2101 5796 longe
2130 5743 2162 5784 a
2190 5728 2368 5788 littore
2392 5736 2681 5804 provincia:
2704 5737 3086 5808 Forojulicnsis
