3976 6320
94 353 181 411 U7

523 336 583 391 S.
624 324 950 386 GltEthllll
994 318 1205 377 MAGNI
1248 315 1428 383 VITA,
1468 312 1565 370 EX
1605 310 1771 368 EJUS
1808 305 2119 364 SCRIPTIS
2159 298 2555 358 ADORNATA.
2594 296 2727 353 LIB.
2770 292 2857 348 IV.

3216 288 3325 343 418

94 471 146 521 δε
168 475 268 531 quo
288 459 394 511 erat
418 441 815 507 controversia,
843 434 1087 507 quamvis
1108 431 1213 489 illis
1232 444 1343 485 non
1370 432 1645 495 compete-
1671 429 1723 486 Α
1754 421 1883 477 inde
1910 420 2122 476 discant
2168 416 2386 473 nimiam
2414 415 2482 469 de
2510 416 2796 485 suostatu.
2816 411 3157 461 securitatem
3201 398 3340 471 abji-

1757 528 1863 531 μί--
1949 521 1991 531 -.
2048 526 2107 531 ,μ
2162 524 2215 531 -_
2252 507 2393 531 ---λε
2446 504 2658 531 -..ιεηηπ
2706 494 3009 531 smus-utinm
3058 499 3331 531 nvnulnm,

95 565 181 618 ret,
207 551 421 605 libenter
446 551 631 593 conce
646 546 851 588 surum.

152 644 198 697 7.
233 628 626 694 Schismaticis,
678 623 754 678 uti
780 620 890 689 jam
918 615 1173 678 diximus,
1216 621 1492 665 accenseri
1538 618 1647 658 non

98 737 269 792 debere
294 719 654 780 Secundinum
683 709 1007 765 monachum
1038 704 1128 774 qui
1157 710 1334 754 tamen
1364 696 1527 749 trium
1557 706 1650 745 ca-

98 823 353 899 pitulorum
378 804 715 867 damnationi
748 816 854 856 non
884 798 1254 855 consenserat,
1302 786 1385 841 vel
1413 800 1479 838 ex
1510 780 1648 851 epis-

614 896 625 899 ‘
680 895 691 899 ·
991 887 1000 895 ·
1049 892 1060 899 -
1184 884 1275 899 -r-
1318 872 1630 899 μηδικῆς..-

101 872 187 972 ἶυιυ
232 872 328 965 hoc
370 917 515 957 anno
563 896 631 951 ad
680 895 850 962 ipsum
900 887 1100 953 scripta
1147 884 1280 935 satis
1318 872 1650 941 intcl‘igitur.

102 970 212 1077 (Lib.
244 1017 294 1056 ιι
317 1039 330 1062 ,
360 1013 443 1064 ep.
478 990 591 1059 52).
623 986 811 1052 Magna
837 993 945 1035 erat
978 972 1266 1030 Secundini
1296 970 1434 1023 fama
1460 1006 1475 1030 ,
1518 978 1651 1033 pra:-

101 1058 253 1155 :Lertim
279 1091 330 1143 in
359 1058 484 1140 aula
510 1080 656 1152 regis
683 1069 1161 1141 Langobardorum
1186 1107 1201 1131 ,
1234 1073 1289 1117 et
1317 1060 1455 1130 apud
1486 1058 1657 1111 Theo-

102 1184 337 1245 delindam
379 1188 592 1232 summa
621 1166 911 1223 auctoritas
936 1204 951 1229 ,
982 1161 1051 1215 ob
1101 1157 1265 1227 ipsius
1301 1151 1657 1208 eruditionem

102 1295 147 1339 et
181 1274 536 1331 sanctitatem.
559 1261 716 1319 Unde
755 1257 925 1313 voluit
959 1252 1145 1319 regina
1186 1257 1246 1302 ut
1290 1245 1454 1298 lilium
1502 1254 1657 1297 suum

104 1365 421 1429 Adaloaldnm
453 1375 485 1414 e
527 1356 675 1411 fonte
712 1364 867 1406 sacro
896 1345 1231 1413 susciperet,
1265 1336 1430 1391 Paulo
1478 1346 1659 1387 rerum

108 1422 600 1525 liangobardicarum
628 1442 891 1510 scriptore
920 1443 1054 1491 teste
1097 1431 1261 1503 (Hist.
1298 1426 1467 1495 Lang.
1499 1422 1535 1475 l.
1578 1437 1659 1486 IV,

294 1542 434 1614 apud
465 1552 623 1607 quem
650 1539 877 1587 vocatur
902 1540 927 1565 ⁸
956 1522 1244 1584 Secundus,
1277 1533 1449 1572 servus
1474 1513 1664 1568 Christi

109 1655 158 1701 de
174 1608 426 1698 Tridento.
450 1634 510 1688 in
531 1625 884 1696 inscriptione
913 1617 1154 1689 epistolae
1178 1613 1372 1668 dicitur
1392 1608 1662 1670 inclusus;

114 1746 157 1792 et
178 1750 239 1789 ex
264 1726 507 1799 epistolae
533 1719 673 1777 serie
698 1694 788 1769 ubi
830 1706 1197 1767 monomachus
1242 1699 1568 1771 appellatur,
1596 1694 1665 1748 ob

109 1795 375 1885 solitariam
393 1830 557 1886 quam
582 1809 798 1867 colebat
824 1799 1197 1867 vitam,liquet
1224 1795 1396 1864 ipsum
1425 1804 1529 1842 non
1560 1800 1671 1840 cce-

112 1920 317 1976 nobitam
341 1953 358 1975 ,
401 1909 497 1965 sed
528 1902 809 1961 eremitam
833 1904 885 1951 et
916 1892 1295 1948 anachoretam
1326 1881 1508 1936 fuisse.
1541 1876 1665 1944 Ejus

115 2021 265 2067 autem
293 2000 613 2060 reclusionis
639 1990 900 2051 districtio
923 1992 1071 2040 tanta
1098 1998 1202 2037 non
1226 1985 1363 2040 erat,
1392 1984 1449 2028 ut
1476 1988 1507 2027 e
1533 1969 1665 2025 cella

115 2101 268 2165 egredi
307 2112 413 2150 non
445 2094 652 2153 liceret,
684 2093 776 2139 aut
802 2083 967 2137 etiam
994 2077 1061 2132 de
1088 2069 1414 2143 gravissimis
1443 2061 1671 2131 negotiis

388 2181 603 2239 Profert
641 2151 988 2232 VMabillonius
1048 2163 1354 2233 exemplum
1401 2151 1671 2225 Sigobcrti

118 2281 281 2340 reclusi
323 2276 466 2349 apud
497 2273 555 2327 S.
597 2265 941 2337 Dionysium,
972 2260 1025 2313 in
1077 2269 1207 2323 agro
1256 2248 1540 2311 Parisiaco,
1583 2241 1674 2311 qui

120 2388 218 2429 cum
241 2340 519 2428 Grimone,
536 2361 730 2416 abbate
750 2352 1061 2410 Corbeiensr
1074 2346 1141 2401 ad
1155 2340 1470 2409 Gregorium
1486 2347 1677 2404 papam

121 2480 173 2517 eo
197 2460 408 2517 nomine
435 2459 705 2523 quartum,
734 2462 763 2499 a
805 2441 1023 2505 Carolo,
1056 2437 1384 2491 Francorum
1413 2426 1677 2496 principe,

1746 528 1891 578 cere,
1940 521 1996 567 et
2042 526 2110 565 ex
2156 524 2220 564 ea
2252 507 2398 562 nasci
2445 504 2660 561 solitam
2706 494 3010 555 socordiam
3058 499 3337 557 excutere,

1746 605 2049 674 rnajorique
2098 611 2286 657 contra
2338 600 2570 654 latentes
2605 593 2777 651 hostis
2822 588 3044 645 insidias
3074 584 3342 641 excubare

1748 690 2048 759 vigilantia.

1822 781 1876 837 9.
1919 783 1983 834 At
2031 780 2082 834 in
2119 780 2223 833 line
2253 777 2477 832 laudatae
2518 773 2758 845 epistolae
2805 768 3041 825 occurrit
3086 766 3237 821 locus
3262 759 3330 815 de

1752 876 2091 945 imaginibus,
2142 873 2296 941 cujus
2342 870 2626 927 occasione
2653 866 2784 937 quid
2834 861 3066 920 senserit
3092 861 3147 913 S.
3195 855 3322 912 Gre-

1755 967 1938 1034 gorius
1967 965 2033 1017 de
2061 978 2335 1018 sacrarum
2363 959 2654 1027 imaginum
2682 972 2779 1010 usu
2806 962 2861 1008 et
2888 953 3034 1006 cultu
3066 949 3343 1018 inquiren-

1756 1058 1883 1110 dum
1933 1063 1989 1108 et
2028 1049 2441 1121 expendendum
2490 1061 2794 1103 censemus.
2856 1042 3158 1098 Postularat
3220 1039 3343 1110 pius

1757 1145 2053 1202 monachus
2082 1161 2112 1196 a
2157 1140 2408 1212 pontilice
2437 1146 2650 1191 sanctas
2698 1134 2974 1200 imagines.
3007 1130 3093 1184 cui
3138 1144 3345 1183 morem

1759 1252 1952 1307 gerens
1985 1235 2131 1289 misit
2162 1230 2417 1286 surtarias
2440 1226 2569 1279 duas
2599 1225 2877 1294 imaginem
2908 1219 3005 1273 Dei
3038 1218 3344 1279 Saluatoris,

1762 1341 1810 1385 et
1834 1338 2028 1384 sancta:
2050 1326 2147 1380 Dei
2170 1323 2436 1395 genitricis
2464 1319 2513 1372 Μ
2524 1318 2673 1382 urite,
2697 1315 3060 1381 beatorumqne
3086 1308 3352 1375 apostolo-

1762 1437 1877 1475 rum
1907 1418 2050 1471 Petri
2093 1424 2140 1470 et
2178 1412 2334 1467 Pauli
2363 1410 2705 1465 continentes.
2757 1401 3159 1454 Prienionnerat
3187 1395 3352 1451 disci-

1767 1511 1949 1583 pulum
1984 1507 2050 1563 de
2080 1521 2178 1559 usu
2210 1500 2498 1569 imaginum
2531 1496 2612 1550 his
2641 1492 2819 1547 verbis
2845 1507 2858 1519 ·
2906 1488 3067 1542 Valde
3095 1484 3241 1539 nobis
3273 1492 3360 1536 tua

1768 1601 2044 1675 postulatio
2073 1599 2268 1669 placuit
2293 1611 2310 1649 :
2355 1595 2477 1664 quia
2522 1590 2671 1644 illum
2702 1596 2805 1641 toto
2835 1584 3011 1649 corde,
3056 1590 3163 1636 tota
3191 1580 3363 1633 inten-

1769 1693 1906 1745 tione
1934 1690 2119 1761 qnazris
2139 1724 2154 1749 ,
2186 1684 2331 1754 cujus
2371 1681 2649 1751 imaginem
2688 1690 2797 1746 pra:
2826 1672 2984 1727 oculis
3016 1669 3199 1722 habere
3226 1666 3375 1720 desi-r
3458 1674 3465 1687 ‘

1704 1787 1748 1846 B
1775 1785 1949 1847 deras,
1979 1791 2034 1834 ut
2064 1790 2112 1833 te
2149 1779 2276 1832 cisio
2318 1771 2603 1841 corporalis
2633 1766 2933 1839 quotidiana
2962 1761 3143 1815 reddat
3172 1758 3364 1812 exerci-

1771 1885 1971 1929 tatum:
2017 1880 2073 1924 ut
2104 1870 2225 1922 dum
2266 1867 2521 1937 picturam
2553 1861 2695 1914 illius
2720 1856 2879 1912 vides.
2913 1852 2981 1906 ad
3012 1852 3157 1905 illum
3187 1850 3360 1901 animo

1768 1965 2087 2025 inardescas,
2136 1958 2280 2027 cujus
2338 1954 2613 2022 imaginem
2660 1948 2827 2001 videre
2856 1943 3140 1997 desideras.
3186 1937 3247 1990 Et
3280 1937 3365 1990 in-

1774 2055 1879 2108 fra:
1914 2052 2037 2108 Scio
2078 2025 2280 2122 quidem
2328 2043 2464 2115 quod
2518 2039 2798 2108 imaginem
2851 2030 3145 2088 Saluatoris
3199 2025 3364 2081 nostri

1775 2164 1876 2199 non
1926 2142 2041 2197 ideo
2094 2140 2244 2208 petis,
2300 2146 2355 2188 ut
2384 2133 2530 2206 quasi
2584 2130 2744 2183 Deum
2772 2126 2934 2186 colas,
2965 2123 3053 2177 sed
3096 2123 3156 2174 ob
3187 2134 3359 2172 recor-

1776 2234 2033 2286 dationem
2090 2228 2189 2298 ﬁlii
2237 2225 2333 2278 Dei
2379 2227 2431 2278 in
2471 2222 2583 2292 ejus
2634 2234 2809 2271 amore
2850 2216 3176 2275 recalescas,
3223 2208 3369 2277 cujus

1780 2338 1826 2380 te
1865 2323 2140 2394 imaginem
2193 2319 2361 2373 videre
2415 2312 2701 2367 desideras.
2763 2307 2833 2360 Et
2884 2322 2976 2359 nos
3015 2303 3221 2374 quidem
3268 2315 3372 2352 non

1780 2414 1926 2487 quasi
1966 2422 2085 2466 ante
2136 2408 2454 2463 divinitatem
2497 2411 2617 2456 ante
2663 2398 2811 2452 illam
2846 2393 3236 2465 prosternimur,
3283 2386 3373 2441 sed

122 2482 173 2517 eo
197 2482 408 2517 nonum:
435 2482 558 2523 quas
576 2482 705 2511 sum,
734 2482 763 2499 α
806 2482 1023 2505 unum,
1056 2482 1077 2491 ..
1100 2482 1282 2490 ..ηην-
1302 2482 1363 2485 _-,
1416 2482 1428 2496 ι
1592 2482 1604 2494 _
1664 2482 1675 2491 ι
1793 2482 1803 2487 _

122 2555 289 2609 missus
328 2556 416 2603 est
461 2545 621 2615 (Ann.
657 2536 869 2599 Bened.,
892 2550 1013 2604 pag.
1041 2527 1189 2595 252).
1219 2524 1352 2579 Cum
1377 2520 1551 2574 adhuc
1577 2517 1684 2569 hm—
1780 2506 1928 2559 illum
1973 2503 2256 2557 adoramus
2285 2512 2431 2568 quem
2477 2510 2567 2563 per
2603 2489 2882 2559 imaginem
2929 2492 3018 2536 aut
3046 2491 3245 2540 natum,
3286 2482 3375 2529 aut

1450 2610 1477 2615 ’-
1650 2606 1682 2615 ··
2044 2593 2127 2615 --.ι
2155 2601 2193 2615 ,ο
2216 2593 2268 2615 ξ..
2296 2589 2475 2615 σιηηιηη
2498 2582 2750 2615 “silanus”:
2776 2575 3127 2615 rnrnrdtrmtlr-
3158 2568 3225 2615 ΕΙ
3252 2567 3375 2615 dum

125 2653 246 2700 reret
278 2642 367 2710 pia
406 2606 614 2704 regina,
666 2637 721 2686 et
762 2625 955 2681 adduci
999 2636 1104 2676 non
1134 2616 1396 2688 potuisset
1441 2606 1685 2679 Gr-gorii

82 2804 85 2811 ι
127 2699 565 2787 adhortationibus
605 2727 698 2775 aut
740 2714 989 2786 precibus
1034 2719 1092 2763 ut
1129 2707 1288 2760 trium
1330 2699 1686 2771 capitulorum

129 2822 508 2878 damnationem
548 2812 964 2881 amplecteretur
983 2845 998 2870 ,
1026 2798 1363 2856 Secundinus
1389 2835 1404 2858 ,
1446 2790 1538 2860 qui
1566 2802 1690 2843 cum

130 2918 221 2983 ipsa
250 2913 395 2966 idem
426 2905 712 2967 sentiebat,
747 2897 982 2954 libellum
1010 2889 1225 2961 scripsit
1253 2902 1361 2955 quo
1391 2897 1542 2936 suam
1575 2891 1684 2933 tue-

133 3005 265 3058 batur
291 2996 641 3055 sententiam,
672 2988 987 3058 rogavitque
1028 2978 1345 3047 Gregorium
1376 2968 1697 3026 Theodelino

134 3096 206 3156 da,
230 3100 285 3146 ut
310 3089 386 3144 ad
412 3085 620 3153 singula
650 3079 815 3135 libelli
845 3074 910 3129 ad
938 3090 997 3128 se
1026 3088 1056 3125 a
1084 3066 1393 3125 Secundino
1424 3060 1570 3115 missi
1596 3072 1695 3111 res-

138 3154 381 3259 ponderet
424 3183 761 3247 argumenta.
792 3171 1119 3238 Deprecatus
1149 3168 1233 3216 est
1277 3159 1419 3212 hunc
1462 3154 1698 3207 laborem
1731 3156 1776 3216 ρ

139 3241 411 3343 bregorius
451 3241 521 3324 ob
564 3265 814 3336 podagra;
853 3258 1070 3312 dolores
1094 3252 1186 3321 qui
1214 3264 1336 3305 eum
1382 3241 1708 3300 decumbere

144 3366 487 3433 cogebant,ct
503 3359 571 3411 ab
596 3353 742 3409 omni
773 3345 1142 3405 lucubratione
1170 3337 1370 3395 leriari.
1398 3333 1503 3389 Sed
1529 3334 1571 3386 si
1599 3347 1710 3385 om-

142 3455 389 3525 nipotente
426 3448 536 3502 Deo
599 3446 946 3513 disponente,
1006 3432 1342 3492 convaluero,
1392 3424 1595 3493 inquit,
1642 3420 1711 3474 ad

143 3513 304 3598 cuncta
365 3555 483 3611 qua
545 3536 670 3589 mihi
719 3529 927 3601 scripsit
978 3518 1410 3595 (Secundinus)
1461 3513 1713 3569 subtiliter

144 3630 448 3704 respondebo
496 3626 637 3698 (Lib.
684 3639 814 3689 xw,
851 3636 934 3687 ep.
969 3616 1081 3682 12).
1132 3611 1188 3665 ld
1239 3618 1416 3663 tamen
1462 3612 1716 3675 praestare

146 3724 470 3780 sanctisimo
501 3716 716 3773 Doctori
756 3725 1029 3778 nunquam
1072 3704 1225 3760 licuit
1250 3704 1319 3757 ob
1362 3696 1604 3753 assiduas
1632 3694 1715 3748 in-

150 3817 436 3869 ﬁrmitates.

209 3906 257 3960 8.
286 3906 386 3959 Diu
408 3910 534 3956 ante
560 3897 795 3954 libellum
816 3894 981 3958 hunc,
1013 3890 1064 3943 in
1085 3902 1193 3956 quo
1223 3884 1289 3938 de
1319 3879 1422 3934 lide
1450 3877 1719 3944 rebu~que

151 3992 517 4051 ecclesiasticis
544 3987 856 4057 disputabat
882 3982 1001 4051 pius
1030 3979 1119 4033 ille
1144 3972 1459 4033 monachus,
1491 3966 1720 4034 scripse-

152 4097 225 4142 rat
248 4088 311 4141 ad
358 4086 421 4141 S.
468 4068 807 4148 Gregorium,
841 4074 909 4128 ab
950 4073 1066 4140 ipso
1097 4065 1373 4138 postulans
1418 4057 1639 4121 erudiri,
1669 4062 1726 4110 et

155 4190 324 4237 contra
374 4177 547 4234 hostis
598 4172 816 4229 insidias
844 4168 959 4236 ejus
1004 4161 1219 4219 monitis
1249 4154 1465 4211 muniri.
1516 4152 1630 4218 Qua
1670 4149 1723 4202 in

157 4273 369 4342 epistola
415 4266 605 4325 humili
654 4265 942 4332 aperuerat
992 4250 1348 4309 confessione,
1396 4260 1455 4298 se
1484 4238 1727 4311 quamvis

157 4359 603 4434 quinquagenaria
632 4353 924 4421 majorem,
953 4343 1276 4415 juvenilibus
1318 4337 1490 4391 adhuc
1520 4330 1729 4386 deside-

160 4457 242 4510 riis
269 4452 439 4509 teneri
470 4458 525 4505 et
552 4447 852 4509 subiacere.
884 4435 1261 4493 Molestissime
1291 4430 1343 4482 id
1377 4422 1634 4480 ferentem
1666 4435 1731 4474 ac

161 4561 284 4616 pene
323 4543 506 4596 animo
548 4532 967 4604 despondentem
1013 4523 1169 4591 erigit
1205 4515 1562 4589 peritissimus
1603 4510 1726 4562 vita:
1763 4534 1808 4591 ι)

161 4636 381 4693 (micatis
408 4632 681 4699 magister,
715 4625 787 4679 illi
818 4618 1147 4691 respondens
1176 4613 1368 4667 mirum
1401 4622 1505 4662 non
1536 4616 1654 4657 esse
1683 4598 1729 4653 si

164 4726 379 4792 majores
416 4720 640 4776 insidias
677 4712 853 4767 callidi
896 4707 1066 4763 hostis
1104 4703 1358 4773 patiatur,
1407 4694 1497 4764 qui
1527 4689 1730 4756 majora

365 4826 486 4866 eum
516 4808 653 4862 bella
696 4798 1048 4873 praeparavit:
1099 4793 1265 4847 Tanto
1303 4789 1488 4859 quippe
1513 4780 1601 4835 ille
1645 4778 1728 4831 de-

164 4905 399 4977 ceptionis
429 4901 696 4956 molimina
725 4893 989 4948 ardentius
1030 4884 1273 4957 exquirit,
1320 4877 1511 4947 inquit,
1543 4876 1733 4943 quanto

192 4958 231 4977 ,,
294 4958 299 4959 ,

167 5004 207 5045 te
231 4992 415 5046 ctelesti
443 4988 628 5058 patriae
657 4981 931 5053 ferventius
960 4975 1164 5029 inhiare
1193 4967 1520 5039 cognoscit...
1552 4958 1614 5012 Et
1642 4973 1734 5011 nos

165 5083 356 5153 quidem
395 5080 480 5153 qui
508 5078 641 5130 inier
668 5073 898 5127 homines
936 5068 1147 5121 vivimus
1173 5104 1188 5129 ,
1219 5074 1353 5129 δαέρα
1382 5072 1471 5126 per
1511 5053 1737 5105 homines

168 5134 188 5153 Ἰ
229 5134 238 5137 ⁷
286 5134 313 5135 7⁷
400 5134 419 5153 Ἰ

168 5172 405 5225 acallido
446 5170 590 5221 hoste
637 5175 910 5218 tentamur.
966 5156 1068 5209 Vos
1121 5162 1290 5205 autem
1332 5134 1575 5218 quitiam
1624 5141 1739 5193 vita:

168 5261 444 5329 pauentis,
488 5266 637 5310 extra
676 5253 937 5305 hominum
968 5242 1307 5317 frequentiam
1349 5235 1554 5295 ducitis,
1599 5236 1740 5282 tanto

168 5350 361 5419 majora
389 5347 671 5401 certamina
700 5338 817 5412 pati
846 5352 1050 5391 necesse
1076 5342 1171 5395 est,
1200 5335 1391 5402 quanto
1432 5323 1499 5376 ad
1523 5337 1609 5375 vos
1633 5321 1744 5388 ipse

172 5440 493 5493 tentationum
542 5436 788 5505 magister
837 5427 1055 5482 accedit.
1107 5423 1315 5477 Caetera
1369 5416 1560 5471 omitto
1615 5421 1745 5463 sane

172 5532 376 5598 eximia,
405 5539 460 5585 et
486 5527 719 5583 maxime
764 5538 795 5577 a
840 5516 1115 5575 Monachus
1143 5510 1357 5568 assidue
1399 5502 1645 5573 legenda,
1689 5505 1741 5553 ut

1785 2612 2011 2668 passum,
2037 2593 2127 2647 sed
2146 2601 2193 2645 et
2214 2593 2269 2644 in
2293 2589 2475 2641 throno
2494 2582 2753 2638 sedentem
2776 2575 3129 2631 recordamur.
3154 2568 3225 2622 Et
3252 2567 3375 2619 dum

1788 2686 1935 2740 nobis
1962 2686 2076 2751 ipsa
2076 2682 2300 2761 'pictura
2323 2676 2472 2748 quasi
2495 2671 2753 2738 scriptura
2769 2666 2837 2719 ad
2857 2661 3160 2718 memoriam
3183 2655 3228 2708 F
3233 2656 3379 2709 ilium

1791 2778 1887 2831 Dei
1906 2775 2121 2836 reducit,
2153 2772 2381 2824 animum
2411 2773 2641 2818 nostrum
2665 2767 2752 2812 aut
2781 2758 2844 2809 de
2868 2752 3246 2808 resurrectione
3276 2746 3375 2799 ιω-

1796 2870 1981 2940 tiﬁcat,
2005 2873 2094 2918 aut
2115 2863 2177 2916 de
2204 2861 2444 2931 passione
2470 2852 2739 2907 demulcet.
2772 2847 2868 2900 llic
2888 2844 3147 2898 habemus
3169 2848 3383 2892 omnem

1796 2961 1864 3014 de
1909 2972 2007 3012 usu
2034 2954 2285 3021 cultuque
2316 2946 2602 3011 imaginum
2643 2937 2897 2993 Ecclesim
2942 2928 3223 2985 catholica:
3251 2926 3383 2980 doc-

1800 3048 1995 3102 trinam
2025 3061 2040 3109 ;
2070 3051 2123 3096 et
2150 3042 2320 3109 ipsam
2349 3043 2473 3089 ante
2501 3031 2617 3085 illas
2644 3022 3080 3098 prostrationem.
3105 3015 3290 3083 Neque
3317 3011 3388 3066 de

1804 3138 1909 3191 hac
1955 3103 2106 3203 parte
2137 3103 2365 3183 laudatae
2412 3119 2654 3192 epistola:
2710 3112 2939 3183 amplius
2967 3103 3386 3176 disputandum,

1810 3234 2093 3296 postquam
2112 3233 2231 3272 eam
2244 3191 2504 3282 Gregorio
2527 3205 2725 3262 nostris
2746 3204 2797 3257 in
2822 3200 2963 3255 notis
2981 3191 3386 3252 vindicavimus.

1813 3316 2079 3371 Prw-terea
2110 3310 2249 3365 idem
2279 3306 2440 3361 docet
2459 3296 2828 3356 sanctissimus
2849 3290 3010 3344 Pater
3030 3287 3149 3341 aliis
3176 3284 3230 3339 in
3259 3280 3395 3336 locis

1813 3406 2143 3464 indubitat‘s.
2189 3399 2249 3456 ln
2291 3394 2518 3468 epistola
2565 3389 2633 3445 ad
2679 3386 2989 3442 Januarium
3034 3378 3196 3450 paulo
3234 3383 3397 3430 antea

1815 3499 2103 3569 scripserat
2145 3502 2260 3547 uta
2301 3500 2573 3558 synagoga
2602 3480 2907 3536 Judzeorum
2949 3486 3079 3528 crux
3121 3474 3177 3524 et
3219 3467 3397 3534 imago

1818 3591 1913 3644 Dei
1940 3586 2103 3657 genit'
2119 3582 2232 3646 icis,
2276 3595 2391 3632 cum
2421 3593 2480 3632 ea
2503 3591 2603 3645 qua
2626 3572 2840 3641 dignum
2861 3573 2935 3620 est
2956 3560 3284 3619 veneratione
3303 3572 3397 3611 au-

1819 3682 2085 3735 lerrentur
2113 3673 2251 3746 (Lib.
2283 3688 2358 3736 rx,
2386 3687 2469 3739 ep.
2496 3667 2573 3733 6).

1918 3771 2005 3825 l0.
2072 3734 2258 3836 Neque
2304 3734 2432 3818 vero
2477 3772 2596 3829 quae
2653 3752 2815 3823 paulo
2875 3754 3000 3818 post
3058 3740 3272 3811 scripsit
3334 3734 3403 3791 ad

1820 3863 2100 3923 Serenum,
2165 3856 2474 3924 episcopum
2531 3845 2939 3902 Massiliersem,
2980 3833 3239 3902 imagines
3279 3828 3403 3898 qui-

1822 3953 1943 4007 dem
1972 3966 2079 4003 non
2110 3959 2228 4000 esse
2248 3937 2591 4010 frangendas,
2630 3943 2718 3987 aut
2740 3947 2807 3986 ex
2846 3925 3085 3983 ecclesiis
3120 3916 3407 3991 projicien-

1830 4041 1945 4103 das,
1987 4039 2095 4092 imo
2155 4033 2333 4105 potius
2374 4006 2453 4084 vin
2500 4024 2716 4095 templis
2759 4016 3032 4074 habendas
3059 4054 3072 4073 .
3120 4019 3178 4063 ut
3228 4009 3282 4062 hi
3319 4006 3406 4077 qui

1826 4133 2020 4185 litteras
2050 4099 2303 4189 nesciunt,
2343 4119 2526 4174 saltem
2570 4117 2624 4169 in
2655 4107 2933 4183 parietibus
2977 4101 3195 4159 ridendo
3235 4099 3410 4169 legant

1826 4237 1938 4294 qua:
1965 4219 2130 4289 legere
2157 4218 2210 4268 in
2258 4209 2518 4266 codicibus
2546 4221 2649 4259 non
2692 4201 2861 4255 ualent
2886 4215 2903 4263 ;
2937 4205 2994 4251 at
3030 4192 3251 4249 minime
3280 4186 3411 4241 ado-

1827 4312 2025 4367 randas
2052 4324 2067 4374 ;
2099 4309 2230 4370 haec,
2263 4302 2500 4369 inquam,
2545 4292 2946 4351 venerationem
2976 4281 3291 4353 imaginibus
3320 4277 3413 4332 de.

1830 4407 1994 4460 bitam
2025 4372 2131 4454 non
2160 4396 2358 4451 tollunt
2396 4398 2490 4445 aut
2530 4390 2862 4456 impugnant,
2893 4379 2988 4435 sed
3017 4377 3274 4447 damnant
3299 4372 3412 4425 ico-

1834 4493 2091 4556 nolatras,
2124 4504 2218 4544 eos
2247 4483 2497 4538 videlicet
2524 4477 2615 4548 qui
2645 4476 2930 4544 imaginem
2961 4469 3107 4542 quasi
3136 4466 3303 4519 Deum
3330 4477 3418 4516 co-

1838 4587 1970 4649 lunt,
2017 4554 2085 4635 uti
2104 4592 2263 4648 supra
2304 4574 2530 4642 legimus
2573 4568 2626 4622 in
2669 4563 2896 4636 epistola
2929 4560 2997 4613 ad
3034 4554 3414 4611 Secundinum.

1840 4677 1895 4731 ld
1940 4642 2106 4744 liquet
2144 4642 2213 4725 ex
2256 4665 2385 4736 ipsis
2428 4658 2672 4729 Gregorii
2717 4656 2782 4709 ad
2828 4653 3089 4708 Serenum
3138 4642 3418 4700 scribentis
3488 4658 3491 4663 ί

1836 4767 2015 4822 verbis
2039 4783 2052 4817 :
2087 4759 2415 4816 Fraternitas
2443 4760 2613 4808 vestra
2652 4745 2898 4821 quosdam
2926 4740 3209 4809 imaginum
3231 4735 3413 4787 adora-

1842 4868 1985 4927 tores.
2000 4853 2275 4924 aspiciens,
2306 4845 2511 4900 easdem
2538 4843 2591 4894 in
2623 4838 2852 4893 collesiis
2892 4830 3142 4900 imagines
3170 4823 3420 4895 confregi.

1842 4921 1993 5016 atque
2032 4916 2266 5014 projecit.
2316 4936 2383 4989 Et
2424 4932 2628 5003 quidem
2669 4931 2835 4981 ze'um
2864 4939 2969 4982 vos,
3012 4936 3075 4973 ne
3115 4916 3236 4989 quid
3268 4929 3420 4967 manu

1846 5039 2038 5108 factum
2068 5028 2276 5083 adorari
2298 5032 2489 5093 posset,
2520 5017 2759 5071 habuisse
2788 5012 3131 5071 laudavimus,
3156 5005 3245 5058 sed
3277 5005 3420 5073 fran-

1841 5139 1958 5194 gere
1985 5119 2188 5173 easdem
2217 5112 2467 5183 imagines
2512 5124 2613 5161 non
2636 5103 2872 5157 debuisse
2900 5099 3207 5153 indicamus.
3236 5092 3420 5148 Subdit

1842 5228 1959 5283 qum
1984 5212 2093 5280 jam
2123 5224 2190 5263 ex
2228 5214 2381 5275 parte
2412 5199 2710 5259 retulimus,
2758 5191 3018 5258 imagines
3048 5188 3256 5241 litteras
3298 5197 3420 5239 nes-

1844 5306 2099 5363 cientium
2142 5300 2353 5354 codices
2382 5308 2522 5357 e-sr,
2554 5291 2604 5343 in
2635 5287 2829 5356 quibus
2858 5286 3041 5351 legant
3080 5287 3137 5334 et
3173 5278 3382 5333 discant
3405 5314 3423 5343 ,

1846 5414 1965 5472 qua:
1995 5413 2061 5452 ex
2085 5393 2231 5449 libris
2260 5388 2536 5443 addiscere
2567 5397 2671 5434 non
2698 5383 2942 5448 possunt.

1919 5491 2055 5545 Cum
2080 5486 2314 5540 Serenus
2341 5472 2762 5533 admonitionem
2793 5466 2983 5522 summi
3014 5459 3247 5536 pastoris
3278 5457 3420 5513 iusu~

239 5698 261 5725 ι
296 5688 440 5743 idem
483 5682 683 5740 Paulus
711 5678 871 5733 docet
897 5674 1070 5744 ipsum
1099 5665 1381 5744 historiam
1413 5652 1884 5726 Langobardorum
1930 5639 2312 5715 compendiose
2336 5629 2704 5691 elucubrasse.
2736 5624 2829 5683 lib.
2862 5639 2918 5681 ιιι
2940 5661 2958 5688 ,
2990 5622 3058 5678 de
3085 5618 3263 5676 Gestis
3286 5615 3430 5672 Lan—

177 5738 503 5826 gobarjvcap-
524 5752 617 5819 30,
648 5760 704 5807 et
730 5749 821 5804 lib.
864 5738 933 5810 tv,
965 5758 1082 5811 cap.
1115 5738 1207 5794 4‘2.
