3976 6298
608 285 709 340 H3

598 494 710 547 sius
752 501 953 546 temere
985 492 1178 547 factum
1211 492 1386 546 acrius
1417 490 1744 559 increpavit:
1782 488 2067 551 Perlatum,
2098 488 2179 541 in—

599 586 731 654 quit,
758 586 826 638 ad
855 602 947 639 nos
969 587 1159 655 fuerat,
1181 585 1316 654 quod
1337 584 1718 638 inconsiderato
1748 584 1858 637 zelo
1884 598 2176 646 succensus,

599 690 895 731 sanctorum
933 676 1183 744 imagines
1231 676 1321 727 sub
1366 675 1461 727 hac
1515 674 1664 742 quasi
1706 675 2066 732 excuiatione,
2117 688 2181 725 ne

597 768 818 831 adorari.
844 765 1153 825 debuissent,
1197 767 1534 833 confregeris.
1573 763 1641 817 Et
1680 764 1882 835 quidem
1923 764 2046 832 quia
2090 779 2180 816 eas

596 858 807 910 adorari
829 857 1069 909 vetuisses
1093 858 1301 909 omnino
1330 858 1677 919 laudavimus,
1718 856 1933 926 fregisse
1952 870 2069 907 vero
2095 868 2181 905 re-

596 948 973 1014 prehendimus.
1005 946 1122 1013 Dic,
1153 950 1334 1015 frater,
1365 964 1397 1000 a
1419 964 1516 1016 quo
1548 950 1739 1017 factum
1767 947 2036 1001 sacerdote
2068 947 2171 999 ali-

594 1038 798 1108 quando
826 1040 990 1110 285
1029 1041 1263 1092 auditum
1301 1047 1377 1092 est
1405 1039 1541 1108 quod
1572 1040 1759 1105 fecisti.
1797 1038 1855 1090 Si
1883 1054 1983 1090 umt
2012 1035 2175 1095 aliud,

594 1128 669 1182 vel
695 1128 827 1181 illud
857 1138 905 1181 te
928 1145 1029 1180 non
1060 1128 1231 1181 debuit
1252 1144 1511 1192 revocare,
1553 1138 1605 1180 ut
1629 1128 1877 1196 despectis
1906 1127 2023 1179 aliis
2064 1128 2178 1196 fra-

596 1218 776 1281 tribus,
807 1218 973 1271 solum
1005 1225 1053 1269 te
1080 1227 1318 1269 sanctum
1345 1224 1394 1268 et
1422 1232 1533 1269 esse
1570 1216 1801 1268 crederes
1850 1216 2135 1283 sapientem
2157 1213 2203 1265 ἓν

596 1307 750 1359 Aliud
790 1315 867 1360 est
906 1308 1044 1359 enim
1089 1306 1342 1371 picturam
1377 1306 1627 1366 adorare,
1656 1305 1802 1357 aliud
1849 1321 1939 1373 per
1968 1305 2180 1369 pictura:

598 1399 865 1453 historiam
893 1399 1017 1468 quid
1045 1399 1114 1450 sit
1152 1397 1478 1450 adorandum
1517 1396 1799 1449 addiscere.
1840 1394 1980 1448 lnl'ra
2020 1395 2180 1449 docet

599 1498 898 1543 vetustatem
922 1504 1027 1541 non
1045 1489 1161 1542 sine
1182 1488 1393 1541 ratione
1410 1486 1668 1552 imagines
1682 1485 1982 1539 admisisse.
2028 1485 2180 1540 Unde

595 1580 670 1634 ait
694 1580 883 1634 Sereni
905 1578 1110 1633 facinus
1134 1578 1503 1647 graviss'mum
1529 1576 1578 1629 in
1602 1574 1840 1629 Ecclesia
1866 1576 2177 1629 scandalum

594 1682 901 1735 generasse,
947 1668 1019 1721 ita
1056 1675 1115 1720 ut
1152 1667 1384 1720 maxima
1405 1667 1633 1735 ﬁliorum
1667 1665 1783 1735 ejus
1805 1682 1931 1735 pars
1967 1666 2035 1720 ab
2062 1665 2179 1733 ejus

593 1761 972 1817 communione
999 1774 1058 1813 se
1085 1758 1473 1826 suspendisset.
1520 1755 1747 1810 Proinde
1780 1756 2063 1818 hortamur,
2097 1755 2177 1808 in-
2216 1773 2256 1829 Β

593 1851 726 1920 quit,
755 1858 811 1902 ut
830 1848 908 1902 vel
928 1864 1063 1901 nunc
1082 1846 1289 1901 studeas
1318 1863 1427 1900 esse
1455 1847 1725 1910 sollicitus,
1745 1855 1896 1917 atque
1920 1845 1984 1898 ab
2006 1845 2103 1897 hac
2128 1853 2177 1898 te

594 1943 998 2011 praesumptione
1025 1954 1341 2006 compescas,
1364 1948 1411 1990 et
1442 1954 1616 1991 eorum
1647 1937 1846 1989 animos
1876 1952 2000 2006 quos
2028 1953 2060 1988 a
2090 1945 2177 1987 tua

592 2033 877 2103 disjunctos
903 2031 1101 2083 unitate
1128 2032 1415 2099 cognoscis,
1457 2036 1673 2095 paterna
1712 2028 1781 2079 ad
1809 2033 1858 2078 te
1883 2024 2175 2091 dulcedine,

593 2123 731 2175 omni
762 2121 968 2184 adnisa,
993 2119 1230 2188 omnique
1255 2117 1427 2170 studio
1454 2134 1691 2170 revocare
1718 2118 1946 2186 festines.
1980 2115 2180 2170 Convo-

593 2212 748 2265 cand:
768 2212 906 2264 enim
933 2218 1051 2266 sunt
1073 2209 1291 2277 dispersi
1320 2207 1570 2262 Ecclesia:
1609 2208 1727 2277 ﬁlii,
1751 2209 1921 2273 eisque
1950 2207 2181 2275 Scriptu-

594 2319 667 2356 ra:
687 2317 853 2356 sacra:
877 2309 953 2354 est
970 2300 1272 2352 testimoniis
1289 2298 1679 2361 ostendendum,
1700 2299 1818 2367 quia
1835 2314 1985 2351 omne
1995 2312 2179 2350 manu-

595 2395 788 2463 factum
833 2391 1045 2444 adorari
1092 2405 1196 2444 non
1243 2390 1398 2451 licet;
1449 2390 1694 2459 quoniam
1752 2391 1997 2457 scriptum
2044 2398 2120 2442 est
2158 2402 2177 2442 :

595 2482 873 2536 Dominum
918 2480 1079 2536 Deum
1134 2489 1274 2534 tuum
1317 2480 1579 2541 adorabis,
1626 2488 1675 2532 et
1714 2481 1791 2533 illi
1839 2480 1937 2533 soli
1988 2481 2177 2534 servies

594 2572 744 2641 (Luc.
788 2587 863 2639 tv,
905 2572 983 2642 8).
1015 2572 1087 2625 Ac
1126 2571 1311 2625 deinde
1338 2570 1772 2641 subjungendum.
1801 2573 1921 2639 quia
1949 2572 2178 2641 picturas

593 2664 875 2734 imaginum
895 2678 1007 2731 qua:
1026 2661 1097 2714 ad
1122 2662 1518 2729 aediﬁcationem
1534 2661 1756 2729 imperiti
1776 2660 1953 2731 populi
1972 2662 2181 2731 fuerant

593 2754 764 2826 factm,
790 2762 845 2806 ut
872 2754 1154 2806 nescientes
1176 2751 1394 2814 litteras,
1425 2753 1589 2821 ipsam
1613 2751 1884 2804 historiam
1907 2752 2181 2804 intenden-

592 2854 664 2898 tes
689 2842 811 2908 quid
840 2853 1011 2895 actum
1052 2844 1120 2896 sit
1149 2842 1424 2904 discerent,
1469 2843 1589 2912 quia
1621 2844 1872 2895 transisse
1900 2844 1953 2896 in
1988 2845 2182 2896 adora-

591 2938 780 2992 tionem
800 2936 1001 2991 videras
1025 2951 1043 2988 :
1072 2936 1266 2988 idcirco
1308 2944 1589 2989 commotus
1618 2950 1693 2997 es,
1723 2944 1781 2987 ut
1808 2952 1898 2988 eas
1926 2936 2180 3004 imagines

592 3027 766 3099 frangi
788 3028 1091 3096 praeciperes
1112 3024 1248 3095 (Lib.
1278 3040 1352 3088 xi,
1371 3042 1453 3095 ep.
1488 3025 1595 3093 1'5).
1623 3024 1700 3078 Ex
1731 3025 1814 3079 bis
1844 3032 2059 3079 constat
2092 3041 2103 3075 :

662 3119 750 3173 11.
775 3118 973 3181 Primo,
992 3118 1051 3172 8.
1074 3116 1391 3186 Gregorium
1416 3116 1659 3173 laudasse
1681 3117 1969 3184 imaginum
1992 3132 2167 3183 usum,

592 3217 842 3278 tanquam
889 3207 1182 3275 antiquitus
1239 3207 1291 3259 in
1338 3204 1575 3261 Ecclesia
1626 3215 1923 3274 receptum.
1988 3206 2174 3277 Neque

592 3305 773 3352 tamen
799 3304 1047 3365 putamus
1066 3296 1134 3348 ab
1156 3294 1283 3363 ipsis
1307 3294 1581 3363 religionis
1605 3293 1921 3349 Cbristianm
1945 3296 2171 3349 incuna-

591 3386 752 3450 bulis,
795 3399 940 3440 nunc
985 3384 1213 3453 coepisse
1254 3399 1432 3450 usum,
1480 3400 1600 3438 cum
1651 3394 1707 3439 et
1750 3382 1946 3441 Judceis
1983 3400 2173 3443 recens

591 3478 868 3535 conversis
914 3476 1216 3546 potuissent
1269 3476 1529 3545 imagines
1580 3490 1701 3530 esse
1756 3474 2058 3542 oﬂensioni,
2116 3486 2175 3532 et

595 3566 831 3621 Gentiles
854 3579 1022 3633 nuper
1041 3563 1214 3618 factos
1241 3561 1572 3618 Christianos
1602 3565 1667 3617 ad
1690 3564 2049 3619 idololatriam
2080 3580 2171 3621 re-

590 3669 805 3710 vocare.
830 3653 935 3708 Sed
959 3653 1045 3707 ubi
1065 3654 1182 3707 sine
1204 3653 1441 3723 periculo
1461 3654 1958 3735 potueruntrecipi,
1987 3655 2172 3709 statim

590 3748 719 3801 visas
747 3754 871 3801 sunt
899 3745 953 3799 in
985 3742 1236 3800 Ecclesiis
1264 3746 1499 3800 maxime
1528 3746 1594 3800 ad
1630 3756 1897 3811 ornatum,
1931 3756 1987 3801 et
2014 3747 2081 3800 ad
2108 3748 2173 3801 il-

590 3835 1330 3902 literatorum‘eruditionem,
1362 3844 1421 3889 ut
1448 3836 1607 3891 docet
1632 3845 1849 3892 sanctus
1877 3836 2132 3893 Paulinus
2154 3878 2169 3903 ,

590 3928 825 3983 Nolanus
869 3929 1155 3997 episcopus
1203 3927 1295 3995 (In
1326 3926 1513 3983 Natali
1542 3926 1597 3995 9,
1628 3929 1691 3983 de
1714 3928 1775 3985 S.
1803 3928 1980 3983 Felice
2007 3929 2049 3998 ),
2078 3931 2171 4001 qui

587 4030 781 4092 quarto
809 4021 1005 4075 saeculo
1029 4018 1273 4073 ﬂorebat.

657 4111 925 4176 Secundo,
948 4119 1193 4165 sanctum
1211 4110 1485 4165 doctorem
1506 4125 1604 4179 per
1624 4110 1993 4165 adorationem
2010 4126 2171 4179 quam

588 4214 734 4260 vetat
752 4203 1069 4271 imaginibus
1088 4202 1351 4267 exhiberi,
1375 4203 1674 4271 intelligere
1694 4219 2001 4273 supremum
2024 4205 2172 4259 illum

589 4295 791 4351 cultum
820 4293 920 4347 soli
951 4292 1059 4346 Deo
1088 4292 1345 4346 debitum.
1376 4292 1527 4347 Unde
1556 4295 1772 4349 adducit
1798 4295 1901 4349 hoc
1929 4296 2171 4365 Scriptu-

591 4400 664 4439 ra:
689 4382 1076 4448 testimonium,
1108 4381 1387 4436 Dominum
1416 4382 1581 4436 Deum
1604 4393 1741 4438 tuum
1773 4383 2037 4449 adorabis,
2060 4396 2169 4440 etc.

588 4474 659 4530 Et
686 4474 818 4528 infra
841 4486 1083 4539 quaerens
1106 4472 1337 4539 aliquam
1363 4472 1551 4527 Sercni
1578 4474 1717 4527 facto
1746 4474 2167 4538 excusationem,

587 4565 664 4621 ait
692 4580 799 4619 non
827 4562 933 4617 alio
957 4562 1179 4616 consilio
1200 4560 1398 4616 fractas
1426 4562 1494 4615 ab
1515 4576 1601 4626 eo,
1635 4572 1689 4615 et
1719 4562 1987 4631 projectas
2009 4562 2171 4619 fuisse

587 4657 868 4725 imagines,
900 4650 1061 4723 quam
1090 4667 1157 4707 ne
1185 4652 1555 4720 adorarentur,
1580 4653 1722 4721 quod
1751 4652 1859 4722 jam
1888 4669 1917 4706 a
1936 4654 2167 4708 nonnul-

588 4748 652 4803 lis
680 4746 972 4801 admissum
1000 4746 1335 4800 observarat.
1362 4744 1522 4798 Certe
1548 4746 1686 4798 inter
1707 4744 1897 4798 Gentes
1930 4744 2167 4813 degebat

584 4839 841 4902 Serenus,
888 4844 949 4890 ut
986 4835 1061 4889 ait
1097 4834 1157 4889 8.
1192 4834 1488 4903 Gregorius
1528 4833 1669 4903 (Lib.
1703 4851 1775 4897 κε,
1824 4852 1907 4904 ep.
1948 4834 2057 4905 15).
2110 4834 2167 4888 ln

586 4929 773 4984 Galliis
820 4928 924 4982 hoc
949 4941 1065 4980 aevo
1112 4925 1308 4982 multas
1354 4924 1529 4980 adhuc
1559 4925 1877 4979 idololatriae
1915 4924 2169 4993 reliquias

585 5019 899 5089 superstites
942 5016 1106 5070 fuisse
1137 5015 1245 5084 jam
1294 5014 1712 5068 observavimus.
1747 5012 1881 5067 llinc
1939 5013 2167 5066 nonnul-

585 5114 668 5169 los
687 5122 812 5168 ante
836 5110 1096 5180 imagines
1124 5116 1424 5179 prostratos
1446 5106 1633 5161 videns
1656 5107 2000 5162 Massiliensis
2023 5108 2163 5175 epis-

586 5220 775 5275 copus,
798 5210 1004 5257 temere
1018 5199 1279 5269 judicavit
1304 5213 1399 5253 eos
1420 5198 1678 5266 imagines
1701 5206 1955 5267 tanquam
1998 5196 2165 5251 Deum

585 5295 768 5352 colere
794 5311 808 5360 ;
840 5308 905 5348 ac
924 5289 1118 5361 majori
1139 5290 1465 5351 temeritate,
1490 5304 1609 5356 quae
1639 5287 1702 5340 ad
1732 5287 2166 5342 communionem

584 5386 703 5455 ejus
731 5383 1079 5439 deserendam
1109 5382 1397 5452 plerosque
1426 5380 1699 5449 compulit,
1739 5379 1955 5433 easdem
1988 5380 2169 5446 imagi-

588 5491 682 5530 ιιι-δ
702 5476 859 5541 fregit
885 5481 941 5528 et
966 5471 1211 5544 projecit.
1492 5486 1495 5489 ·

662 5596 686 5623 ἰ
722 5587 854 5641 Vide
883 5586 973 5638 lib.
1006 5601 1078 5652 tv,
1108 5584 1264 5654 epist.
1312 5584 1414 5651 30;
1462 5583 1553 5638 lib.
1605 5599 1697 5647 vn,
1746 5584 1903 5652 epist.
1934 5580 2030 5648 26;
2072 5582 2164 5637 lib.

653 5694 666 5712 ,
696 5666 851 5712 epist.
888 5654 1005 5705 1‘29...

653 5694 666 5712 .
696 5671 725 5707 ο
768 5672 808 5707 ις
838 5694 851 5706 .
888 5666 1005 5705 1:52.

590 5673 691 5763 “5
730 5666 954 5793 gla'viine
1002 5723 1053 5775 in
1102 5737 1267 5792 regno
1316 5720 1636 5789 Burgundite
1681 5730 1830 5776 extra
1868 5722 2013 5792 quod
2059 5737 2164 5776 non

1067 287 1124 341 8.
1167 284 1491 341 GREGORH
1536 282 1750 338 MAG?"
1792 282 1974 343 VITA.
2020 282 2111 337 EX
2154 282 2318 339 EJUS
2359 284 2664 343 SCRIPTlS
2704 288 3101 345 ADORNATA.
3146 291 3277 347 LIB.
3321 291 3409 347 ιν.
3749 301 3831 357 lin

604 416 700 471 per
728 401 1020 463 habuisset,
1068 400 1227 455 aliam
1276 400 1321 454 is
1351 398 1634 469 epistolam
1662 397 1921 466 scripsit,
1960 412 2067 467 qua
2093 397 2176 466 lp-
2209 403 2256 461 Α

2356 399 2443 454 12.
2472 399 2531 457 S.
2562 400 2810 469 Gregorii
2839 419 2991 459 mens
3020 418 3145 473 erga
3168 406 3371 460 cultum
3401 414 3699 463 sanctarum
3726 428 3831 470 una

2282 489 2466 556 ginum
2486 493 2704 559 agnosci
2725 507 2941 561 quoque
2961 503 3141 563 potest
3161 510 3226 548 ex
3247 495 3506 564 singulari
3527 502 3833 560 venerationi

2283 597 2444 651 quam
2500 585 2671 639 sacris
2726 587 2969 655 reliquiis
3016 588 3376 643 exhibendam
3426 590 3623 660 ubique
3666 592 3833 665 docet;

2282 674 2443 727 etiam
2473 674 2653 730 lintris
2682 685 2737 731 et
2758 680 2971 746 pannis,
3004 689 3028 716 τι
3059 681 3150 748 qui
3180 696 3345 751 super
3371 692 3674 737 sanctorum
3699 701 3835 755 apos-

2281 765 2514 819 tolorum
2546 775 2638 819 aut
2684 777 2977 838 martyrum
3007 771 3241 823 tumulos
3285 772 3445 841 positi
3487 773 3718 839 Inerant,
3762 788 3833 833 aut

2282 853 2563 908 similibus.
2598 854 2698 921 Qui
2742 858 2842 911 sub
2868 857 2984 924 ejus
3010 859 3554 938 disciplina'institnti
3583 868 3726 916 erant
3749 865 3833 919 Au-

2282 943 2527 1008 gustinus
2572 945 2796 1013 ejusque
2843 946 2996 1008 socii.
3047 964 3170 1003 cum
3212 949 3597 1004 Doroberniam
3645 954 3833 1021 ingressi

2282 1042 2424 1096 sunt,
2477 1034 2554 1087 uti
2596 1049 2756 1104 supra
2810 1038 3163 1101 narravimus,
3216 1056 3434 1094 crucem
3480 1050 3536 1094 et
3585 1042 3833 1112 imaginem

2281 1123 2576 1180 Salv-storis
2606 1142 2704 1196 pro
2731 1142 2885 1183 sacro
2913 1130 3111 1184 vexillo
3141 1132 3393 1200 pmicrre
3423 1135 3833 1202 constituerunt;

2284 1223 2340 1267 ut
2393 1217 2624 1285 publice,
2667 1228 2926 1286 quantum
2967 1221 3031 1275 iis
3059 1223 3284 1287 cultum,
3314 1239 3456 1292 quan
3486 1240 3569 1278 am
3599 1225 3835 1281 deferrent

2282 1308 2663 1371 reverentiam,
2718 1319 3064 1365 testarentur.
3115 1312 3185 1365 At
3235 1328 3356 1380 quas
3402 1329 3432 1367 a
3480 1315 3739 1384 discipulis
3765 1319 3837 1374 hic

2282 1395 2420 1451 facta
2448 1397 2694 1466 legimus,
2742 1400 3007 1456 doctrinae
3046 1403 3285 1470 magistri
3313 1413 3440 1459 sunt
3470 1416 3831 1471 argumentum.

2894 1511 3124 1568 CAPUT
3162 1513 3226 1569 ll.

2282 1599 2470 1665 Ancon.
2493 1602 2622 1665 —_l.
2648 1602 2871 1665 Cyriacus
2893 1605 3041 1652 abbas
3064 1606 3111 1651 in
3137 1603 3337 1653 Galliam
3364 1604 3460 1664 Ieg-
3482 1610 3562 1653 tus
3586 1605 3836 1653 mittitur.—

2342 1662 2389 1726 ?.
2418 1662 2855 1726 Massilinm'venit,
2882 1668 2962 1713 ubi
3004 1680 3030 1712 a
3055 1666 3247 1713 Sereno
3288 1662 3703 1726 male‘exceptus.
3727 1694 3775 1702 -—
3795 1672 3835 1716 5.

2345 1721 2466 1773 Inde
2492 1726 2755 1788 Arelglum.
2784 1721 2858 1774 De
2885 1727 3157 1788 privilegiis
3183 1728 3243 1774 ab
3268 1728 3468 1785 apostoli
3492 1744 3527 1773 ’δ
3554 1721 3668 1788 sede
3695 1732 3743 1774 ad
3768 1743 3836 1776 re-

2344 1798 2459 1845 gum
2484 1786 2853 1847 postulationem
2877 1786 3139 1837 emicessis.
3156 1813 3216 1823 --
3239 1787 3285 1837 1.
3321 1788 3575 1836 Desiderio
3600 1787 3836 1838 Vionnen-i

2344 1860 2554 1911 pransum
2572 1848 2805 1898 Ecclesia:
2828 1850 3095 1909 privilegia
3116 1850 3403 1911 supplicanti
3423 1853 3539 1910 quid
3559 1854 3837 1911 responderit

2343 1907 2394 1955 S.
2422 1906 2703 1971 Gregorius.
2730 1935 2792 1944 —
2825 1906 2871 1960 3.
2902 1906 3045 1958 L'suin
3085 1906 3452 1959 dahiiaticaruui
3479 1906 3659 1969 Aregio
3682 1912 3836 1969 Vapul-

2342 1972 2481 2031 (εηεί
2504 1973 2806 2020 εοηεειιιι.-
2821 1972 2867 2021 ϐ.
2896 1971 2953 2021 Et
2977 1972 3069 2029 pa'l
3094 1985 3170 2018 um
3191 1972 3393 2031 Syagrio
3420 1975 3837 2031 Aiigiistmluneusi.

2342 2030 2529 2088 Quibus
2550 2032 3045 2082 conditionibus—7.
3073 2030 3297 2094 Epistolas
3323 2036 3380 2080 ad
3408 2030 3665 2081 Galliarum
3690 2050 3837 2094 reges,

2340 2099 2404 2139 de
2429 2097 2746 2155 eineudandts
2765 2094 2881 2143 tleri
2905 2094 3130 2143 Gallicani
3157 2095 3467 2155 carruptelis.
3492 2096 3596 2153 Quo
3615 2108 3835 2144 succesw.

2341 2177 2403 2218 τ
2424 2154 2471 2202 8.
2500 2156 2573 2203 De
2597 2156 2956 2204 Mauriunnvusi
2985 2159 3230 2218 episcopo.
3250 2154 3377 2204 -—’9.
3406 2159 3587 2218 Lyriaci
3612 2156 3779 2217 legatio
3801 2172 3839 2203 Ill

2342 2214 2781 2277 Hispaniam—ll).
2807 2218 2941 2267 Felix
2969 2214 3082 2266 tunc
3108 2214 3345 2279 Hispania:
3369 2214 3544 2279 status.
3571 2217 3640 2265 De
3664 2214 3839 2267 Uautlin

2344 2282 2484 2350 regni
2506 2279 2803 2350 _admini§tro
2844 2293 2871 2350 a_
2911 2292 3031 2340 papa
3072 2279 3377 2350 laudator:
3407 2279 3485 2350 ll.
3504 2278 3839 2350 Argumentum

2346 2338 2563 2398 epistola;
2613 2342 2672 2388 ad
2708 2338 2986 2388 Leandrum
3025 2341 3233 2401 scriptas.
3264 2341 3415 2389 Pallio
3459 2338 3751 2389 donatur.—
3776 2339 3839 2388 12.

2346 2399 2621 2464 llecharedi
2648 2403 3101 2464 regiswencomium.
3128 2403 3333 2464 Respuit
3354 2404 3607 2463 pecuniam
3630 2416 3654 2449 a
3677 2400 3840 2450 luctans

2343 2461 2746 2585 gagagam.—15.
2784 2463 2974 2512 Eximla
3013 2464 3121 2524 regi
3167 2461 3279 2513 data
3319 2461 3516 2512 monita.
3560 2464 3657 2525 (An
3697 2463 3783 2513 598
3803 2472 3841 2513 et

2355 2625 2404 2678 1.
2440 2624 2679 2681 Ecclesia
2707 2625 2981 2682 Gallicana
3000 2625 3261 2696 Gregorio
3285 2635 3470 2683 nostro
3498 2641 3705 2696 semper
3728 2627 3843 2681 cha-

2282 2718 2515 2782 rissima,
2537 2719 2639 2773 hoc
2659 2720 2954 2788 praesertim
2980 2735 3122 2774 anno
3148 2728 3429 2789 paternam
3453 2719 3618 2789 ipsius
3640 2727 3844 2787 δινεῖ-ιδ

2282 2820 2366 2865 est
2389 2810 2825 2865 sollicitudinem.
2869 2810 3001 2864 Cum
3038 2811 3179 2865 enim
3208 2810 3274 2866 de
3304 2812 3466 2865 variis
3492 2811 3633 2865 vitiis
3659 2818 3710 2865 et
3734 2825 3844 2864 cor-

2283 2902 2506 2971 ruptelis
2534 2902 2587 2955 in
2619 2902 2643 2939 δ
2675 2900 2844 2956 Gallia
2884 2887 3249 2969 grassaniibus
3275 2904 3476 2957 certior
3505 2900 3670 2957 factus
3696 2912 3842 2966 esset,

2286 3010 2390 3048 non
2417 2993 2548 3047 satis
2567 2993 2753 3047 habuit
2774 2993 2842 3047 de
2866 2994 2949 3047 bis
2972 2993 3322 3048 emendandis
3343 3007 3497 3061 reges
3514 2994 3843 3064 etepiscopos

2285 3086 2594 3151 admonere,
2638 3087 2732 3141 sed
2773 3088 2936 3142 etiam
2975 3087 3206 3155 legatum
3254 3102 3321 3141 eo
3370 3087 3684 3141 mittendum
3734 3086 3843 3140 exis.

2279 3176 2519 3230 timavit:
2572 3176 2683 3243 qui,
2734 3184 2791 3229 ut
2819 3176 3137 3246 quantocits
3169 3176 3457 3231 concilium
3502 3176 3843 3231 celebraretur

2275 3268 2339 3319 ad
2358 3266 2470 3321 lucc
2486 3266 2798 3332 resecanda,
2825 3276 3044 3322 strenue
3068 3268 3208 3337 apud
3231 3269 3500 3338 principes
3516 3284 3578 3323 ac
3599 3270 3845 3323 antistitrs

2275 3369 2460 3426 ageret
2489 3358 2628 3430 (Lib.
2661 3375 2734 3425 ix,
2765 3377 2847 3429 ep.
2883 3359 2984 3413 105
3013 3370 3066 3412 et
3098 3360 3242 3430 120).
3275 3361 3323 3415 ls
3354 3360 3453 3415 fuit
3482 3359 3737 3433 Cyriacus
3772 3363 3843 3415 ab-

2275 3446 2372 3503 bas
2400 3446 2458 3503 S.
2488 3448 2716 3503 Andreae
2744 3448 2810 3501 ad
2837 3447 3043 3503 Clivum
3073 3447 3283 3517 Scauri,
3314 3450 3404 3519 qui
3437 3450 3583 3520 prius
3610 3450 3659 3504 in
3693 3450 3844 3505 Sardi-

2277 3549 2421 3603 niam
2450 3550 2645 3605 missus
2675 3549 2848 3604 fuerat
2885 3560 2943 3604 ut
2974 3550 3026 3604 in
3062 3562 3081 3587 ε
3117 3550 3586 3605 Barbaricinorum
3630 3566 3844 3604 conver-

2276 3639 2429 3694 sione
2453 3639 2619 3694 Felici
2648 3640 2902 3710 episcopo
2932 3640 3307 3694 collaboraret.
3342 3638 3490 3694 Unde
3519 3639 3845 3708 intelligimus

2275 3739 2534 3799 quantum
2578 3728 2795 3785 ﬂoreret
2819 3739 2929 3783 tum
2974 3730 3113 3784 istud
3164 3730 3466 3784 Romanum
3511 3730 3568 3785 S.
3618 3730 3845 3807 Gregorii

2276 3821 2695 3886 monasterium;
2745 3838 2810 3875 ex
2841 3838 2947 3891 quo
2986 3821 3236 3875 videlicet
3277 3823 3467 3877 eodem
3511 3832 3755 3892 tempore
3781 3832 3845 3875 tot

2276 3916 2533 3984 assumpti
2578 3921 2703 3968 sunt
2751 3914 2901 3967 verbi
2950 3914 3088 3969 sacri
3140 3930 3413 3983 praecones
3452 3914 3522 3967 ad
3569 3914 3845 3982 Anglorum

2276 4005 2684 4060 conversionem
2717 4006 2862 4060 missi
2888 4023 2901 4071 ;
2932 4014 2987 4059 et
3014 4006 3155 4060 sedis
3194 4006 3504 4076 apostolica:
3534 4007 3738 4075 legatus
3776 4006 3845 4059 de-

2276 4095 2449 4149 lectus
2476 4104 2578 4160 est,
2629 4097 2719 4166 qui
2746 4104 2857 4149 tum
2904 4096 2955 4149 in
2982 4096 3191 4163 Galliis,
3221 4104 3334 4149 tum
3365 4096 3416 4151 in
3447 4095 3719 4166 Hispaniis
3744 4110 3844 4165 gra-

2275 4187 2488 4240 vissima
2522 4189 2734 4254 negotia
2764 4194 3136 4255 pertractaret.
3169 4185 3273 4259 (Cf.
3304 4186 3511 4242 Mabill.
3541 4206 3671 4244 ann.
3702 4188 3842 4242 Bene-

2276 4276 2398 4329 dict.
2433 4277 2524 4329 lib.
2555 4293 2627 4341 ιχ,
2660 4292 2714 4346 p.
2747 4276 2900 4344 256.)

2351 4366 2400 4421 2.
2433 4366 2688 4437 Cyriacus
2718 4368 2897 4421 multis
2927 4383 3078 4436 papa:
3107 4367 3345 4437 epistolis
3384 4368 3640 4433 munitus,
3683 4366 3845 4420 Massi-

2278 4459 2403 4512 liam
2450 4460 2679 4528 primum
2720 4459 2869 4514 venit
2921 4460 3193 4514 maritimo
3242 4460 3453 4519 itinere,
3498 4460 3586 4514 ubi
3636 4461 3845 4513 salutato

2276 4550 2481 4604 Sereno
2511 4550 2766 4618 episcopo
2797 4549 3013 4603 nomine
3056 4549 3337 4619 pontificis,
3379 4550 3586 4604 litteras
3627 4550 3695 4604 de
3734 4549 3836 4602 lrac

2275 4638 2420 4693 tione
2445 4638 2734 4705 imaginum
2763 4638 3204 4691 commonitorias
3229 4636 3420 4703 'dedit,
3449 4654 3676 4707 quarum
3707 4651 3844 4705 supra

2276 4728 2617 4783 meminimus
2671 4730 2822 4797 (Cap.
2855 4728 2904 4792 l,
2938 4746 2994 4782 η.
3042 4727 3153 4796 10).
3190 4727 3448 4796 Legatum
3497 4728 3565 4781 ab
3607 4732 3844 4797 episcopo

2275 4838 2381 4876 non
2406 4836 2467 4875 ea
2489 4836 2591 4889 qua
2616 4836 2713 4890 par
2733 4828 2851 4873 erat
2872 4821 3137 4874 charitate
3166 4835 3230 4874 ac
3253 4821 3552 4874 reverentia
3582 4829 3845 4889 excepturi.

2275 4912 2439 4966 fuisse
2471 4911 2594 4964 inde
2623 4910 2964 4979 conjicimus,
3004 4910 3171 4979 quod,
3206 4918 3263 4962 ut
3286 4910 3507 4963 liberius
3536 4904 3844 4964 stomatban'

2276 5003 2481 5067 liceret,
2515 5002 2728 5056 tinxerit
2755 5000 2990 5056 Serenus
3030 4999 3334 5069 pontiﬁcias
3360 5000 3567 5056 litteras
3590 5016 3617 5054 a
3643 5000 3843 5071 (Syriaco

2278 5095 2377 5150 sibi
2407 5094 2634 5159 oblatas,
2667 5093 3036 5162 suppOsititias
3064 5108 3202 5147 esse.
3251 5092 3398 5147 llanc
3445 5092 3565 5146 falsi
3608 5090 3840 5162 suspicio-

2272 5200 2395 5239 nem
2435 5184 2611 5251 legato
2654 5182 2968 5252 injuriosam
3009 5183 3245 5250 graviter
3286 5192 3472 5253 postea
3502 5180 3839 5253 redarguitS.

2270 5277 2583 5347 Gregorius,
2616 5277 2688 5331 ita
2733 5277 2976 5331 scribens
3003 5275 3074 5329 ad
3111 5274 3372 5331 Serenum
3401 5293 3414 5327 :
3457 5274 3542 5328 Ea:
3572 5276 3660 5329 illo
3689 5284 3841 5327 autem

2270 5373 2405 5443 quod
2433 5372 2496 5425 de
2520 5373 2724 5442 scriptis
2754 5374 2968 5436 nostris,
2994 5387 3108 5442 qua:
3130 5370 3200 5423 ad
3222 5379 3269 5423 te
3294 5370 3546 5434 misimus,
3592 5364 3839 5427 dubitasti,

2273 5470 2434 5539 286
2471 5486 2625 5538 quam
2651 5470 2723 5523 sis
2752 5470 2988 5522 incautus
3031 5476 3300 5539 apparuit.
3332 5464 3474 5520 Nam
3511 5468 3556 5521 si
3591 5465 3835 5534 diligenter

2277 5582 2669 5653 extemlebatur
2695 5580 2903 5650 Cyriaci
2944 5581 3161 5648 legatio,
3193 5592 3244 5636 et
3274 5581 3497 5653 Syagrio
3527 5579 3716 5636 collata
3755 5590 3830 5645 po

2274 5651 2824 5722 testascngendarum
2853 5654 3199 5722 synodornm.

2352 5732 2373 5759 ο
2418 5721 2549 5775 Vide
2580 5721 2671 5776 lib.
2705 5738 2777 5791 tv,
2809 5720 2931 5791 opp.
2961 5720 3052 5789 2i,
3083 5720 3172 5792 25,
3204 5721 3289 5776 26.
