  <div class='ocr_page' id='page_1' title='image "/cluster/home/n/w/nwhite01/storage/ocr_20150623/75/uva.x000827087/218.png"; bbox 0 0 3976 6312; ppageno 0'>
   <div class='ocr_carea' id='block_1_1' title="bbox 175 317 249 367">
    <p class='ocr_par' dir='ltr' id='par_1_1' title="bbox 175 317 249 367">
     <span class='ocr_line' id='line_1_1' title="bbox 175 317 249 367; baseline 0 0"><span class='ocrx_word' id='word_1_1' title='bbox 175 317 249 367; x_wconf 64' lang='lat' dir='ltr'><strong>lii</strong></span> 
     </span>
    </p>
   </div>
   <div class='ocr_carea' id='block_1_2' title="bbox 606 304 1717 368">
    <p class='ocr_par' dir='ltr' id='par_1_2' title="bbox 606 304 1717 368">
     <span class='ocr_line' id='line_1_2' title="bbox 606 304 1717 368; baseline -0.006 -5"><span class='ocrx_word' id='word_1_2' title='bbox 606 312 666 366; x_wconf 90' lang='lat' dir='ltr'><strong>S.</strong></span> <span class='ocrx_word' id='word_1_3' title='bbox 710 308 1038 365; x_wconf 71' lang='lat' dir='ltr'><strong>GREGORII</strong></span> <span class='ocrx_word' id='word_1_4' title='bbox 1082 305 1291 360; x_wconf 72' lang='lat' dir='ltr'><strong>MAGNI</strong></span> <span class='ocrx_word' id='word_1_5' title='bbox 1334 306 1512 368; x_wconf 81' lang='lat' dir='ltr'><strong>VITA,</strong></span> <span class='ocrx_word' id='word_1_6' title='bbox 1558 304 1643 357; x_wconf 64' lang='lat' dir='ltr'><strong>EX</strong></span> <span class='ocrx_word' id='word_1_7' title='bbox 1692 306 1717 357; x_wconf 63' lang='grc' dir='ltr'><strong>Ρ</strong></span> 
     </span>
    </p>
   </div>
   <div class='ocr_carea' id='block_1_3' title="bbox 1822 304 2921 368">
    <p class='ocr_par' dir='ltr' id='par_1_3' title="bbox 1822 307 2921 366">
     <span class='ocr_line' id='line_1_3' title="bbox 1822 307 2921 366; baseline 0.008 -9"><span class='ocrx_word' id='word_1_8' title='bbox 1822 307 1851 357; x_wconf 68' lang='grc' dir='ltr'><strong>ς</strong></span> <span class='ocrx_word' id='word_1_9' title='bbox 1891 308 2191 362; x_wconf 72' lang='lat' dir='ltr'><strong>SCRIPTIS</strong></span> <span class='ocrx_word' id='word_1_10' title='bbox 2230 309 2623 366; x_wconf 70' lang='lat' dir='ltr'><strong>ADORNATA.</strong></span> <span class='ocrx_word' id='word_1_11' title='bbox 2664 312 2789 366; x_wconf 77' lang='lat' dir='ltr'><strong>LIB.</strong></span> <span class='ocrx_word' id='word_1_12' title='bbox 2836 312 2921 365; x_wconf 81' lang='lat' dir='ltr'><strong>IV.</strong></span> 
     </span>
    </p>
   </div>
   <div class='ocr_carea' id='block_1_4' title="bbox 3297 316 3400 366">
    <p class='ocr_par' dir='ltr' id='par_1_4' title="bbox 3297 316 3400 366">
     <span class='ocr_line' id='line_1_4' title="bbox 3297 316 3400 366; baseline 0.01 -1"><span class='ocrx_word' id='word_1_13' title='bbox 3297 316 3400 366; x_wconf 61' lang='grc' dir='ltr'>ΗΞ</span> 
     </span>
    </p>
   </div>
   <div class='ocr_carea' id='block_1_5' title="bbox 167 422 3396 496">
    <p class='ocr_par' dir='ltr' id='par_1_5' title="bbox 167 422 3396 496">
     <span class='ocr_line' id='line_1_5' title="bbox 167 422 3396 496; baseline 0 -13"><span class='ocrx_word' id='word_1_14' title='bbox 167 448 215 484; x_wconf 81' lang='lat' dir='ltr'><strong>ea</strong></span> <span class='ocrx_word' id='word_1_15' title='bbox 239 440 342 496; x_wconf 76' lang='lat' dir='ltr'><strong>qua:</strong></span> <span class='ocrx_word' id='word_1_16' title='bbox 370 426 599 494; x_wconf 76' lang='lat' dir='ltr'><strong>fraterno</strong></span> <span class='ocrx_word' id='word_1_17' title='bbox 628 439 805 475; x_wconf 82' lang='lat' dir='ltr'><strong>amore</strong></span> <span class='ocrx_word' id='word_1_18' title='bbox 835 424 1123 475; x_wconf 74' lang='lat' dir='ltr'><strong>monuimus</strong></span> <span class='ocrx_word' id='word_1_19' title='bbox 1155 422 1479 482; x_wconf 70' lang='lat' dir='ltr'><strong>attendisses.</strong></span> <span class='ocrx_word' id='word_1_20' title='bbox 1512 436 1614 471; x_wconf 82' lang='lat' dir='ltr'><strong>non</strong></span> <span class='ocrx_word' id='word_1_21' title='bbox 1645 437 1716 471; x_wconf 83' lang='lat' dir='ltr'><strong>so-</strong></span> <span class='ocrx_word' id='word_1_22' title='bbox 1748 428 1795 478; x_wconf 82' lang='grc' dir='ltr'>Λ</span> <span class='ocrx_word' id='word_1_23' title='bbox 1823 422 1953 475; x_wconf 85' lang='lat' dir='ltr'><strong>citra</strong></span> <span class='ocrx_word' id='word_1_24' title='bbox 1983 437 2141 489; x_wconf 84' lang='lat' dir='ltr'><strong>quant</strong></span> <span class='ocrx_word' id='word_1_25' title='bbox 2172 423 2419 478; x_wconf 76' lang='lat' dir='ltr'><strong>videlicet</strong></span> <span class='ocrx_word' id='word_1_26' title='bbox 2439 425 2567 478; x_wconf 87' lang='lat' dir='ltr'><strong>nihil</strong></span> <span class='ocrx_word' id='word_1_27' title='bbox 2596 435 2768 479; x_wconf 88' lang='lat' dir='ltr'><strong>ratum</strong></span> <span class='ocrx_word' id='word_1_28' title='bbox 2793 426 3116 488; x_wconf 87' lang='lat' dir='ltr'><strong>habebatur;</strong></span> <span class='ocrx_word' id='word_1_29' title='bbox 3140 441 3243 495; x_wconf 87' lang='lat' dir='ltr'><strong>qua</strong></span> <span class='ocrx_word' id='word_1_30' title='bbox 3266 444 3396 483; x_wconf 91' lang='lat' dir='ltr'><strong>vero</strong></span> 
     </span>
    </p>
   </div>
   <div class='ocr_carea' id='block_1_6' title="bbox 163 512 1721 580">
    <p class='ocr_par' dir='ltr' id='par_1_6' title="bbox 163 512 1721 580">
     <span class='ocr_line' id='line_1_6' title="bbox 163 512 1721 580; baseline -0.006 -8"><span class='ocrx_word' id='word_1_31' title='bbox 163 528 256 576; x_wconf 81' lang='lat' dir='ltr'><strong>tum</strong></span> <span class='ocrx_word' id='word_1_32' title='bbox 293 516 496 571; x_wconf 78' lang='lat' dir='ltr'><strong>minime</strong></span> <span class='ocrx_word' id='word_1_33' title='bbox 520 514 829 575; x_wconf 87' lang='lat' dir='ltr'><strong>dubitasses,</strong></span> <span class='ocrx_word' id='word_1_34' title='bbox 854 513 943 566; x_wconf 87' lang='lat' dir='ltr'><strong>sed</strong></span> <span class='ocrx_word' id='word_1_35' title='bbox 966 514 1123 565; x_wconf 90' lang='lat' dir='ltr'><strong>immo</strong></span> <span class='ocrx_word' id='word_1_36' title='bbox 1160 512 1282 580; x_wconf 86' lang='lat' dir='ltr'><strong>quid</strong></span> <span class='ocrx_word' id='word_1_37' title='bbox 1323 521 1370 563; x_wconf 86' lang='lat' dir='ltr'><strong>te</strong></span> <span class='ocrx_word' id='word_1_38' title='bbox 1412 513 1721 565; x_wconf 84' lang='lat' dir='ltr'><strong>sacerdotali</strong></span> 
     </span>
    </p>
   </div>
   <div class='ocr_carea' id='block_1_7' title="bbox 168 597 1719 681">
    <p class='ocr_par' dir='ltr' id='par_1_7' title="bbox 168 597 1719 681">
     <span class='ocr_line' id='line_1_7' title="bbox 168 597 1719 681; baseline -0.005 -21"><span class='ocrx_word' id='word_1_39' title='bbox 168 606 391 681; x_wconf 76' lang='lat' dir='ltr'><strong>grauitate</strong></span> <span class='ocrx_word' id='word_1_40' title='bbox 438 611 694 672; x_wconf 83' lang='lat' dir='ltr'><strong>oporteret</strong></span> <span class='ocrx_word' id='word_1_41' title='bbox 740 618 914 670; x_wconf 87' lang='lat' dir='ltr'><strong>agere,</strong></span> <span class='ocrx_word' id='word_1_42' title='bbox 964 602 1309 671; x_wconf 71' lang='lat' dir='ltr'><strong>(agnovisses.</strong></span> <span class='ocrx_word' id='word_1_43' title='bbox 1361 597 1541 668; x_wconf 84' lang='lat' dir='ltr'><strong>Neque</strong></span> <span class='ocrx_word' id='word_1_44' title='bbox 1588 603 1719 653; x_wconf 83' lang='lat' dir='ltr'><strong>enim</strong></span> 
     </span>
    </p>
   </div>
   <div class='ocr_carea' id='block_1_8' title="bbox 167 690 1723 766">
    <p class='ocr_par' dir='ltr' id='par_1_8' title="bbox 167 690 1723 766">
     <span class='ocr_line' id='line_1_8' title="bbox 167 690 1723 766; baseline -0.008 -14"><span class='ocrx_word' id='word_1_45' title='bbox 167 696 390 766; x_wconf 79' lang='lat' dir='ltr'><strong>Cyriacns</strong></span> <span class='ocrx_word' id='word_1_46' title='bbox 428 692 688 760; x_wconf 86' lang='lat' dir='ltr'><strong>quondam</strong></span> <span class='ocrx_word' id='word_1_47' title='bbox 735 690 926 754; x_wconf 85' lang='lat' dir='ltr'><strong>abbas,</strong></span> <span class='ocrx_word' id='word_1_48' title='bbox 971 691 1055 759; x_wconf 83' lang='lat' dir='ltr'><strong>qui</strong></span> <span class='ocrx_word' id='word_1_49' title='bbox 1094 690 1399 757; x_wconf 88' lang='lat' dir='ltr'><strong>scriptorum</strong></span> <span class='ocrx_word' id='word_1_50' title='bbox 1431 696 1723 740; x_wconf 87' lang='lat' dir='ltr'><strong>nostrorum</strong></span> 
     </span>
    </p>
   </div>
   <div class='ocr_carea' id='block_1_9' title="bbox 168 778 1723 859">
    <p class='ocr_par' dir='ltr' id='par_1_9' title="bbox 168 778 1723 859">
     <span class='ocr_line' id='line_1_9' title="bbox 168 778 1723 859; baseline -0.006 -20"><span class='ocrx_word' id='word_1_51' title='bbox 168 781 758 859; x_wconf 69' lang='lat' dir='ltr'><strong>portitorexstitit,istius</strong></span> <span class='ocrx_word' id='word_1_52' title='bbox 782 779 1069 847; x_wconf 70' lang='lat' dir='ltr'><strong>disciplina:</strong></span> <span class='ocrx_word' id='word_1_53' title='bbox 1090 778 1165 832; x_wconf 86' lang='lat' dir='ltr'><strong>vel</strong></span> <span class='ocrx_word' id='word_1_54' title='bbox 1192 779 1497 831; x_wconf 85' lang='lat' dir='ltr'><strong>eruditionis</strong></span> <span class='ocrx_word' id='word_1_55' title='bbox 1528 778 1645 847; x_wconf 85' lang='lat' dir='ltr'><strong>fuit,</strong></span> <span class='ocrx_word' id='word_1_56' title='bbox 1667 786 1723 829; x_wconf 89' lang='lat' dir='ltr'><strong>ut</strong></span> 
     </span>
    </p>
   </div>
   <div class='ocr_carea' id='block_1_10' title="bbox 168 867 1721 937">
    <p class='ocr_par' dir='ltr' id='par_1_10' title="bbox 168 867 1721 937">
     <span class='ocr_line' id='line_1_10' title="bbox 168 867 1721 937; baseline -0.005 -10"><span class='ocrx_word' id='word_1_57' title='bbox 168 873 230 927; x_wconf 79' lang='lat' dir='ltr'><strong>uel</strong></span> <span class='ocrx_word' id='word_1_58' title='bbox 254 874 353 937; x_wconf 86' lang='lat' dir='ltr'><strong>ipse</strong></span> <span class='ocrx_word' id='word_1_59' title='bbox 398 870 540 921; x_wconf 86' lang='lat' dir='ltr'><strong>aliud</strong></span> <span class='ocrx_word' id='word_1_60' title='bbox 586 871 777 937; x_wconf 83' lang='lat' dir='ltr'><strong>facere,</strong></span> <span class='ocrx_word' id='word_1_61' title='bbox 808 867 938 921; x_wconf 81' lang='lat' dir='ltr'><strong>sicut</strong></span> <span class='ocrx_word' id='word_1_62' title='bbox 967 876 1149 936; x_wconf 89' lang='lat' dir='ltr'><strong>putas,</strong></span> <span class='ocrx_word' id='word_1_63' title='bbox 1183 867 1414 931; x_wconf 90' lang='lat' dir='ltr'><strong>auderet,</strong></span> <span class='ocrx_word' id='word_1_64' title='bbox 1448 869 1525 921; x_wconf 86' lang='lat' dir='ltr'><strong>vel</strong></span> <span class='ocrx_word' id='word_1_65' title='bbox 1569 868 1721 919; x_wconf 88' lang='lat' dir='ltr'><strong>istam</strong></span> 
     </span>
    </p>
   </div>
   <div class='ocr_carea' id='block_1_11' title="bbox 168 959 1716 1033">
    <p class='ocr_par' dir='ltr' id='par_1_11' title="bbox 168 959 1716 1033">
     <span class='ocr_line' id='line_1_11' title="bbox 168 959 1716 1033; baseline -0.005 -17"><span class='ocrx_word' id='word_1_66' title='bbox 168 966 222 1019; x_wconf 84' lang='lat' dir='ltr'><strong>de</strong></span> <span class='ocrx_word' id='word_1_67' title='bbox 252 964 355 1033; x_wconf 85' lang='lat' dir='ltr'><strong>ejus</strong></span> <span class='ocrx_word' id='word_1_68' title='bbox 380 959 472 1023; x_wconf 77' lang='lat' dir='ltr'><strong>tibi</strong></span> <span class='ocrx_word' id='word_1_69' title='bbox 496 976 719 1025; x_wconf 75' lang='lat' dir='ltr'><strong>persona</strong></span> <span class='ocrx_word' id='word_1_70' title='bbox 754 960 1093 1029; x_wconf 75' lang='lat' dir='ltr'><strong>suspicionem</strong></span> <span class='ocrx_word' id='word_1_71' title='bbox 1137 960 1383 1029; x_wconf 74' lang='lat' dir='ltr'><strong>falsitatis</strong></span> <span class='ocrx_word' id='word_1_72' title='bbox 1413 975 1716 1012; x_wconf 80' lang='lat' dir='ltr'><strong>assameres.</strong></span> 
     </span>
    </p>
   </div>
   <div class='ocr_carea' id='block_1_12' title="bbox 171 1050 1721 1119">
    <p class='ocr_par' dir='ltr' id='par_1_12' title="bbox 171 1050 1721 1119">
     <span class='ocr_line' id='line_1_12' title="bbox 171 1050 1721 1119; baseline -0.006 -9"><span class='ocrx_word' id='word_1_73' title='bbox 171 1056 260 1110; x_wconf 75' lang='lat' dir='ltr'><strong>Sed</strong></span> <span class='ocrx_word' id='word_1_74' title='bbox 294 1054 407 1107; x_wconf 90' lang='lat' dir='ltr'><strong>dum</strong></span> <span class='ocrx_word' id='word_1_75' title='bbox 444 1056 642 1105; x_wconf 80' lang='lat' dir='ltr'><strong>monita</strong></span> <span class='ocrx_word' id='word_1_76' title='bbox 672 1050 901 1105; x_wconf 74' lang='lat' dir='ltr'><strong>salubria</strong></span> <span class='ocrx_word' id='word_1_77' title='bbox 943 1066 1162 1119; x_wconf 81' lang='lat' dir='ltr'><strong><em>pensare</em></strong></span> <span class='ocrx_word' id='word_1_78' title='bbox 1189 1050 1474 1119; x_wconf 75' lang='lat' dir='ltr'><strong>postponis,</strong></span> <span class='ocrx_word' id='word_1_79' title='bbox 1506 1051 1721 1118; x_wconf 88' lang='lat' dir='ltr'><strong>contigit</strong></span> 
     </span>
    </p>
   </div>
   <div class='ocr_carea' id='block_1_13' title="bbox 167 1140 1722 1213">
    <p class='ocr_par' dir='ltr' id='par_1_13' title="bbox 167 1140 1722 1213">
     <span class='ocr_line' id='line_1_13' title="bbox 167 1140 1722 1213; baseline -0.004 -16"><span class='ocrx_word' id='word_1_80' title='bbox 167 1156 212 1198; x_wconf 86' lang='lat' dir='ltr'><strong>ut</strong></span> <span class='ocrx_word' id='word_1_81' title='bbox 224 1145 326 1213; x_wconf 85' lang='lat' dir='ltr'><strong>jam</strong></span> <span class='ocrx_word' id='word_1_82' title='bbox 347 1158 447 1195; x_wconf 91' lang='lat' dir='ltr'><strong>non</strong></span> <span class='ocrx_word' id='word_1_83' title='bbox 469 1143 635 1195; x_wconf 71' lang='lat' dir='ltr'><strong>solum</strong></span> <span class='ocrx_word' id='word_1_84' title='bbox 660 1151 798 1205; x_wconf 87' lang='lat' dir='ltr'><strong>actu,</strong></span> <span class='ocrx_word' id='word_1_85' title='bbox 815 1141 1141 1193; x_wconf 86' lang='lat' dir='ltr'><strong>verumetiam</strong></span> <span class='ocrx_word' id='word_1_86' title='bbox 1162 1155 1296 1193; x_wconf 86' lang='lat' dir='ltr'><strong>esses</strong></span> <span class='ocrx_word' id='word_1_87' title='bbox 1316 1140 1722 1210; x_wconf 79' lang='lat' dir='ltr'><strong>interrogatione</strong></span> 
     </span>
    </p>
   </div>
   <div class='ocr_carea' id='block_1_14' title="bbox 168 1230 935 1302">
    <p class='ocr_par' dir='ltr' id='par_1_14' title="bbox 168 1230 935 1302">
     <span class='ocr_line' id='line_1_14' title="bbox 168 1230 935 1302; baseline -0.005 -15"><span class='ocrx_word' id='word_1_88' title='bbox 168 1232 413 1302; x_wconf 79' lang='lat' dir='ltr'><strong>culpabilis</strong></span> <span class='ocrx_word' id='word_1_89' title='bbox 443 1230 584 1299; x_wconf 89' lang='lat' dir='ltr'><strong>(Lib.</strong></span> <span class='ocrx_word' id='word_1_90' title='bbox 614 1246 690 1297; x_wconf 77' lang='grc' dir='ltr'><strong>ιι,</strong></span> <span class='ocrx_word' id='word_1_91' title='bbox 712 1247 791 1298; x_wconf 89' lang='lat' dir='ltr'><strong>ep.</strong></span> <span class='ocrx_word' id='word_1_92' title='bbox 828 1231 935 1301; x_wconf 74' lang='grc'><strong>15).</strong></span> 
     </span>
    </p>
   </div>
   <div class='ocr_carea' id='block_1_15' title="bbox 224 1339 1718 1411">
    <p class='ocr_par' dir='ltr' id='par_1_15' title="bbox 224 1339 1718 1411">
     <span class='ocr_line' id='line_1_15' title="bbox 224 1339 1718 1411; baseline -0.003 -14"><span class='ocrx_word' id='word_1_93' title='bbox 224 1342 273 1397; x_wconf 78' lang='lat'><strong>5.</strong></span> <span class='ocrx_word' id='word_1_94' title='bbox 322 1340 549 1396; x_wconf 76' lang='lat' dir='ltr'><strong>Massilia</strong></span> <span class='ocrx_word' id='word_1_95' title='bbox 602 1342 786 1395; x_wconf 88' lang='lat' dir='ltr'><strong>relicta</strong></span> <span class='ocrx_word' id='word_1_96' title='bbox 841 1339 1120 1411; x_wconf 79' lang='lat' dir='ltr'><strong>Cyriacum</strong></span> <span class='ocrx_word' id='word_1_97' title='bbox 1176 1341 1447 1394; x_wconf 69' lang='lat' dir='ltr'><strong>Arelatem</strong></span> <span class='ocrx_word' id='word_1_98' title='bbox 1505 1342 1718 1393; x_wconf 76' lang='lat' dir='ltr'><strong>venisse</strong></span> 
     </span>
    </p>
   </div>
   <div class='ocr_carea' id='block_1_16' title="bbox 166 1429 1719 1497">
    <p class='ocr_par' dir='ltr' id='par_1_16' title="bbox 166 1429 1719 1497">
     <span class='ocr_line' id='line_1_16' title="bbox 166 1429 1719 1497; baseline -0.003 -11"><span class='ocrx_word' id='word_1_99' title='bbox 166 1431 431 1496; x_wconf 79' lang='lat' dir='ltr'><strong>credimus,</strong></span> <span class='ocrx_word' id='word_1_100' title='bbox 464 1436 519 1485; x_wconf 90' lang='lat' dir='ltr'><strong>et</strong></span> <span class='ocrx_word' id='word_1_101' title='bbox 541 1431 606 1483; x_wconf 89' lang='lat' dir='ltr'><strong>ad</strong></span> <span class='ocrx_word' id='word_1_102' title='bbox 637 1429 913 1497; x_wconf 80' lang='lat' dir='ltr'><strong>Virgilium</strong></span> <span class='ocrx_word' id='word_1_103' title='bbox 949 1430 1203 1484; x_wconf 66' lang='lat' dir='ltr'><strong>detulisse</strong></span> <span class='ocrx_word' id='word_1_104' title='bbox 1235 1432 1427 1484; x_wconf 88' lang='lat' dir='ltr'><strong>summi</strong></span> <span class='ocrx_word' id='word_1_105' title='bbox 1455 1430 1719 1497; x_wconf 88' lang='lat' dir='ltr'><strong>pontilicis</strong></span> 
     </span>
    </p>
   </div>
   <div class='ocr_carea' id='block_1_17' title="bbox 167 1520 1719 1592">
    <p class='ocr_par' dir='ltr' id='par_1_17' title="bbox 167 1520 1719 1592">
     <span class='ocr_line' id='line_1_17' title="bbox 167 1520 1719 1592; baseline -0.002 -15"><span class='ocrx_word' id='word_1_106' title='bbox 167 1522 452 1592; x_wconf 75' lang='lat' dir='ltr'><strong>epistolam,</strong></span> <span class='ocrx_word' id='word_1_107' title='bbox 481 1535 585 1588; x_wconf 89' lang='lat' dir='ltr'><strong>qua</strong></span> <span class='ocrx_word' id='word_1_108' title='bbox 610 1520 960 1573; x_wconf 81' lang='lat' dir='ltr'><strong>conﬁrmabat</strong></span> <span class='ocrx_word' id='word_1_109' title='bbox 1001 1520 1273 1588; x_wconf 69' lang='lat' dir='ltr'><strong>privilegia</strong></span> <span class='ocrx_word' id='word_1_110' title='bbox 1304 1529 1326 1556; x_wconf 78' lang='grc' dir='ltr'><strong><em>ο</em></strong></span> <span class='ocrx_word' id='word_1_111' title='bbox 1356 1521 1563 1573; x_wconf 79' lang='lat' dir='ltr'><strong>cuidam</strong></span> <span class='ocrx_word' id='word_1_112' title='bbox 1602 1538 1719 1574; x_wconf 90' lang='lat' dir='ltr'><strong>mo-</strong></span> 
     </span>
    </p>
   </div>
   <div class='ocr_carea' id='block_1_18' title="bbox 166 1611 1717 1681">
    <p class='ocr_par' dir='ltr' id='par_1_18' title="bbox 166 1611 1717 1681">
     <span class='ocr_line' id='line_1_18' title="bbox 166 1611 1717 1681; baseline -0.003 -12"><span class='ocrx_word' id='word_1_113' title='bbox 166 1614 381 1669; x_wconf 80' lang='lat' dir='ltr'><strong>nasterio</strong></span> <span class='ocrx_word' id='word_1_114' title='bbox 425 1612 662 1667; x_wconf 85' lang='lat' dir='ltr'><strong>virorum</strong></span> <span class='ocrx_word' id='word_1_115' title='bbox 692 1614 820 1666; x_wconf 90' lang='lat' dir='ltr'><strong>olim</strong></span> <span class='ocrx_word' id='word_1_116' title='bbox 860 1629 889 1665; x_wconf 90' lang='lat' dir='ltr'><strong>a</strong></span> <span class='ocrx_word' id='word_1_117' title='bbox 919 1611 1113 1679; x_wconf 82' lang='lat' dir='ltr'><strong>Vigilio</strong></span> <span class='ocrx_word' id='word_1_118' title='bbox 1158 1628 1293 1681; x_wconf 89' lang='lat' dir='ltr'><strong>papa</strong></span> <span class='ocrx_word' id='word_1_119' title='bbox 1336 1627 1609 1665; x_wconf 71' lang='lat' dir='ltr'><strong>concessa.</strong></span> <span class='ocrx_word' id='word_1_120' title='bbox 1642 1612 1717 1666; x_wconf 88' lang='lat' dir='ltr'><strong>De</strong></span> 
     </span>
    </p>
   </div>
   <div class='ocr_carea' id='block_1_19' title="bbox 168 1704 1716 1774">
    <p class='ocr_par' dir='ltr' id='par_1_19' title="bbox 168 1704 1716 1774">
     <span class='ocr_line' id='line_1_19' title="bbox 168 1704 1716 1774; baseline 0 -16"><span class='ocrx_word' id='word_1_121' title='bbox 168 1704 435 1774; x_wconf 73' lang='lat' dir='ltr'><strong>privilegiis</strong></span> <span class='ocrx_word' id='word_1_122' title='bbox 476 1704 601 1758; x_wconf 88' lang='lat' dir='ltr'><strong>huic</strong></span> <span class='ocrx_word' id='word_1_123' title='bbox 638 1705 884 1759; x_wconf 68' lang='lat' dir='ltr'><strong>coenobio</strong></span> <span class='ocrx_word' id='word_1_124' title='bbox 925 1704 1139 1758; x_wconf 76' lang='lat' dir='ltr'><strong>indultis</strong></span> <span class='ocrx_word' id='word_1_125' title='bbox 1178 1705 1305 1757; x_wconf 85' lang='lat' dir='ltr'><strong>nihil</strong></span> <span class='ocrx_word' id='word_1_126' title='bbox 1350 1705 1488 1757; x_wconf 86' lang='lat' dir='ltr'><strong>aliut</strong></span> <span class='ocrx_word' id='word_1_127' title='bbox 1520 1706 1716 1758; x_wconf 82' lang='lat' dir='ltr'><strong>scimus</strong></span> 
     </span>
    </p>
   </div>
   <div class='ocr_carea' id='block_1_20' title="bbox 166 1771 1790 1865">
    <p class='ocr_par' dir='ltr' id='par_1_20' title="bbox 166 1771 1790 1865">
     <span class='ocr_line' id='line_1_20' title="bbox 166 1771 1790 1865; baseline 0.001 -18"><span class='ocrx_word' id='word_1_128' title='bbox 166 1771 307 1863; x_wconf 84' lang='lat' dir='ltr'><strong>quam</strong></span> <span class='ocrx_word' id='word_1_129' title='bbox 351 1795 492 1862; x_wconf 85' lang='lat' dir='ltr'><strong>quod</strong></span> <span class='ocrx_word' id='word_1_130' title='bbox 542 1810 641 1849; x_wconf 94' lang='lat' dir='ltr'><strong>nos</strong></span> <span class='ocrx_word' id='word_1_131' title='bbox 686 1795 843 1849; x_wconf 89' lang='lat' dir='ltr'><strong>docet</strong></span> <span class='ocrx_word' id='word_1_132' title='bbox 884 1795 939 1849; x_wconf 91' lang='lat' dir='ltr'><strong>S.</strong></span> <span class='ocrx_word' id='word_1_133' title='bbox 986 1794 1274 1863; x_wconf 81' lang='lat' dir='ltr'><strong>Gregorius</strong></span> <span class='ocrx_word' id='word_1_134' title='bbox 1303 1792 1443 1865; x_wconf 87' lang='lat' dir='ltr'><strong>(Lib.</strong></span> <span class='ocrx_word' id='word_1_135' title='bbox 1481 1812 1557 1859; x_wconf 82' lang='lat' dir='ltr'><strong>Ix,</strong></span> <span class='ocrx_word' id='word_1_136' title='bbox 1607 1794 1711 1863; x_wconf 85' lang='lat' dir='ltr'><strong>Ep.</strong></span> <span class='ocrx_word' id='word_1_137' title='bbox 1749 1771 1790 1826; x_wconf 67' lang='grc' dir='ltr'><strong>Β</strong></span> 
     </span>
    </p>
   </div>
   <div class='ocr_carea' id='block_1_21' title="bbox 168 1883 1710 1951">
    <p class='ocr_par' dir='ltr' id='par_1_21' title="bbox 168 1883 1710 1951">
     <span class='ocr_line' id='line_1_21' title="bbox 168 1883 1710 1951; baseline 0.002 -16"><span class='ocrx_word' id='word_1_138' title='bbox 168 1883 303 1950; x_wconf 79' lang='lat' dir='ltr'><strong>lli);</strong></span> <span class='ocrx_word' id='word_1_139' title='bbox 342 1884 542 1937; x_wconf 76' lang='lat' dir='ltr'><strong>scilicet</strong></span> <span class='ocrx_word' id='word_1_140' title='bbox 596 1884 842 1951; x_wconf 43' lang='lat' dir='ltr'><strong>gloriosa:</strong></span> <span class='ocrx_word' id='word_1_141' title='bbox 894 1885 1162 1938; x_wconf 74' lang='lat' dir='ltr'><strong>memoria:</strong></span> <span class='ocrx_word' id='word_1_142' title='bbox 1208 1884 1235 1923; x_wconf 65' lang='grc' dir='ltr'>δ</span> <span class='ocrx_word' id='word_1_143' title='bbox 1284 1885 1710 1949; x_wconf 60' lang='lat' dir='ltr'><strong>Chi&#39;dehvrium,</strong></span> 
     </span>
    </p>
   </div>
   <div class='ocr_carea' id='block_1_22' title="bbox 165 1972 1715 2042">
    <p class='ocr_par' dir='ltr' id='par_1_22' title="bbox 165 1972 1715 2042">
     <span class='ocr_line' id='line_1_22' title="bbox 165 1972 1715 2042; baseline 0.002 -14"><span class='ocrx_word' id='word_1_144' title='bbox 165 1972 467 2028; x_wconf 76' lang='lat' dir='ltr'><strong>Francorum</strong></span> <span class='ocrx_word' id='word_1_145' title='bbox 504 1988 716 2042; x_wconf 84' lang='lat' dir='ltr'><strong>regem,</strong></span> <span class='ocrx_word' id='word_1_146' title='bbox 747 1974 881 2027; x_wconf 89' lang='lat' dir='ltr'><strong>intra</strong></span> <span class='ocrx_word' id='word_1_147' title='bbox 924 1990 1106 2028; x_wconf 89' lang='lat' dir='ltr'><strong>muros</strong></span> <span class='ocrx_word' id='word_1_148' title='bbox 1132 1976 1455 2030; x_wconf 84' lang='lat' dir='ltr'><strong>Arelatensis</strong></span> <span class='ocrx_word' id='word_1_149' title='bbox 1484 1978 1715 2031; x_wconf 69' lang='lat' dir='ltr'><strong>civitatis</strong></span> 
     </span>
    </p>
   </div>
   <div class='ocr_carea' id='block_1_23' title="bbox 168 2064 1713 2136">
    <p class='ocr_par' dir='ltr' id='par_1_23' title="bbox 168 2064 1713 2136">
     <span class='ocr_line' id='line_1_23' title="bbox 168 2064 1713 2136; baseline 0.003 -20"><span class='ocrx_word' id='word_1_150' title='bbox 168 2064 529 2117; x_wconf 63' lang='lat' dir='ltr'><strong>monasterium</strong></span> <span class='ocrx_word' id='word_1_151' title='bbox 582 2065 812 2117; x_wconf 86' lang='lat' dir='ltr'><strong>virorum</strong></span> <span class='ocrx_word' id='word_1_152' title='bbox 853 2065 1209 2128; x_wconf 74' lang='lat' dir='ltr'><strong>constituisse,</strong></span> <span class='ocrx_word' id='word_1_153' title='bbox 1242 2074 1296 2119; x_wconf 91' lang='lat' dir='ltr'><strong>et</strong></span> <span class='ocrx_word' id='word_1_154' title='bbox 1328 2067 1568 2134; x_wconf 60' lang='lat' dir='ltr'><strong>quaedam</strong></span> <span class='ocrx_word' id='word_1_155' title='bbox 1616 2084 1713 2136; x_wconf 89' lang='lat' dir='ltr'><strong>pro</strong></span> 
     </span>
    </p>
   </div>
   <div class='ocr_carea' id='block_1_24' title="bbox 168 2154 1713 2224">
    <p class='ocr_par' dir='ltr' id='par_1_24' title="bbox 168 2154 1713 2224">
     <span class='ocr_line' id='line_1_24' title="bbox 168 2154 1713 2224; baseline 0.003 -18"><span class='ocrx_word' id='word_1_156' title='bbox 168 2154 492 2207; x_wconf 86' lang='lat' dir='ltr'><strong>habitantium</strong></span> <span class='ocrx_word' id='word_1_157' title='bbox 523 2155 910 2208; x_wconf 78' lang='lat' dir='ltr'><strong>suSIentatione</strong></span> <span class='ocrx_word' id='word_1_158' title='bbox 940 2156 1267 2209; x_wconf 54' lang='lat' dir='ltr'><strong>concessisre</strong></span> <span class='ocrx_word' id='word_1_159' title='bbox 1293 2173 1307 2219; x_wconf 89' lang='lat'><strong>;</strong></span> <span class='ocrx_word' id='word_1_160' title='bbox 1340 2156 1491 2224; x_wconf 83' lang='lat' dir='ltr'><strong>cujus</strong></span> <span class='ocrx_word' id='word_1_161' title='bbox 1520 2172 1586 2209; x_wconf 91' lang='lat' dir='ltr'><strong>ne</strong></span> <span class='ocrx_word' id='word_1_162' title='bbox 1616 2172 1713 2211; x_wconf 87' lang='lat' dir='ltr'><strong>vo-</strong></span> 
     </span>
    </p>
   </div>
   <div class='ocr_carea' id='block_1_25' title="bbox 168 2246 1714 2316">
    <p class='ocr_par' dir='ltr' id='par_1_25' title="bbox 168 2246 1714 2316">
     <span class='ocr_line' id='line_1_25' title="bbox 168 2246 1714 2316; baseline 0.002 -17"><span class='ocrx_word' id='word_1_163' title='bbox 168 2247 321 2300; x_wconf 86' lang='lat' dir='ltr'><strong>luntas</strong></span> <span class='ocrx_word' id='word_1_164' title='bbox 365 2246 654 2301; x_wconf 85' lang='lat' dir='ltr'><strong>duceretur</strong></span> <span class='ocrx_word' id='word_1_165' title='bbox 681 2247 733 2300; x_wconf 91' lang='lat' dir='ltr'><strong>in</strong></span> <span class='ocrx_word' id='word_1_166' title='bbox 764 2247 995 2313; x_wconf 89' lang='lat' dir='ltr'><strong>irritum,</strong></span> <span class='ocrx_word' id='word_1_167' title='bbox 1036 2257 1091 2301; x_wconf 91' lang='lat' dir='ltr'><strong>et</strong></span> <span class='ocrx_word' id='word_1_168' title='bbox 1131 2262 1194 2301; x_wconf 92' lang='lat' dir='ltr'><strong>ea</strong></span> <span class='ocrx_word' id='word_1_169' title='bbox 1243 2262 1361 2315; x_wconf 73' lang='lat' dir='ltr'><strong>qua:</strong></span> <span class='ocrx_word' id='word_1_170' title='bbox 1398 2263 1494 2316; x_wconf 87' lang='lat' dir='ltr'><strong>pro</strong></span> <span class='ocrx_word' id='word_1_171' title='bbox 1534 2249 1714 2316; x_wconf 57' lang='lat' dir='ltr'><strong>quit-te</strong></span> 
     </span>
    </p>
   </div>
   <div class='ocr_carea' id='block_1_26' title="bbox 167 2337 1712 2407">
    <p class='ocr_par' dir='ltr' id='par_1_26' title="bbox 167 2337 1712 2407">
     <span class='ocr_line' id='line_1_26' title="bbox 167 2337 1712 2407; baseline 0.002 -17"><span class='ocrx_word' id='word_1_172' title='bbox 167 2340 523 2393; x_wconf 83' lang='lat' dir='ltr'><strong>monachorum</strong></span> <span class='ocrx_word' id='word_1_173' title='bbox 547 2337 804 2407; x_wconf 74' lang='lat' dir='ltr'><strong>disposita</strong></span> <span class='ocrx_word' id='word_1_174' title='bbox 832 2337 1056 2401; x_wconf 88' lang='lat' dir='ltr'><strong>fuerant,</strong></span> <span class='ocrx_word' id='word_1_175' title='bbox 1083 2338 1442 2403; x_wconf 86' lang='lat' dir='ltr'><strong>turbarentur,</strong></span> <span class='ocrx_word' id='word_1_176' title='bbox 1470 2339 1712 2407; x_wconf 79' lang='lat' dir='ltr'><strong>epistolis</strong></span> 
     </span>
    </p>
   </div>
   <div class='ocr_carea' id='block_1_27' title="bbox 165 2427 1715 2496">
    <p class='ocr_par' dir='ltr' id='par_1_27' title="bbox 165 2427 1715 2496">
     <span class='ocr_line' id='line_1_27' title="bbox 165 2427 1715 2496; baseline -0.003 -15"><span class='ocrx_word' id='word_1_177' title='bbox 165 2428 261 2481; x_wconf 85' lang='lat' dir='ltr'><strong>suis</strong></span> <span class='ocrx_word' id='word_1_178' title='bbox 289 2427 394 2480; x_wconf 63' lang='lat' dir='ltr'><strong>base</strong></span> <span class='ocrx_word' id='word_1_179' title='bbox 420 2428 713 2496; x_wconf 88' lang='lat' dir='ltr'><strong>apostolica</strong></span> <span class='ocrx_word' id='word_1_180' title='bbox 745 2428 959 2496; x_wconf 87' lang='lat' dir='ltr'><strong>petiisse</strong></span> <span class='ocrx_word' id='word_1_181' title='bbox 981 2430 1297 2482; x_wconf 87' lang='lat' dir='ltr'><strong>auctoritate</strong></span> <span class='ocrx_word' id='word_1_182' title='bbox 1327 2429 1549 2486; x_wconf 84' lang='lat' dir='ltr'><strong>firmari.</strong></span> <span class='ocrx_word' id='word_1_183' title='bbox 1578 2430 1715 2484; x_wconf 73' lang='lat' dir='ltr'><strong>Sub.</strong></span> 
     </span>
    </p>
   </div>
   <div class='ocr_carea' id='block_1_28' title="bbox 164 2520 1710 2591">
    <p class='ocr_par' dir='ltr' id='par_1_28' title="bbox 164 2520 1710 2591">
     <span class='ocr_line' id='line_1_28' title="bbox 164 2520 1710 2591; baseline 0.001 -20"><span class='ocrx_word' id='word_1_184' title='bbox 164 2523 384 2591; x_wconf 74' lang='lat' dir='ltr'><strong>iunxerat</strong></span> <span class='ocrx_word' id='word_1_185' title='bbox 430 2520 663 2588; x_wconf 85' lang='lat' dir='ltr'><strong>petitioni</strong></span> <span class='ocrx_word' id='word_1_186' title='bbox 705 2536 808 2572; x_wconf 71' lang='lat' dir='ltr'><strong>sua:</strong></span> <span class='ocrx_word' id='word_1_187' title='bbox 852 2528 907 2571; x_wconf 91' lang='lat' dir='ltr'><strong>ut</strong></span> <span class='ocrx_word' id='word_1_188' title='bbox 943 2521 1107 2572; x_wconf 51' lang='lat' dir='ltr'><strong>eidem</strong></span> <span class='ocrx_word' id='word_1_189' title='bbox 1151 2521 1461 2574; x_wconf 74' lang='lat' dir='ltr'><strong>monasterio</strong></span> <span class='ocrx_word' id='word_1_190' title='bbox 1508 2530 1615 2573; x_wconf 83' lang='lat' dir='ltr'><strong>tam</strong></span> <span class='ocrx_word' id='word_1_191' title='bbox 1654 2524 1710 2575; x_wconf 88' lang='lat' dir='ltr'><strong>in</strong></span> 
     </span>
    </p>
   </div>
   <div class='ocr_carea' id='block_1_29' title="bbox 165 2611 1710 2683">
    <p class='ocr_par' dir='ltr' id='par_1_29' title="bbox 165 2611 1710 2683">
     <span class='ocr_line' id='line_1_29' title="bbox 165 2611 1710 2683; baseline 0.003 -21"><span class='ocrx_word' id='word_1_192' title='bbox 165 2611 477 2677; x_wconf 78' lang='lat' dir='ltr'><strong>dispositione</strong></span> <span class='ocrx_word' id='word_1_193' title='bbox 507 2628 703 2675; x_wconf 86' lang='lat' dir='ltr'><strong>rerum,</strong></span> <span class='ocrx_word' id='word_1_194' title='bbox 735 2628 885 2681; x_wconf 87' lang='lat' dir='ltr'><strong>quam</strong></span> <span class='ocrx_word' id='word_1_195' title='bbox 910 2612 964 2664; x_wconf 90' lang='lat' dir='ltr'><strong>in</strong></span> <span class='ocrx_word' id='word_1_196' title='bbox 992 2613 1315 2665; x_wconf 86' lang='lat' dir='ltr'><strong>ordinatione</strong></span> <span class='ocrx_word' id='word_1_197' title='bbox 1345 2612 1542 2666; x_wconf 80' lang='lat' dir='ltr'><strong>abbatis</strong></span> <span class='ocrx_word' id='word_1_198' title='bbox 1567 2629 1710 2683; x_wconf 74' lang='lat' dir='ltr'><strong>quee-</strong></span> 
     </span>
    </p>
   </div>
   <div class='ocr_carea' id='block_1_30' title="bbox 166 2702 1709 2771">
    <p class='ocr_par' dir='ltr' id='par_1_30' title="bbox 166 2702 1709 2771">
     <span class='ocr_line' id='line_1_30' title="bbox 166 2702 1709 2771; baseline 0.002 -18"><span class='ocrx_word' id='word_1_199' title='bbox 166 2702 271 2753; x_wconf 86' lang='lat' dir='ltr'><strong>dam</strong></span> <span class='ocrx_word' id='word_1_200' title='bbox 297 2703 487 2767; x_wconf 63' lang='lat' dir='ltr'><strong>pariter</strong></span> <span class='ocrx_word' id='word_1_201' title='bbox 511 2702 778 2771; x_wconf 80' lang='lat' dir='ltr'><strong>priuilegia</strong></span> <span class='ocrx_word' id='word_1_202' title='bbox 806 2702 1118 2771; x_wconf 87' lang='lat' dir='ltr'><strong>largirentur</strong></span> <span class='ocrx_word' id='word_1_203' title='bbox 1148 2718 1165 2754; x_wconf 89' lang='lat'><strong><em>:</em></strong></span> <span class='ocrx_word' id='word_1_204' title='bbox 1196 2705 1359 2755; x_wconf 90' lang='lat' dir='ltr'><strong>sciens</strong></span> <span class='ocrx_word' id='word_1_205' title='bbox 1388 2704 1570 2771; x_wconf 84' lang='lat' dir='ltr'><strong>quippe</strong></span> <span class='ocrx_word' id='word_1_206' title='bbox 1598 2720 1709 2756; x_wconf 92' lang='lat' dir='ltr'><strong>eam</strong></span> 
     </span>
    </p>
   </div>
   <div class='ocr_carea' id='block_1_31' title="bbox 168 2793 1709 2861">
    <p class='ocr_par' dir='ltr' id='par_1_31' title="bbox 168 2793 1709 2861">
     <span class='ocr_line' id='line_1_31' title="bbox 168 2793 1709 2861; baseline 0.001 -17"><span class='ocrx_word' id='word_1_207' title='bbox 168 2793 442 2861; x_wconf 72' lang='lat' dir='ltr'><strong>apostolica:</strong></span> <span class='ocrx_word' id='word_1_208' title='bbox 484 2794 591 2846; x_wconf 91' lang='lat' dir='ltr'><strong>sedi</strong></span> <span class='ocrx_word' id='word_1_209' title='bbox 624 2795 955 2847; x_wconf 78' lang='lat' dir='ltr'><strong>reverentiam</strong></span> <span class='ocrx_word' id='word_1_210' title='bbox 1003 2810 1034 2846; x_wconf 91' lang='lat' dir='ltr'><strong>a</strong></span> <span class='ocrx_word' id='word_1_211' title='bbox 1078 2794 1314 2852; x_wconf 78' lang='lat' dir='ltr'><strong>fidelibus</strong></span> <span class='ocrx_word' id='word_1_212' title='bbox 1360 2793 1616 2857; x_wconf 53' lang='lat' dir='ltr'><strong>(ct/liberi,</strong></span> <span class='ocrx_word' id='word_1_213' title='bbox 1656 2803 1709 2846; x_wconf 88' lang='lat' dir='ltr'><strong>ut</strong></span> 
     </span>
    </p>
   </div>
   <div class='ocr_carea' id='block_1_32' title="bbox 163 2883 1709 2953">
    <p class='ocr_par' dir='ltr' id='par_1_32' title="bbox 163 2883 1709 2953">
     <span class='ocr_line' id='line_1_32' title="bbox 163 2883 1709 2953; baseline 0.001 -17"><span class='ocrx_word' id='word_1_214' title='bbox 163 2899 265 2953; x_wconf 78' lang='lat' dir='ltr'><strong>qua:</strong></span> <span class='ocrx_word' id='word_1_215' title='bbox 288 2883 390 2951; x_wconf 79' lang='lat' dir='ltr'><strong>ejus</strong></span> <span class='ocrx_word' id='word_1_216' title='bbox 421 2884 636 2952; x_wconf 77' lang='lat' dir='ltr'><strong>fuissent</strong></span> <span class='ocrx_word' id='word_1_217' title='bbox 684 2883 883 2936; x_wconf 85' lang='lat' dir='ltr'><strong>decreto</strong></span> <span class='ocrx_word' id='word_1_218' title='bbox 931 2883 1208 2951; x_wconf 87' lang='lat' dir='ltr'><strong>disposita.</strong></span> <span class='ocrx_word' id='word_1_219' title='bbox 1242 2884 1429 2935; x_wconf 81' lang='lat' dir='ltr'><strong>nullius</strong></span> <span class='ocrx_word' id='word_1_220' title='bbox 1474 2884 1709 2951; x_wconf 82' lang='lat' dir='ltr'><strong>deinceps</strong></span> 
     </span>
    </p>
   </div>
   <div class='ocr_carea' id='block_1_33' title="bbox 162 2974 1709 3042">
    <p class='ocr_par' dir='ltr' id='par_1_33' title="bbox 162 2974 1709 3042">
     <span class='ocr_line' id='line_1_33' title="bbox 162 2974 1709 3042; baseline 0 -15"><span class='ocrx_word' id='word_1_221' title='bbox 162 2974 339 3027; x_wconf 67' lang='lat' dir='ltr'><strong>illicita</strong></span> <span class='ocrx_word' id='word_1_222' title='bbox 376 2976 642 3038; x_wconf 82' lang='lat' dir='ltr'><strong>usurpatio</strong></span> <span class='ocrx_word' id='word_1_223' title='bbox 680 2975 724 3026; x_wconf 91' lang='lat' dir='ltr'><strong>is</strong></span> <span class='ocrx_word' id='word_1_224' title='bbox 766 2974 1000 3026; x_wconf 87' lang='lat' dir='ltr'><strong>molestia</strong></span> <span class='ocrx_word' id='word_1_225' title='bbox 1047 2982 1393 3042; x_wconf 85' lang='lat' dir='ltr'><strong>quaterentur.</strong></span> <span class='ocrx_word' id='word_1_226' title='bbox 1440 2974 1709 3027; x_wconf 89' lang='lat' dir='ltr'><strong>Annuerat</strong></span> 
     </span>
    </p>
   </div>
   <div class='ocr_carea' id='block_1_34' title="bbox 165 3064 1709 3134">
    <p class='ocr_par' dir='ltr' id='par_1_34' title="bbox 165 3064 1709 3134">
     <span class='ocr_line' id='line_1_34' title="bbox 165 3064 1709 3134; baseline 0 -16"><span class='ocrx_word' id='word_1_227' title='bbox 165 3064 304 3132; x_wconf 69' lang='lat' dir='ltr'><strong>regite</strong></span> <span class='ocrx_word' id='word_1_228' title='bbox 334 3064 670 3134; x_wconf 76' lang='lat' dir='ltr'><strong>postulationi</strong></span> <span class='ocrx_word' id='word_1_229' title='bbox 701 3064 921 3131; x_wconf 84' lang='lat' dir='ltr'><strong>Vigilius</strong></span> <span class='ocrx_word' id='word_1_230' title='bbox 952 3080 1103 3134; x_wconf 86' lang='lat' dir='ltr'><strong>papa,</strong></span> <span class='ocrx_word' id='word_1_231' title='bbox 1137 3074 1191 3117; x_wconf 90' lang='lat' dir='ltr'><strong>et</strong></span> <span class='ocrx_word' id='word_1_232' title='bbox 1230 3080 1291 3118; x_wconf 88' lang='lat' dir='ltr'><strong>ea</strong></span> <span class='ocrx_word' id='word_1_233' title='bbox 1322 3065 1388 3118; x_wconf 88' lang='lat' dir='ltr'><strong>de</strong></span> <span class='ocrx_word' id='word_1_234' title='bbox 1413 3079 1471 3117; x_wconf 87' lang='lat' dir='ltr'><strong>re</strong></span> <span class='ocrx_word' id='word_1_235' title='bbox 1501 3066 1709 3133; x_wconf 89' lang='lat' dir='ltr'><strong>scripsit</strong></span> 
     </span>
    </p>
   </div>
   <div class='ocr_carea' id='block_1_35' title="bbox 166 3125 1779 3223">
    <p class='ocr_par' dir='ltr' id='par_1_35' title="bbox 166 3125 1779 3223">
     <span class='ocr_line' id='line_1_35' title="bbox 166 3125 1779 3223; baseline 0.002 -16"><span class='ocrx_word' id='word_1_236' title='bbox 166 3153 219 3207; x_wconf 85' lang='lat' dir='ltr'><strong>ad</strong></span> <span class='ocrx_word' id='word_1_237' title='bbox 246 3154 507 3207; x_wconf 90' lang='lat' dir='ltr'><strong>Aurelium</strong></span> <span class='ocrx_word' id='word_1_238' title='bbox 538 3169 632 3207; x_wconf 88' lang='lat' dir='ltr'><strong>seu</strong></span> <span class='ocrx_word' id='word_1_239' title='bbox 680 3154 1018 3207; x_wconf 86' lang='lat' dir='ltr'><strong>Aurelianum</strong></span> <span class='ocrx_word' id='word_1_240' title='bbox 1048 3153 1375 3223; x_wconf 87' lang='lat' dir='ltr'><strong>episcopum.</strong></span> <span class='ocrx_word' id='word_1_241' title='bbox 1411 3154 1604 3208; x_wconf 81' lang='lat' dir='ltr'><strong>Verum</strong></span> <span class='ocrx_word' id='word_1_242' title='bbox 1638 3171 1704 3211; x_wconf 88' lang='lat' dir='ltr'><strong>ne</strong></span> <span class='ocrx_word' id='word_1_243' title='bbox 1737 3125 1779 3185; x_wconf 60' lang='grc' dir='ltr'>ϐ</span> 
     </span>
    </p>
   </div>
   <div class='ocr_carea' id='block_1_36' title="bbox 166 3243 1706 3313">
    <p class='ocr_par' dir='ltr' id='par_1_36' title="bbox 166 3243 1706 3313">
     <span class='ocr_line' id='line_1_36' title="bbox 166 3243 1706 3313; baseline 0.003 -17"><span class='ocrx_word' id='word_1_244' title='bbox 166 3244 296 3313; x_wconf 87' lang='lat' dir='ltr'><strong>lapsu</strong></span> <span class='ocrx_word' id='word_1_245' title='bbox 320 3244 587 3313; x_wconf 88' lang='lat' dir='ltr'><strong>temporis,</strong></span> <span class='ocrx_word' id='word_1_246' title='bbox 611 3258 730 3312; x_wconf 72' lang='lat' dir='ltr'><strong>quae</strong></span> <span class='ocrx_word' id='word_1_247' title='bbox 757 3243 1048 3298; x_wconf 73' lang='lat' dir='ltr'><strong>indulserat</strong></span> <span class='ocrx_word' id='word_1_248' title='bbox 1076 3243 1296 3311; x_wconf 82' lang='lat' dir='ltr'><strong>Vigilius</strong></span> <span class='ocrx_word' id='word_1_249' title='bbox 1325 3244 1594 3299; x_wconf 80' lang='lat' dir='ltr'><strong>oblivione</strong></span> <span class='ocrx_word' id='word_1_250' title='bbox 1618 3245 1706 3300; x_wconf 56' lang='lat' dir='ltr'><strong>de.</strong></span> 
     </span>
    </p>
   </div>
   <div class='ocr_carea' id='block_1_37' title="bbox 167 3334 1703 3402">
    <p class='ocr_par' dir='ltr' id='par_1_37' title="bbox 167 3334 1703 3402">
     <span class='ocr_line' id='line_1_37' title="bbox 167 3334 1703 3402; baseline 0.003 -16"><span class='ocrx_word' id='word_1_251' title='bbox 167 3334 398 3397; x_wconf 89' lang='lat' dir='ltr'><strong>lerentur,</strong></span> <span class='ocrx_word' id='word_1_252' title='bbox 429 3344 485 3388; x_wconf 91' lang='lat' dir='ltr'><strong>et</strong></span> <span class='ocrx_word' id='word_1_253' title='bbox 510 3334 578 3388; x_wconf 90' lang='lat' dir='ltr'><strong>ab</strong></span> <span class='ocrx_word' id='word_1_254' title='bbox 609 3334 1005 3389; x_wconf 87' lang='lat' dir='ltr'><strong>Arelatensibus</strong></span> <span class='ocrx_word' id='word_1_255' title='bbox 1045 3336 1307 3402; x_wconf 66' lang='lat' dir='ltr'><strong>episcopis</strong></span> <span class='ocrx_word' id='word_1_256' title='bbox 1335 3337 1703 3390; x_wconf 60' lang='lat' dir='ltr'><strong>contclleren-</strong></span> 
     </span>
    </p>
   </div>
   <div class='ocr_carea' id='block_1_38' title="bbox 167 3424 1707 3495">
    <p class='ocr_par' dir='ltr' id='par_1_38' title="bbox 167 3424 1707 3495">
     <span class='ocr_line' id='line_1_38' title="bbox 167 3424 1707 3495; baseline 0.004 -19"><span class='ocrx_word' id='word_1_257' title='bbox 167 3431 257 3490; x_wconf 88' lang='lat' dir='ltr'><strong>tur,</strong></span> <span class='ocrx_word' id='word_1_258' title='bbox 277 3424 331 3478; x_wconf 81' lang='lat' dir='ltr'><strong>S.</strong></span> <span class='ocrx_word' id='word_1_259' title='bbox 355 3424 640 3493; x_wconf 82' lang='lat' dir='ltr'><strong>Gregorius</strong></span> <span class='ocrx_word' id='word_1_260' title='bbox 668 3427 966 3494; x_wconf 75' lang='lat' dir='ltr'><strong>exemplum</strong></span> <span class='ocrx_word' id='word_1_261' title='bbox 997 3426 1255 3495; x_wconf 82' lang='lat' dir='ltr'><strong>privilegii</strong></span> <span class='ocrx_word' id='word_1_262' title='bbox 1283 3427 1348 3479; x_wconf 88' lang='lat' dir='ltr'><strong>ab</strong></span> <span class='ocrx_word' id='word_1_263' title='bbox 1369 3436 1582 3481; x_wconf 65' lang='lat' dir='ltr'><strong>anteces</strong></span> <span class='ocrx_word' id='word_1_264' title='bbox 1612 3442 1707 3482; x_wconf 90' lang='lat' dir='ltr'><strong>ore</strong></span> 
     </span>
    </p>
   </div>
   <div class='ocr_carea' id='block_1_39' title="bbox 166 3514 1706 3587">
    <p class='ocr_par' dir='ltr' id='par_1_39' title="bbox 166 3514 1706 3587">
     <span class='ocr_line' id='line_1_39' title="bbox 166 3514 1706 3587; baseline 0.003 -20"><span class='ocrx_word' id='word_1_265' title='bbox 166 3527 248 3567; x_wconf 85' lang='lat' dir='ltr'><strong>suo</strong></span> <span class='ocrx_word' id='word_1_266' title='bbox 276 3515 509 3570; x_wconf 87' lang='lat' dir='ltr'><strong>concessi</strong></span> <span class='ocrx_word' id='word_1_267' title='bbox 547 3515 692 3569; x_wconf 86' lang='lat' dir='ltr'><strong>misit</strong></span> <span class='ocrx_word' id='word_1_268' title='bbox 739 3514 807 3568; x_wconf 91' lang='lat' dir='ltr'><strong>ad</strong></span> <span class='ocrx_word' id='word_1_269' title='bbox 851 3515 1126 3583; x_wconf 79' lang='lat' dir='ltr'><strong>Vigilium,</strong></span> <span class='ocrx_word' id='word_1_270' title='bbox 1180 3523 1233 3570; x_wconf 89' lang='lat' dir='ltr'><strong>et</strong></span> <span class='ocrx_word' id='word_1_271' title='bbox 1278 3516 1456 3569; x_wconf 88' lang='lat' dir='ltr'><strong>omnia</strong></span> <span class='ocrx_word' id='word_1_272' title='bbox 1495 3517 1546 3569; x_wconf 90' lang='lat' dir='ltr'><strong>in</strong></span> <span class='ocrx_word' id='word_1_273' title='bbox 1590 3518 1706 3587; x_wconf 89' lang='lat' dir='ltr'><strong>ipso</strong></span> 
     </span>
    </p>
   </div>
   <div class='ocr_carea' id='block_1_40' title="bbox 166 3604 1707 3674">
    <p class='ocr_par' dir='ltr' id='par_1_40' title="bbox 166 3604 1707 3674">
     <span class='ocr_line' id='line_1_40' title="bbox 166 3604 1707 3674; baseline 0.002 -17"><span class='ocrx_word' id='word_1_274' title='bbox 166 3612 395 3658; x_wconf 89' lang='lat' dir='ltr'><strong>contenta</strong></span> <span class='ocrx_word' id='word_1_275' title='bbox 424 3613 540 3659; x_wconf 85' lang='lat' dir='ltr'><strong>rata</strong></span> <span class='ocrx_word' id='word_1_276' title='bbox 588 3620 647 3660; x_wconf 89' lang='lat' dir='ltr'><strong>se</strong></span> <span class='ocrx_word' id='word_1_277' title='bbox 675 3604 871 3659; x_wconf 89' lang='lat' dir='ltr'><strong>habere</strong></span> <span class='ocrx_word' id='word_1_278' title='bbox 916 3605 1249 3674; x_wconf 78' lang='lat' dir='ltr'><strong>signiﬁcavit.</strong></span> <span class='ocrx_word' id='word_1_279' title='bbox 1282 3605 1420 3659; x_wconf 87' lang='lat' dir='ltr'><strong>Nam</strong></span> <span class='ocrx_word' id='word_1_280' title='bbox 1460 3608 1597 3673; x_wconf 88' lang='lat' dir='ltr'><strong>licet,</strong></span> <span class='ocrx_word' id='word_1_281' title='bbox 1630 3608 1707 3660; x_wconf 89' lang='lat' dir='ltr'><strong>in-</strong></span> 
     </span>
    </p>
   </div>
   <div class='ocr_carea' id='block_1_41' title="bbox 167 3694 1707 3766">
    <p class='ocr_par' dir='ltr' id='par_1_41' title="bbox 167 3694 1707 3766">
     <span class='ocr_line' id='line_1_41' title="bbox 167 3694 1707 3766; baseline 0.002 -19"><span class='ocrx_word' id='word_1_282' title='bbox 167 3694 285 3761; x_wconf 89' lang='lat' dir='ltr'><strong>quit,</strong></span> <span class='ocrx_word' id='word_1_283' title='bbox 308 3711 364 3748; x_wconf 91' lang='lat' dir='ltr'><strong>ea</strong></span> <span class='ocrx_word' id='word_1_284' title='bbox 389 3713 501 3766; x_wconf 79' lang='lat' dir='ltr'><strong>qua:</strong></span> <span class='ocrx_word' id='word_1_285' title='bbox 525 3696 683 3749; x_wconf 89' lang='lat' dir='ltr'><strong>semel</strong></span> <span class='ocrx_word' id='word_1_286' title='bbox 702 3697 997 3764; x_wconf 66' lang='lat' dir='ltr'><strong>apostolica:</strong></span> <span class='ocrx_word' id='word_1_287' title='bbox 1018 3712 1073 3749; x_wconf 90' lang='lat' dir='ltr'><strong>se</strong></span> <span class='ocrx_word' id='word_1_288' title='bbox 1093 3699 1154 3750; x_wconf 46' lang='lat' dir='ltr'><strong>.is</strong></span> <span class='ocrx_word' id='word_1_289' title='bbox 1181 3698 1483 3751; x_wconf 85' lang='lat' dir='ltr'><strong>auctoritate</strong></span> <span class='ocrx_word' id='word_1_290' title='bbox 1505 3699 1707 3751; x_wconf 88' lang='lat' dir='ltr'><strong>sancita</strong></span> 
     </span>
    </p>
   </div>
   <div class='ocr_carea' id='block_1_42' title="bbox 168 3785 1709 3856">
    <p class='ocr_par' dir='ltr' id='par_1_42' title="bbox 168 3785 1709 3856">
     <span class='ocr_line' id='line_1_42' title="bbox 168 3785 1709 3856; baseline 0.001 -19"><span class='ocrx_word' id='word_1_291' title='bbox 168 3794 286 3847; x_wconf 79' lang='lat' dir='ltr'><strong>sunt,</strong></span> <span class='ocrx_word' id='word_1_292' title='bbox 316 3786 386 3838; x_wconf 87' lang='lat' dir='ltr'><strong>nil</strong></span> <span class='ocrx_word' id='word_1_293' title='bbox 405 3796 586 3856; x_wconf 85' lang='lat' dir='ltr'><strong>egeant</strong></span> <span class='ocrx_word' id='word_1_294' title='bbox 614 3786 906 3854; x_wconf 79' lang='lat' dir='ltr'><strong>ﬁrmitatis;</strong></span> <span class='ocrx_word' id='word_1_295' title='bbox 934 3804 999 3839; x_wconf 82' lang='lat' dir='ltr'><strong>ea:</strong></span> <span class='ocrx_word' id='word_1_296' title='bbox 1029 3785 1346 3839; x_wconf 87' lang='lat' dir='ltr'><strong>abundantia</strong></span> <span class='ocrx_word' id='word_1_297' title='bbox 1386 3796 1554 3839; x_wconf 89' lang='lat' dir='ltr'><strong>tamen</strong></span> <span class='ocrx_word' id='word_1_298' title='bbox 1585 3804 1709 3840; x_wconf 88' lang='lat' dir='ltr'><strong>cun-</strong></span> 
     </span>
    </p>
   </div>
   <div class='ocr_carea' id='block_1_43' title="bbox 168 3876 1707 3947">
    <p class='ocr_par' dir='ltr' id='par_1_43' title="bbox 168 3876 1707 3947">
     <span class='ocr_line' id='line_1_43' title="bbox 168 3876 1707 3947; baseline 0.003 -20"><span class='ocrx_word' id='word_1_299' title='bbox 168 3884 255 3941; x_wconf 86' lang='lat' dir='ltr'><strong>cta,</strong></span> <span class='ocrx_word' id='word_1_300' title='bbox 282 3892 387 3944; x_wconf 76' lang='lat' dir='ltr'><strong>qua:</strong></span> <span class='ocrx_word' id='word_1_301' title='bbox 427 3894 520 3945; x_wconf 89' lang='lat' dir='ltr'><strong>pro</strong></span> <span class='ocrx_word' id='word_1_302' title='bbox 548 3876 701 3947; x_wconf 83' lang='lat' dir='ltr'><strong>hujus</strong></span> <span class='ocrx_word' id='word_1_303' title='bbox 740 3879 811 3930; x_wconf 87' lang='lat' dir='ltr'><strong>rei</strong></span> <span class='ocrx_word' id='word_1_304' title='bbox 852 3878 1017 3946; x_wconf 87' lang='lat' dir='ltr'><strong>quiete</strong></span> <span class='ocrx_word' id='word_1_305' title='bbox 1055 3895 1086 3930; x_wconf 90' lang='lat' dir='ltr'><strong><em>a</em></strong></span> <span class='ocrx_word' id='word_1_306' title='bbox 1126 3878 1496 3947; x_wconf 67' lang='lat' dir='ltr'><strong>p&#39;ardecessore</strong></span> <span class='ocrx_word' id='word_1_307' title='bbox 1534 3889 1707 3931; x_wconf 88' lang='lat' dir='ltr'><strong>nostro</strong></span> 
     </span>
    </p>
   </div>
   <div class='ocr_carea' id='block_1_44' title="bbox 168 3967 1707 4029">
    <p class='ocr_par' dir='ltr' id='par_1_44' title="bbox 168 3967 1707 4029">
     <span class='ocr_line' id='line_1_44' title="bbox 168 3967 1707 4029; baseline 0.005 -15"><span class='ocrx_word' id='word_1_308' title='bbox 168 3974 338 4016; x_wconf 86' lang='lat' dir='ltr'><strong>statuta</strong></span> <span class='ocrx_word' id='word_1_309' title='bbox 368 3977 514 4029; x_wconf 87' lang='lat' dir='ltr'><strong>sunt,</strong></span> <span class='ocrx_word' id='word_1_310' title='bbox 566 3976 743 4020; x_wconf 91' lang='lat' dir='ltr'><strong>nostra</strong></span> <span class='ocrx_word' id='word_1_311' title='bbox 785 3968 970 4020; x_wconf 85' lang='lat' dir='ltr'><strong>iterant</strong></span> <span class='ocrx_word' id='word_1_312' title='bbox 1016 3972 1322 4021; x_wconf 88' lang='lat' dir='ltr'><strong>auctoritate</strong></span> <span class='ocrx_word' id='word_1_313' title='bbox 1372 3970 1423 4022; x_wconf 90' lang='lat' dir='ltr'><strong>in</strong></span> <span class='ocrx_word' id='word_1_314' title='bbox 1478 3967 1707 4022; x_wconf 78' lang='lat' dir='ltr'><strong>omnibus</strong></span> 
     </span>
    </p>
   </div>
   <div class='ocr_carea' id='block_1_45' title="bbox 169 4054 1710 4129">
    <p class='ocr_par' dir='ltr' id='par_1_45' title="bbox 169 4054 1710 4129">
     <span class='ocr_line' id='line_1_45' title="bbox 169 4054 1710 4129; baseline 0.005 -25"><span class='ocrx_word' id='word_1_315' title='bbox 169 4054 459 4111; x_wconf 84' lang='lat' dir='ltr'><strong>roboramus.</strong></span> <span class='ocrx_word' id='word_1_316' title='bbox 492 4057 816 4111; x_wconf 77' lang='lat' dir='ltr'><strong>Fraternitas</strong></span> <span class='ocrx_word' id='word_1_317' title='bbox 845 4076 964 4129; x_wconf 88' lang='lat' dir='ltr'><strong>ergo</strong></span> <span class='ocrx_word' id='word_1_318' title='bbox 992 4070 1156 4112; x_wconf 77' lang='lat' dir='ltr'><strong>vestra</strong></span> <span class='ocrx_word' id='word_1_319' title='bbox 1178 4060 1250 4112; x_wconf 88' lang='lat' dir='ltr'><strong>ita</strong></span> <span class='ocrx_word' id='word_1_320' title='bbox 1276 4076 1329 4113; x_wconf 74' lang='lat' dir='ltr'><strong>8e</strong></span> <span class='ocrx_word' id='word_1_321' title='bbox 1351 4062 1399 4113; x_wconf 83' lang='lat' dir='ltr'><strong>in</strong></span> <span class='ocrx_word' id='word_1_322' title='bbox 1427 4061 1710 4113; x_wconf 76' lang='lat' dir='ltr'><strong>custodien-</strong></span> 
     </span>
    </p>
   </div>
   <div class='ocr_carea' id='block_1_46' title="bbox 169 4144 1707 4218">
    <p class='ocr_par' dir='ltr' id='par_1_46' title="bbox 169 4144 1707 4218">
     <span class='ocr_line' id='line_1_46' title="bbox 169 4144 1707 4218; baseline 0.005 -23"><span class='ocrx_word' id='word_1_323' title='bbox 169 4144 235 4197; x_wconf 81' lang='lat' dir='ltr'><strong>dis</strong></span> <span class='ocrx_word' id='word_1_324' title='bbox 269 4146 337 4199; x_wconf 88' lang='lat' dir='ltr'><strong>eis</strong></span> <span class='ocrx_word' id='word_1_325' title='bbox 371 4147 607 4200; x_wconf 74' lang='lat' dir='ltr'><strong>exhibeat</strong></span> <span class='ocrx_word' id='word_1_326' title='bbox 638 4164 655 4200; x_wconf 91' lang='lat'><em>:</em></span> <span class='ocrx_word' id='word_1_327' title='bbox 686 4160 932 4218; x_wconf 85' lang='lat' dir='ltr'><strong>quatenus</strong></span> <span class='ocrx_word' id='word_1_328' title='bbox 970 4159 1018 4202; x_wconf 90' lang='lat' dir='ltr'><strong>et</strong></span> <span class='ocrx_word' id='word_1_329' title='bbox 1046 4166 1244 4202; x_wconf 89' lang='lat' dir='ltr'><strong>omnem</strong></span> <span class='ocrx_word' id='word_1_330' title='bbox 1279 4152 1595 4204; x_wconf 81' lang='lat' dir='ltr'><strong>occasionem</strong></span> <span class='ocrx_word' id='word_1_331' title='bbox 1624 4153 1707 4204; x_wconf 85' lang='lat' dir='ltr'><strong>in-</strong></span> 
     </span>
    </p>
   </div>
   <div class='ocr_carea' id='block_1_47' title="bbox 170 4236 1709 4308">
    <p class='ocr_par' dir='ltr' id='par_1_47' title="bbox 170 4236 1709 4308">
     <span class='ocr_line' id='line_1_47' title="bbox 170 4236 1709 4308; baseline 0.006 -23"><span class='ocrx_word' id='word_1_332' title='bbox 170 4236 449 4301; x_wconf 84' lang='lat' dir='ltr'><strong>quietudinis</strong></span> <span class='ocrx_word' id='word_1_333' title='bbox 469 4238 735 4305; x_wconf 74' lang='lat' dir='ltr'><strong>excludat,</strong></span> <span class='ocrx_word' id='word_1_334' title='bbox 760 4248 809 4292; x_wconf 92' lang='lat' dir='ltr'><strong>et</strong></span> <span class='ocrx_word' id='word_1_335' title='bbox 832 4240 949 4292; x_wconf 84' lang='lat' dir='ltr'><strong>aliis</strong></span> <span class='ocrx_word' id='word_1_336' title='bbox 975 4241 1082 4293; x_wconf 70' lang='lat' dir='ltr'><strong>lucc</strong></span> <span class='ocrx_word' id='word_1_337' title='bbox 1112 4242 1316 4308; x_wconf 85' lang='lat' dir='ltr'><strong>operari</strong></span> <span class='ocrx_word' id='word_1_338' title='bbox 1337 4246 1568 4305; x_wconf 80' lang='lat' dir='ltr'><strong>suadeat,</strong></span> <span class='ocrx_word' id='word_1_339' title='bbox 1590 4245 1709 4295; x_wconf 88' lang='lat' dir='ltr'><strong>dum</strong></span> 
     </span>
    </p>
   </div>
   <div class='ocr_carea' id='block_1_48' title="bbox 171 4328 1710 4400">
    <p class='ocr_par' dir='ltr' id='par_1_48' title="bbox 171 4328 1710 4400">
     <span class='ocr_line' id='line_1_48' title="bbox 171 4328 1710 4400; baseline 0.004 -21"><span class='ocrx_word' id='word_1_340' title='bbox 171 4328 279 4379; x_wconf 83' lang='lat' dir='ltr'><strong>sein</strong></span> <span class='ocrx_word' id='word_1_341' title='bbox 299 4329 627 4381; x_wconf 84' lang='lat' dir='ltr'><strong>custodienda</strong></span> <span class='ocrx_word' id='word_1_342' title='bbox 654 4340 677 4368; x_wconf 76' lang='grc' dir='ltr'><strong><em>ο</em></strong></span> <span class='ocrx_word' id='word_1_343' title='bbox 708 4331 933 4400; x_wconf 74' lang='lat' dir='ltr'><strong>defuncti</strong></span> <span class='ocrx_word' id='word_1_344' title='bbox 956 4332 1186 4399; x_wconf 89' lang='lat' dir='ltr'><strong>piissima</strong></span> <span class='ocrx_word' id='word_1_345' title='bbox 1213 4332 1483 4395; x_wconf 74' lang='lat' dir='ltr'><strong>voluntate,</strong></span> <span class='ocrx_word' id='word_1_346' title='bbox 1516 4334 1710 4385; x_wconf 70' lang='lat' dir='ltr'><strong>sollict-</strong></span> 
     </span>
    </p>
   </div>
   <div class='ocr_carea' id='block_1_49' title="bbox 173 4418 1709 4483">
    <p class='ocr_par' dir='ltr' id='par_1_49' title="bbox 173 4418 1709 4483">
     <span class='ocr_line' id='line_1_49' title="bbox 173 4418 1709 4483; baseline 0.007 -17"><span class='ocrx_word' id='word_1_347' title='bbox 173 4424 286 4480; x_wconf 87' lang='lat' dir='ltr'><strong>tam,</strong></span> <span class='ocrx_word' id='word_1_348' title='bbox 312 4426 362 4470; x_wconf 90' lang='lat' dir='ltr'><strong>ut</strong></span> <span class='ocrx_word' id='word_1_349' title='bbox 386 4418 558 4483; x_wconf 90' lang='lat' dir='ltr'><strong>decet,</strong></span> <span class='ocrx_word' id='word_1_350' title='bbox 599 4420 883 4473; x_wconf 73' lang='lat' dir='ltr'><strong>exhibuerit</strong></span> <span class='ocrx_word' id='word_1_351' title='bbox 927 4429 975 4472; x_wconf 91' lang='lat' dir='ltr'><strong>et</strong></span> <span class='ocrx_word' id='word_1_352' title='bbox 1020 4423 1269 4473; x_wconf 83' lang='lat' dir='ltr'><strong>derotam.</strong></span> <span class='ocrx_word' id='word_1_353' title='bbox 1303 4420 1451 4474; x_wconf 59' lang='lat' dir='ltr'><strong>Aieo</strong></span> <span class='ocrx_word' id='word_1_354' title='bbox 1497 4431 1709 4476; x_wconf 87' lang='lat' dir='ltr'><strong>cautum</strong></span> 
     </span>
    </p>
   </div>
   <div class='ocr_carea' id='block_1_50' title="bbox 1824 513 2927 569">
    <p class='ocr_par' dir='ltr' id='par_1_50' title="bbox 1824 513 2927 569">
     <span class='ocr_line' id='line_1_50' title="bbox 1824 513 2927 569; baseline 0.004 -5"><span class='ocrx_word' id='word_1_355' title='bbox 1824 527 1884 565; x_wconf 90' lang='lat' dir='ltr'><strong>ac</strong></span> <span class='ocrx_word' id='word_1_356' title='bbox 1920 514 2110 565; x_wconf 88' lang='lat' dir='ltr'><strong>edente</strong></span> <span class='ocrx_word' id='word_1_357' title='bbox 2140 513 2457 567; x_wconf 70' lang='lat' dir='ltr'><strong>inconcussa</strong></span> <span class='ocrx_word' id='word_1_358' title='bbox 2490 516 2668 569; x_wconf 88' lang='lat' dir='ltr'><strong>omnia</strong></span> <span class='ocrx_word' id='word_1_359' title='bbox 2698 517 2927 569; x_wconf 86' lang='lat' dir='ltr'><strong>stabant.</strong></span> 
     </span>
    </p>
   </div>
   <div class='ocr_carea' id='block_1_51' title="bbox 1892 619 3399 695">
    <p class='ocr_par' dir='ltr' id='par_1_51' title="bbox 1892 619 3399 695">
     <span class='ocr_line' id='line_1_51' title="bbox 1892 619 3399 695; baseline 0.005 -23"><span class='ocrx_word' id='word_1_360' title='bbox 1892 619 1944 672; x_wconf 76' lang='grc'><strong>4.</strong></span> <span class='ocrx_word' id='word_1_361' title='bbox 1988 622 2201 675; x_wconf 89' lang='lat' dir='ltr'><strong>Arelate</strong></span> <span class='ocrx_word' id='word_1_362' title='bbox 2240 623 2521 678; x_wconf 86' lang='lat' dir='ltr'><strong>discedens</strong></span> <span class='ocrx_word' id='word_1_363' title='bbox 2563 624 2816 695; x_wconf 91' lang='lat' dir='ltr'><strong>Cyriacus</strong></span> <span class='ocrx_word' id='word_1_364' title='bbox 2860 626 3085 679; x_wconf 84' lang='lat' dir='ltr'><strong>fortasse</strong></span> <span class='ocrx_word' id='word_1_365' title='bbox 3136 625 3399 679; x_wconf 84' lang='lat' dir='ltr'><strong>Viennam</strong></span> 
     </span>
    </p>
   </div>
   <div class='ocr_carea' id='block_1_52' title="bbox 1821 713 3399 784">
    <p class='ocr_par' dir='ltr' id='par_1_52' title="bbox 1821 713 3399 784">
     <span class='ocr_line' id='line_1_52' title="bbox 1821 713 3399 784; baseline 0.002 -20"><span class='ocrx_word' id='word_1_366' title='bbox 1821 714 2078 779; x_wconf 82' lang='lat' dir='ltr'><strong>perrexit,</strong></span> <span class='ocrx_word' id='word_1_367' title='bbox 2113 713 2493 783; x_wconf 88' lang='lat' dir='ltr'><strong>Desiderioque</strong></span> <span class='ocrx_word' id='word_1_368' title='bbox 2523 716 2933 784; x_wconf 77' lang='lat' dir='ltr'><strong>arcltirpiscopo</strong></span> <span class='ocrx_word' id='word_1_369' title='bbox 2962 716 3155 769; x_wconf 82' lang='lat' dir='ltr'><strong>obtulit</strong></span> <span class='ocrx_word' id='word_1_370' title='bbox 3176 716 3233 770; x_wconf 86' lang='lat' dir='ltr'><strong>S.</strong></span> <span class='ocrx_word' id='word_1_371' title='bbox 3264 716 3399 769; x_wconf 67' lang='lat' dir='ltr'><strong>Gre.-</strong></span> 
     </span>
    </p>
   </div>
   <div class='ocr_carea' id='block_1_53' title="bbox 1820 800 3400 875">
    <p class='ocr_par' dir='ltr' id='par_1_53' title="bbox 1820 800 3400 875">
     <span class='ocr_line' id='line_1_53' title="bbox 1820 800 3400 875; baseline 0.003 -23"><span class='ocrx_word' id='word_1_372' title='bbox 1820 800 1956 867; x_wconf 73' lang='lat' dir='ltr'><strong>gm-ii</strong></span> <span class='ocrx_word' id='word_1_373' title='bbox 2004 801 2287 868; x_wconf 85' lang='lat' dir='ltr'><strong>epistolam</strong></span> <span class='ocrx_word' id='word_1_374' title='bbox 2308 844 2322 869; x_wconf 93' lang='lat'><strong>,</strong></span> <span class='ocrx_word' id='word_1_375' title='bbox 2353 818 2458 870; x_wconf 93' lang='lat' dir='ltr'><strong>qua</strong></span> <span class='ocrx_word' id='word_1_376' title='bbox 2502 804 2598 869; x_wconf 88' lang='lat' dir='ltr'><strong>ipsi</strong></span> <span class='ocrx_word' id='word_1_377' title='bbox 2630 807 2789 858; x_wconf 80' lang='lat' dir='ltr'><strong>etiam</strong></span> <span class='ocrx_word' id='word_1_378' title='bbox 2820 822 2916 874; x_wconf 86' lang='lat' dir='ltr'><strong>pro</strong></span> <span class='ocrx_word' id='word_1_379' title='bbox 2957 806 3245 875; x_wconf 79' lang='lat' dir='ltr'><strong>privilegiis</strong></span> <span class='ocrx_word' id='word_1_380' title='bbox 3274 822 3400 874; x_wconf 83' lang='lat' dir='ltr'><strong>sup-</strong></span> 
     </span>
    </p>
   </div>
   <div class='ocr_carea' id='block_1_54' title="bbox 1822 888 3398 963">
    <p class='ocr_par' dir='ltr' id='par_1_54' title="bbox 1822 888 3398 963">
     <span class='ocr_line' id='line_1_54' title="bbox 1822 888 3398 963; baseline 0.006 -24"><span class='ocrx_word' id='word_1_381' title='bbox 1822 888 2041 956; x_wconf 89' lang='lat' dir='ltr'><strong>plicanti</strong></span> <span class='ocrx_word' id='word_1_382' title='bbox 2082 890 2393 957; x_wconf 88' lang='lat' dir='ltr'><strong>respondet.</strong></span> <span class='ocrx_word' id='word_1_383' title='bbox 2429 892 2618 945; x_wconf 86' lang='lat' dir='ltr'><strong>Aiebat</strong></span> <span class='ocrx_word' id='word_1_384' title='bbox 2650 894 2735 947; x_wconf 86' lang='lat' dir='ltr'><strong>hic</strong></span> <span class='ocrx_word' id='word_1_385' title='bbox 2775 896 2966 963; x_wconf 68' lang='lat' dir='ltr'><strong>praesul</strong></span> <span class='ocrx_word' id='word_1_386' title='bbox 2998 894 3249 949; x_wconf 70' lang='lat' dir='ltr'><strong>Ecclesia:</strong></span> <span class='ocrx_word' id='word_1_387' title='bbox 3288 909 3398 948; x_wconf 68' lang='lat' dir='ltr'><strong>suae</strong></span> 
     </span>
    </p>
   </div>
   <div class='ocr_carea' id='block_1_55' title="bbox 1820 978 3400 1051">
    <p class='ocr_par' dir='ltr' id='par_1_55' title="bbox 1820 978 3400 1051">
     <span class='ocr_line' id='line_1_55' title="bbox 1820 978 3400 1051; baseline 0.007 -26"><span class='ocrx_word' id='word_1_388' title='bbox 1820 978 2061 1044; x_wconf 63' lang='lat' dir='ltr'><strong>quaedam</strong></span> <span class='ocrx_word' id='word_1_389' title='bbox 2091 979 2215 1032; x_wconf 92' lang='lat' dir='ltr'><strong>olim</strong></span> <span class='ocrx_word' id='word_1_390' title='bbox 2246 980 2521 1047; x_wconf 74' lang='lat' dir='ltr'><strong>privilegia</strong></span> <span class='ocrx_word' id='word_1_391' title='bbox 2550 996 2669 1035; x_wconf 88' lang='lat' dir='ltr'><strong>esse</strong></span> <span class='ocrx_word' id='word_1_392' title='bbox 2697 984 2763 1035; x_wconf 90' lang='lat' dir='ltr'><strong>ab</strong></span> <span class='ocrx_word' id='word_1_393' title='bbox 2796 984 3090 1051; x_wconf 63' lang='lat' dir='ltr'><strong>apostolica</strong></span> <span class='ocrx_word' id='word_1_394' title='bbox 3120 985 3245 1038; x_wconf 87' lang='lat' dir='ltr'><strong>sede</strong></span> <span class='ocrx_word' id='word_1_395' title='bbox 3270 1001 3400 1038; x_wconf 87' lang='lat' dir='ltr'><strong>con-</strong></span> 
     </span>
    </p>
   </div>
   <div class='ocr_carea' id='block_1_56' title="bbox 1820 1070 3399 1141">
    <p class='ocr_par' dir='ltr' id='par_1_56' title="bbox 1820 1070 3399 1141">
     <span class='ocr_line' id='line_1_56' title="bbox 1820 1070 3399 1141; baseline 0.003 -20"><span class='ocrx_word' id='word_1_396' title='bbox 1820 1083 1991 1131; x_wconf 90' lang='lat' dir='ltr'><strong>cessa,</strong></span> <span class='ocrx_word' id='word_1_397' title='bbox 2026 1083 2290 1135; x_wconf 90' lang='lat' dir='ltr'><strong>usumque</strong></span> <span class='ocrx_word' id='word_1_398' title='bbox 2333 1070 2476 1136; x_wconf 88' lang='lat' dir='ltr'><strong>pallii</strong></span> <span class='ocrx_word' id='word_1_399' title='bbox 2518 1085 2644 1123; x_wconf 90' lang='lat' dir='ltr'><strong>suos</strong></span> <span class='ocrx_word' id='word_1_400' title='bbox 2690 1080 3058 1127; x_wconf 85' lang='lat' dir='ltr'><strong>antecessores</strong></span> <span class='ocrx_word' id='word_1_401' title='bbox 3102 1075 3399 1141; x_wconf 82' lang='lat' dir='ltr'><strong>antiquitus</strong></span> 
     </span>
    </p>
   </div>
   <div class='ocr_carea' id='block_1_57' title="bbox 1821 1157 3396 1227">
    <p class='ocr_par' dir='ltr' id='par_1_57' title="bbox 1821 1157 3396 1227">
     <span class='ocr_line' id='line_1_57' title="bbox 1821 1157 3396 1227; baseline 0.003 -18"><span class='ocrx_word' id='word_1_402' title='bbox 1821 1157 2069 1210; x_wconf 74' lang='lat' dir='ltr'><strong>babuise</strong></span> <span class='ocrx_word' id='word_1_403' title='bbox 2098 1174 2110 1208; x_wconf 92' lang='lat'>:</span> <span class='ocrx_word' id='word_1_404' title='bbox 2145 1173 2263 1225; x_wconf 70' lang='lat' dir='ltr'><strong>qua:</strong></span> <span class='ocrx_word' id='word_1_405' title='bbox 2288 1158 2391 1211; x_wconf 89' lang='lat' dir='ltr'><strong>sibi</strong></span> <span class='ocrx_word' id='word_1_406' title='bbox 2435 1158 2659 1226; x_wconf 66' lang='lat' dir='ltr'><strong>aliisque</strong></span> <span class='ocrx_word' id='word_1_407' title='bbox 2686 1160 2734 1211; x_wconf 93' lang='lat' dir='ltr'><strong>in</strong></span> <span class='ocrx_word' id='word_1_408' title='bbox 2765 1166 3039 1227; x_wconf 86' lang='lat' dir='ltr'><strong>posterum</strong></span> <span class='ocrx_word' id='word_1_409' title='bbox 3074 1161 3396 1216; x_wconf 82' lang='lat' dir='ltr'><strong>Viennensi-</strong></span> 
     </span>
    </p>
   </div>
   <div class='ocr_carea' id='block_1_58' title="bbox 1825 1244 3391 1317">
    <p class='ocr_par' dir='ltr' id='par_1_58' title="bbox 1825 1244 3391 1317">
     <span class='ocr_line' id='line_1_58' title="bbox 1825 1244 3391 1317; baseline 0.002 -16"><span class='ocrx_word' id='word_1_410' title='bbox 1825 1244 1920 1301; x_wconf 88' lang='lat' dir='ltr'><strong>bus</strong></span> <span class='ocrx_word' id='word_1_411' title='bbox 1966 1247 2292 1301; x_wconf 84' lang='lat' dir='ltr'><strong>antistitibus</strong></span> <span class='ocrx_word' id='word_1_412' title='bbox 2339 1248 2548 1301; x_wconf 78' lang='lat' dir='ltr'><strong>restitui</strong></span> <span class='ocrx_word' id='word_1_413' title='bbox 2604 1261 2922 1315; x_wconf 80' lang='lat' dir='ltr'><strong>magnopere</strong></span> <span class='ocrx_word' id='word_1_414' title='bbox 2973 1249 3240 1317; x_wconf 87' lang='lat' dir='ltr'><strong>cupiebat.</strong></span> <span class='ocrx_word' id='word_1_415' title='bbox 3286 1251 3391 1304; x_wconf 85' lang='lat' dir='ltr'><strong>Sed</strong></span> 
     </span>
    </p>
   </div>
   <div class='ocr_carea' id='block_1_59' title="bbox 1819 1336 3397 1406">
    <p class='ocr_par' dir='ltr' id='par_1_59' title="bbox 1819 1336 3397 1406">
     <span class='ocr_line' id='line_1_59' title="bbox 1819 1336 3397 1406; baseline -0.001 -13"><span class='ocrx_word' id='word_1_416' title='bbox 1819 1338 1948 1393; x_wconf 88' lang='lat' dir='ltr'><strong>nihil</strong></span> <span class='ocrx_word' id='word_1_417' title='bbox 1979 1346 2254 1406; x_wconf 89' lang='lat' dir='ltr'><strong>repertum</strong></span> <span class='ocrx_word' id='word_1_418' title='bbox 2282 1338 2333 1391; x_wconf 92' lang='lat' dir='ltr'><strong>in</strong></span> <span class='ocrx_word' id='word_1_419' title='bbox 2366 1336 2615 1390; x_wconf 77' lang='lat' dir='ltr'><strong>Ecclesiae</strong></span> <span class='ocrx_word' id='word_1_420' title='bbox 2644 1336 2898 1389; x_wconf 70' lang='lat' dir='ltr'><strong>Romamn</strong></span> <span class='ocrx_word' id='word_1_421' title='bbox 2941 1338 3161 1402; x_wconf 91' lang='lat' dir='ltr'><strong>scrinio,</strong></span> <span class='ocrx_word' id='word_1_422' title='bbox 3192 1354 3298 1406; x_wconf 87' lang='lat' dir='ltr'><strong>quo</strong></span> <span class='ocrx_word' id='word_1_423' title='bbox 3328 1340 3397 1392; x_wconf 88' lang='lat' dir='ltr'><strong>de</strong></span> 
     </span>
    </p>
   </div>
   <div class='ocr_carea' id='block_1_60' title="bbox 1819 1426 3397 1497">
    <p class='ocr_par' dir='ltr' id='par_1_60' title="bbox 1819 1426 3397 1497">
     <span class='ocr_line' id='line_1_60' title="bbox 1819 1426 3397 1497; baseline -0.001 -14"><span class='ocrx_word' id='word_1_424' title='bbox 1819 1428 2086 1483; x_wconf 87' lang='lat' dir='ltr'><strong>concessis</strong></span> <span class='ocrx_word' id='word_1_425' title='bbox 2116 1428 2401 1497; x_wconf 89' lang='lat' dir='ltr'><strong>aliquando</strong></span> <span class='ocrx_word' id='word_1_426' title='bbox 2424 1427 2713 1495; x_wconf 82' lang='lat' dir='ltr'><strong>privi&#39;egiis</strong></span> <span class='ocrx_word' id='word_1_427' title='bbox 2744 1426 2845 1480; x_wconf 88' lang='lat' dir='ltr'><strong>illis</strong></span> <span class='ocrx_word' id='word_1_428' title='bbox 2878 1426 3007 1480; x_wconf 82' lang='lat' dir='ltr'><strong>fides</strong></span> <span class='ocrx_word' id='word_1_429' title='bbox 3036 1427 3203 1488; x_wconf 81' lang='lat' dir='ltr'><strong>fieret,</strong></span> <span class='ocrx_word' id='word_1_430' title='bbox 3232 1436 3397 1481; x_wconf 88' lang='lat' dir='ltr'><strong>testa-</strong></span> 
     </span>
    </p>
   </div>
   <div class='ocr_carea' id='block_1_61' title="bbox 1817 1517 3396 1586">
    <p class='ocr_par' dir='ltr' id='par_1_61' title="bbox 1817 1517 3396 1586">
     <span class='ocr_line' id='line_1_61' title="bbox 1817 1517 3396 1586; baseline 0.001 -15"><span class='ocrx_word' id='word_1_431' title='bbox 1817 1527 1905 1572; x_wconf 89' lang='lat' dir='ltr'><strong>tur</strong></span> <span class='ocrx_word' id='word_1_432' title='bbox 1932 1519 1989 1573; x_wconf 93' lang='lat' dir='ltr'><strong>S.</strong></span> <span class='ocrx_word' id='word_1_433' title='bbox 2021 1517 2340 1585; x_wconf 72' lang='lat' dir='ltr'><strong>Gregorius;</strong></span> <span class='ocrx_word' id='word_1_434' title='bbox 2371 1517 2516 1572; x_wconf 90' lang='lat' dir='ltr'><strong>unde</strong></span> <span class='ocrx_word' id='word_1_435' title='bbox 2555 1526 2737 1571; x_wconf 90' lang='lat' dir='ltr'><strong>monet</strong></span> <span class='ocrx_word' id='word_1_436' title='bbox 2771 1518 3232 1586; x_wconf 89' lang='lat' dir='ltr'><strong>archiepiscopum</strong></span> <span class='ocrx_word' id='word_1_437' title='bbox 3258 1528 3316 1572; x_wconf 92' lang='lat' dir='ltr'><strong>ut</strong></span> <span class='ocrx_word' id='word_1_438' title='bbox 3344 1521 3396 1573; x_wconf 91' lang='lat' dir='ltr'><strong>in</strong></span> 
     </span>
    </p>
   </div>
   <div class='ocr_carea' id='block_1_62' title="bbox 1817 1608 3393 1679">
    <p class='ocr_par' dir='ltr' id='par_1_62' title="bbox 1817 1608 3393 1679">
     <span class='ocr_line' id='line_1_62' title="bbox 1817 1608 3393 1679; baseline -0.001 -14"><span class='ocrx_word' id='word_1_439' title='bbox 1817 1610 2156 1679; x_wconf 85' lang='lat' dir='ltr'><strong>requirendis</strong></span> <span class='ocrx_word' id='word_1_440' title='bbox 2195 1608 2444 1663; x_wconf 72' lang='lat' dir='ltr'><strong>Ecclesia:</strong></span> <span class='ocrx_word' id='word_1_441' title='bbox 2482 1624 2589 1661; x_wconf 61' lang='lat' dir='ltr'><strong>suae</strong></span> <span class='ocrx_word' id='word_1_442' title='bbox 2618 1608 2816 1661; x_wconf 88' lang='lat' dir='ltr'><strong>chartis</strong></span> <span class='ocrx_word' id='word_1_443' title='bbox 2842 1608 2911 1661; x_wconf 79' lang='lat' dir='ltr'><strong>sit</strong></span> <span class='ocrx_word' id='word_1_444' title='bbox 2938 1608 3199 1661; x_wconf 85' lang='lat' dir='ltr'><strong>sollicitus</strong></span> <span class='ocrx_word' id='word_1_445' title='bbox 3224 1626 3238 1673; x_wconf 91' lang='lat'><strong>;</strong></span> <span class='ocrx_word' id='word_1_446' title='bbox 3265 1619 3321 1663; x_wconf 86' lang='lat' dir='ltr'><strong>et</strong></span> <span class='ocrx_word' id='word_1_447' title='bbox 3347 1611 3393 1663; x_wconf 89' lang='lat' dir='ltr'><strong>si</strong></span> 
     </span>
    </p>
   </div>
   <div class='ocr_carea' id='block_1_63' title="bbox 1818 1696 3391 1767">
    <p class='ocr_par' dir='ltr' id='par_1_63' title="bbox 1818 1696 3391 1767">
     <span class='ocr_line' id='line_1_63' title="bbox 1818 1696 3391 1767; baseline -0.001 -14"><span class='ocrx_word' id='word_1_448' title='bbox 1818 1714 1937 1767; x_wconf 62' lang='lat' dir='ltr'><strong>quin</strong></span> <span class='ocrx_word' id='word_1_449' title='bbox 1981 1699 2316 1763; x_wconf 89' lang='lat' dir='ltr'><strong>reperiantur</strong></span> <span class='ocrx_word' id='word_1_450' title='bbox 2356 1699 2546 1767; x_wconf 89' lang='lat' dir='ltr'><strong>quibus</strong></span> <span class='ocrx_word' id='word_1_451' title='bbox 2584 1696 2725 1765; x_wconf 89' lang='lat' dir='ltr'><strong>quod</strong></span> <span class='ocrx_word' id='word_1_452' title='bbox 2770 1696 3131 1751; x_wconf 85' lang='lat' dir='ltr'><strong>contendebat</strong></span> <span class='ocrx_word' id='word_1_453' title='bbox 3176 1698 3391 1766; x_wconf 86' lang='lat' dir='ltr'><strong>probari</strong></span> 
     </span>
    </p>
   </div>
   <div class='ocr_carea' id='block_1_64' title="bbox 1819 1785 3394 1857">
    <p class='ocr_par' dir='ltr' id='par_1_64' title="bbox 1819 1785 3394 1857">
     <span class='ocr_line' id='line_1_64' title="bbox 1819 1785 3394 1857; baseline 0.001 -17"><span class='ocrx_word' id='word_1_454' title='bbox 1819 1792 2005 1856; x_wconf 64' lang='lat' dir='ltr'><strong>poSslt,</strong></span> <span class='ocrx_word' id='word_1_455' title='bbox 2061 1787 2283 1839; x_wconf 78' lang='lat' dir='ltr'><strong>Ruinam</strong></span> <span class='ocrx_word' id='word_1_456' title='bbox 2332 1795 2484 1839; x_wconf 86' lang='lat' dir='ltr'><strong>curet</strong></span> <span class='ocrx_word' id='word_1_457' title='bbox 2532 1786 2913 1840; x_wconf 63' lang='lat' dir='ltr'><strong>transmittere.</strong></span> <span class='ocrx_word' id='word_1_458' title='bbox 2948 1785 3091 1839; x_wconf 87' lang='lat' dir='ltr'><strong>Nam</strong></span> <span class='ocrx_word' id='word_1_459' title='bbox 3139 1788 3223 1857; x_wconf 78' lang='lat' dir='ltr'><strong>qui</strong></span> <span class='ocrx_word' id='word_1_460' title='bbox 3263 1805 3394 1841; x_wconf 86' lang='lat' dir='ltr'><strong>nova</strong></span> 
     </span>
    </p>
   </div>
   <div class='ocr_carea' id='block_1_65' title="bbox 1818 1874 3393 1944">
    <p class='ocr_par' dir='ltr' id='par_1_65' title="bbox 1818 1874 3393 1944">
     <span class='ocr_line' id='line_1_65' title="bbox 1818 1874 3393 1944; baseline 0.001 -17"><span class='ocrx_word' id='word_1_461' title='bbox 1818 1875 2171 1940; x_wconf 86' lang='lat' dir='ltr'><strong>concedimus,</strong></span> <span class='ocrx_word' id='word_1_462' title='bbox 2227 1875 2432 1942; x_wconf 87' lang='lat' dir='ltr'><strong>inquit,</strong></span> <span class='ocrx_word' id='word_1_463' title='bbox 2488 1884 2656 1927; x_wconf 82' lang='lat' dir='ltr'><strong>vetera</strong></span> <span class='ocrx_word' id='word_1_464' title='bbox 2708 1874 3041 1927; x_wconf 89' lang='lat' dir='ltr'><strong>libentissime</strong></span> <span class='ocrx_word' id='word_1_465' title='bbox 3094 1892 3393 1944; x_wconf 86' lang='lat' dir='ltr'><strong>reparantns</strong></span> 
     </span>
    </p>
   </div>
   <div class='ocr_carea' id='block_1_66' title="bbox 1817 1964 3389 2036">
    <p class='ocr_par' dir='ltr' id='par_1_66' title="bbox 1817 1964 3389 2036">
     <span class='ocr_line' id='line_1_66' title="bbox 1817 1964 3389 2036; baseline 0.003 -20"><span class='ocrx_word' id='word_1_466' title='bbox 1817 1964 1956 2036; x_wconf 90' lang='lat' dir='ltr'><strong>(Lib.</strong></span> <span class='ocrx_word' id='word_1_467' title='bbox 1995 1981 2079 2022; x_wconf 76' lang='grc' dir='ltr'><strong>ιι.</strong></span> <span class='ocrx_word' id='word_1_468' title='bbox 2113 1981 2192 2034; x_wconf 91' lang='lat' dir='ltr'><strong>ep.</strong></span> <span class='ocrx_word' id='word_1_469' title='bbox 2226 1964 2371 2033; x_wconf 71' lang='grc'><strong>112).</strong></span> <span class='ocrx_word' id='word_1_470' title='bbox 2408 1964 2556 2019; x_wconf 89' lang='lat' dir='ltr'><strong>Unde</strong></span> <span class='ocrx_word' id='word_1_471' title='bbox 2600 1965 2768 2033; x_wconf 85' lang='lat' dir='ltr'><strong>liquet</strong></span> <span class='ocrx_word' id='word_1_472' title='bbox 2814 1982 2919 2019; x_wconf 92' lang='lat' dir='ltr'><strong>non</strong></span> <span class='ocrx_word' id='word_1_473' title='bbox 2968 1968 3215 2022; x_wconf 88' lang='lat' dir='ltr'><strong>omnibus</strong></span> <span class='ocrx_word' id='word_1_474' title='bbox 3261 1968 3389 2022; x_wconf 91' lang='lat' dir='ltr'><strong>olim</strong></span> 
     </span>
    </p>
   </div>
   <div class='ocr_carea' id='block_1_67' title="bbox 1817 2052 3389 2125">
    <p class='ocr_par' dir='ltr' id='par_1_67' title="bbox 1817 2052 3389 2125">
     <span class='ocr_line' id='line_1_67' title="bbox 1817 2052 3389 2125; baseline 0.004 -21"><span class='ocrx_word' id='word_1_475' title='bbox 1817 2052 2241 2120; x_wconf 86' lang='lat' dir='ltr'><strong>metropolitanis</strong></span> <span class='ocrx_word' id='word_1_476' title='bbox 2261 2068 2572 2106; x_wconf 72' lang='lat' dir='ltr'><strong>concessum</strong></span> <span class='ocrx_word' id='word_1_477' title='bbox 2596 2053 2835 2121; x_wconf 77' lang='lat' dir='ltr'><strong>pallium.</strong></span> <span class='ocrx_word' id='word_1_478' title='bbox 2863 2053 3061 2109; x_wconf 87' lang='lat' dir='ltr'><strong>Eadem</strong></span> <span class='ocrx_word' id='word_1_479' title='bbox 3086 2055 3196 2109; x_wconf 88' lang='lat' dir='ltr'><strong>fere</strong></span> <span class='ocrx_word' id='word_1_480' title='bbox 3216 2058 3389 2125; x_wconf 84' lang='lat' dir='ltr'><strong>scrip-</strong></span> 
     </span>
    </p>
   </div>
   <div class='ocr_carea' id='block_1_68' title="bbox 1813 2140 3281 2211">
    <p class='ocr_par' dir='ltr' id='par_1_68' title="bbox 1813 2140 3281 2211">
     <span class='ocr_line' id='line_1_68' title="bbox 1813 2140 3281 2211; baseline 0 -15"><span class='ocrx_word' id='word_1_481' title='bbox 1813 2143 1881 2197; x_wconf 90' lang='lat' dir='ltr'><strong>sit</strong></span> <span class='ocrx_word' id='word_1_482' title='bbox 1908 2150 2093 2211; x_wconf 88' lang='lat' dir='ltr'><strong>postea</strong></span> <span class='ocrx_word' id='word_1_483' title='bbox 2124 2140 2371 2195; x_wconf 60' lang='lat' dir='ltr'><strong>Etherio</strong></span> <span class='ocrx_word' id='word_1_484' title='bbox 2403 2140 2737 2208; x_wconf 87' lang='lat' dir='ltr'><strong>Lugdunensi</strong></span> <span class='ocrx_word' id='word_1_485' title='bbox 2769 2141 2908 2205; x_wconf 88' lang='lat' dir='ltr'><strong>(Lib.</strong></span> <span class='ocrx_word' id='word_1_486' title='bbox 2948 2158 3021 2204; x_wconf 75' lang='lat' dir='ltr'><strong>xu,</strong></span> <span class='ocrx_word' id='word_1_487' title='bbox 3053 2160 3136 2211; x_wconf 89' lang='lat' dir='ltr'><strong>ep.</strong></span> <span class='ocrx_word' id='word_1_488' title='bbox 3167 2142 3281 2211; x_wconf 81' lang='lat'><strong>56).</strong></span> 
     </span>
    </p>
   </div>
   <div class='ocr_carea' id='block_1_69' title="bbox 1886 2250 3385 2323">
    <p class='ocr_par' dir='ltr' id='par_1_69' title="bbox 1886 2250 3385 2323">
     <span class='ocr_line' id='line_1_69' title="bbox 1886 2250 3385 2323; baseline 0.002 -17"><span class='ocrx_word' id='word_1_489' title='bbox 1886 2252 1935 2306; x_wconf 83' lang='lat'><strong>5.</strong></span> <span class='ocrx_word' id='word_1_490' title='bbox 1966 2252 2246 2323; x_wconf 87' lang='lat' dir='ltr'><strong>Cyriacum</strong></span> <span class='ocrx_word' id='word_1_491' title='bbox 2278 2250 2572 2320; x_wconf 82' lang='lat' dir='ltr'><strong>Vapincum</strong></span> <span class='ocrx_word' id='word_1_492' title='bbox 2602 2252 2819 2319; x_wconf 89' lang='lat' dir='ltr'><strong>petiisse</strong></span> <span class='ocrx_word' id='word_1_493' title='bbox 2871 2253 3021 2307; x_wconf 82' lang='lat' dir='ltr'><strong>testis</strong></span> <span class='ocrx_word' id='word_1_494' title='bbox 3048 2262 3131 2307; x_wconf 88' lang='lat' dir='ltr'><strong>est</strong></span> <span class='ocrx_word' id='word_1_495' title='bbox 3159 2256 3385 2323; x_wconf 84' lang='lat' dir='ltr'><strong>epistola</strong></span> 
     </span>
    </p>
   </div>
   <div class='ocr_carea' id='block_1_70' title="bbox 1813 2342 3387 2414">
    <p class='ocr_par' dir='ltr' id='par_1_70' title="bbox 1813 2342 3387 2414">
     <span class='ocr_line' id='line_1_70' title="bbox 1813 2342 3387 2414; baseline 0.003 -17"><span class='ocrx_word' id='word_1_496' title='bbox 1813 2344 1878 2397; x_wconf 92' lang='lat' dir='ltr'><strong>ad</strong></span> <span class='ocrx_word' id='word_1_497' title='bbox 1912 2354 1934 2381; x_wconf 74' lang='grc' dir='ltr'><strong><em>ο</em></strong></span> <span class='ocrx_word' id='word_1_498' title='bbox 1962 2343 2215 2409; x_wconf 84' lang='lat' dir='ltr'><strong>Aregium</strong></span> <span class='ocrx_word' id='word_1_499' title='bbox 2255 2343 2564 2410; x_wconf 87' lang='lat' dir='ltr'><strong>episcopum</strong></span> <span class='ocrx_word' id='word_1_500' title='bbox 2597 2342 2986 2411; x_wconf 86' lang='lat' dir='ltr'><strong>Vapincensem</strong></span> <span class='ocrx_word' id='word_1_501' title='bbox 3030 2344 3225 2412; x_wconf 88' lang='lat' dir='ltr'><strong>scripta</strong></span> <span class='ocrx_word' id='word_1_502' title='bbox 3248 2344 3387 2414; x_wconf 71' lang='lat' dir='ltr'><strong>(Lib.</strong></span> 
     </span>
    </p>
   </div>
   <div class='ocr_carea' id='block_1_71' title="bbox 1814 2422 3385 2500">
    <p class='ocr_par' dir='ltr' id='par_1_71' title="bbox 1814 2422 3385 2500">
     <span class='ocr_line' id='line_1_71' title="bbox 1814 2422 3385 2500; baseline 0.003 -17"><span class='ocrx_word' id='word_1_503' title='bbox 1814 2447 1885 2495; x_wconf 70' lang='lat' dir='ltr'><strong>su,</strong></span> <span class='ocrx_word' id='word_1_504' title='bbox 1918 2446 1999 2500; x_wconf 90' lang='lat' dir='ltr'><strong>ep.</strong></span> <span class='ocrx_word' id='word_1_505' title='bbox 2034 2429 2189 2494; x_wconf 73' lang='lat'><strong>107),</strong></span> <span class='ocrx_word' id='word_1_506' title='bbox 2219 2444 2319 2497; x_wconf 87' lang='lat' dir='ltr'><strong>qua</strong></span> <span class='ocrx_word' id='word_1_507' title='bbox 2353 2430 2720 2484; x_wconf 88' lang='lat' dir='ltr'><strong>sanctissimus</strong></span> <span class='ocrx_word' id='word_1_508' title='bbox 2750 2432 2989 2498; x_wconf 79' lang='lat' dir='ltr'><strong>pontifex</strong></span> <span class='ocrx_word' id='word_1_509' title='bbox 3018 2422 3385 2487; x_wconf 45' lang='lat' dir='ltr'><strong>tum&#39;amicum</strong></span> 
     </span>
    </p>
   </div>
   <div class='ocr_carea' id='block_1_72' title="bbox 1812 2520 3390 2591">
    <p class='ocr_par' dir='ltr' id='par_1_72' title="bbox 1812 2520 3390 2591">
     <span class='ocr_line' id='line_1_72' title="bbox 1812 2520 3390 2591; baseline 0.003 -17"><span class='ocrx_word' id='word_1_510' title='bbox 1812 2522 1879 2575; x_wconf 89' lang='lat' dir='ltr'><strong>de</strong></span> <span class='ocrx_word' id='word_1_511' title='bbox 1923 2536 2141 2575; x_wconf 82' lang='lat' dir='ltr'><strong>suorum</strong></span> <span class='ocrx_word' id='word_1_512' title='bbox 2181 2520 2331 2574; x_wconf 88' lang='lat' dir='ltr'><strong>obitu</strong></span> <span class='ocrx_word' id='word_1_513' title='bbox 2361 2529 2677 2574; x_wconf 65' lang='lat' dir='ltr'><strong>maerentem</strong></span> <span class='ocrx_word' id='word_1_514' title='bbox 2714 2521 3049 2587; x_wconf 88' lang='lat' dir='ltr'><strong>consolatur,</strong></span> <span class='ocrx_word' id='word_1_515' title='bbox 3079 2529 3190 2576; x_wconf 92' lang='lat' dir='ltr'><strong>tum</strong></span> <span class='ocrx_word' id='word_1_516' title='bbox 3237 2532 3390 2591; x_wconf 82' lang='lat' dir='ltr'><strong>rogat</strong></span> 
     </span>
    </p>
   </div>
   <div class='ocr_carea' id='block_1_73' title="bbox 1814 2608 3389 2680">
    <p class='ocr_par' dir='ltr' id='par_1_73' title="bbox 1814 2608 3389 2680">
     <span class='ocr_line' id='line_1_73' title="bbox 1814 2608 3389 2680; baseline 0.002 -16"><span class='ocrx_word' id='word_1_517' title='bbox 1814 2620 1871 2664; x_wconf 91' lang='lat' dir='ltr'><strong>ut</strong></span> <span class='ocrx_word' id='word_1_518' title='bbox 1898 2611 2105 2680; x_wconf 84' lang='lat' dir='ltr'><strong>synodo</strong></span> <span class='ocrx_word' id='word_1_519' title='bbox 2137 2625 2229 2679; x_wconf 87' lang='lat' dir='ltr'><strong>per</strong></span> <span class='ocrx_word' id='word_1_520' title='bbox 2258 2608 2537 2679; x_wconf 84' lang='lat' dir='ltr'><strong>Syagrium</strong></span> <span class='ocrx_word' id='word_1_521' title='bbox 2581 2610 2833 2678; x_wconf 56' lang='lat' dir='ltr'><strong>cogenda</strong></span> <span class='ocrx_word' id='word_1_522' title='bbox 2876 2612 3113 2677; x_wconf 89' lang='lat' dir='ltr'><strong>interslt,</strong></span> <span class='ocrx_word' id='word_1_523' title='bbox 3143 2627 3207 2666; x_wconf 88' lang='lat' dir='ltr'><strong>ac</strong></span> <span class='ocrx_word' id='word_1_524' title='bbox 3236 2627 3294 2667; x_wconf 84' lang='lat' dir='ltr'><strong>se</strong></span> <span class='ocrx_word' id='word_1_525' title='bbox 3322 2614 3389 2667; x_wconf 90' lang='lat' dir='ltr'><strong>de</strong></span> 
     </span>
    </p>
   </div>
   <div class='ocr_carea' id='block_1_74' title="bbox 1772 2700 3386 2769">
    <p class='ocr_par' dir='ltr' id='par_1_74' title="bbox 1772 2700 3386 2769">
     <span class='ocr_line' id='line_1_74' title="bbox 1772 2700 3386 2769; baseline 0 -14"><span class='ocrx_word' id='word_1_526' title='bbox 1772 2722 1777 2727; x_wconf 53' lang='grc' dir='ltr'><strong><em>ο</em></strong></span> <span class='ocrx_word' id='word_1_527' title='bbox 1812 2702 2057 2755; x_wconf 87' lang='lat' dir='ltr'><strong>omnibus</strong></span> <span class='ocrx_word' id='word_1_528' title='bbox 2092 2701 2143 2753; x_wconf 93' lang='lat' dir='ltr'><strong>in</strong></span> <span class='ocrx_word' id='word_1_529' title='bbox 2174 2715 2237 2754; x_wconf 89' lang='lat' dir='ltr'><strong>ea</strong></span> <span class='ocrx_word' id='word_1_530' title='bbox 2266 2701 2430 2768; x_wconf 56' lang='lat' dir='ltr'><strong>gestis</strong></span> <span class='ocrx_word' id='word_1_531' title='bbox 2470 2700 2659 2754; x_wconf 89' lang='lat' dir='ltr'><strong>reddat</strong></span> <span class='ocrx_word' id='word_1_532' title='bbox 2689 2702 3002 2768; x_wconf 89' lang='lat' dir='ltr'><strong>certiorem,</strong></span> <span class='ocrx_word' id='word_1_533' title='bbox 3056 2702 3201 2769; x_wconf 86' lang='lat' dir='ltr'><strong>quod</strong></span> <span class='ocrx_word' id='word_1_534' title='bbox 3253 2704 3386 2755; x_wconf 90' lang='lat' dir='ltr'><strong>tanti</strong></span> 
     </span>
    </p>
   </div>
   <div class='ocr_carea' id='block_1_75' title="bbox 1810 2792 3386 2860">
    <p class='ocr_par' dir='ltr' id='par_1_75' title="bbox 1810 2792 3386 2860">
     <span class='ocr_line' id='line_1_75' title="bbox 1810 2792 3386 2860; baseline 0 -13"><span class='ocrx_word' id='word_1_535' title='bbox 1810 2793 1911 2847; x_wconf 83' lang='lat' dir='ltr'><strong>viri</strong></span> <span class='ocrx_word' id='word_1_536' title='bbox 1938 2794 2275 2847; x_wconf 88' lang='lat' dir='ltr'><strong>sanctitatem</strong></span> <span class='ocrx_word' id='word_1_537' title='bbox 2306 2799 2635 2860; x_wconf 78' lang='lat' dir='ltr'><strong>compertam</strong></span> <span class='ocrx_word' id='word_1_538' title='bbox 2660 2792 2898 2846; x_wconf 88' lang='lat' dir='ltr'><strong>haberet.</strong></span> <span class='ocrx_word' id='word_1_539' title='bbox 2929 2793 3154 2860; x_wconf 85' lang='lat' dir='ltr'><strong>Aregius</strong></span> <span class='ocrx_word' id='word_1_540' title='bbox 3181 2809 3286 2847; x_wconf 92' lang='lat' dir='ltr'><strong>non</strong></span> <span class='ocrx_word' id='word_1_541' title='bbox 3314 2793 3386 2847; x_wconf 89' lang='lat' dir='ltr'><strong>ita</strong></span> 
     </span>
    </p>
   </div>
   <div class='ocr_carea' id='block_1_76' title="bbox 1812 2880 3385 2951">
    <p class='ocr_par' dir='ltr' id='par_1_76' title="bbox 1812 2880 3385 2951">
     <span class='ocr_line' id='line_1_76' title="bbox 1812 2880 3385 2951; baseline -0.002 -16"><span class='ocrx_word' id='word_1_542' title='bbox 1812 2882 2015 2951; x_wconf 88' lang='lat' dir='ltr'><strong>pridem</strong></span> <span class='ocrx_word' id='word_1_543' title='bbox 2066 2881 2289 2935; x_wconf 85' lang='lat' dir='ltr'><strong>Romam</strong></span> <span class='ocrx_word' id='word_1_544' title='bbox 2329 2881 2603 2946; x_wconf 88' lang='lat' dir='ltr'><strong>profectus</strong></span> <span class='ocrx_word' id='word_1_545' title='bbox 2633 2880 2806 2934; x_wconf 86' lang='lat' dir='ltr'><strong>fuerat</strong></span> <span class='ocrx_word' id='word_1_546' title='bbox 2834 2881 2900 2934; x_wconf 91' lang='lat' dir='ltr'><strong>ad</strong></span> <span class='ocrx_word' id='word_1_547' title='bbox 2946 2881 3217 2935; x_wconf 76' lang='lat' dir='ltr'><strong>invismda</strong></span> <span class='ocrx_word' id='word_1_548' title='bbox 3257 2898 3385 2935; x_wconf 81' lang='lat' dir='ltr'><strong>san-</strong></span> 
     </span>
    </p>
   </div>
   <div class='ocr_carea' id='block_1_77' title="bbox 1811 2970 3382 3041">
    <p class='ocr_par' dir='ltr' id='par_1_77' title="bbox 1811 2970 3382 3041">
     <span class='ocr_line' id='line_1_77' title="bbox 1811 2970 3382 3041; baseline -0.001 -15"><span class='ocrx_word' id='word_1_549' title='bbox 1811 2980 2018 3026; x_wconf 82' lang='lat' dir='ltr'><strong>ctorum</strong></span> <span class='ocrx_word' id='word_1_550' title='bbox 2055 2972 2418 3041; x_wconf 81' lang='lat' dir='ltr'><strong>apostolorum</strong></span> <span class='ocrx_word' id='word_1_551' title='bbox 2467 2971 2663 3034; x_wconf 86' lang='lat' dir='ltr'><strong>limina,</strong></span> <span class='ocrx_word' id='word_1_552' title='bbox 2716 2979 2769 3024; x_wconf 90' lang='lat' dir='ltr'><strong>et</strong></span> <span class='ocrx_word' id='word_1_553' title='bbox 2818 2971 2883 3023; x_wconf 91' lang='lat' dir='ltr'><strong>ad</strong></span> <span class='ocrx_word' id='word_1_554' title='bbox 2936 2970 3273 3024; x_wconf 88' lang='lat' dir='ltr'><strong>salutandum</strong></span> <span class='ocrx_word' id='word_1_555' title='bbox 3325 2971 3382 3024; x_wconf 89' lang='lat' dir='ltr'><strong>S.</strong></span> 
     </span>
    </p>
   </div>
   <div class='ocr_carea' id='block_1_78' title="bbox 1812 3060 3385 3130">
    <p class='ocr_par' dir='ltr' id='par_1_78' title="bbox 1812 3060 3385 3130">
     <span class='ocr_line' id='line_1_78' title="bbox 1812 3060 3385 3130; baseline -0.003 -15"><span class='ocrx_word' id='word_1_556' title='bbox 1812 3060 2158 3130; x_wconf 86' lang='lat' dir='ltr'><strong>Gregorium;</strong></span> <span class='ocrx_word' id='word_1_557' title='bbox 2186 3061 2587 3130; x_wconf 83' lang='lat' dir='ltr'><strong>postularatque</strong></span> <span class='ocrx_word' id='word_1_558' title='bbox 2611 3072 2668 3113; x_wconf 85' lang='lat' dir='ltr'><strong>ut</strong></span> <span class='ocrx_word' id='word_1_559' title='bbox 2695 3061 2793 3114; x_wconf 59' lang='lat' dir='ltr'><strong>sibi</strong></span> <span class='ocrx_word' id='word_1_560' title='bbox 2818 3068 2979 3129; x_wconf 87' lang='lat' dir='ltr'><strong>atque</strong></span> <span class='ocrx_word' id='word_1_561' title='bbox 3008 3061 3385 3115; x_wconf 86' lang='lat' dir='ltr'><strong>archidiacono</strong></span> 
     </span>
    </p>
   </div>
   <div class='ocr_carea' id='block_1_79' title="bbox 1810 3148 3385 3205">
    <p class='ocr_par' dir='ltr' id='par_1_79' title="bbox 1810 3148 3385 3205">
     <span class='ocr_line' id='line_1_79' title="bbox 1810 3148 3385 3205; baseline -0.001 -1"><span class='ocrx_word' id='word_1_562' title='bbox 1810 3165 1909 3205; x_wconf 90' lang='lat' dir='ltr'><strong>suo</strong></span> <span class='ocrx_word' id='word_1_563' title='bbox 1941 3150 2153 3204; x_wconf 90' lang='lat' dir='ltr'><strong>licentia</strong></span> <span class='ocrx_word' id='word_1_564' title='bbox 2182 3150 2399 3203; x_wconf 85' lang='lat' dir='ltr'><strong>daretur</strong></span> <span class='ocrx_word' id='word_1_565' title='bbox 2424 3149 2603 3203; x_wconf 90' lang='lat' dir='ltr'><strong>utendi</strong></span> <span class='ocrx_word' id='word_1_566' title='bbox 2644 3148 2962 3203; x_wconf 79' lang='lat' dir='ltr'><strong>da‘malicis.</strong></span> <span class='ocrx_word' id='word_1_567' title='bbox 2996 3149 3061 3203; x_wconf 85' lang='lat' dir='ltr'><strong>l&#39;ts</strong></span> <span class='ocrx_word' id='word_1_568' title='bbox 3083 3150 3223 3202; x_wconf 89' lang='lat' dir='ltr'><strong>enim</strong></span> <span class='ocrx_word' id='word_1_569' title='bbox 3256 3157 3385 3203; x_wconf 90' lang='lat' dir='ltr'><strong>tunc</strong></span> 
     </span>
    </p>
   </div>
   <div class='ocr_carea' id='block_1_80' title="bbox 1812 3238 3388 3307">
    <p class='ocr_par' dir='ltr' id='par_1_80' title="bbox 1812 3238 3388 3307">
     <span class='ocr_line' id='line_1_80' title="bbox 1812 3238 3388 3307; baseline -0.002 -13"><span class='ocrx_word' id='word_1_570' title='bbox 1812 3256 1917 3296; x_wconf 90' lang='lat' dir='ltr'><strong>non</strong></span> <span class='ocrx_word' id='word_1_571' title='bbox 1967 3240 2254 3294; x_wconf 86' lang='lat' dir='ltr'><strong>utebantur</strong></span> <span class='ocrx_word' id='word_1_572' title='bbox 2300 3239 2508 3293; x_wconf 89' lang='lat' dir='ltr'><strong>diaconi</strong></span> <span class='ocrx_word' id='word_1_573' title='bbox 2559 3238 2881 3307; x_wconf 86' lang='lat' dir='ltr'><strong>promiscue,</strong></span> <span class='ocrx_word' id='word_1_574' title='bbox 2909 3240 2999 3292; x_wconf 88' lang='lat' dir='ltr'><strong>sed</strong></span> <span class='ocrx_word' id='word_1_575' title='bbox 3050 3239 3243 3291; x_wconf 85' lang='lat' dir='ltr'><strong>tunicis</strong></span> <span class='ocrx_word' id='word_1_576' title='bbox 3269 3254 3388 3305; x_wconf 73' lang='lat' dir='ltr'><strong>qua:</strong></span> 
     </span>
    </p>
   </div>
   <div class='ocr_carea' id='block_1_81' title="bbox 1811 3326 3389 3395">
    <p class='ocr_par' dir='ltr' id='par_1_81' title="bbox 1811 3326 3389 3395">
     <span class='ocr_line' id='line_1_81' title="bbox 1811 3326 3389 3395; baseline -0.003 -11"><span class='ocrx_word' id='word_1_577' title='bbox 1811 3338 1965 3384; x_wconf 87' lang='lat' dir='ltr'><strong>erant</strong></span> <span class='ocrx_word' id='word_1_578' title='bbox 2000 3329 2200 3383; x_wconf 90' lang='lat' dir='ltr'><strong>strictis</strong></span> <span class='ocrx_word' id='word_1_579' title='bbox 2232 3327 2473 3388; x_wconf 84' lang='lat' dir='ltr'><strong>manicis,</strong></span> <span class='ocrx_word' id='word_1_580' title='bbox 2510 3326 2805 3380; x_wconf 72' lang='lat' dir='ltr'><strong>dalmaticae</strong></span> <span class='ocrx_word' id='word_1_581' title='bbox 2832 3342 2959 3380; x_wconf 84' lang='lat' dir='ltr'><strong>vero</strong></span> <span class='ocrx_word' id='word_1_582' title='bbox 2988 3327 3198 3395; x_wconf 90' lang='lat' dir='ltr'><strong>amplis.</strong></span> <span class='ocrx_word' id='word_1_583' title='bbox 3234 3327 3389 3393; x_wconf 82' lang='lat' dir='ltr'><strong>Legi-</strong></span> 
     </span>
    </p>
   </div>
   <div class='ocr_carea' id='block_1_82' title="bbox 1811 3415 3389 3487">
    <p class='ocr_par' dir='ltr' id='par_1_82' title="bbox 1811 3415 3389 3487">
     <span class='ocr_line' id='line_1_82' title="bbox 1811 3415 3389 3487; baseline -0.003 -14"><span class='ocrx_word' id='word_1_584' title='bbox 1811 3435 1928 3473; x_wconf 90' lang='lat' dir='ltr'><strong>mus</strong></span> <span class='ocrx_word' id='word_1_585' title='bbox 1976 3420 2028 3472; x_wconf 91' lang='lat' dir='ltr'><strong>in</strong></span> <span class='ocrx_word' id='word_1_586' title='bbox 2067 3418 2083 3456; x_wconf 74' lang='grc' dir='ltr'><em>τ</em></span> <span class='ocrx_word' id='word_1_587' title='bbox 2117 3418 2239 3472; x_wconf 86' lang='lat' dir='ltr'><strong>Vita</strong></span> <span class='ocrx_word' id='word_1_588' title='bbox 2266 3418 2323 3471; x_wconf 91' lang='lat' dir='ltr'><strong>S.</strong></span> <span class='ocrx_word' id='word_1_589' title='bbox 2354 3416 2569 3470; x_wconf 69' lang='lat' dir='ltr'><strong>Cmsarii</strong></span> <span class='ocrx_word' id='word_1_590' title='bbox 2618 3416 2944 3470; x_wconf 69' lang='lat' dir='ltr'><strong>Arelaten~is</strong></span> <span class='ocrx_word' id='word_1_591' title='bbox 2971 3459 2984 3478; x_wconf 87' lang='lat'><strong>,</strong></span> <span class='ocrx_word' id='word_1_592' title='bbox 3014 3415 3389 3487; x_wconf 88' lang='lat' dir='ltr'><strong>Symmachum</strong></span> 
     </span>
    </p>
   </div>
   <div class='ocr_carea' id='block_1_83' title="bbox 1810 3507 3388 3580">
    <p class='ocr_par' dir='ltr' id='par_1_83' title="bbox 1810 3507 3388 3580">
     <span class='ocr_line' id='line_1_83' title="bbox 1810 3507 3388 3580; baseline -0.003 -15"><span class='ocrx_word' id='word_1_593' title='bbox 1810 3525 2024 3580; x_wconf 85' lang='lat' dir='ltr'><strong>papam,</strong></span> <span class='ocrx_word' id='word_1_594' title='bbox 2057 3517 2201 3561; x_wconf 89' lang='lat' dir='ltr'><strong>tanta</strong></span> <span class='ocrx_word' id='word_1_595' title='bbox 2230 3509 2340 3578; x_wconf 81' lang='lat' dir='ltr'><strong>ejus</strong></span> <span class='ocrx_word' id='word_1_596' title='bbox 2368 3508 2662 3560; x_wconf 90' lang='lat' dir='ltr'><strong>meritorum</strong></span> <span class='ocrx_word' id='word_1_597' title='bbox 2709 3507 2964 3577; x_wconf 79' lang='lat' dir='ltr'><strong>dignitate</strong></span> <span class='ocrx_word' id='word_1_598' title='bbox 3009 3516 3388 3575; x_wconf 69' lang='lat' dir='ltr'><strong>permotum...</strong></span> 
     </span>
    </p>
   </div>
   <div class='ocr_carea' id='block_1_84' title="bbox 1812 3593 3390 3663">
    <p class='ocr_par' dir='ltr' id='par_1_84' title="bbox 1812 3593 3390 3663">
     <span class='ocr_line' id='line_1_84' title="bbox 1812 3593 3390 3663; baseline -0.003 -11"><span class='ocrx_word' id='word_1_599' title='bbox 1812 3600 2055 3652; x_wconf 86' lang='lat' dir='ltr'><strong>diaconos</strong></span> <span class='ocrx_word' id='word_1_600' title='bbox 2096 3598 2257 3663; x_wconf 89' lang='lat' dir='ltr'><strong>ipsius</strong></span> <span class='ocrx_word' id='word_1_601' title='bbox 2297 3595 2365 3647; x_wconf 90' lang='lat' dir='ltr'><strong>ad</strong></span> <span class='ocrx_word' id='word_1_602' title='bbox 2398 3595 2645 3649; x_wconf 66' lang='lat' dir='ltr'><strong>Romamn</strong></span> <span class='ocrx_word' id='word_1_603' title='bbox 2671 3596 2837 3648; x_wconf 89' lang='lat' dir='ltr'><strong>instar</strong></span> <span class='ocrx_word' id='word_1_604' title='bbox 2864 3593 3113 3648; x_wconf 60' lang='lat' dir='ltr'><strong>Ecclesia:</strong></span> <span class='ocrx_word' id='word_1_605' title='bbox 3140 3596 3390 3648; x_wconf 86' lang='lat' dir='ltr'><strong>dalmati-</strong></span> 
     </span>
    </p>
   </div>
   <div class='ocr_carea' id='block_1_85' title="bbox 1811 3683 3389 3753">
    <p class='ocr_par' dir='ltr' id='par_1_85' title="bbox 1811 3683 3389 3753">
     <span class='ocr_line' id='line_1_85' title="bbox 1811 3683 3389 3753; baseline -0.003 -13"><span class='ocrx_word' id='word_1_606' title='bbox 1811 3704 1986 3741; x_wconf 89' lang='lat' dir='ltr'><strong>carum</strong></span> <span class='ocrx_word' id='word_1_607' title='bbox 2035 3687 2215 3750; x_wconf 79' lang='lat' dir='ltr'><strong>fecisse</strong></span> <span class='ocrx_word' id='word_1_608' title='bbox 2264 3685 2439 3737; x_wconf 80' lang='lat' dir='ltr'><strong>habitu</strong></span> <span class='ocrx_word' id='word_1_609' title='bbox 2490 3686 2839 3753; x_wconf 76' lang='lat' dir='ltr'><strong>prazeminere.</strong></span> <span class='ocrx_word' id='word_1_610' title='bbox 2874 3683 3097 3750; x_wconf 82' lang='lat' dir='ltr'><strong>Aregius</strong></span> <span class='ocrx_word' id='word_1_611' title='bbox 3126 3683 3389 3736; x_wconf 75' lang='lat' dir='ltr'><strong>hominum</strong></span> 
     </span>
    </p>
   </div>
   <div class='ocr_carea' id='block_1_86' title="bbox 1810 3774 3389 3847">
    <p class='ocr_par' dir='ltr' id='par_1_86' title="bbox 1810 3774 3389 3847">
     <span class='ocr_line' id='line_1_86' title="bbox 1810 3774 3389 3847; baseline -0.003 -14"><span class='ocrx_word' id='word_1_612' title='bbox 1810 3796 2015 3833; x_wconf 68' lang='lat' dir='ltr'><strong>suorum</strong></span> <span class='ocrx_word' id='word_1_613' title='bbox 2056 3778 2359 3847; x_wconf 84' lang='lat' dir='ltr'><strong>inﬁrmitate</strong></span> <span class='ocrx_word' id='word_1_614' title='bbox 2400 3776 2690 3844; x_wconf 88' lang='lat' dir='ltr'><strong>compulsus</strong></span> <span class='ocrx_word' id='word_1_615' title='bbox 2719 3777 3025 3845; x_wconf 88' lang='lat' dir='ltr'><strong>festinanter</strong></span> <span class='ocrx_word' id='word_1_616' title='bbox 3053 3774 3389 3840; x_wconf 86' lang='lat' dir='ltr'><strong>abscesserat,</strong></span> 
     </span>
    </p>
   </div>
   <div class='ocr_carea' id='block_1_87' title="bbox 1811 3868 3385 3936">
    <p class='ocr_par' dir='ltr' id='par_1_87' title="bbox 1811 3868 3385 3936">
     <span class='ocr_line' id='line_1_87' title="bbox 1811 3868 3385 3936; baseline -0.001 -13"><span class='ocrx_word' id='word_1_617' title='bbox 1811 3872 2043 3924; x_wconf 90' lang='lat' dir='ltr'><strong>nondum</strong></span> <span class='ocrx_word' id='word_1_618' title='bbox 2076 3869 2295 3923; x_wconf 89' lang='lat' dir='ltr'><strong>obtento</strong></span> <span class='ocrx_word' id='word_1_619' title='bbox 2336 3868 2631 3922; x_wconf 87' lang='lat' dir='ltr'><strong>dalmalicis</strong></span> <span class='ocrx_word' id='word_1_620' title='bbox 2675 3869 2854 3922; x_wconf 85' lang='lat' dir='ltr'><strong>utendi</strong></span> <span class='ocrx_word' id='word_1_621' title='bbox 2901 3868 3195 3936; x_wconf 75' lang='lat' dir='ltr'><strong>privilegio.</strong></span> <span class='ocrx_word' id='word_1_622' title='bbox 3227 3868 3385 3934; x_wconf 86' lang='lat' dir='ltr'><strong>Quod</strong></span> 
     </span>
    </p>
   </div>
   <div class='ocr_carea' id='block_1_88' title="bbox 1812 3958 3390 4030">
    <p class='ocr_par' dir='ltr' id='par_1_88' title="bbox 1812 3958 3390 4030">
     <span class='ocr_line' id='line_1_88' title="bbox 1812 3958 3390 4030; baseline -0.002 -16"><span class='ocrx_word' id='word_1_623' title='bbox 1812 3976 1908 4030; x_wconf 88' lang='lat' dir='ltr'><strong>per</strong></span> <span class='ocrx_word' id='word_1_624' title='bbox 1928 3960 2211 4028; x_wconf 57' lang='lat' dir='ltr'><strong>Cyriacum</strong></span> <span class='ocrx_word' id='word_1_625' title='bbox 2243 3959 2309 4012; x_wconf 89' lang='lat' dir='ltr'><strong>ad</strong></span> <span class='ocrx_word' id='word_1_626' title='bbox 2339 3974 2458 4013; x_wconf 88' lang='lat' dir='ltr'><strong>eum</strong></span> <span class='ocrx_word' id='word_1_627' title='bbox 2490 3959 2653 4023; x_wconf 90' lang='lat' dir='ltr'><strong>misit,</strong></span> <span class='ocrx_word' id='word_1_628' title='bbox 2686 3958 2881 4011; x_wconf 88' lang='lat' dir='ltr'><strong>additis</strong></span> <span class='ocrx_word' id='word_1_629' title='bbox 2909 3958 3071 4011; x_wconf 83' lang='lat' dir='ltr'><strong>etiam</strong></span> <span class='ocrx_word' id='word_1_630' title='bbox 3116 3958 3245 4027; x_wconf 90' lang='lat' dir='ltr'><strong>ipsis</strong></span> <span class='ocrx_word' id='word_1_631' title='bbox 3275 3959 3390 4012; x_wconf 75' lang='lat' dir='ltr'><strong>dal~</strong></span> 
     </span>
    </p>
   </div>
   <div class='ocr_carea' id='block_1_89' title="bbox 1814 4046 2958 4121">
    <p class='ocr_par' dir='ltr' id='par_1_89' title="bbox 1814 4046 2958 4121">
     <span class='ocr_line' id='line_1_89' title="bbox 1814 4046 2958 4121; baseline -0.003 -18"><span class='ocrx_word' id='word_1_632' title='bbox 1814 4051 2040 4104; x_wconf 86' lang='lat' dir='ltr'><strong>maticis.</strong></span> <span class='ocrx_word' id='word_1_633' title='bbox 2076 4048 2180 4121; x_wconf 84' lang='lat' dir='ltr'><strong>(Cf.</strong></span> <span class='ocrx_word' id='word_1_634' title='bbox 2211 4047 2368 4102; x_wconf 87' lang='lat' dir='ltr'><strong>Joan.</strong></span> <span class='ocrx_word' id='word_1_635' title='bbox 2403 4047 2553 4099; x_wconf 89' lang='lat' dir='ltr'><strong>Diac.</strong></span> <span class='ocrx_word' id='word_1_636' title='bbox 2588 4049 2625 4100; x_wconf 87' lang='grc' dir='ltr'><strong>ι.</strong></span> <span class='ocrx_word' id='word_1_637' title='bbox 2658 4063 2734 4112; x_wconf 83' lang='grc' dir='ltr'><strong>ιιι,</strong></span> <span class='ocrx_word' id='word_1_638' title='bbox 2764 4064 2810 4100; x_wconf 87' lang='lat' dir='ltr'><strong>c.</strong></span> <span class='ocrx_word' id='word_1_639' title='bbox 2842 4046 2958 4116; x_wconf 83' lang='lat'><strong>59.)</strong></span> 
     </span>
    </p>
   </div>
   <div class='ocr_carea' id='block_1_90' title="bbox 1883 4158 3391 4228">
    <p class='ocr_par' dir='ltr' id='par_1_90' title="bbox 1883 4158 3391 4228">
     <span class='ocr_line' id='line_1_90' title="bbox 1883 4158 3391 4228; baseline 0 -17"><span class='ocrx_word' id='word_1_640' title='bbox 1883 4160 1930 4211; x_wconf 84' lang='lat'><strong>6.</strong></span> <span class='ocrx_word' id='word_1_641' title='bbox 1969 4159 2070 4212; x_wconf 88' lang='lat' dir='ltr'><strong>Tot</strong></span> <span class='ocrx_word' id='word_1_642' title='bbox 2102 4158 2433 4228; x_wconf 86' lang='lat' dir='ltr'><strong>perlustratis</strong></span> <span class='ocrx_word' id='word_1_643' title='bbox 2458 4158 2693 4221; x_wconf 84' lang='lat' dir='ltr'><strong>urbibus,</strong></span> <span class='ocrx_word' id='word_1_644' title='bbox 2726 4159 2929 4225; x_wconf 82' lang='lat' dir='ltr'><strong>legatus</strong></span> <span class='ocrx_word' id='word_1_645' title='bbox 2958 4162 3171 4212; x_wconf 87' lang='lat' dir='ltr'><strong>tandem</strong></span> <span class='ocrx_word' id='word_1_646' title='bbox 3212 4158 3391 4226; x_wconf 78' lang='lat' dir='ltr'><strong>Augu-</strong></span> 
     </span>
    </p>
   </div>
   <div class='ocr_carea' id='block_1_91' title="bbox 1812 4248 3393 4318">
    <p class='ocr_par' dir='ltr' id='par_1_91' title="bbox 1812 4248 3393 4318">
     <span class='ocr_line' id='line_1_91' title="bbox 1812 4248 3393 4318; baseline -0.003 -12"><span class='ocrx_word' id='word_1_647' title='bbox 1812 4253 2095 4306; x_wconf 63' lang='lat' dir='ltr'><strong>stodunum</strong></span> <span class='ocrx_word' id='word_1_648' title='bbox 2130 4251 2397 4318; x_wconf 65' lang='lat' dir='ltr'><strong>pervenit,</strong></span> <span class='ocrx_word' id='word_1_649' title='bbox 2449 4250 2535 4302; x_wconf 90' lang='lat' dir='ltr'><strong>ubi</strong></span> <span class='ocrx_word' id='word_1_650' title='bbox 2568 4249 2798 4303; x_wconf 79' lang='lat' dir='ltr'><strong>maxime</strong></span> <span class='ocrx_word' id='word_1_651' title='bbox 2840 4265 2961 4302; x_wconf 90' lang='lat' dir='ltr'><strong>cum</strong></span> <span class='ocrx_word' id='word_1_652' title='bbox 3009 4248 3233 4318; x_wconf 81' lang='lat' dir='ltr'><strong>Syagrio</strong></span> <span class='ocrx_word' id='word_1_653' title='bbox 3278 4250 3393 4318; x_wconf 90' lang='lat' dir='ltr'><strong>epi-</strong></span> 
     </span>
    </p>
   </div>
   <div class='ocr_carea' id='block_1_92' title="bbox 1813 4339 3387 4411">
    <p class='ocr_par' dir='ltr' id='par_1_92' title="bbox 1813 4339 3387 4411">
     <span class='ocr_line' id='line_1_92' title="bbox 1813 4339 3387 4411; baseline 0 -18"><span class='ocrx_word' id='word_1_654' title='bbox 1813 4359 1977 4411; x_wconf 70' lang='lat' dir='ltr'><strong>scopo</strong></span> <span class='ocrx_word' id='word_1_655' title='bbox 2030 4343 2095 4395; x_wconf 90' lang='lat' dir='ltr'><strong>de</strong></span> <span class='ocrx_word' id='word_1_656' title='bbox 2149 4342 2377 4406; x_wconf 82' lang='lat' dir='ltr'><strong>negotiis</strong></span> <span class='ocrx_word' id='word_1_657' title='bbox 2427 4340 2805 4394; x_wconf 84' lang='lat' dir='ltr'><strong>ecclesiasticis</strong></span> <span class='ocrx_word' id='word_1_658' title='bbox 2858 4339 3192 4393; x_wconf 88' lang='lat' dir='ltr'><strong>tractandum</strong></span> <span class='ocrx_word' id='word_1_659' title='bbox 3250 4349 3387 4393; x_wconf 89' lang='lat' dir='ltr'><strong>erat.</strong></span> 
     </span>
    </p>
   </div>
   <div class='ocr_carea' id='block_1_93' title="bbox 1819 4417 3391 4499">
    <p class='ocr_par' dir='ltr' id='par_1_93' title="bbox 1819 4417 3391 4499">
     <span class='ocr_line' id='line_1_93' title="bbox 1819 4417 3391 4499; baseline -0.001 -14"><span class='ocrx_word' id='word_1_660' title='bbox 1819 4435 1955 4485; x_wconf 81' lang='lat' dir='ltr'><strong>Duas</strong></span> <span class='ocrx_word' id='word_1_661' title='bbox 1985 4434 2049 4485; x_wconf 89' lang='lat' dir='ltr'><strong>ad</strong></span> <span class='ocrx_word' id='word_1_662' title='bbox 2080 4448 2198 4484; x_wconf 83' lang='lat' dir='ltr'><strong>eum</strong></span> <span class='ocrx_word' id='word_1_663' title='bbox 2229 4431 2285 4485; x_wconf 93' lang='lat' dir='ltr'><strong>S.</strong></span> <span class='ocrx_word' id='word_1_664' title='bbox 2315 4430 2559 4497; x_wconf 77' lang='lat' dir='ltr'><strong>Gregorii</strong></span> <span class='ocrx_word' id='word_1_665' title='bbox 2605 4430 2859 4497; x_wconf 88' lang='lat' dir='ltr'><strong>epistolas</strong></span> <span class='ocrx_word' id='word_1_666' title='bbox 2896 4430 3084 4484; x_wconf 82' lang='lat' dir='ltr'><strong>detulit</strong></span> <span class='ocrx_word' id='word_1_667' title='bbox 3112 4417 3391 4499; x_wconf 57' lang='lat' dir='ltr'><strong>(Syriacus;</strong></span> 
     </span>
    </p>
   </div>
   <div class='ocr_carea' id='block_1_94' title="bbox 173 4495 3393 4595">
    <p class='ocr_par' dir='ltr' id='par_1_94' title="bbox 173 4495 3393 4595">
     <span class='ocr_line' id='line_1_94' title="bbox 173 4495 3393 4595; baseline 0.003 -35"><span class='ocrx_word' id='word_1_668' title='bbox 173 4520 275 4562; x_wconf 87' lang='lat' dir='ltr'><strong>esse</strong></span> <span class='ocrx_word' id='word_1_669' title='bbox 312 4525 583 4565; x_wconf 80' lang='lat' dir='ltr'><strong>servorum</strong></span> <span class='ocrx_word' id='word_1_670' title='bbox 628 4511 722 4566; x_wconf 90' lang='lat' dir='ltr'><strong>Dei</strong></span> <span class='ocrx_word' id='word_1_671' title='bbox 768 4512 1132 4580; x_wconf 87' lang='lat' dir='ltr'><strong>tranquillitati</strong></span> <span class='ocrx_word' id='word_1_672' title='bbox 1184 4513 1429 4582; x_wconf 85' lang='lat' dir='ltr'><strong>cup&#39;ehat</strong></span> <span class='ocrx_word' id='word_1_673' title='bbox 1479 4515 1714 4583; x_wconf 79' lang='lat' dir='ltr'><strong>Optimus</strong></span> <span class='ocrx_word' id='word_1_674' title='bbox 1745 4495 1791 4553; x_wconf 80' lang='grc' dir='ltr'>Ῑ)</span> <span class='ocrx_word' id='word_1_675' title='bbox 1823 4542 1979 4579; x_wconf 68' lang='lat' dir='ltr'><strong>&quot;nam</strong></span> <span class='ocrx_word' id='word_1_676' title='bbox 2010 4526 2155 4579; x_wconf 67' lang='lat' dir='ltr'><strong>velut</strong></span> <span class='ocrx_word' id='word_1_677' title='bbox 2183 4525 2509 4595; x_wconf 67' lang='lat' dir='ltr'><strong>encyclicam</strong></span> <span class='ocrx_word' id='word_1_678' title='bbox 2554 4532 2607 4578; x_wconf 76' lang='lat' dir='ltr'><strong>et</strong></span> <span class='ocrx_word' id='word_1_679' title='bbox 2653 4524 2875 4594; x_wconf 71' lang='lat' dir='ltr'><strong>Syagrio</strong></span> <span class='ocrx_word' id='word_1_680' title='bbox 2905 4522 3393 4590; x_wconf 77' lang='lat' dir='ltr'><strong>Augustodunensi,</strong></span> 
     </span>
    </p>
   </div>
   <div class='ocr_carea' id='block_1_95' title="bbox 173 4600 1717 4674">
    <p class='ocr_par' dir='ltr' id='par_1_95' title="bbox 173 4600 1717 4674">
     <span class='ocr_line' id='line_1_95' title="bbox 173 4600 1717 4674; baseline 0.006 -23"><span class='ocrx_word' id='word_1_681' title='bbox 173 4606 319 4663; x_wconf 81' lang='lat' dir='ltr'><strong>pater.</strong></span> <span class='ocrx_word' id='word_1_682' title='bbox 362 4600 627 4657; x_wconf 58' lang='lat' dir='ltr'><strong>Craterum</strong></span> <span class='ocrx_word' id='word_1_683' title='bbox 680 4603 791 4656; x_wconf 58' lang='lat' dir='ltr'><strong>haec</strong></span> <span class='ocrx_word' id='word_1_684' title='bbox 829 4611 885 4657; x_wconf 90' lang='lat' dir='ltr'><strong>et</strong></span> <span class='ocrx_word' id='word_1_685' title='bbox 932 4603 1121 4657; x_wconf 80' lang='lat' dir='ltr'><strong>similia</strong></span> <span class='ocrx_word' id='word_1_686' title='bbox 1175 4602 1200 4639; x_wconf 76' lang='grc' dir='ltr'>ἀ</span> <span class='ocrx_word' id='word_1_687' title='bbox 1257 4604 1529 4673; x_wconf 82' lang='lat' dir='ltr'><strong>privilegia</strong></span> <span class='ocrx_word' id='word_1_688' title='bbox 1576 4620 1717 4674; x_wconf 72' lang='lat' dir='ltr'><strong>srcpe</strong></span> 
     </span>
    </p>
   </div>
   <div class='ocr_carea' id='block_1_96' title="bbox 174 4687 1717 4764">
    <p class='ocr_par' dir='ltr' id='par_1_96' title="bbox 174 4687 1717 4764">
     <span class='ocr_line' id='line_1_96' title="bbox 174 4687 1717 4764; baseline 0.005 -23"><span class='ocrx_word' id='word_1_689' title='bbox 174 4687 434 4748; x_wconf 81' lang='lat' dir='ltr'><strong>Gallicanis</strong></span> <span class='ocrx_word' id='word_1_690' title='bbox 458 4696 823 4762; x_wconf 90' lang='lat' dir='ltr'><strong>monasteriis,</strong></span> <span class='ocrx_word' id='word_1_691' title='bbox 856 4696 1253 4756; x_wconf 77' lang='lat' dir='ltr'><strong>postulantibus</strong></span> <span class='ocrx_word' id='word_1_692' title='bbox 1291 4698 1451 4750; x_wconf 86' lang='lat' dir='ltr'><strong>etiam</strong></span> <span class='ocrx_word' id='word_1_693' title='bbox 1484 4699 1717 4764; x_wconf 63' lang='lat' dir='ltr'><strong>regibus,</strong></span> 
     </span>
    </p>
   </div>
   <div class='ocr_carea' id='block_1_97' title="bbox 174 4786 1718 4855">
    <p class='ocr_par' dir='ltr' id='par_1_97' title="bbox 174 4786 1718 4855">
     <span class='ocr_line' id='line_1_97' title="bbox 174 4786 1718 4855; baseline 0.005 -22"><span class='ocrx_word' id='word_1_694' title='bbox 174 4795 401 4839; x_wconf 86' lang='lat' dir='ltr'><strong>concessa</strong></span> <span class='ocrx_word' id='word_1_695' title='bbox 430 4786 665 4839; x_wconf 88' lang='lat' dir='ltr'><strong>romanis</strong></span> <span class='ocrx_word' id='word_1_696' title='bbox 695 4802 724 4839; x_wconf 92' lang='lat' dir='ltr'><strong>a</strong></span> <span class='ocrx_word' id='word_1_697' title='bbox 764 4786 1123 4855; x_wconf 82' lang='lat' dir='ltr'><strong>pontificibus,</strong></span> <span class='ocrx_word' id='word_1_698' title='bbox 1150 4786 1260 4855; x_wconf 88' lang='lat' dir='ltr'><strong>jam</strong></span> <span class='ocrx_word' id='word_1_699' title='bbox 1304 4797 1431 4841; x_wconf 82' lang='lat' dir='ltr'><strong>tunc</strong></span> <span class='ocrx_word' id='word_1_700' title='bbox 1456 4804 1718 4841; x_wconf 89' lang='lat' dir='ltr'><strong>summam</strong></span> 
     </span>
    </p>
   </div>
   <div class='ocr_carea' id='block_1_98' title="bbox 175 4876 1716 4948">
    <p class='ocr_par' dir='ltr' id='par_1_98' title="bbox 175 4876 1716 4948">
     <span class='ocr_line' id='line_1_98' title="bbox 175 4876 1716 4948; baseline 0.005 -22"><span class='ocrx_word' id='word_1_701' title='bbox 175 4885 335 4929; x_wconf 84' lang='lat' dir='ltr'><strong>eorum</strong></span> <span class='ocrx_word' id='word_1_702' title='bbox 362 4877 521 4930; x_wconf 89' lang='lat' dir='ltr'><strong>etiam</strong></span> <span class='ocrx_word' id='word_1_703' title='bbox 570 4876 623 4930; x_wconf 91' lang='lat' dir='ltr'><strong>in</strong></span> <span class='ocrx_word' id='word_1_704' title='bbox 659 4876 841 4932; x_wconf 87' lang='lat' dir='ltr'><strong>Galliis</strong></span> <span class='ocrx_word' id='word_1_705' title='bbox 865 4878 1237 4932; x_wconf 89' lang='lat' dir='ltr'><strong>auctoritatem</strong></span> <span class='ocrx_word' id='word_1_706' title='bbox 1280 4877 1439 4933; x_wconf 84' lang='lat' dir='ltr'><strong>fuisse</strong></span> <span class='ocrx_word' id='word_1_707' title='bbox 1471 4880 1716 4948; x_wconf 89' lang='lat' dir='ltr'><strong>probant,</strong></span> 
     </span>
    </p>
   </div>
   <div class='ocr_carea' id='block_1_99' title="bbox 236 5027 1717 5085">
    <p class='ocr_par' dir='ltr' id='par_1_99' title="bbox 236 5027 1717 5085">
     <span class='ocr_line' id='line_1_99' title="bbox 236 5027 1717 5085; baseline 0.003 -4"><span class='ocrx_word' id='word_1_708' title='bbox 236 5036 261 5064; x_wconf 78' lang='grc' dir='ltr'>ι</span> <span class='ocrx_word' id='word_1_709' title='bbox 286 5027 352 5082; x_wconf 87' lang='lat' dir='ltr'><strong>De</strong></span> <span class='ocrx_word' id='word_1_710' title='bbox 392 5030 495 5085; x_wconf 92' lang='lat' dir='ltr'><strong>hoc</strong></span> <span class='ocrx_word' id='word_1_711' title='bbox 533 5032 859 5084; x_wconf 89' lang='lat' dir='ltr'><strong>monasterio</strong></span> <span class='ocrx_word' id='word_1_712' title='bbox 887 5031 1102 5085; x_wconf 80' lang='lat' dir='ltr'><strong>consule</strong></span> <span class='ocrx_word' id='word_1_713' title='bbox 1145 5042 1299 5085; x_wconf 89' lang='lat' dir='ltr'><strong>notas</strong></span> <span class='ocrx_word' id='word_1_714' title='bbox 1340 5031 1407 5084; x_wconf 91' lang='lat' dir='ltr'><strong>ad</strong></span> <span class='ocrx_word' id='word_1_715' title='bbox 1454 5032 1717 5085; x_wconf 84' lang='lat' dir='ltr'><strong>laudatam</strong></span> 
     </span>
    </p>
   </div>
   <div class='ocr_carea' id='block_1_100' title="bbox 173 5096 1716 5169">
    <p class='ocr_par' dir='ltr' id='par_1_100' title="bbox 173 5096 1716 5169">
     <span class='ocr_line' id='line_1_100' title="bbox 173 5096 1716 5169; baseline 0.002 -19"><span class='ocrx_word' id='word_1_716' title='bbox 173 5096 445 5169; x_wconf 71' lang='lat' dir='ltr'><strong>epistolam,</strong></span> <span class='ocrx_word' id='word_1_717' title='bbox 470 5111 523 5153; x_wconf 89' lang='lat' dir='ltr'><strong>et</strong></span> <span class='ocrx_word' id='word_1_718' title='bbox 548 5102 779 5153; x_wconf 83' lang='lat' dir='ltr'><strong>Annales</strong></span> <span class='ocrx_word' id='word_1_719' title='bbox 806 5100 1002 5153; x_wconf 85' lang='lat' dir='ltr'><strong>Bened.</strong></span> <span class='ocrx_word' id='word_1_720' title='bbox 1032 5100 1229 5153; x_wconf 86' lang='lat' dir='ltr'><strong>Mabill.</strong></span> <span class='ocrx_word' id='word_1_721' title='bbox 1258 5102 1347 5155; x_wconf 60' lang='lat' dir='ltr'><strong>lilt.</strong></span> <span class='ocrx_word' id='word_1_722' title='bbox 1378 5118 1426 5163; x_wconf 90' lang='lat' dir='ltr'><strong>v,</strong></span> <span class='ocrx_word' id='word_1_723' title='bbox 1449 5117 1566 5169; x_wconf 78' lang='lat' dir='ltr'><strong>pag.</strong></span> <span class='ocrx_word' id='word_1_724' title='bbox 1596 5100 1716 5164; x_wconf 68' lang='lat'><strong>128,</strong></span> 
     </span>
    </p>
   </div>
   <div class='ocr_carea' id='block_1_101' title="bbox 176 5166 1723 5239">
    <p class='ocr_par' dir='ltr' id='par_1_101' title="bbox 176 5166 1723 5239">
     <span class='ocr_line' id='line_1_101' title="bbox 176 5166 1723 5239; baseline 0.003 -20"><span class='ocrx_word' id='word_1_725' title='bbox 176 5166 252 5239; x_wconf 76' lang='lat' dir='ltr'><strong>ubi</strong></span> <span class='ocrx_word' id='word_1_726' title='bbox 281 5168 460 5222; x_wconf 87' lang='lat' dir='ltr'><strong>refellit</strong></span> <span class='ocrx_word' id='word_1_727' title='bbox 488 5170 853 5235; x_wconf 82' lang='lat' dir='ltr'><strong>conjecturam</strong></span> <span class='ocrx_word' id='word_1_728' title='bbox 882 5172 1115 5224; x_wconf 81' lang='lat' dir='ltr'><strong>auctoris</strong></span> <span class='ocrx_word' id='word_1_729' title='bbox 1154 5173 1390 5239; x_wconf 84' lang='lat' dir='ltr'><strong>pontilic.</strong></span> <span class='ocrx_word' id='word_1_730' title='bbox 1424 5166 1623 5224; x_wconf 45' lang='lat' dir='ltr'><strong>Are&#39;lat.</strong></span> <span class='ocrx_word' id='word_1_731' title='bbox 1655 5171 1723 5224; x_wconf 90' lang='lat' dir='ltr'><strong>de</strong></span> 
     </span>
    </p>
   </div>
   <div class='ocr_carea' id='block_1_102' title="bbox 175 5233 628 5293">
    <p class='ocr_par' dir='ltr' id='par_1_102' title="bbox 175 5233 628 5293">
     <span class='ocr_line' id='line_1_102' title="bbox 175 5233 628 5293; baseline 0.015 -7"><span class='ocrx_word' id='word_1_732' title='bbox 175 5233 267 5288; x_wconf 84' lang='lat' dir='ltr'><strong>hoc</strong></span> <span class='ocrx_word' id='word_1_733' title='bbox 289 5233 628 5293; x_wconf 77' lang='lat' dir='ltr'><strong>monasterio.</strong></span> 
     </span>
    </p>
   </div>
   <div class='ocr_carea' id='block_1_103' title="bbox 239 5302 1720 5364">
    <p class='ocr_par' dir='ltr' id='par_1_103' title="bbox 239 5302 1720 5364">
     <span class='ocr_line' id='line_1_103' title="bbox 239 5302 1720 5364; baseline 0.005 -7"><span class='ocrx_word' id='word_1_734' title='bbox 239 5302 262 5341; x_wconf 69' lang='grc' dir='ltr'>δ</span> <span class='ocrx_word' id='word_1_735' title='bbox 298 5308 446 5360; x_wconf 72' lang='lat' dir='ltr'><strong>Multa</strong></span> <span class='ocrx_word' id='word_1_736' title='bbox 494 5310 599 5361; x_wconf 89' lang='lat' dir='ltr'><strong>alia</strong></span> <span class='ocrx_word' id='word_1_737' title='bbox 648 5310 969 5361; x_wconf 62' lang='lat' dir='ltr'><strong>monasteria</strong></span> <span class='ocrx_word' id='word_1_738' title='bbox 1025 5310 1378 5363; x_wconf 83' lang='lat' dir='ltr'><strong>construenda</strong></span> <span class='ocrx_word' id='word_1_739' title='bbox 1424 5312 1629 5363; x_wconf 82' lang='lat' dir='ltr'><strong>curavit</strong></span> <span class='ocrx_word' id='word_1_740' title='bbox 1669 5318 1720 5364; x_wconf 88' lang='lat' dir='ltr'><strong>et</strong></span> 
     </span>
    </p>
   </div>
   <div class='ocr_carea' id='block_1_104' title="bbox 176 5374 1721 5442">
    <p class='ocr_par' dir='ltr' id='par_1_104' title="bbox 176 5374 1721 5442">
     <span class='ocr_line' id='line_1_104' title="bbox 176 5374 1721 5442; baseline 0.005 -17"><span class='ocrx_word' id='word_1_741' title='bbox 176 5374 489 5442; x_wconf 74' lang='lat' dir='ltr'><strong>amplissimis</strong></span> <span class='ocrx_word' id='word_1_742' title='bbox 516 5379 706 5431; x_wconf 81' lang='lat' dir='ltr'><strong>ditavit</strong></span> <span class='ocrx_word' id='word_1_743' title='bbox 729 5380 881 5431; x_wconf 68' lang='lat' dir='ltr'><strong>donis</strong></span> <span class='ocrx_word' id='word_1_744' title='bbox 906 5378 1297 5442; x_wconf 77' lang='lat' dir='ltr'><strong>Cliildeltertus,</strong></span> <span class='ocrx_word' id='word_1_745' title='bbox 1327 5381 1555 5431; x_wconf 77' lang='lat' dir='ltr'><strong>maxime</strong></span> <span class='ocrx_word' id='word_1_746' title='bbox 1583 5380 1721 5433; x_wconf 85' lang='lat' dir='ltr'><strong>cele-</strong></span> 
     </span>
    </p>
   </div>
   <div class='ocr_carea' id='block_1_105' title="bbox 178 5440 1604 5517">
    <p class='ocr_par' dir='ltr' id='par_1_105' title="bbox 178 5440 1604 5517">
     <span class='ocr_line' id='line_1_105' title="bbox 178 5440 1604 5517; baseline 0.004 -23"><span class='ocrx_word' id='word_1_747' title='bbox 178 5440 437 5517; x_wconf 65' lang='lat' dir='ltr'><strong>berrimum</strong></span> <span class='ocrx_word' id='word_1_748' title='bbox 468 5447 525 5500; x_wconf 88' lang='lat' dir='ltr'><strong>S.</strong></span> <span class='ocrx_word' id='word_1_749' title='bbox 548 5447 799 5501; x_wconf 86' lang='lat' dir='ltr'><strong>Germani</strong></span> <span class='ocrx_word' id='word_1_750' title='bbox 828 5450 964 5517; x_wconf 85' lang='lat' dir='ltr'><strong>apud</strong></span> <span class='ocrx_word' id='word_1_751' title='bbox 998 5448 1228 5501; x_wconf 72' lang='lat' dir='ltr'><strong>Parisios</strong></span> <span class='ocrx_word' id='word_1_752' title='bbox 1267 5440 1604 5501; x_wconf 82' lang='lat' dir='ltr'><strong>asceterium.</strong></span> 
     </span>
    </p>
   </div>
   <div class='ocr_carea' id='block_1_106' title="bbox 240 5512 1728 5586">
    <p class='ocr_par' dir='ltr' id='par_1_106' title="bbox 240 5512 1728 5586">
     <span class='ocr_line' id='line_1_106' title="bbox 240 5512 1728 5586; baseline 0.002 -18"><span class='ocrx_word' id='word_1_753' title='bbox 240 5523 263 5550; x_wconf 69' lang='grc'><strong>⁸</strong></span> <span class='ocrx_word' id='word_1_754' title='bbox 291 5512 361 5586; x_wconf 66' lang='lat' dir='ltr'><strong>Ex</strong></span> <span class='ocrx_word' id='word_1_755' title='bbox 387 5517 466 5586; x_wconf 88' lang='lat' dir='ltr'><strong>his</strong></span> <span class='ocrx_word' id='word_1_756' title='bbox 490 5518 668 5569; x_wconf 84' lang='lat' dir='ltr'><strong>verbis</strong></span> <span class='ocrx_word' id='word_1_757' title='bbox 696 5512 947 5571; x_wconf 82' lang='lat' dir='ltr'><strong>discimus</strong></span> <span class='ocrx_word' id='word_1_758' title='bbox 983 5535 1085 5571; x_wconf 87' lang='lat' dir='ltr'><strong>non</strong></span> <span class='ocrx_word' id='word_1_759' title='bbox 1114 5518 1282 5569; x_wconf 79' lang='lat' dir='ltr'><strong>soluat</strong></span> <span class='ocrx_word' id='word_1_760' title='bbox 1316 5518 1585 5569; x_wconf 83' lang='lat' dir='ltr'><strong>Aurelium</strong></span> <span class='ocrx_word' id='word_1_761' title='bbox 1616 5518 1728 5586; x_wconf 87' lang='lat' dir='ltr'><strong>pri-</strong></span> 
     </span>
    </p>
   </div>
   <div class='ocr_carea' id='block_1_107' title="bbox 179 5578 1728 5660">
    <p class='ocr_par' dir='ltr' id='par_1_107' title="bbox 179 5578 1728 5660">
     <span class='ocr_line' id='line_1_107' title="bbox 179 5578 1728 5660; baseline 0.003 -25"><span class='ocrx_word' id='word_1_762' title='bbox 179 5578 361 5660; x_wconf 61' lang='lat' dir='ltr'><strong>vilegiis</strong></span> <span class='ocrx_word' id='word_1_763' title='bbox 398 5585 463 5639; x_wconf 90' lang='lat' dir='ltr'><strong>ab</strong></span> <span class='ocrx_word' id='word_1_764' title='bbox 505 5586 797 5660; x_wconf 80' lang='lat' dir='ltr'><strong>apostolica</strong></span> <span class='ocrx_word' id='word_1_765' title='bbox 828 5586 955 5640; x_wconf 89' lang='lat' dir='ltr'><strong>sede</strong></span> <span class='ocrx_word' id='word_1_766' title='bbox 996 5588 1209 5639; x_wconf 80' lang='lat' dir='ltr'><strong>indultis</strong></span> <span class='ocrx_word' id='word_1_767' title='bbox 1236 5602 1465 5660; x_wconf 79' lang='lat' dir='ltr'><strong>consens</strong></span> <span class='ocrx_word' id='word_1_768' title='bbox 1487 5578 1728 5660; x_wconf 58' lang='lat' dir='ltr'><strong>SSC,-_SCII</strong></span> 
     </span>
    </p>
   </div>
   <div class='ocr_carea' id='block_1_108' title="bbox 182 5656 1732 5726">
    <p class='ocr_par' dir='ltr' id='par_1_108' title="bbox 182 5656 1732 5726">
     <span class='ocr_line' id='line_1_108' title="bbox 182 5656 1732 5726; baseline 0.005 -24"><span class='ocrx_word' id='word_1_769' title='bbox 182 5656 321 5726; x_wconf 67' lang='lat' dir='ltr'><strong>rtiam</strong></span> <span class='ocrx_word' id='word_1_770' title='bbox 361 5664 416 5706; x_wconf 90' lang='lat' dir='ltr'><strong>nt</strong></span> <span class='ocrx_word' id='word_1_771' title='bbox 461 5656 885 5709; x_wconf 88' lang='lat' dir='ltr'><strong>concederentur</strong></span> <span class='ocrx_word' id='word_1_772' title='bbox 931 5666 1175 5723; x_wconf 55' lang='lat' dir='ltr'><strong>optasse;</strong></span> <span class='ocrx_word' id='word_1_773' title='bbox 1218 5656 1358 5723; x_wconf 82' lang='lat' dir='ltr'><strong>quod</strong></span> <span class='ocrx_word' id='word_1_774' title='bbox 1410 5658 1732 5726; x_wconf 60' lang='lat' dir='ltr'><strong>persuadere</strong></span> 
     </span>
    </p>
   </div>
   <div class='ocr_carea' id='block_1_109' title="bbox 183 5720 1730 5792">
    <p class='ocr_par' dir='ltr' id='par_1_109' title="bbox 183 5720 1730 5792">
     <span class='ocr_line' id='line_1_109' title="bbox 183 5720 1730 5792; baseline 0.008 -26"><span class='ocrx_word' id='word_1_775' title='bbox 183 5720 366 5774; x_wconf 79' lang='lat' dir='ltr'><strong>\‘ilelur</strong></span> <span class='ocrx_word' id='word_1_776' title='bbox 389 5726 659 5777; x_wconf 71' lang='lat' dir='ltr'><strong>oneratum</strong></span> <span class='ocrx_word' id='word_1_777' title='bbox 684 5720 1086 5789; x_wconf 83' lang='lat' dir='ltr'><strong>monasterium,</strong></span> <span class='ocrx_word' id='word_1_778' title='bbox 1114 5720 1307 5792; x_wconf 52' lang='lat' dir='ltr'><strong>praeter</strong></span> <span class='ocrx_word' id='word_1_779' title='bbox 1335 5720 1730 5780; x_wconf 79' lang='lat' dir='ltr'><strong>Cliildcbertum</strong></span> 
     </span>
    </p>
   </div>
   <div class='ocr_carea' id='block_1_110' title="bbox 1820 4614 3395 4685">
    <p class='ocr_par' dir='ltr' id='par_1_110' title="bbox 1820 4614 3395 4685">
     <span class='ocr_line' id='line_1_110' title="bbox 1820 4614 3395 4685; baseline -0.003 -16"><span class='ocrx_word' id='word_1_780' title='bbox 1820 4615 2037 4670; x_wconf 75' lang='lat' dir='ltr'><strong>Etherio</strong></span> <span class='ocrx_word' id='word_1_781' title='bbox 2069 4617 2435 4684; x_wconf 69' lang='lat' dir='ltr'><strong>Lugvlunensi,</strong></span> <span class='ocrx_word' id='word_1_782' title='bbox 2467 4616 2685 4685; x_wconf 74' lang='lat' dir='ltr'><strong>Virgilio</strong></span> <span class='ocrx_word' id='word_1_783' title='bbox 2726 4615 3060 4679; x_wconf 88' lang='lat' dir='ltr'><strong>Arelatensi,</strong></span> <span class='ocrx_word' id='word_1_784' title='bbox 3093 4614 3395 4667; x_wconf 83' lang='lat' dir='ltr'><strong>Desiderio-</strong></span> 
     </span>
    </p>
   </div>
   <div class='ocr_carea' id='block_1_111' title="bbox 1820 4704 3395 4777">
    <p class='ocr_par' dir='ltr' id='par_1_111' title="bbox 1820 4704 3395 4777">
     <span class='ocr_line' id='line_1_111' title="bbox 1820 4704 3395 4777; baseline -0.004 -17"><span class='ocrx_word' id='word_1_785' title='bbox 1820 4722 1923 4777; x_wconf 83' lang='lat' dir='ltr'><strong>que</strong></span> <span class='ocrx_word' id='word_1_786' title='bbox 1955 4707 2234 4761; x_wconf 76' lang='lat' dir='ltr'><strong>Viennensi</strong></span> <span class='ocrx_word' id='word_1_787' title='bbox 2267 4708 2519 4775; x_wconf 89' lang='lat' dir='ltr'><strong>episcopo</strong></span> <span class='ocrx_word' id='word_1_788' title='bbox 2561 4720 2935 4767; x_wconf 88' lang='lat' dir='ltr'><strong>communem,</strong></span> <span class='ocrx_word' id='word_1_789' title='bbox 2966 4720 3068 4772; x_wconf 88' lang='lat' dir='ltr'><strong>qua</strong></span> <span class='ocrx_word' id='word_1_790' title='bbox 3098 4704 3395 4768; x_wconf 84' lang='lat' dir='ltr'><strong>grassantia</strong></span> 
     </span>
    </p>
   </div>
   <div class='ocr_carea' id='block_1_112' title="bbox 1822 4790 3401 4859">
    <p class='ocr_par' dir='ltr' id='par_1_112' title="bbox 1822 4790 3401 4859">
     <span class='ocr_line' id='line_1_112' title="bbox 1822 4790 3401 4859; baseline -0.005 -9"><span class='ocrx_word' id='word_1_791' title='bbox 1822 4798 1875 4852; x_wconf 88' lang='lat' dir='ltr'><strong>in</strong></span> <span class='ocrx_word' id='word_1_792' title='bbox 1898 4797 2183 4852; x_wconf 79' lang='lat' dir='ltr'><strong>Gallicanis</strong></span> <span class='ocrx_word' id='word_1_793' title='bbox 2206 4796 2453 4851; x_wconf 70' lang='lat' dir='ltr'><strong>Ecdesiis</strong></span> <span class='ocrx_word' id='word_1_794' title='bbox 2482 4796 2619 4849; x_wconf 89' lang='lat' dir='ltr'><strong>mala</strong></span> <span class='ocrx_word' id='word_1_795' title='bbox 2646 4800 2945 4859; x_wconf 87' lang='lat' dir='ltr'><strong>enumerat,</strong></span> <span class='ocrx_word' id='word_1_796' title='bbox 2970 4792 3218 4847; x_wconf 84' lang='lat' dir='ltr'><strong>videlicet</strong></span> <span class='ocrx_word' id='word_1_797' title='bbox 3242 4790 3401 4844; x_wconf 86' lang='lat' dir='ltr'><strong>simo-</strong></span> 
     </span>
    </p>
   </div>
   <div class='ocr_carea' id='block_1_113' title="bbox 1826 4881 3395 4957">
    <p class='ocr_par' dir='ltr' id='par_1_113' title="bbox 1826 4881 3395 4957">
     <span class='ocr_line' id='line_1_113' title="bbox 1826 4881 3395 4957; baseline -0.006 -17"><span class='ocrx_word' id='word_1_798' title='bbox 1826 4888 1985 4951; x_wconf 86' lang='lat' dir='ltr'><strong>uiam,</strong></span> <span class='ocrx_word' id='word_1_799' title='bbox 2019 4887 2410 4957; x_wconf 47' lang='lat' dir='ltr'><strong>neoyhytorum</strong></span> <span class='ocrx_word' id='word_1_800' title='bbox 2441 4900 2534 4939; x_wconf 89' lang='lat' dir='ltr'><strong>seu</strong></span> <span class='ocrx_word' id='word_1_801' title='bbox 2562 4886 2820 4940; x_wconf 84' lang='lat' dir='ltr'><strong>laicorum</strong></span> <span class='ocrx_word' id='word_1_802' title='bbox 2868 4882 3103 4937; x_wconf 87' lang='lat' dir='ltr'><strong>nondum</strong></span> <span class='ocrx_word' id='word_1_803' title='bbox 3136 4881 3395 4949; x_wconf 78' lang='lat' dir='ltr'><strong>probato-</strong></span> 
     </span>
    </p>
   </div>
   <div class='ocr_carea' id='block_1_114' title="bbox 1825 5026 3400 5109">
    <p class='ocr_par' dir='ltr' id='par_1_114' title="bbox 1825 5026 3400 5109">
     <span class='ocr_line' id='line_1_114' title="bbox 1825 5026 3400 5109; baseline -0.004 -22"><span class='ocrx_word' id='word_1_804' title='bbox 1825 5050 2029 5103; x_wconf 85' lang='lat' dir='ltr'><strong>regem,</strong></span> <span class='ocrx_word' id='word_1_805' title='bbox 2076 5034 2424 5109; x_wconf 29' lang='lat' dir='ltr'><strong>fun‘datnrem</strong></span> <span class='ocrx_word' id='word_1_806' title='bbox 2459 5034 2904 5109; x_wconf 78' lang='lat' dir='ltr'><strong>etia_m_habui_sse</strong></span> <span class='ocrx_word' id='word_1_807' title='bbox 2930 5032 3245 5109; x_wconf 60' lang='lat' dir='ltr'><strong>Aurelium,</strong></span> <span class='ocrx_word' id='word_1_808' title='bbox 3288 5026 3400 5109; x_wconf 81' lang='lat' dir='ltr'><strong>for-</strong></span> 
     </span>
    </p>
   </div>
   <div class='ocr_carea' id='block_1_115' title="bbox 1826 5102 3399 5172">
    <p class='ocr_par' dir='ltr' id='par_1_115' title="bbox 1826 5102 3399 5172">
     <span class='ocr_line' id='line_1_115' title="bbox 1826 5102 3399 5172; baseline -0.004 -15"><span class='ocrx_word' id='word_1_809' title='bbox 1826 5102 1965 5157; x_wconf 71' lang='lat' dir='ltr'><strong>laeso.</strong></span> <span class='ocrx_word' id='word_1_810' title='bbox 1995 5107 2132 5172; x_wconf 78' lang='lat' dir='ltr'><strong>quod</strong></span> <span class='ocrx_word' id='word_1_811' title='bbox 2162 5104 2258 5172; x_wconf 54' lang='lat' dir='ltr'><strong>ipsi</strong></span> <span class='ocrx_word' id='word_1_812' title='bbox 2282 5105 2514 5171; x_wconf 83' lang='lat' dir='ltr'><strong>regulam</strong></span> <span class='ocrx_word' id='word_1_813' title='bbox 2541 5104 2745 5158; x_wconf 79' lang='lat' dir='ltr'><strong>dederit</strong></span> <span class='ocrx_word' id='word_1_814' title='bbox 2773 5103 2837 5172; x_wconf 80' lang='lat' dir='ltr'><strong>ad</strong></span> <span class='ocrx_word' id='word_1_815' title='bbox 2859 5102 3010 5172; x_wconf 79' lang='lat' dir='ltr'><strong>cujus</strong></span> <span class='ocrx_word' id='word_1_816' title='bbox 3034 5102 3399 5169; x_wconf 64' lang='lat' dir='ltr'><strong>praescriptum</strong></span> 
     </span>
    </p>
   </div>
   <div class='ocr_carea' id='block_1_116' title="bbox 1823 5168 3393 5295">
    <p class='ocr_par' dir='ltr' id='par_1_116' title="bbox 1823 5168 3393 5295">
     <span class='ocr_line' id='line_1_116' title="bbox 1823 5168 3393 5295; baseline -0.003 -69"><span class='ocrx_word' id='word_1_817' title='bbox 1823 5168 2063 5295; x_wconf 47' lang='lat' dir='ltr'><strong>vivere-6n;</strong></span> <span class='ocrx_word' id='word_1_818' title='bbox 2111 5168 2378 5226; x_wconf 80' lang='lat' dir='ltr'><strong>monachi.</strong></span> <span class='ocrx_word' id='word_1_819' title='bbox 2435 5173 2565 5225; x_wconf 87' lang='lat' dir='ltr'><strong>Eam</strong></span> <span class='ocrx_word' id='word_1_820' title='bbox 2607 5173 2725 5241; x_wconf 88' lang='lat' dir='ltr'><strong>lege</strong></span> <span class='ocrx_word' id='word_1_821' title='bbox 2767 5168 3086 5238; x_wconf 25' lang='lat' dir='ltr'><strong>Cod.’Reg.</strong></span> <span class='ocrx_word' id='word_1_822' title='bbox 3136 5177 3274 5237; x_wconf 87' lang='lat' dir='ltr'><strong>part.</strong></span> <span class='ocrx_word' id='word_1_823' title='bbox 3324 5182 3393 5235; x_wconf 81' lang='grc' dir='ltr'><strong>ιι,</strong></span> 
     </span>
     <span class='ocr_line' id='line_1_117' title="bbox 1826 5256 2074 5295; baseline -0.004 0"><span class='ocrx_word' id='word_1_824' title='bbox 1826 5256 1947 5295; x_wconf 70' lang='lat' dir='ltr'><strong>nae.</strong></span> <span class='ocrx_word' id='word_1_825' title='bbox 2026 5279 2074 5294; x_wconf 94' lang='lat'><strong>..</strong></span> 
     </span>
    </p>
   </div>
   <div class='ocr_carea' id='block_1_117' title="bbox 1826 5256 3402 5390">
    <p class='ocr_par' dir='ltr' id='par_1_117' title="bbox 1826 5256 3402 5390">
     <span class='ocr_line' id='line_1_118' title="bbox 1826 5256 3402 5390; baseline 0.028 -39"><span class='ocrx_word' id='word_1_826' title='bbox 1826 5256 2086 5390; x_wconf 48' lang='lat' dir='ltr'><strong>pai&#39;ytifié</strong></span> <span class='ocrx_word' id='word_1_827' title='bbox 2114 5311 2409 5390; x_wconf 74' lang='lat' dir='ltr'><strong>przrsertim</strong></span> <span class='ocrx_word' id='word_1_828' title='bbox 2562 5328 2671 5373; x_wconf 81' lang='lat' dir='ltr'><strong>xm.</strong></span> <span class='ocrx_word' id='word_1_829' title='bbox 2694 5326 2813 5380; x_wconf 79' lang='lat' dir='ltr'><strong>ePP-</strong></span> <span class='ocrx_word' id='word_1_830' title='bbox 2848 5310 2903 5390; x_wconf 67' lang='lat'><strong>62</strong></span> <span class='ocrx_word' id='word_1_831' title='bbox 2933 5311 2987 5390; x_wconf 68' lang='lat'><strong>8:.</strong></span> <span class='ocrx_word' id='word_1_832' title='bbox 3008 5307 3205 5390; x_wconf 69' lang='grc' dir='ltr'><strong>θ’.</strong></span> <span class='ocrx_word' id='word_1_833' title='bbox 3389 5376 3402 5390; x_wconf 71' lang='grc' dir='ltr'><strong><em>ο</em></strong></span> 
     </span>
    </p>
   </div>
   <div class='ocr_carea' id='block_1_118' title="bbox 1903 5378 3403 5456">
    <p class='ocr_par' dir='ltr' id='par_1_118' title="bbox 1903 5378 3403 5456">
     <span class='ocr_line' id='line_1_119' title="bbox 1903 5378 3403 5456; baseline -0.003 -22"><span class='ocrx_word' id='word_1_834' title='bbox 1903 5393 1925 5417; x_wconf 69' lang='grc' dir='ltr'><strong>υ</strong></span> <span class='ocrx_word' id='word_1_835' title='bbox 1956 5381 2079 5456; x_wconf 64' lang='lat' dir='ltr'><strong>Sive</strong></span> <span class='ocrx_word' id='word_1_836' title='bbox 2117 5378 2375 5456; x_wconf 53' lang='lat' dir='ltr'><strong>Arellium</strong></span> <span class='ocrx_word' id='word_1_837' title='bbox 2409 5382 2539 5456; x_wconf 69' lang='lat' dir='ltr'><strong>:_Itic</strong></span> <span class='ocrx_word' id='word_1_838' title='bbox 2581 5378 2927 5456; x_wconf 36' lang='lat' dir='ltr'><strong>seeae-serata</strong></span> <span class='ocrx_word' id='word_1_839' title='bbox 2956 5378 3286 5456; x_wconf 62' lang='lat' dir='ltr'><strong>Sagittario,</strong></span> <span class='ocrx_word' id='word_1_840' title='bbox 3314 5378 3403 5443; x_wconf 84' lang='lat' dir='ltr'><strong>qui</strong></span> 
     </span>
    </p>
   </div>
   <div class='ocr_carea' id='block_1_119' title="bbox 1829 5448 3404 5517">
    <p class='ocr_par' dir='ltr' id='par_1_119' title="bbox 1829 5448 3404 5517">
     <span class='ocr_line' id='line_1_120' title="bbox 1829 5448 3404 5517; baseline -0.003 -15"><span class='ocrx_word' id='word_1_841' title='bbox 1829 5467 1947 5503; x_wconf 79' lang='lat' dir='ltr'><strong>cum</strong></span> <span class='ocrx_word' id='word_1_842' title='bbox 1979 5450 2104 5503; x_wconf 78' lang='lat' dir='ltr'><strong>Salo</strong></span> <span class='ocrx_word' id='word_1_843' title='bbox 2146 5450 2197 5501; x_wconf 83' lang='lat' dir='ltr'><strong>in</strong></span> <span class='ocrx_word' id='word_1_844' title='bbox 2239 5450 2479 5517; x_wconf 83' lang='lat' dir='ltr'><strong>plurimis</strong></span> <span class='ocrx_word' id='word_1_845' title='bbox 2528 5450 2577 5501; x_wconf 93' lang='lat' dir='ltr'><strong>in</strong></span> <span class='ocrx_word' id='word_1_846' title='bbox 2624 5450 2863 5502; x_wconf 66' lang='lat' dir='ltr'><strong>conciliis</strong></span> <span class='ocrx_word' id='word_1_847' title='bbox 2905 5448 3137 5517; x_wconf 71' lang='lat' dir='ltr'><strong>fueratd</strong></span> <span class='ocrx_word' id='word_1_848' title='bbox 3176 5448 3404 5517; x_wconf 76' lang='lat' dir='ltr'><strong>positus.</strong></span> 
     </span>
    </p>
   </div>
   <div class='ocr_carea' id='block_1_120' title="bbox 1831 5516 3402 5586">
    <p class='ocr_par' dir='ltr' id='par_1_120' title="bbox 1831 5516 3402 5586">
     <span class='ocr_line' id='line_1_121' title="bbox 1831 5516 3402 5586; baseline -0.004 -13"><span class='ocrx_word' id='word_1_849' title='bbox 1831 5521 2065 5573; x_wconf 83' lang='lat' dir='ltr'><strong>Tandem</strong></span> <span class='ocrx_word' id='word_1_850' title='bbox 2097 5522 2400 5586; x_wconf 82' lang='lat' dir='ltr'><strong>uterque&#39;in</strong></span> <span class='ocrx_word' id='word_1_851' title='bbox 2434 5519 2699 5572; x_wconf 82' lang='lat' dir='ltr'><strong>basilicam</strong></span> <span class='ocrx_word' id='word_1_852' title='bbox 2725 5519 2781 5570; x_wconf 82' lang='grc' dir='ltr'><strong>Β.</strong></span> <span class='ocrx_word' id='word_1_853' title='bbox 2820 5518 3051 5571; x_wconf 77' lang='lat' dir='ltr'><strong>Marcelli</strong></span> <span class='ocrx_word' id='word_1_854' title='bbox 3094 5516 3261 5572; x_wconf 81' lang='lat' dir='ltr'><strong>Cabil.</strong></span> <span class='ocrx_word' id='word_1_855' title='bbox 3304 5527 3402 5568; x_wconf 50' lang='lat' dir='ltr'><strong>snt)</strong></span> 
     </span>
    </p>
   </div>
   <div class='ocr_carea' id='block_1_121' title="bbox 1834 5586 3403 5655">
    <p class='ocr_par' dir='ltr' id='par_1_121' title="bbox 1834 5586 3403 5655">
     <span class='ocr_line' id='line_1_122' title="bbox 1834 5586 3403 5655; baseline -0.004 -11"><span class='ocrx_word' id='word_1_856' title='bbox 1834 5590 2073 5644; x_wconf 83' lang='lat' dir='ltr'><strong>custodia</strong></span> <span class='ocrx_word' id='word_1_857' title='bbox 2097 5588 2415 5655; x_wconf 79' lang='lat' dir='ltr'><strong>detruditur,</strong></span> <span class='ocrx_word' id='word_1_858' title='bbox 2442 5598 2575 5642; x_wconf 83' lang='lat' dir='ltr'><strong>teste</strong></span> <span class='ocrx_word' id='word_1_859' title='bbox 2599 5587 2757 5655; x_wconf 82' lang='lat' dir='ltr'><strong>Grcg.</strong></span> <span class='ocrx_word' id='word_1_860' title='bbox 2787 5589 2988 5642; x_wconf 85' lang='lat' dir='ltr'><strong>Turon.</strong></span> <span class='ocrx_word' id='word_1_861' title='bbox 3020 5589 3108 5640; x_wconf 70' lang='lat' dir='ltr'><strong>lili.</strong></span> <span class='ocrx_word' id='word_1_862' title='bbox 3144 5603 3172 5637; x_wconf 73' lang='grc' dir='ltr'><strong>ν</strong></span> <span class='ocrx_word' id='word_1_863' title='bbox 3204 5586 3403 5638; x_wconf 66' lang='lat' dir='ltr'><strong>llistor.</strong></span> 
     </span>
    </p>
   </div>
   <div class='ocr_carea' id='block_1_122' title="bbox 1914 5662 2003 5710">
    <p class='ocr_par' dir='ltr' id='par_1_122' title="bbox 1914 5662 2003 5710">
     <span class='ocr_line' id='line_1_123' title="bbox 1914 5662 2003 5710; baseline 0 0"><span class='ocrx_word' id='word_1_864' title='bbox 1914 5662 2003 5710; x_wconf 70' lang='lat'><strong>‘28.</strong></span> 
     </span>
    </p>
   </div>
   <div class='ocr_carea' id='block_1_123' title="bbox 1834 5662 3234 5789">
    <p class='ocr_par' dir='ltr' id='par_1_123' title="bbox 1834 5662 3234 5789">
     <span class='ocr_line' id='line_1_124' title="bbox 1871 5662 2003 5711; baseline -0.008 0"><span class='ocrx_word' id='word_1_865' title='bbox 1871 5699 1882 5711; x_wconf 95' lang='lat'><strong>.</strong></span> <span class='ocrx_word' id='word_1_866' title='bbox 1914 5662 2003 5710; x_wconf 69' lang='lat'><strong>‘28.</strong></span> 
     </span>
     <span class='ocr_line' id='line_1_125' title="bbox 1834 5675 3234 5789; baseline -0.003 -8"><span class='ocrx_word' id='word_1_867' title='bbox 1834 5675 1863 5713; x_wconf 61' lang='grc' dir='ltr'><strong>ο</strong></span> <span class='ocrx_word' id='word_1_868' title='bbox 1913 5728 1929 5765; x_wconf 70' lang='grc' dir='ltr'><strong>ί</strong></span> <span class='ocrx_word' id='word_1_869' title='bbox 1966 5729 2113 5783; x_wconf 89' lang='lat' dir='ltr'><strong>Tom.</strong></span> <span class='ocrx_word' id='word_1_870' title='bbox 2150 5728 2165 5781; x_wconf 93' lang='lat' dir='ltr'><strong>I</strong></span> <span class='ocrx_word' id='word_1_871' title='bbox 2200 5731 2315 5784; x_wconf 86' lang='lat' dir='ltr'><strong>Act.</strong></span> <span class='ocrx_word' id='word_1_872' title='bbox 2340 5730 2435 5784; x_wconf 74' lang='lat' dir='ltr'><strong>SS.</strong></span> <span class='ocrx_word' id='word_1_873' title='bbox 2470 5747 2496 5783; x_wconf 81' lang='lat' dir='ltr'><strong>n</strong></span> <span class='ocrx_word' id='word_1_874' title='bbox 2531 5730 2835 5783; x_wconf 50' lang='lat' dir='ltr'><strong>Mahil&#39;oniu</strong></span> <span class='ocrx_word' id='word_1_875' title='bbox 2866 5732 2991 5784; x_wconf 60' lang='lat' dir='ltr'><strong>edit.</strong></span> <span class='ocrx_word' id='word_1_876' title='bbox 3030 5748 3077 5789; x_wconf 64' lang='grc' dir='ltr'><strong>ιτ.</strong></span> <span class='ocrx_word' id='word_1_877' title='bbox 3114 5727 3234 5779; x_wconf 67' lang='grc'><strong>663.</strong></span> 
     </span>
    </p>
   </div>
  </div>
