3976 6354
564 295 670 350 495

1044 295 1101 349 S.
1146 293 1471 349 GRECORII
1512 289 1723 346 MAGNI
1767 288 1947 350 νιτΑ.
1991 286 2079 341 EX
2122 281 2283 339 ειυς
2321 281 2631 340 SCRIPTIS
2670 283 3064 340 ADORNATA.
3105 284 3217 344 LIB
3255 286 3343 343 IV.
3702 298 3789 354 ιξι

560 423 679 462 rum
710 424 1104 479 praeproperam
1143 392 1541 479 prove’ctionem
1571 404 1638 458 ad
1666 400 1991 467 sacerdotia,
2018 414 2141 453 mu-
2170 405 2216 459 Α
2247 410 2361 462 rex,
2413 396 2586 452 noluit
2634 396 2864 466 amplius
2912 396 3231 453 Taurinensi
3272 401 3491 457 subesse
3541 402 3793 479 Episcopo,

560 498 751 555 lierum
778 517 898 555 cum
928 502 1142 557 clericis
1183 498 1673 561 cohabitationem;
1718 510 1927 550 necnon
1976 508 2143 566 syno-

558 588 752 644 dorum
779 606 897 661 qua:
919 591 1205 660 quotannis
1231 588 1413 643 haberi
1445 586 1671 651 debent,
1704 585 2006 654 neglectum
2033 602 2048 650 ;
2080 584 2147 638 de

560 682 755 751 quibus
783 682 1119 736 eliminandis
1146 683 1195 735 iu
1222 682 1452 736 concilio
1482 681 1886 735 deliberandum
1911 689 2097 734 censet
2126 697 2141 733 :

561 772 808 837 alteram,
838 786 941 838 qua
973 772 1117 839 prius
1144 771 1328 837 gratiis
1363 771 1499 825 actis
1520 770 1590 825 ob
1618 778 1865 824 navatam
1897 769 2147 837 Augusti-

561 874 635 911 no
678 873 918 926 operam,
947 859 1043 926 ipsi
1073 868 1097 894 η
1127 858 1274 926 pallii
1306 875 1458 913 usum
1488 858 1765 923 concedit,
1800 858 2145 926 decernitque

562 961 622 1002 ut
669 947 907 1001 Ecclesia
957 949 1454 1016 Augustodunensis
1500 951 1729 1019 primum
1774 952 1826 1005 in
1870 949 2144 1020 provincia

561 1035 741 1091 locum
769 1046 892 1105 post
932 1035 1340 1105 Lugdunensem
1384 1039 1645 1093 obtineat.
1678 1038 1876 1093 Deinde
1921 1037 2145 1108 Syagrio

558 1134 814 1195 tauquam
852 1129 1165 1197 apostolica:
1210 1130 1353 1184 sedis
1391 1131 1537 1184 vices
1570 1131 1772 1198 gerenti
1803 1146 1985 1185 curam
2016 1146 2146 1184 con-

559 1219 843 1287 gregandac
889 1220 1092 1289 Synodi
1135 1222 1444 1275 demandat.
1489 1222 1676 1290 Magna
1704 1231 1819 1276 erat
1847 1222 2003 1289 hujus
2032 1222 2147 1292 epi-

559 1312 712 1380 scopi
746 1312 903 1381 287
945 1313 1237 1365 auctoritas
1280 1313 1419 1382 apud
1468 1311 1857 1367 Brunichildem
1905 1314 2144 1381 reginam

564 1402 787 1472 ejusque
810 1412 1035 1470 nepotes
1061 1403 1448 1458 Theodericum
1480 1414 1534 1457 et
1558 1404 2008 1459 Theodebertum.
2038 1404 2147 1459 Nec

565 1494 867 1560 itmnerito,
899 1509 1020 1547 nam
1050 1494 1330 1548 sacerdotis
1362 1511 1568 1559 nomen,
1608 1493 1828 1548 Joannis
1857 1496 2145 1563 regionarii

562 1584 895 1652 aliorumque
930 1585 1220 1636 multorum
1254 1584 1579 1649 testimonio,
1608 1584 1763 1637 etiam
1793 1583 2018 1637 moribus
2041 1585 2143 1637 im-

562 1673 748 1743 plebat.
788 1672 904 1726 Jam
959 1673 1167 1742 pridem
1224 1682 1341 1727 erat
1389 1689 1456 1728 ex
1510 1689 1616 1743 quo
1671 1673 2025 1728 Brunicbildis
2076 1674 2144 1728 de

2248 488 2373 556 quia
2404 491 2515 543 hare
2542 487 2669 542 urbs
2689 497 2807 542 erat
2827 488 2878 541 in
2906 489 3376 557 Langobardorum
3400 493 3614 551 ditione.
3637 496 3792 570 Itaque

2247 580 2525 650 proprium
2550 580 2749 635 habere
2769 580 2934 650 ccepit
2961 582 3275 651 episcopum
3298 585 3425 638 urbs
3448 595 3470 622 ε
3496 584 3791 658 Mauricum,

2249 669 2341 737 qui
2398 669 2573 737 primo
2627 668 3027 725 Tareutasicnsi
3081 675 3497 743 metr0politano
3542 680 3793 738 atributus

2246 763 2347 819 est,
2387 768 2573 826 postea
2604 755 2917 824 Viennensi,
2943 758 3085 826 quod
3117 759 3275 814 hodie
3298 774 3621 831 perseverat.
3734 752 3764 817 κ’

2318 847 2371 902 9.
2403 849 2631 919 Cyriaco
2670 849 2809 918 apud
2850 848 3119 917 HiSpauos
3148 851 3351 906 felicius
3398 853 3589 922 legatio
3613 861 3790 916 cessit:

2245 940 2447 993 etenim
2471 940 2587 1009 ipso
2609 940 2903 1005 annitente,
2933 949 2990 992 ut
3012 956 3108 1009 par
3128 951 3209 994 est
3233 943 3477 1011 credere,
3499 946 3791 1006 celebratum

2244 1039 2327 1084 est
2354 1030 2459 1086 hoc
2479 1047 2621 1086 anno
2650 1031 2890 1087 kalendis
2927 1032 3241 1087 Novembris
3273 1033 3655 1093 Barciuoneuse
3686 1057 3792 1111 con-

2245 1122 2449 1188 cilium,
2480 1122 2631 1190 cujus
2659 1138 2780 1178 cum
2807 1132 3040 1191 quatuor
3064 1124 3170 1178 sint
3200 1132 3405 1179 tantum
3437 1144 3685 1197 canones,
3704 1133 3791 1187 duo

2245 1214 2595 1268 simoniacam
2626 1216 2798 1270 labem
2830 1216 3179 1282 insectantur,
3208 1220 3398 1273 tertius
3421 1220 3662 1277 adversus
3682 1243 3792 1294 pm

2249 1315 2489 1361 maturas
2510 1306 2808 1377 Neophytox
2825 1324 2909 1362 um
2932 1310 3297 1365 ordinationes
3315 1312 3561 1366 conditus
3586 1324 3679 1369 est.
3700 1316 3792 1376 Iloc

2247 1396 2484 1462 nomine,
2515 1406 2575 1451 ut
2603 1397 2855 1465 diximus,
2888 1399 3256 1468 intelliguntur
3284 1402 3429 1470 laici,
3461 1404 3549 1470 qui
3589 1408 3791 1464 nonduin

2247 1487 2457 1541 assidua
2488 1488 2875 1544 exercitatione
2901 1491 3135 1558 probati,
3168 1492 3388 1560 auspice
3417 1492 3632 1557 ambitu,
3660 1512 3795 1551 sarcu-

2246 1576 2346 1631 lari
2373 1584 2642 1647 potestate
2671 1578 2829 1647 duce,
2856 1580 2923 1634 ad
2953 1581 3270 1648 sacerdotia,
3295 1592 3351 1637 et
3380 1582 3448 1636 ad
3478 1584 3615 1653 ipsos
3648 1590 3791 1656 prosi-

2249 1668 2347 1723 lire
2375 1669 2644 1723 audebant
2670 1672 3027 1740 episcopatus.

562 1766 724 1836 pallio
775 1765 875 1834 ipsi
924 1766 1271 1820 concedendo
1319 1767 1459 1835 apud
1507 1782 1701 1836 papam
1753 1776 1956 1833 egerat.
2003 1765 2139 1832 Quid
2172 1758 2221 1817 B
2316 1759 2404 1813 10.
2434 1758 2584 1812 Felix
2605 1768 2730 1813 tunc
2758 1768 2875 1814 erat
2904 1760 3168 1830 Hispania:
3189 1768 3361 1815 status
3390 1763 3489 1816 sub
3517 1763 3795 1823 Recharedo

561 1864 740 1909 autem
770 1870 944 1910 causa:
990 1855 1175 1920 fuerit,
1211 1863 1269 1909 ut
1298 1857 1498 1911 tardius
1545 1858 1648 1910 hoc
1675 1856 1882 1911 honore
1911 1856 2143 1910 donare-

2250 1863 2375 1917 rege
2412 1851 2640 1920 optimo,
2671 1851 2761 1920 qui
2786 1851 2853 1904 ad
2882 1852 3031 1920 regni
3063 1851 3146 1905 sui
3174 1852 3682 1908 adminitratiouem
3720 1859 3796 1909 ad-

563 1955 668 2007 ιυιι,
698 1945 842 2000 disce
867 1961 934 2000 ex
985 1946 1197 1999 laudata
1228 1961 1353 1999 mox
1381 1946 1446 1999 ad
1475 1947 1716 2001 eamdem
1758 1948 1997 2016 reginam
2024 1947 2143 2017 cpi-
2241 1938 2450 2007 jutores
2476 1932 2794 1995 adhibuerat
2833 1942 3030 2012 probos
3056 1942 3201 1997 viros
3227 1958 3243 2009 ;
3276 1945 3328 1998 in
3362 1944 3445 2000 bis
3470 1944 3731 2003 Claudium
3755 1960 3798 2004 et

562 2036 720 2091 stola.
747 2035 859 2091 lmo
887 2036 1101 2105 quando
1124 2037 1201 2090 illi
1235 2037 1418 2091 utendi
1448 2037 1609 2107 pallio
1639 2038 1703 2091 ad
1734 2053 1888 2093 sacra
1936 2046 2144 2091 tantum
2246 2027 2573 2095 Leandrum,
2624 2030 2993 2101 Ηίερειιρηεθηι
3044 2034 3391 2103 episc0puni,
3427 2038 3493 2089 de
3534 2053 3635 2104 quo
3678 2055 3796 2108 sepe

563 2127 842 2181 missarum
907 2128 1168 2181 solemnia
1230 2128 1549 2182 celebranda
1607 2138 1930 2199 potestatem
1988 2129 2143 2196 fecit,

564 2218 760 2287 adjecit
795 2219 1157 2274 conditionem
1193 2237 1205 2272 :
1243 2217 1427 2287 Quod,
1460 2220 1664 2291 inquit,
1694 2223 1769 2275 ita
1799 2221 1889 2275 tibi
1917 2223 2146 2276 dandum

563 2325 674 2362 esse
699 2309 1029 2375 decrevimus,
1054 2311 1099 2363 si
1120 2313 1269 2381 prius
1291 2328 1381 2382 per
1401 2314 1586 2383 synodi
1607 2313 1956 2383 deﬁnitionem
1977 2332 2143 2369 emen-

564 2401 692 2453 dare
719 2403 1018 2470 promiseris
1045 2419 1160 2474 qua:
1174 2405 1477 2475 corrigenda
1498 2406 1874 2461 mandavimus.
1893 2406 1957 2461 Et
1977 2408 2142 2463 infra:

570 2489 720 2545 Unde
746 2494 866 2561 quia
893 2495 1389 2560 preocellentissimos
1418 2499 1557 2567 ﬁlios
1585 2507 1789 2555 nostros
1818 2499 2149 2558 Francorum

566 2597 714 2651 reges
752 2598 994 2653 magnam
1018 2584 1154 2639 vobis
1201 2589 1431 2668 norimus
1468 2590 1793 2645 dilectionem
1832 2594 2145 2663 impendere,

565 2677 707 2730 omni
736 2694 823 2730 vos
857 2679 1027 2733 studio
1056 2682 1294 2751 omnique
1336 2699 1490 2752 agere
1516 2685 1703 2738 annisu
1732 2701 1937 2740 necesse
1972 2696 2069 2753 est,
2092 2696 2149 2741 ut

565 2768 701 2834 quod
724 2768 787 2821 de
807 2770 1004 2839 synodo
1025 2774 1386 2842 congreganda
1407 2776 1784 2843 mandavimus,
1805 2779 2148 2848 fraternitatis

566 2867 748 2910 vestrae
792 2861 1058 2929 vigilantia
1100 2864 1443 2933 compleatur,
1475 2875 1627 2937 atque
1675 2870 1849 2923 omnia
1888 2872 1997 2924 illic
2037 2887 2149 2942 quae

566 2965 659 3016 pro
686 2952 971 3006 animarum
1009 2955 1174 3008 salute
1202 2957 1499 3023 scripsimus
1529 2970 1834 3013 censeantur
1856 2979 1872 3021 .'
1896 2972 2150 3033 quatenus

571 3059 662 3109 per
688 3043 800 3107 hoc,
832 3056 882 3097 et
937 3062 1025 3099 vos
1071 3047 1234 3101 zelum
1264 3057 1504 3113 vestrum,
1536 3059 1585 3103 et
1630 3053 1850 3120 qualiter
1876 3053 2015 3109 vobis
2042 3056 2148 3110 illi-

2241 2118 2351 2189 jam
2383 2121 2584 2176 dictum
2615 2132 2717 2177 est.
2750 2124 3001 2182 Claudius
3030 2144 3159 2181 vero
3189 2129 3308 2196 quis
3355 2138 3412 2182 et
3452 2132 3617 2198 qualis
3657 2145 3793 2197 es.=et,

2247 2226 2354 2266 non
2381 2221 2559 2282 potest
2585 2215 2774 2269 melius
2803 2218 3019 2286 agnosci
3049 2234 3209 2287 quam
3240 2235 3307 2274 ex
3354 2219 3673 2291 Gregoriana
3706 2226 3800 2293 rpi-

2248 2305 2385 2358 stola
2416 2305 2569 2374 cujus
2599 2306 2737 2360 lator
2772 2306 2867 2361 fuit
2892 2306 3148 2379 Cyriacus
3177 2328 3189 2363 :
3225 2308 3363 2375 Quia
3402 2315 3641 2383 unguenti
3681 2333 3801 2369 more

2249 2392 2498 2448 bonorum
2526 2397 2730 2466 fragrat
2759 2398 2952 2466 opinio,
2982 2410 3162 2455 vestra:
3192 2399 3389 2457 Glorite
3436 2404 3497 2456 de
3526 2400 3802 2458 Occidenta-

2248 2487 2384 2545 libus
2418 2488 2647 2558 partibus
2680 2492 2939 2560 hucusque
2968 2494 3097 2547 odor
3133 2498 3368 2550 tetendit.
3402 2497 3557 2568 Cujus
3600 2503 3803 2568 profecto

2250 2597 2392 2635 aura:
2420 2582 2674 2635 suavitate
2699 2599 2984 2653 respersus,
3018 2585 3233 2640 multum
3263 2590 3434 2657 fateor
3462 2606 3602 2659 quem
3632 2593 3802 2645 nescie-

2250 2671 2369 2725 bam
2392 2672 2575 2740 dilexi,
2608 2683 2761 2744 atque
2788 2676 2928 2729 intra
2968 2678 3138 2730 sinum
3169 2679 3340 2732 cordis
3372 2681 3565 2733 amoris
3601 2698 3741 2734 manu
3766 2692 3807 2735 te

2250 2765 2400 2832 rapui
2429 2780 2447 2817 :
2479 2780 2571 2816 nec
2592 2765 2707 2834 jam
2739 2782 2852 2818 eum
2904 2768 3136 2821 nesciens
3182 2767 3484 2837 diligebam,
3510 2770 3651 2840 cujus
3690 2770 3803 2824 bona

2252 2868 2607 2922 cognoverant.
2644 2850 2746 2916 Qui
2772 2856 2910 2907 enim
2955 2856 3079 2909 mihi
3105 2874 3297 2927 magna
3337 2857 3619 2912 intentione
3656 2870 3802 2923 notus,

2252 2944 2342 2996 sed
2368 2948 2596 3013 corporis
2627 2944 2821 2998 visione
2863 2955 3036 3000 manet
3088 2948 3404 3018 incognitus,
3440 2949 3502 3003 de
3529 2966 3584 3003 eo
3626 2952 3806 3019 procul-

2254 3032 2407 3087 dubio
2457 3036 2706 3089 veraciter
2744 3036 2913 3090 dicere
2958 3054 3189 3107 possum,
3222 3040 3343 3110 quia
3386 3056 3653 3109 personam
3686 3041 3805 3094 illius

567 3133 671 3184 cita
709 3134 1015 3203 displiceant
1042 3137 1343 3202 ostendatis,
1372 3148 1420 3191 et
1467 3155 1559 3193 nos
1602 3141 1798 3195 utiliter
1841 3145 2144 3213 providisse,

2253 3126 2379 3186 scio,
2412 3125 2502 3178 sed
2531 3125 2737 3179 domum
2778 3127 2967 3183 nescio.
3002 3129 3200 3199 Magna
3228 3142 3401 3183 autem
3451 3140 3627 3185 vestrm
3658 3132 3805 3186 laudis

567 3224 653 3291 qui
694 3234 914 3277 vestram
957 3228 1024 3278 ad
1052 3230 1147 3281 hoc
1176 3246 1285 3296 pro:
1324 3231 1522 3284 ueteris
1566 3247 1845 3299 personam
1882 3237 2145 3306 elegimus,

569 3313 833 3367 rideamur
859 3314 997 3386 (Lib.
1032 3333 1105 3383 lx,
1133 3336 1215 3389 ep.
1250 3319 1360 3390 11).

644 3402 695 3456 7.
730 3402 804 3457 De
842 3405 1031 3461 eodem
1061 3422 1375 3475 argumento
1416 3416 1705 3482 scripserat
1745 3432 1882 3486 papa
1914 3433 2035 3472 cum
2084 3418 2151 3472 ad

573 3488 999 3554 Brunichildem.
1034 3503 1143 3555 tum
1191 3498 1255 3551 ad
1282 3514 1434 3567 reges
1464 3501 1851 3560 Theodericum
1894 3516 1948 3561 et
1976 3506 2152 3561 Theo-

570 3581 853 3637 debertum
887 3583 1026 3652 (Lib.
1074 3602 1148 3652 ιχ,
1193 3604 1309 3658 epp.
1345 3589 1446 3643 109
1490 3601 1541 3645 et
1578 3592 1724 3661 HO).
1772 3594 1988 3648 Summa
2036 3596 2152 3665 ejus

572 3667 928 3737 Epistolarum
968 3682 1084 3742 est,
1115 3677 1312 3731 multos
1349 3694 1445 3748 per
1481 3681 1762 3736 simoniam
1795 3685 2065 3750 ordinari,
2097 3697 2153 3742 et

571 3777 638 3815 ex
670 3763 819 3819 Iaicis
855 3775 1076 3835 repente
1123 3766 1236 3823 ﬁeri
1277 3772 1579 3841 episcopos.
1627 3773 1899 3845 Synodum
1928 3777 1994 3831 ad
2036 3778 2151 3833 haec

570 3855 900 3910 emendanda
930 3859 1189 3914 celebrari
1217 3875 1441 3931 curent;
1474 3864 1798 3936 iusuperque
1820 3869 2151 3925 constituant

571 3960 638 4000 ne
657 3945 852 4001 ludatis
873 3947 1175 4005 Christiana
1206 3952 1366 4008 liceat
1402 3954 1600 4011 habere
1626 3959 1912 4027 mancipia.
1954 3959 2031 4015 De
2057 3976 2151 4032 sy-

572 4036 715 4091 nodo
761 4038 1079 4094 celebranda
1121 4042 1313 4097 iterum
1359 4045 1571 4115 scripsit
1615 4048 1810 4103 multas
1839 4047 1864 4087 δ
1894 4049 2153 4119 epistolas

572 4124 784 4181 duobus
821 4129 976 4182 annis
1006 4130 1218 4199 elapsis.

642 4216 938 4271 Concilium
971 4228 1148 4273 tamen
1178 4237 1276 4290 pro
1304 4223 1632 4292 extirpandis
1661 4236 1716 4281 et
1758 4228 2094 4285 eliminandis
2119 4244 2152 4285 θ

572 4305 718 4359 clero
745 4304 1021 4361 Gallicano
1050 4309 1353 4377 hujusmodi
1382 4317 1718 4383 corruptelis,
1751 4320 1894 4386 quod
1924 4322 2152 4375 sanctis-

576 4391 713 4448 simo
758 4393 995 4463 pontiﬁci
1025 4398 1160 4451 adeo
1189 4400 1339 4453 cordi
1365 4411 1479 4454 erat
1499 4443 1514 4469 ,
1543 4405 1746 4459 nullutn
1778 4408 1859 4461 his
1897 4410 2152 4477 tempori-

2251 3215 2407 3269 datur
2434 3218 2677 3280 assertio,
2719 3219 2855 3290 quod
2884 3221 3155 3274 excellenti
3193 3220 3481 3276 Gothorum
3526 3224 3626 3292 regi
3662 3232 3806 3277 vestra

2253 3302 2434 3359 Gloria
2482 3307 2659 3361 sedulo
2703 3310 2969 3364 adhazrere
3006 3312 3301 3379 perhibetur
3330 3329 3348 3366 :
3375 3316 3498 3383 quia
3537 3318 3651 3367 dum
3678 3316 3807 3368 malis

2253 3395 2373 3448 boni
2400 3412 2600 3465 semper
2628 3400 2955 3466 displiceant,
2998 3399 3158 3453 bonos
3200 3418 3288 3455 vos
3340 3420 3455 3456 esse
3500 3413 3683 3456 certum
3723 3413 3807 3469 est,

2252 3489 2339 3559 qui
2367 3489 2499 3543 bono
2526 3492 2792 3560 placuistis
2816 3491 2955 3561 (Lib.
2982 3508 3053 3557 ix,
3072 3510 3152 3563 ep.
3184 3491 3328 3562 120).
3358 3493 3552 3549 Postea
3575 3495 3806 3565 optimum

2254 3582 2426 3634 virum
2457 3581 2521 3635 ad
2551 3585 3005 3651 perseverantiam
3038 3586 3318 3652 hortatur;
3345 3594 3401 3640 et
3435 3588 3487 3642 in
3515 3588 3613 3641 line
3632 3589 3808 3656 episto-

2254 3668 2318 3723 la:
2346 3671 2687 3725 commendat
2717 3672 3021 3743 Cyriacum,
3062 3683 3118 3726 ut
3140 3676 3361 3745 peractis
3391 3694 3508 3747 qua
3534 3680 3577 3731 ei
3602 3680 3809 3749 injuncta

2253 3771 2419 3827 erant,
2452 3763 2596 3817 nulla
2626 3781 2740 3818 eum
2770 3767 3035 3819 remeandi
3063 3783 3208 3820 mora
3235 3768 3565 3838 prwpediret.
3599 3768 3669 3821 De
3692 3770 3807 3822 dua-

2252 3851 2353 3906 bus
2372 3852 2491 3907 aliis
2519 3855 2760 3924 epistolis
2786 3855 2853 3909 ab
2882 3855 2987 3911 hoc
3016 3857 3192 3923 legato
3212 3857 3263 3910 in
3289 3857 3594 3926 Hispaniam
3619 3858 3807 3922 delatis,

2254 3960 2358 3998 una
2383 3946 2448 3998 ad
2475 3944 2800 4010 Leandrum,
2832 3949 2999 4001 altera
3028 3964 3156 4002 vero
3186 3947 3252 4001 ad
3277 3949 3451 4017 ipsum
3478 3965 3679 4017 regem,
3707 3964 3811 4019 qua:

2253 4051 2386 4092 sane
2412 4046 2539 4091 sunt
2562 4040 2789 4102 eximite,
2823 4048 3003 4095 tacere
3027 4056 3133 4094 non
3162 4050 3245 4095 est
3269 4042 3561 4108 integrum.

2324 4127 2412 4182 ll.
2452 4128 2508 4182 In
2541 4131 2704 4199 priori
2745 4129 3034 4199 Gregorius
3070 4131 3205 4186 mire
3233 4132 3415 4187 laudat
3462 4133 3662 4187 litteras
3694 4145 3811 4201 quas

2253 4232 2426 4288 nuper
2453 4235 2483 4272 a
2512 4230 2702 4275 sancto
2735 4222 2852 4275 viro
2880 4230 3186 4289 acceperat.
3219 4222 3370 4288 Boni,
3404 4223 3597 4290 inquit,
3624 4221 3810 4290 sapien-

2256 4316 2426 4377 tesque
2467 4310 2590 4373 viri,
2637 4327 2753 4363 cum
2801 4310 3053 4380 legeretur
3092 4311 3227 4379 (haec
3260 4311 3510 4379 cpistola)
3540 4312 3810 4380 adfuerunt,

2255 4414 2469 4468 quorum
2520 4402 2694 4453 statim
2741 4403 2934 4455 viscera
2988 4403 3043 4454 in
3093 4403 3536 4471 compunctionem
3582 4409 3810 4453 commota

578 4486 679 4539 bus
707 4484 945 4540 habitum
978 4486 1029 4540 in
1061 4485 1245 4543 Galliis
1281 4490 1527 4559 legimus,
1558 4493 1784 4551 fortasse
1829 4498 1971 4566 quod
2017 4498 2151 4570 Sya.
2183 4487 2233 4546 D
2259 4502 2398 4547 sunt.
2430 4490 2592 4558 Carpit
2619 4492 2829 4560 quisque
2868 4492 3061 4545 amoris
3106 4507 3263 4544 manu
3291 4492 3345 4543 in
3374 4507 3467 4544 suo
3494 4492 3642 4544 corde
3669 4498 3710 4542 te
3737 4505 3814 4540 ra-

575 4577 693 4644 grio
736 4576 835 4631 sibi
877 4578 1098 4646 pnelato
1144 4579 1411 4649 episcopi,
1457 4586 1857 4654 metropolitani
1898 4590 2149 4657 maxime,

574 4666 947 4734 obtemperare
974 4667 1416 4726 detractaverint.

641 4756 693 4808 8.
740 4756 855 4810 Non
893 4754 1184 4813 feliciorem
1214 4762 1418 4815 exitum
1457 4763 1641 4818 habuit
1670 4767 1812 4836 quod
1856 4771 2153 4838 postularat

573 4847 641 4900 ah
680 4846 864 4901 iisdem
900 4850 1115 4917 regibus
1140 4867 1238 4921 pro
1285 4854 1525 4910 llrsicum
1547 4898 1561 4921 ,
1595 4856 1908 4915 T..uriuensi
1939 4863 2151 4931 cpi-co-

573 4953 662 5007 po,
710 4938 980 5004 nimirum,
1020 4951 1079 4995 ut
1117 4943 1232 5011 ejus
1279 4943 1527 5003 Ecclesizc
1574 4951 1861 5006 subtracta:
1902 4953 2165 5021 quasdam

575 5029 840 5096 parochias
896 5031 1305 5089 restituerentur
1357 5036 1537 5107 (Ibid.
1592 5057 1709 5112 epp.
1745 5040 1847 5094 H5
1888 5051 1938 5096 et
1988 5043 2147 5115 H6).

572 5118 943 5177 Controversia
974 5125 1268 5193 praesertim
1310 5137 1427 5181 erat
1466 5130 1533 5183 de
1575 5129 2067 5189 Mauriennensihus
2096 5143 2153 5189 et

571 5211 1006 5279 Segusiensibus;
1062 5229 1198 5284 quas
1244 5232 1365 5272 cum
1419 5230 1734 5289 occupasset
1783 5222 2150 5279 Guntramnus

645 5352 670 5423 ᾗ
700 5343 871 5423 Supra
892 5346 1418 5423 observavimusnon
1446 5352 1692 5423 omnibus
1719 5355 2148 5423 metropolitanis

572 5413 755 5487 datum
802 5414 929 5467 olim
978 5418 1215 5485 pallium.
1268 5420 1451 5487 Neque
1505 5422 1608 5476 illis
1654 5424 1782 5477 solis
1827 5413 2145 5480 concessum

573 5486 763 5559 probat
792 5487 1110 5559 exemplum
1160 5487 1386 5559 Syagrii.
1439 5488 1689 5559 Plurimis
1736 5494 1896 5548 etiam
1950 5494 2146 5550 Sicilia:

571 5552 855 5622 episcopis,
886 5552 980 5607 aut
1007 5552 1353 5622 Syracusanis
1377 5568 1469 5612 aut
1498 5558 1893 5620 Panormitauis
1914 5578 2143 5622 conces-

573 5635 686 5696 sum
706 5620 916 5696 legitur
937 5624 991 5677 in
1019 5620 1357 5693 Cregorianis
1379 5629 1636 5696 epistolis.

647 5688 671 5724 δ
706 5688 834 5743 Vide
864 5690 959 5745 lib.
988 5709 1061 5759 ιι,
1087 5688 1153 5749 ab
1176 5712 1260 5766 ep.
1286 5697 1354 5751 ad
1381 5688 1469 5751 63.

2254 4599 2394 4654 pere,
2422 4582 2543 4651 quia
2571 4582 2625 4633 in
2645 4579 2740 4632 illa
2776 4580 2995 4648 epistola
3037 4589 3137 4634 tua:
3172 4580 3359 4632 mentis
3387 4579 3697 4633 dulcedinem
3723 4593 3811 4630 non

2254 4681 2367 4728 erat
2386 4671 2587 4733 audire,
2614 4670 2705 4724 sed
2732 4686 2958 4724 cernere.
2988 4670 3412 4724 Accendebantnr
3439 4680 3488 4723 et
3517 4669 3810 4723 mirabantur

2255 4764 2465 4834 singuli,
2494 4772 2646 4834 atque
2675 4763 2785 4831 ipse
2814 4762 2950 4832 ignis
2973 4762 3294 4815 audientium
3323 4760 3717 4819 demonstrabat,
3738 4776 3810 4829 qu.

2256 4854 2425 4923 fuerat
2458 4852 2616 4905 ardor
2644 4850 2879 4904 dicentis.
2913 4850 3045 4916 Quae
3083 4865 3215 4904 sane
3258 4866 3505 4918 magnum
3548 4848 3811 4917 deperdita:

2254 4941 2413 5009 hujus
2457 4941 2697 5010 epistolae
2749 4940 3070 4994 desiderium
3119 4949 3398 5006 geneiaut.
3453 4939 3621 4992 Unum
3667 4938 3715 4990 iu
3758 4951 3809 4987 ea

2253 5031 2525 5100 vituperat
2567 5030 2806 5100 pontifex
2856 5028 3181 5082 incredibilis
3229 5028 3573 5089 humilitatis,
3605 5035 3657 5080 et
3683 5024 3809 5077 dolet

2255 5119 2323 5175 ab
2352 5120 2525 5174 amico
2555 5120 2846 5187 scriptum;
2880 5118 3128 5171 nimirum
3154 5118 3310 5171 vitam
3330 5134 3479 5171 suam
3506 5118 3698 5170 cunctis
3714 5130 3811 5168 esse

2253 5212 2575 5266 imitabilem.
2626 5210 2719 5265 His
2756 5218 3083 5281 provocatur
3129 5210 3196 5264 ad
3228 5210 3492 5282 lacrymas
3528 5212 3595 5265 de
3637 5207 3813 5263 amissa

2329 5363 2350 5390 ο
2385 5351 2533 5423 Dicta
2561 5357 2745 5423 postea
2775 5364 2894 5423 cum
2926 5347 3039 5423 ipsa
3079 5346 3217 5423 valle
3246 5348 3305 5423 ὃ.
3330 5346 3568 5423 Joannes
3597 5344 3813 5423 ἁψῖδι)-

2249 5422 2455 5483 rienua,
2487 5414 2967 5495 oblmiraculnruiu
3081 5417 3303 5495 Joannis
3330 5418 3579 5487 Baptista:
3607 5414 3814 5495 celebri-

2251 5500 2413 5546 tatem
2439 5493 2542 5544 huc
2567 5490 2618 5542 in
2643 5490 2786 5555 loco,
2814 5488 2901 5542 ubi
2928 5488 3161 5556 insignes
3180 5488 3299 5556 ejus
3318 5484 3533 5541 exstant
3558 5484 3811 5556 reliquiae;

2248 5562 2316 5615 de
2344 5560 2538 5628 quibus
2567 5558 2688 5615 vide
2715 5554 2875 5627 Greg.
2907 5554 3107 5613 Tuton.
3130 5554 3225 5613 lib.
3269 5573 3287 5613 t
3312 5558 3378 5613 de
3407 5556 3552 5613 Glor.
3589 5554 3739 5609 Mart.
3765 5566 3810 5605 ε.

2253 5629 2322 5685 14
2347 5640 2402 5685 et
2430 5644 2547 5700 seq.
2979 5650 2984 5655 -
