3976 6334
188 295 295 350 49.3

668 289 727 345 S.
771 287 1098 348 GliEGOllll
1139 285 1355 342 MAGNI
1399 284 1582 350 VITA,
1627 283 1711 339 EX
1763 281 1922 340 FJL'S
1950 281 2260 339 SClill‘TIS
2296 282 2695 339 ADORNATA.
2741 284 2867 338 LIB.
2913 283 3002 341 ιν.

3355 287 3459 340 49έί

184 413 383 484 prioris
422 410 546 465 vita:
593 407 976 478 tranquillitate
995 446 1011 470 ,
1055 405 1360 475 adeptoqua
1404 401 1719 473 pontiﬁcatu
1755 419 1767 454 :
1804 404 1850 463 Α
1878 401 2162 454 admiretur
2195 402 2331 470 ipsa,
2352 417 2505 471 quam
2534 401 2638 457 sint
2666 418 2855 474 magna
2883 416 2998 471 qua:
3019 402 3054 471 [ι
3070 400 3157 454 cit.
3185 398 3314 466 Qum
3341 403 3462 457 dum

187 504 350 568 Quasi
392 506 550 570 enim,
593 501 785 570 inquit,
823 515 1066 570 prospero
1113 498 1242 567 ﬂatu
1277 495 1611 568 navigabam,
1662 511 1776 549 cum

178 594 526 664 tranquillam
553 593 710 646 vitam
735 593 788 643 in
819 589 1132 643 monasterio
1162 593 1418 641 ducerem.
1453 585 1561 641 Sed
1580 584 1782 655 procel-

183 687 309 741 losis
339 686 509 740 subito
550 683 772 737 motibus
816 689 1091 750 tempestas
1119 674 1329 742 exorta,
1361 681 1414 734 in
1456 696 1551 733 sua
1579 687 1780 749 pertur-

184 780 396 833 batione
433 795 513 832 me
553 778 744 846 rapuit,
795 784 844 827 et
890 776 1285 844 prosperitatem
1332 774 1534 827 itineris
1576 772 1777 825 amisi:

182 872 306 942 quia
351 876 521 941 quiete
560 870 764 939 perdita
803 867 987 919 utentis
1028 866 1363 936 naufragium
1393 863 1602 934 pertuli.
1643 861 1779 916 Ecce

183 975 324 1013 nunc
365 961 419 1013 in
461 959 616 1012 undis
644 974 845 1017 versor,
878 970 926 1008 et
975 964 1076 1008 tua:
1119 953 1507 1007 intercessionis
1547 953 1780 1004 tabulam

183 1067 385 1123 qurere,
414 1059 471 1103 ut
497 1051 584 1122 qui
615 1050 731 1102 navi
773 1048 976 1117 integra
1001 1047 1137 1100 dives
1167 1045 1429 1115 perrenire
1458 1060 1561 1097 non
1589 1044 1775 1106 merui,

185 1142 375 1196 saltem
404 1152 520 1212 post
541 1141 733 1195 damna
763 1139 834 1193 ad
861 1139 1006 1193 littus
1026 1155 1119 1208 per
1144 1137 1372 1190 tabulam
1394 1135 1614 1190 reducar
1638 1132 1775 1204 (Lib.

184 1248 264 1296 ix,
299 1250 382 1299 ep.
420 1230 566 1300 ηι).

256 1326 320 1381 1η
345 1327 450 1380 ﬁne
478 1325 718 1396 epi,~tol:u
745 1324 1010 1392 signiﬁcat
1038 1323 1256 1376 missum
1288 1319 1355 1374 ad
1387 1319 1686 1374 Leandrum
1710 1333 1777 1372 ex

178 1413 241 1470 8.
285 1416 428 1470 Petri
459 1415 833 1470 benedictione
863 1413 1101 1482 pallium,
1133 1411 1274 1481 quod
1305 1419 1360 1466 et
1389 1412 1621 1482 antiqua:
1649 1427 1780 1466 con-

178 1507 484 1572 suetudini,
514 1514 568 1560 et
597 1506 762 1575 ipsius
790 1505 1040 1575 gravitati
1076 1520 1140 1559 ac
1179 1503 1438 1566 bonitati,
1470 1511 1526 1558 et
1564 1503 1777 1558 Recha-

178 1601 305 1656 redi
337 1602 495 1670 regis,
526 1601 616 1669 qui
657 1599 798 1654 hunc
827 1599 1089 1653 honorem
1137 1612 1238 1652 suo
1281 1596 1332 1650 in
1377 1595 1482 1652 ﬁde
1511 1596 1775 1651 catholica

177 1691 335 1760 patri
376 1699 432 1746 et
468 1691 723 1758 magistro
750 1688 975 1745 concedi
1014 1696 1263 1756 rogarat,
1286 1685 1504 1757 optimis
1537 1685 1778 1741 moribus

172 1780 314 1850 jure
343 1780 639 1836 debebatur
660 1777 798 1849 (Lib.
828 1794 903 1842 is,
943 1795 1026 1848 ep.
1060 1775 1208 1847 122).

259 1893 285 1945 1
299 1893 355 1946 2.
383 1891 440 1947 ιη
463 1892 690 1962 epistola
713 1906 820 1960 qua
843 1900 866 1928 ³
886 1890 1080 1946 litteris
1100 1905 1131 1944 a
1152 1903 1278 1957 rege
1302 1888 1538 1958 acceptis
1555 1903 1782 1958 respon-

178 1984 284 2040 det
316 1983 376 2038 S.
413 1982 722 2051 Gregorius,
767 1998 874 2038 non
924 1983 1104 2037 minus
1147 1981 1324 2036 elucet
1363 1994 1571 2035 summa
1618 1979 1782 2034 animi

177 2074 469 2129 demissio.
500 2073 633 2127 Nam
672 2081 955 2143 postquam
985 2070 1053 2127 de
1075 2071 1352 2128 conversis
1388 2070 1454 2125 ad
1486 2070 1646 2125 ﬁdem
1689 2085 1784 2124 ca-

182 2164 452 2220 tholicam
501 2163 800 2220 Recharedi
851 2180 1016 2233 Opera
1065 2164 1314 2219 omnibus
1365 2162 1587 2231 Gothis,
1637 2166 1784 2232 prius

183 2255 449 2322 Arianis,
498 2256 820 2311 exclamavit
855 2264 1075 2325 stupens
1118 2273 1131 2308 :
1181 2255 1312 2309 Ilwc
1362 2263 1440 2310 est
1493 2256 1784 2310 immutatio

183 2347 428 2402 dextera?
442 2344 641 2402 Ercetsi
671 2346 842 2420 (Psal.
870 2361 1048 2409 LXXVI,
1082 2347 1139 2401 11
1157 2351 1206 2414 );
1230 2345 1407 2400 subdit
1435 2361 1453 2399 :
1477 2346 1624 2417 cujus
1647 2346 1785 2400 enim

180 2439 272 2492 rel
293 2455 514 2493 saxeum
541 2445 714 2508 pectus
744 2446 889 2493 tanto
919 2437 1015 2492 hoc
1042 2453 1194 2508 opere
1222 2438 1446 2507 cognito,
1478 2452 1582 2490 non
1609 2437 1786 2490 statim

181 2527 243 2581 in
267 2528 637 2598 omnipotentis
665 2527 763 2583 Dei
797 2528 1056 2589 laudibus.
1082 2538 1233 2600 atque
1261 2529 1314 2582 in
1345 2537 1445 2582 tua:
1471 2526 1787 2583 excellentia

184 2638 379 2676 amore
408 2621 709 2675 mollescat?
756 2621 886 2676 Htec
930 2638 1028 2682 me,
1059 2623 1245 2690 fateor,
1271 2635 1385 2691 quae
1411 2635 1506 2691 per
1546 2635 1632 2673 vos
1667 2627 1786 2672 acta

185 2721 342 2774 sunt,
367 2728 505 2782 stupe
533 2711 943 2766 convenientibus
969 2712 1096 2781 ﬁliis
1128 2712 1254 2765 nuis
1282 2711 1470 2776 dicere,
1511 2726 1646 2778 sa’pe
1672 2725 1786 2764 cum

185 2805 267 2856 eis
299 2805 504 2871 pariter
523 2803 773 2858 admirari
796 2804 1034 2857 delectat.
1063 2801 1110 2855 Η
1119 2818 1192 2857 are
1214 2818 1294 2856 me
1316 2803 1613 2872 plerumque
1631 2801 1787 2856 etiam

187 2901 384 2947 contra
425 2910 505 2947 me
544 2891 804 2961 excitant,
834 2893 970 2964 quod
1017 2893 1163 2964 piger
1190 2908 1284 2961 ego
1326 2899 1375 2946 et
1420 2892 1619 2944 inutilis
1666 2898 1787 2943 tunc

188 2983 360 3037 inerti
388 2984 494 3037 otio
517 2993 711 3054 torpeo,
743 2983 946 3052 quando
976 2984 1030 3036 in
1059 2985 1354 3036 animarum
1382 2983 1542 3052 283
1568 2995 1784 3052 congre-

193 3074 499 3146 gationibus
542 3092 635 3146 pro
681 3079 824 3130 lucro
853 3076 1071 3129 caelestis
1109 3076 1294 3143 patria:
1321 3089 1466 3145 reges
1494 3073 1782 3127 elaborant.

195 3163 345 3230 Quid
373 3169 549 3238 itaque
576 3182 668 3238 ego
697 3168 750 3220 in
795 3165 888 3220 illo
925 3164 1187 3220 tremendo
1226 3166 1466 3219 examine
1502 3164 1670 3235 judici
1700 3181 1785 3218 ve-

193 3257 366 3314 nienti
395 3256 625 3310 dicturus
652 3273 785 3319 sum,
814 3257 860 3310 si
902 3264 1022 3309 tunc
1067 3255 1190 3309 illuc
1236 3271 1420 3308 vacuus
1467 3271 1668 3314 venero.
1701 3253 1790 3307 ubi

197 3362 287 3402 tua
331 3349 641 3404 excellentia
688 3365 866 3420 greges
914 3357 1030 3417 post
1073 3365 1129 3402 se
1174 3347 1406 3419 ﬁdelium
1451 3347 1620 3412 ducet,
1664 3361 1789 3418 quos

195 3441 354 3495 modo
370 3440 455 3494 “ad
481 3457 615 3496 verte
638 3441 763 3511 ﬁdei
815 3442 1038 3510 gratiam
1087 3457 1180 3507 per
1227 3439 1511 3494 studiosam
1547 3448 1596 3492 et
1624 3440 1791 3495 conti-

194 3547 360 3583 nuam
391 3531 816 3599 praedicationem
848 3530 1006 3582 traxit
1046 3528 1184 3598 (Lib.
1215 3544 1289 3591 ιι,
1316 3545 1398 3598 ep.
1431 3528 1575 3598 “2).

271 3619 473 3673 Postea
502 3624 701 3688 gratias
720 3620 829 3688 agit
852 3635 948 3689 pro
975 3619 1284 3673 muneribus
1304 3619 1462 3686 regiis
1487 3618 1552 3674 ad
1572 3619 1790 3674 beatum

198 3713 422 3765 Petrum
454 3711 630 3766 missis
660 3710 735 3779 (in
766 3711 846 3765 his
875 3719 994 3765 erat
1022 3711 1163 3764 calix
1192 3710 1445 3779 aureus),
1478 3717 1534 3764 et
1560 3711 1794 3766 maxime

198 3804 388 3857 laudat
431 3817 614 3871 regem
658 3803 728 3858 ob
757 3803 1011 3872 rejectam
1053 3803 1324 3874 ingentem
1365 3803 1606 3872 pecuniae
1644 3819 1792 3857 sum-

199 3910 372 3959 mam,
397 3909 560 3963 quam
591 3892 759 3947 Judrei
786 3893 1116 3960 obtulerant,
1144 3903 1204 3947 ut
1233 3893 1406 3960 legem
1433 3900 1623 3948 contra
1650 3893 1812 3962 ipsos.

201 3987 368 4039 latam
412 3987 668 4054 reﬁgeret
700 4004 712 4038 :
744 4001 852 4054 quo
880 3984 1057 4049 facto,
1099 4001 1232 4040 auro
1263 3986 1624 4041 innocentiam
1660 4001 1797 4056 pra:-

200 4078 348 4137 tulit,
379 4085 436 4130 et
475 4076 731 4130 Davidem
759 4076 1042 4132 aemulatus
1061 4085 1163 4140 est,
1192 4076 1300 4131 imo
1328 4077 1622 4145 superavit.
1665 4075 1797 4131 Nam

198 4172 243 4226 si
262 4171 330 4222 ab
357 4178 561 4222 armato
589 4185 708 4239 rege
735 4171 787 4223 in
809 4163 1125 4239 sacriﬁcium
1140 4167 1234 4222 Dei
1256 4185 1401 4223 versa
1422 4178 1499 4223 est
1519 4185 1654 4241 aqua
1674 4185 1800 4223 con-

199 4272 421 4329 tempta,
454 4277 724 4330 pensemus
770 4260 920 4328 quale
963 4259 1276 4329 sacriﬁcium
1318 4260 1658 4327 omnipotenti
1690 4258 1798 4314 Deo

199 4369 298 4405 rex
327 4352 531 4416 obtulit,
550 4352 637 4423 qui
660 4368 753 4422 pro
780 4367 956 4406 amore
976 4352 1116 4405 illius
1146 4367 1249 4406 non
1273 4368 1482 4422 aquam,
1502 4351 1594 4405 sed
1613 4368 1799 4405 aurum

201 4443 446 4510 accipere
486 4443 833 4513 contempsit?
879 4441 1092 4512 Itaque,
1123 4444 1201 4514 ﬁli
1248 4443 1696 4508 excellentissime,
1729 4445 1800 4514 ﬁ-

205 4537 393 4589 denter
420 4535 613 4603 dicam,
639 4537 760 4607 quia
789 4535 962 4590 libasti
984 4553 1167 4590 aurum
1198 4535 1442 4602 Domino,
1465 4537 1601 4607 quod
1619 4546 1802 4591 contra

205 4646 326 4682 eum
349 4628 538 4682 habere
561 4629 794 4682 noluisti.
830 4628 1030 4700 Magna
1055 4641 1174 4684 sunt
1204 4630 1332 4696 haec,
1362 4639 1412 4684 et
1441 4631 1806 4701 omnipotentis

207 4719 312 4774 Dei
344 4719 487 4773 laudi
519 4718 792 4773 tribuenda
824 4718 965 4789 (Lib.
995 4737 1069 4783 ix,
1100 4738 1182 4790 ep.
1216 4720 1329 4792 61).

286 4829 379 4884 15.
422 4829 638 4896 Quanto
666 4831 1039 4899 prmstantiora
1063 4841 1216 4885 erant
1241 4846 1356 4900 quae
1378 4831 1443 4886 de
1466 4831 1651 4901 juveni
1681 4847 1808 4902 rege

209 4922 472 4978 narrabat
502 4922 815 4990 Gregorius,
848 4931 998 4976 tanto
1030 4922 1200 4990 majus
1230 4922 1539 4978 imminebat
1565 4941 1594 4978 a
1617 4941 1808 4995 super-

212 5015 318 5069 bia:
347 5016 538 5084 spiritu
569 5015 888 5083 periculum.
920 5013 1101 5085 Neque
1129 5017 1284 5081 enim,
1313 5014 1499 5082 inquit,
1527 5015 1806 5072 latrunculi

209 5109 268 5162 in
318 5110 404 5162 pia
446 5123 631 5178 capere
674 5110 893 5162 viatores
935 5125 1125 5161 uacuos
1171 5115 1436 5177 expetunt,
1469 5108 1560 5162 sed
1605 5127 1690 5162 eos
1721 5110 1806 5180 qui

209 5201 334 5252 auri
357 5200 566 5253 uascula
610 5182 926 5270 vellargenti
957 5202 1149 5270 ferunt.
1191 5198 1376 5268 Itaque
1405 5208 1592 5254 contra
1631 5200 1806 5255 dolosi

212 5292 392 5346 hostis
425 5291 654 5345 latentes
696 5293 916 5347 insidias
946 5309 1066 5345 eum
1095 5293 1306 5348 eximiis
1341 5293 1560 5350 monitis
1582 5304 1637 5348 et
1665 5311 1802 5365 pra:-

211 5385 392 5453 cr-ptis
431 5385 779 5439 muniemlum
836 5385 1062 5450 putavit.
1108 5386 1259 5454 Swpe
1304 5401 1554 5457 namque,
1606 5386 1803 5453 inquit,

214 5476 482 5547 malignus
509 5477 723 5543 spiritus
751 5484 805 5529 ut
833 5476 971 5532 bona
993 5477 1224 5531 destruat
1243 5478 1426 5549 quibus
1451 5478 1595 5548 prius
1622 5477 1808 5532 aduer-

213 5567 329 5619 sari
357 5583 463 5620 non
508 5566 690 5633 valuit,
733 5567 803 5621 ad
829 5568 1093 5637 operantis
1135 5577 1354 5622 mentem
1401 5577 1517 5638 post
1545 5578 1808 5638 peractam

217 5658 577 5719 Operationem
616 5659 784 5724 venit,
827 5674 1040 5728 eamque
1087 5658 1259 5712 tacitis
1307 5655 1706 5728 cogitationibus
1751 5660 1806 5711 in

221 5747 527 5817 quibusdam
555 5749 660 5802 suis
693 5747 929 5802 laudibus
969 5749 1194 5814 excutit;
1226 5749 1301 5803 ita
1337 5757 1392 5801 ut
1425 5748 1634 5819 decepta
1666 5765 1806 5804 mens

473 5849 746 5902 t'srnoL.
784 5842 887 5900 LX
907 5843 953 5901 Χ
972 5842 1042 5900 ν.

1879 510 1970 558 per
2019 493 2272 547 occultant
2319 503 2565 547 tumorem
2611 494 2751 564 apud
2800 493 3126 563 semetipsum
3176 495 3462 558 extollitur,

1879 583 1991 654 ejus
2013 585 2097 654 qui
2123 584 2313 638 donum
2338 585 2535 652 tribuit,
2570 586 2741 656 gratia
2777 585 3146 652 privatur......
3179 582 3316 649 Quid
3341 603 3464 658 ergo

1878 677 1934 730 in
1955 677 2033 730 Itis
2063 678 2319 748 agendum
2340 686 2436 743 est,
2460 677 2561 731 nisi
2592 687 2648 731 ut
2667 677 2924 747 malignus
2949 676 3159 745 spiritus
3184 694 3300 732 cum
3321 678 3466 733 nobis

1880 769 1948 822 ad
1976 770 2275 823 (levandam
2303 779 2520 822 mentem
2559 769 2756 823 reducit
2783 767 2917 822 bona
2962 783 3076 838 qua:
3122 768 3338 838 egimus,
3370 787 3463 824 nos

1879 876 2078 929 srmper
2108 860 2177 913 ad
2205 862 2506 915 memoriam
2538 862 2677 914 mala
2713 870 2892 915 nostra
2926 876 3218 914 rerocemus
3241 877 3258 914 :
3282 870 3465 929 quate-

1879 967 1976 1003 nus
1997 959 2046 1004 et
2073 961 2253 1004 nostra
2282 967 2650 1022 cognoscamus
2670 968 2781 1006 esse
2806 966 2919 1022 qua:
2946 951 3207 1019 peccando
3230 953 3464 1022 fecimus,

1880 1047 1929 1091 et
1951 1039 2112 1092 solius
2139 1039 2504 1106 omnipotentis
2535 1038 2632 1093 Dei
2661 1057 2896 1094 munera.
2930 1056 3044 1094 cum
3071 1054 3284 1111 peccata
3306 1044 3468 1098 decli-

1881 1147 2068 1188 namus
2087 1136 2118 1199 I?

1954 1218 2057 1274 Pro
2085 1234 2235 1288 accc;
2257 1220 2324 1274 tis
2371 1235 2399 1274 a
2450 1233 2578 1287 rege
2622 1221 2934 1275 muneribus
2980 1237 3162 1277 sacras
3213 1224 3468 1292 reliquias

1880 1308 2126 1380 rependit
2153 1307 2211 1362 8.
2245 1307 2555 1376 Gregorius.
2588 1307 2770 1376 Longe
2792 1310 3052 1378 ampliora
3087 1311 3228 1365 dona
3259 1313 3470 1367 Recha-

1881 1401 2042 1456 retius
2071 1401 2291 1456 miserat
2310 1401 2399 1454 diu
2421 1408 2576 1454 antea
2611 1416 2706 1470 per
2733 1401 2938 1470 legatos
2964 1403 3052 1468 qui
3085 1410 3239 1455 erant
3261 1400 3469 1456 abbates

1879 1507 1947 1546 ea:
1982 1491 2340 1555 monasteriis;
2373 1499 2425 1544 at
2449 1491 2755 1562 quibusdam
2799 1490 3024 1560 scopulis
3071 1508 3232 1560 prope
3277 1489 3472 1546 Massi-

1878 1583 2006 1636 liam
2033 1583 2363 1647 inhterentes,
2406 1584 2491 1636 vix
2518 1598 2640 1636 suas
2682 1591 2957 1649 potuerunt
2997 1583 3204 1636 animas
3255 1581 3473 1638 liberare

1883 1675 2025 1748 (Lib.
2056 1693 2130 1740 Ix,
2161 1694 2245 1746 ep.
2275 1675 2387 1747 6|).
2415 1675 2520 1731 Sed
2555 1675 2623 1730 dc
2652 1673 2978 1742 Gregoriana
3020 1674 3087 1729 ad
3117 1675 3258 1730 hunc
3285 1689 3468 1744 regem

1813 1768 1854 1828 Β
1884 1771 2111 1842 epistola
2141 1771 2306 1835 satis,
2335 1771 2568 1826 maxime
2592 1785 2715 1825 cum
2739 1770 2792 1825 iu
2822 1771 2967 1826 uotis
2995 1771 3061 1825 ad
3110 1770 3311 1842 ipsam,
3355 1771 3472 1842 ejus

1886 1865 2202 1921 excellentia
2231 1863 2657 1920 commendetur.

2496 1973 2724 2029 CAPUT
2763 1974 2848 2030 lll.

1887 2067 2158 2116 Ancon.—-
2185 2065 2227 2116 1.
2256 2066 2525 2127 Gregorius
2565 2073 2825 2127 muratans,
2864 2064 2986 2114 nihil
3027 2067 3232 2116 remittit
3252 2067 3317 2118 de
3359 2079 3474 2116 cura

1949 2128 2351 2198 pastoralia—12..
2365 2126 2687 2198 'V'Cremetnitius
2714 2126 2980 2198 Byzacenaa
3006 2131 3266 2198 provincias
3293 2132 3475 2198 primas

1947 2187 2009 2238 ad
2050 2191 2158 2249 ejus
2196 2191 2439 2250 inriti-iuni
2468 2187 2702 2246 confugit.
2730 2187 2789 2222 —1-
2827 2189 2872 2236 5,
2901 2187 3384 2250 Metropolitanorum
3427 2193 3472 2235 ia

1947 2263 2048 2299 sum
2077 2247 2335 2310 provinciae
2363 2249 2618 2310 episcopos
2641 2251 2914 2297 auctoritas.
2941 2272 3002 2285 --
3020 2247 3075 2296 4.·
3097 2247 3339 2308 Vagames
3363 2252 3477 2298 abs-

1947 2325 2047 2374 que
2071 2309 2436 2374 metroInolitani
2469 2309 2667 2374 licentia
2703 2313 2958 2374 episcorgos
2985 2311 3042 2357 ad
3070 2323 3156 2374 eos
3192 2314 3372 2360 remitti
3394 2314 3475 2370 ju-

1949 2369 2034 2424 bet
2059 2373 2110 2422 8.
2140 2369 2423 2433 Gregorius.
2449 2395 2506 2405 —
2531 2371 2576 2418 5.
2605 2369 2792 2433 Forma
2812 2369 3101 2429 judiciorum
3131 2373 3176 2433 in
3204 2369 3432 2433 epismpo
3462 2411 3474 2424 ,

1949 2387 2034 2424 Del
2059 2387 2110 2422 δ.
2140 2387 2423 2433 Gregorius.
2449 2395 2506 2405 -·
2531 2387 2576 2418 ἱ).
2605 2387 2777 2418 l‘Ol'lllil
2812 2387 3101 2429 jllﬂlClOl‘Uﬂl
3131 2387 3176 2419 Ill
3204 2387 3232 2418 Θ
3259 2387 3432 2431 118(οιιο
3462 2411 3474 2424 ,

1947 2435 1996 2484 in
2021 2435 2427 2483 condemnatione.
2455 2433 2672 2494 episc0pi
2700 2430 3122 2494 Melitensis.:-ti.
3151 2387 3475 2482 Deiensurum

1947 2497 2157 2544 otticium
2199 2509 2288 2543 usu
2319 2493 2498 2556 pantes'
2532 2499 2820 2556 puniuntur.
2839 2519 2902 2528 —
2922 2496 2969 2543 7.
2995 2493 3204 2556 Humilis
3224 2496 3479 2556 responsio

1949 2559 2001 2608 S.
2029 2557 2260 2617 Gregorii
2301 2553 2360 2603 ad
2407 2553 2609 2616 injustas
2645 2553 3042 2617 querelas.—8.
3089 2555 3139 2602 In
3182 2553 3328 2603 variis
3371 2557 3479 2617 ejus

1949 2619 2164 2668 decretis
2186 2623 2366 2678 quanta
2400 2616 2895 2678 eluceatﬁprmlentia.
2913 2641 2977 2651 —
2997 2617 3043 2665 9.
3072 2617 3260 2674 Quanta
3285 2616 3475 2676 eiusde

1950 2677 2572 2728 monachis’sollicitudo.—
2591 2677 2663 2727 10.
2689 2677 2739 2726 8.
2768 2678 3091 2728 Columbanus
3115 2692 3228 2727 eum
3251 2679 3478 2729 consulit.

1951 2744 2066 2794 (An.
2087 2740 2179 2790 598
2204 2749 2252 2789 et
2279 2740 2410 2798 599.)

1962 2843 2014 2898 1.
2044 2841 2159 2896 Etsi
2185 2849 2523 2911 compertum
2569 2840 2832 2894 habemus
2860 2839 2964 2893 huc
2993 2838 3291 2910 praesertim
3333 2855 3480 2894 anno

1887 2935 2209 3003 Gregorium
2248 2932 2458 2988 inﬁrma
2491 2947 2643 2988 usum
2664 2997 2671 3004 ,
2691 2946 2812 2988 esse
2846 2930 3187 3004 valetudine,
3217 2947 3283 2987 ac
3309 2932 3482 3002 poda-

1888 3041 1982 3096 gra
2012 3027 2318 3089 laborasse,
2349 3039 2640 3093 numquam
2671 3032 2850 3077 tamen
2899 3031 3181 3079 strenuum
3208 3037 3269 3078 se
3315 3024 3482 3092 magis

1816 3133 1862 3193 ο
1892 3115 2126 3171 ostendit
2149 3117 2201 3170 in
2234 3115 2590 3185 exsequendis
2616 3128 2736 3185 qua:
2759 3114 2840 3168 sui
2861 3122 3017 3168 erant
3038 3111 3223 3182 otﬁcii,
3244 3113 3322 3168 uti
3351 3130 3482 3184 pro-

1891 3207 2024 3262 bant
2071 3213 2154 3260 tot
2200 3205 2363 3259 variis
2398 3205 2465 3260 de
2496 3205 2725 3273 negotiis
2775 3204 2842 3258 ad
2872 3204 3110 3259 universi
3152 3219 3292 3273 pene
3337 3205 3486 3259 orbis

1892 3294 2179 3351 Christiani
2209 3294 2494 3364 episcopos
2520 3294 2588 3348 ab
2617 3308 2683 3348 eo
2712 3293 2926 3364 scripta:
2955 3293 3198 3362 epistola:
3233 3291 3374 3365 (Lib.
3407 3309 3481 3357 is,

1891 3402 1972 3455 ep.
2002 3383 2099 3438 121
2125 3401 2139 3450 ;
2171 3382 2289 3438 Lib.
2321 3399 2378 3450 ι,
2408 3401 2490 3454 ep.
2515 3381 2606 3456 55)
2642 3401 2655 3436 :
2688 3384 2824 3438 adeo
2853 3391 2911 3437 ut
2936 3383 3214 3454 perpensis
3243 3399 3363 3453 qua:
3385 3401 3486 3455 pro

1893 3473 2134 3530 Ecclesia
2163 3481 2218 3530 et
2241 3473 2517 3543 republica
2560 3472 2725 3541 gessit
2752 3473 2934 3528 dicere
2974 3473 3156 3538 libeat,
3187 3480 3485 3543 mgrotantc

1893 3563 2172 3634 Gregorio,
2197 3579 2365 3633 sempt
2383 3580 2412 3618 r
2433 3563 2662 3618 valuisse
2690 3578 2754 3618 ac
2783 3563 3013 3632 viguisse
3039 3564 3368 3634 pontiﬁcem.

1965 3653 2020 3708 2.
2049 3653 2303 3708 Extrema
2343 3669 2410 3708 ex
2442 3651 2642 3718 Africa,
2668 3654 2922 3707 nimirum
2958 3669 3026 3709 ex
3055 3654 3331 3725 Byzacena
3362 3670 3488 3725 pro-

1894 3747 2069 3801 vincia
2098 3745 2438 3800 Crcmentius
2479 3744 2645 3813 ipsius
2673 3744 2872 3814 primas
2920 3744 2988 3798 ad
3033 3760 3184 3814 papa:
3225 3744 3486 3814 judicium

1898 3835 2118 3890 tandem
2148 3834 2438 3901 confugere
2462 3841 2682 3888 coactus
2711 3841 2814 3887 est.
2839 3831 2886 3888 ls
2914 3832 2982 3888 de
3003 3832 3235 3902 quodam
3259 3833 3487 3889 crimine

1898 3929 2074 3985 fuerat
2098 3934 2419 3991 accusatus,
2450 3934 2506 3980 et
2553 3925 2846 3994 imperator
2873 3939 2995 3979 eum
3031 3923 3184 3993 juxta
3229 3925 3490 3980 canonica

1899 4027 2100 4075 s'atuta
2145 4016 2391 4072 voluerat
2437 4030 2468 4070 a
2499 4015 2744 4070 Romano
2795 4014 3051 4085 pontilice
3092 4013 3356 4084 iudicari,
3397 4017 3491 4071 sed

1900 4109 2216 4165 Theodorus
2261 4107 2517 4176 magister
2564 4106 2812 4171 militum,
2852 4105 3091 4176 acceptis
3138 4105 3326 4160 decem
3375 4106 3490 4161 auri

1900 4199 2068 4265 libris,
2101 4199 2297 4254 obstitit
2326 4205 2381 4251 ut
2406 4197 2617 4251 minime
2645 4196 2811 4266 ﬁeret.
2846 4195 3079 4263 Urgebat
3104 4204 3283 4250 tamen
3307 4194 3492 4264 Augu-

1901 4305 2019 4349 stus
2046 4302 2107 4346 nt
2144 4305 2283 4361 papa
2314 4291 2686 4343 transmitteret
2713 4288 2942 4357 aliquem
2961 4328 2976 4354 ,
3003 4297 3053 4342 et
3078 4288 3326 4358 quidquid
3361 4296 3493 4342 esset

1904 4386 2210 4441 canonicum
2247 4385 2460 4452 faceret.
2493 4381 2831 4436 Crementius
2860 4382 3044 4450 itaque
3081 4395 3113 4435 a
3141 4380 3252 4435 Suis
3274 4381 3495 4449 collegis

1831 4504 1880 4564 ι)
1905 4487 1956 4532 et
1980 4475 2316 4545 coepiscopis
2339 4472 2633 4543 impolitus,
2659 4472 2890 4527 instanie
2911 4472 3124 4527 aliunde
3146 4473 3492 4542 imperatore,

1908 4566 2052 4621 misit
2081 4567 2132 4620 in
2162 4565 2396 4620 Siciliam
2429 4563 2714 4618 Martinum
2738 4563 3119 4619 scholasticum
3145 4564 3210 4618 ad
3230 4563 3492 4619 Joannem

1907 4657 2325 4728 Syracusanum,
2351 4669 2511 4723 quem
2542 4653 2748 4708 sciebat
2776 4652 3037 4723 Gregorio
3060 4653 3416 4721 gratissimum
3441 4663 3498 4709 et

1908 4749 2247 4814 familiarem,
2275 4755 2334 4801 ut
2359 4762 2425 4800 eo
2448 4745 2661 4800 favente
2690 4744 2894 4800 lucilius
2920 4753 3104 4814 posset
3123 4760 3334 4799 summo
3361 4761 3496 4815 pou-

1911 4838 2040 4894 tiﬁci
2069 4838 2352 4906 obrepere.
2386 4835 2747 4890 Proﬁtebatur
2775 4835 2862 4889 hic
2889 4835 3088 4905 primas
3108 4849 3167 4890 se
3187 4835 3497 4905 apostolica:

1912 4927 2025 4984 sedi
2055 4925 2358 4995 subjectum
2389 4940 2536 4988 esse;
2569 4923 2661 4978 sed
2708 4922 2930 4977 dubium
2975 4931 3092 4977 erat
3137 4930 3314 4976 utrum
3363 4939 3498 4994 pure

1915 5038 1983 5076 an
2015 5022 2157 5075 ﬁcte.
2188 5019 2343 5086 Quod
2369 5029 2547 5072 autem
2578 5031 2636 5071 se
2662 5016 2878 5070 dicebat
2897 5016 3010 5070 sedi
3036 5015 3344 5085 apostolica:
3372 5016 3499 5070 sub-

1909 5114 2037 5183 jici,
2089 5115 2133 5166 si
2176 5130 2274 5182 qua
2305 5110 2456 5180 culpa
2503 5114 2556 5163 in
2595 5111 2848 5180 episcopis
2888 5111 3174 5174 invenitur,
3220 5110 3392 5179 inquit
3434 5110 3491 5165 S.

1918 5205 2132 5266 Doctor,
2152 5204 2322 5256 nescio
2344 5203 2457 5272 quis
2477 5203 2522 5254 ei
2540 5203 2805 5271 episcopus
2821 5199 3082 5270 subjectus
3104 5217 3205 5255 non
3230 5203 3315 5256 sit.
3336 5201 3500 5272 (Vide

1915 5295 2006 5350 lib.
2033 5311 2110 5361 ix,
2141 5311 2223 5363 ep.
2259 5291 2373 5361 59.)

1987 5386 2324 5442 Crementius
2365 5383 2593 5455 ejusque
2630 5390 2888 5453 patronus
2923 5383 3183 5438 Martinus
3219 5383 3502 5438 scholasti-

1912 5492 2038 5543 ous,
2084 5483 2145 5530 ut
2197 5474 2601 5546 Byzacenorum
2654 5472 3036 5544 episcoporum
3099 5474 3502 5530 criminatioaes

1911 5570 2118 5625 facilius
2145 5568 2416 5624 diluerent
2444 5575 2499 5621 et
2527 5566 2579 5620 in
2606 5581 2702 5622 eos
2726 5575 3055 5635 regerercnt,
3081 5567 3149 5624 de
3177 5568 3304 5638 ipsis
3325 5568 3502 5623 varias

1911 5659 2159 5729 querelas
2209 5657 2278 5711 ad
2309 5673 2572 5713 sunnunm
2615 5657 2927 5728 pontiﬁcem
2957 5659 3199 5715 detulere
3225 5677 3239 5725 ;
3271 5676 3506 5715 mamma

1912 5750 2054 5821 quod
2084 5766 2150 5806 ex
2184 5747 2289 5804 illis
2317 5748 2480 5818 aliqui
2509 5747 2624 5805 sine
2653 5749 2898 5820 primatis
2926 5750 3007 5806 sui
3039 5750 3282 5820 epistulis
3313 5752 3379 5806 ad
3407 5766 3504 5807 co-

3049 5841 3122 5901 ili
