3976 6302
549 247 653 303 ΔΞΞἹ

1012 241 1071 297 S.
1114 238 1441 296 CRECORII
1484 238 1693 294 MAGNI
1739 237 1913 303 \‘l'l‘A,
1960 234 2048 289 EX
2094 232 2252 290 EJUS
2288 232 2595 289 SCRIPTIS
2635 232 3031 289 ADORNATA.
3077 234 3204 288 LIB.
3250 234 3337 297 IV.

3715 237 3830 290 49.3

545 360 792 415 mitatnm
823 358 1050 430 profecti
1078 364 1277 421 essent,
1307 366 1363 412 et
1406 363 1706 411 conventus
1752 354 1968 408 illicitos
1996 352 2132 406 cele-
2159 355 2203 412 Α
2237 351 2566 419 instituerat,
2597 368 2756 422 quam
2807 353 3160 422 perscriptum
3210 353 3277 408 ad
3309 368 3578 408 summum
3609 354 3839 423 pontiﬁ-

547 455 786 510 brarent.
830 451 889 506 ld
924 452 1147 505 minime
1188 451 1288 505 sibi
1320 449 1534 519 probari
1580 448 1904 516 signiﬁcavit
1931 445 2135 510 Grego-

550 546 679 609 rius,
730 552 789 597 at
841 543 897 596 in
950 543 1054 597 hoc
1110 540 1325 608 negotio
1374 539 1697 594 sententiam
1746 537 1887 592 ferre
1913 538 2132 591 noluit:

552 632 709 699 Quia,
762 632 956 703 inquit,
1010 647 1289 684 causarum
1333 630 1479 701 origo
1533 630 1611 684 vel
1662 629 1887 701 qualitas
1926 631 2136 683 omnino

549 724 694 778 nobis
718 724 898 793 ignota
921 730 1027 785 est,
1064 731 1090 757 ει
1122 721 1465 789 pronuntiare
1500 721 1698 783 aliquid
1743 721 2003 791 definitive
2030 737 2135 785 non

548 830 852 882 possumus;
880 827 966 878 ne,
992 811 1133 882 quod
1161 811 1566 881 reprehensibile
1594 813 1747 866 nimis
1775 821 1870 878 est,
1894 812 1959 865 de
1986 811 2134 866 rebus

548 920 651 958 non
682 903 808 957 bene
834 902 1055 972 cognitis
1101 903 1337 971 proferre
1363 904 1674 956 sententiam
1702 902 1967 956 videamur
1992 900 2131 972 (Lib.

550 1006 620 1053 vi,
647 1008 731 1062 ep.
760 988 875 1061 58).
903 988 1137 1058 Scripsit
1175 1004 1305 1045 vero
1333 988 1402 1044 ad
1422 987 1684 1045 Joannem
1714 990 2132 1060 Syracusanum,

546 1081 714 1149 ipsius
761 1080 984 1135 arbitrio
1031 1080 1355 1150 permissum
1402 1095 1467 1135 ea
1512 1080 1580 1134 de
1626 1096 1686 1135 re
1728 1080 1961 1149 colloqui
2010 1095 2132 1135 cum

552 1171 800 1236 blartino.
830 1179 887 1226 et
920 1171 1049 1241 quid
1091 1169 1235 1224 facto
1262 1177 1409 1225 esset
1437 1185 1574 1240 opus
1609 1170 1871 1239 judicare.
1902 1168 2131 1224 Causam

546 1262 842 1319 Crementii
893 1269 1081 1333 postea
1143 1260 1198 1315 in
1248 1260 1453 1332 synodo
1503 1259 1795 1331 Byzacenae
1843 1259 2133 1328 provinciae

549 1356 805 1425 agitatam
834 1368 934 1410 nos
963 1353 1123 1409 docet
1154 1351 1380 1423 epistola
1410 1350 1480 1406 52
1503 1351 1624 1407 libri
1654 1367 1761 1418 xu,
1793 1349 1859 1405 ad
1887 1349 2132 1405 eamdem

547 1450 810 1519 synodum
836 1448 1057 1518 scripta.

615 1544 671 1600 5.
703 1542 783 1597 Ex
811 1542 1031 1613 querela
1055 1538 1348 1594 Crementii
1376 1538 1444 1594 de
1473 1552 1585 1592 sua:
1607 1536 1897 1607 provincia:
1921 1536 2134 1604 episco-

548 1638 630 1703 iis
671 1635 789 1689 sine
831 1647 930 1689 sua
974 1632 1189 1687 licentia
1219 1639 1276 1685 et
1322 1630 1516 1685 litteris
1560 1628 2020 1685 commendatitiis
2062 1628 2132 1681 ad

2238 458 2355 497 cem
2408 445 2627 500 miserat
2678 454 2889 514 postea.
2938 445 3055 512 Qua
3106 445 3243 500 lecta
3299 444 3591 513 Gregorius
3633 444 3839 502 Joanni

2238 535 2514 604 rescripsit
2538 553 2550 588 :
2582 536 2718 600 Quia
2747 539 2881 591 tanti
2906 538 3159 607 facinoris
3184 538 3313 592 ultio
3344 537 3490 591 nulla
3517 536 3665 591 debet
3698 538 3841 592 dila-

2239 625 2377 679 tione
2405 625 2628 694 differri,
2681 628 2985 699 fraternitas
3034 636 3203 682 vestra
3253 636 3355 682 tres
3402 628 3481 683 vel
3522 639 3748 700 quatuor
3774 630 3838 683 de

2239 717 2486 788 fratribus
2516 735 2577 772 ac
2606 721 3064 775 consacerdotibns
3092 721 3289 776 nostris
3318 717 3419 775 sibi
3458 719 3739 786 adhibeat,
3781 734 3837 776 ut

2235 806 2363 875 ipsis
2405 823 2603 879 quoque
2632 808 2975 878 prwsentibus
3001 810 3256 878 prccdicta
3294 826 3358 862 ac
3400 810 3674 880 satisfacta
3704 810 3835 863 neri-

2237 904 2360 961 tate,
2393 898 2697 966 pra'dictum
2727 896 2984 951 Lucillum
3014 899 3079 953 de
3098 900 3422 969 episcopatus
3445 898 3645 963 ordine,
3679 915 3833 971 quem

2238 988 2590 1058 hujuscemodi
2619 990 2829 1043 sceleris
2857 993 3100 1062 ctintagio
3147 991 3456 1057 maculavit,
3487 992 3695 1047 studeat
3721 994 3835 1047 sine

2236 1076 2571 1147 ambiguitate
2598 1079 2854 1148 deponere
2884 1078 3025 1152 (Lib.
3056 1097 3141 1146 is,
3171 1098 3253 1150 ep.
3286 1081 3400 1151 6⁸5).
3432 1081 3687 1138 Criminis
3712 1085 3831 1152 epi-

2234 1170 2387 1238 scopi
2416 1171 2619 1225 conscii
2661 1180 2717 1226 et
2757 1171 3045 1241 participes
3080 1188 3202 1228 esse
3247 1172 3573 1230 dicebantur
3610 1175 3830 1245 quidam

2234 1260 2350 1316 sive
2377 1259 2591 1316 diaconi
2622 1263 2737 1317 sive
2779 1264 3110 1335 presbyteri;
3142 1280 3301 1335 quos,
3337 1266 3612 1335 praemissa
3642 1267 3829 1323 sedula

2234 1351 2577 1421 indagatione
2617 1356 2661 1409 si
2701 1356 2779 1409 rei
2808 1356 3178 1425 reperiai.tur,
3205 1358 3322 1413 vult
3351 1357 3592 1426 pontifex
3631 1361 3700 1413 ab
3728 1360 3830 1413 hoc

2235 1442 2386 1498 noris
2411 1445 2496 1499 sui
2526 1445 2693 1514 gradu
2724 1448 2878 1512 dejici
2898 1488 2913 1511 ,
2947 1456 3002 1502 et
3041 1448 3092 1503 in
3137 1449 3465 1505 monasteria
3497 1450 3827 1519 paenitentia:

2235 1549 2395 1589 causa
2432 1536 2665 1592 detrudi.
2692 1538 2844 1603 Quod
2872 1549 3079 1608 spectat
3110 1541 3177 1595 ad
3207 1541 3397 1609 laicos,
3428 1540 3674 1609 ejusdem
3703 1558 3829 1612 pec-

2234 1626 2340 1679 cati
2388 1627 2650 1682 societate
2694 1629 3010 1689 maculatos.
3043 1630 3286 1686 decernit
3327 1647 3453 1697 eos,
3479 1634 3567 1703 qui
3605 1634 3683 1686 rei
3718 1649 3824 1687 esse

545 1726 883 1789 tiomitatum,
916 1723 1021 1778 hoc
1049 1731 1133 1778 est
1160 1720 1226 1775 ad
1260 1720 1437 1776 aulam
1468 1719 1752 1789 profectis,
1783 1718 1941 1774 datur
1965 1718 2126 1774 intel-
2161 1735 2208 1792 Β
2234 1718 2535 1786 claruerint,
2572 1718 2834 1775 Dominici
2863 1726 3106 1791 corporis
3136 1738 3199 1777 ac
3233 1723 3509 1793 sanguinis
3538 1724 3826 1793 particip~:-

546 1817 636 1884 ligi
659 1822 923 1887 quantum
954 1822 1080 1868 tunc
1109 1828 1141 1867 a
1169 1812 1280 1867 suis
1308 1810 1741 1879 metropolitanis
1769 1819 1863 1864 aut
1891 1810 2134 1880 primati-

545 1908 643 1963 bus
668 1904 972 1977 penderent
997 1918 1186 1958 eorum
1214 1901 1558 1970 suﬁraganei.
1598 1900 1742 1955 ldem
1779 1901 2039 1971 probatur
2064 1915 2133 1955 ex

544 1998 648 2053 alia
676 1996 733 2053 S.
762 1994 1008 2066 Gregorii
1047 1993 1275 2064 epistola
1304 1992 1566 2047 Sardiniae
1606 1992 1874 2062 episc0pis
1903 1992 2129 2059 directa,

543 2106 650 2159 qua
677 2090 851 2161 arguit
876 2097 989 2144 tum
1019 2103 1114 2143 eos
1157 2086 1249 2157 qui
1290 2086 1431 2141 diem
1462 2086 1728 2155 paschalis
1758 2084 2059 2140 festivitatis
2102 2100 2133 2139 a

544 2199 643 2239 suo
684 2181 1024 2251 Metropolita
1065 2196 1174 2235 non
1216 2178 1579 2248 dignabantur
1626 2178 1926 2241 addiscere,
1972 2180 2135 2249 239

548 2285 659 2328 tum
691 2272 815 2327 illos
850 2270 942 2341 qui
983 2286 1082 2339 pro
1110 2268 1511 2335 emergentibus
1537 2266 1791 2323 Ecclesia:
1816 2283 1929 2322 sua:
1957 2269 2135 2323 causis

546 2364 899 2419 transmarina
927 2371 1197 2433 petentes,
1225 2361 1341 2417 sine
1386 2361 1470 2416 sui
1513 2359 1913 2429 metropolitani
1950 2363 2132 2432 cogni-

547 2458 685 2511 tione
725 2454 808 2509 vel
848 2453 1109 2524 epistolis,
1140 2452 1280 2507 sicut
1325 2467 1591 2506 canonum
1638 2450 1771 2505 ordo
1821 2449 2132 2515 constituit,

546 2546 816 2601 audebant
841 2542 1135 2599 ambulare.
1171 2541 1461 2597 Hortamur
1484 2556 1628 2611 ergo,
1662 2539 1854 2608 inquit,
1887 2540 2134 2611 fraterni-

545 2645 701 2691 tatem
746 2642 1001 2699 vestram,
1040 2642 1095 2687 ut
1141 2633 1408 2703 antiquam
1451 2630 1804 2685 Ecclesiarum
1847 2638 2131 2683 vestrarum

543 2727 963 2783 consuetudinem
1006 2733 1336 2795 exsequentes
1356 2761 1370 2786 ,
1405 2732 1510 2774 tam
1539 2721 1603 2775 de
1636 2721 1965 2787 suscipienda
1996 2719 2133 2773 Pas-

542 2820 682 2874 chali
718 2818 1138 2881 denuntiatione,
1168 2830 1323 2884 quam
1362 2813 1566 2867 etiamsi
1596 2813 1867 2882 quemdam
1908 2823 2131 2866 vestrum

542 2928 635 2981 pro
685 2911 855 2964 causis
901 2908 1127 2980 prapriis
1181 2904 1467 2974 ubicunque
1512 2904 1816 2974 compulerit
1861 2902 2132 2956 ambulare

544 3003 852 3065 necessitas,
886 2999 951 3053 ab
990 2998 1168 3053 eodem
1197 2996 1591 3065 metropolitano
1636 3004 1801 3048 vestro
1849 2993 2130 3047 secundum

2232 1811 2383 1866 tione
2412 1812 2720 1880 privandos,
2755 1812 2969 1869 indictis
3009 1814 3229 1885 insuper
3269 1815 3468 1869 litaniis
3496 1824 3547 1870 et
3572 1817 3823 1871 orationi-

2233 1903 2346 1955 bus.
2382 1901 2407 1938 ι)
2442 1900 2680 1971 Tempus
2705 1901 2868 1972 hujus
2908 1904 3239 1977 pmnitentia:
3276 1903 3638 1959 deﬁniendum
3669 1906 3826 1960 relin-

2232 1992 2349 2057 quit
2374 1991 2598 2047 Joannis
2646 1993 2901 2057 arbitrio;
2943 2010 3101 2064 quem
3130 1996 3388 2049 admonet
3431 1995 3742 2065 providere,
3771 2004 3825 2049 ut

2237 2084 2303 2138 iis
2354 2084 2446 2152 qui
2496 2085 2685 2139 mortis
2738 2098 3063 2154 urgerentur
3118 2086 3358 2157 periculo
3415 2086 3670 2141 viaticum
3721 2101 3824 2142 non

2240 2183 2486 2242 negetur.
2542 2172 2598 2228 ln
2649 2175 2827 2230 locum
2872 2176 3067 2246 dejecti
3115 2176 3352 2246 episcopi
3401 2192 3524 2232 cum
3571 2176 3826 2232 suffectus

2233 2275 2378 2320 e~set
2406 2265 2670 2333 Trajanus
2699 2268 2865 2325 abbas
2890 2268 3201 2322 monasterii
3233 2268 3580 2338 Syracusani,
3609 2266 3672 2322 S.
3697 2265 3827 2321 Gre-

2232 2356 2418 2424 gorius
2465 2357 2718 2425 praecepit
2768 2357 2869 2427 ipsi
2922 2358 3133 2413 restitui
3164 2373 3194 2411 a
3236 2356 3444 2412 Lucillo
3481 2367 3538 2411 et
3585 2373 3616 2412 a
3670 2355 3825 2411 Petro

2233 2446 2352 2516 ejus
2385 2445 2492 2501 ﬁlio
2521 2462 2609 2502 res
2649 2446 2901 2503 Ecclesiae
2948 2447 3241 2504 Melitensis
3279 2448 3435 2518 cujus
3481 2448 3825 2518 deprmdator

2233 2536 2289 2592 fu
2310 2541 2411 2590 ‘rat'
2438 2538 2739 2607 ﬂagitiosus
2786 2538 2875 2595 hic
2920 2539 3237 2609 episcopus,
3270 2556 3376 2593 non
3406 2546 3587 2595 rector
3613 2548 3717 2593 aut
3743 2554 3830 2608 pa-

2235 2640 2315 2685 ter
2340 2629 2480 2702 (Lib.
2511 2648 2569 2699 Χ,
2599 2648 2681 2703 ep.
2714 2631 2788 2702 l).
2817 2632 2975 2686 Petiit
2998 2648 3168 2687 novus
3196 2632 3484 2701 episcopus
3509 2640 3570 2685 ut
3590 2641 3826 2700 quatuor

2236 2732 2333 2775 aut
2357 2721 2598 2791 quinque
2636 2722 2930 2776 monachos
2968 2737 2999 2777 e
3038 2738 3137 2776 suo
3182 2722 3510 2777 monasterio
3558 2737 3831 2777 assumere

2232 2814 2334 2869 sibi
2367 2814 2551 2869 liceret
2581 2856 2596 2881 ,
2627 2830 2764 2884 quos
2806 2815 3084 2883 adjutores
3113 2822 3168 2869 et
3194 2814 3535 2869 convictores
3580 2814 3827 2880 haberet;

2236 2904 2381 2975 quod
2405 2906 2505 2959 etsi
2532 2921 2747 2975 aequum
2769 2906 3092 2975 jndicaveiit
3119 2905 3551 2977 sapientissimus
3571 2907 3828 2977 pontilcx,

2237 3005 2416 3051 tamen
2461 2997 2579 3051 illos
2637 2998 2937 3053 concedere
2982 2998 3199 3068 propria
3246 2998 3574 3054 auctoritate
3622 2999 3827 3061 noluit;

544 3095 793 3148 indictum
819 3089 959 3145 vobis
986 3087 1221 3158 regulam
1251 3094 1420 3155 petere
1457 3086 1718 3139 licentiam
1748 3084 2004 3147 debeatis,
2035 3100 2129 3137 nec
2159 3104 2203 3161 ρ
2232 3088 2329 3143 sed
2373 3089 2425 3142 id
2473 3087 2695 3144 Joannis
2743 3089 2994 3159 permisit
3035 3088 3297 3157 arbitrio,
3329 3104 3399 3144 ne
3432 3088 3555 3159 jura
3598 3090 3829 3160 episcOpi

543 3201 660 3239 eum
685 3192 990 3253 postponere
1007 3182 1062 3234 in
1087 3179 1261 3249 aliquo
1281 3179 1642 3247 prazsumatis;
1674 3188 1885 3247 excepto
1906 3180 1972 3243 si,
1995 3179 2133 3248 quod

545 3288 650 3327 non
676 3278 933 3339 Optamus,
964 3276 1146 3320 contra
1173 3265 1407 3319 eumdem
1435 3265 1883 3334 metropolitanum
1911 3276 2134 3320 vestrum

545 3362 733 3417 habere
771 3376 860 3414 vos
908 3356 1104 3427 aliquid
1133 3371 1305 3408 causw
1348 3356 1645 3424 contingat,
1679 3365 1733 3407 ut
1769 3354 1831 3409 ob
1860 3356 1956 3410 hoc
1995 3358 2133 3411 sedis

544 3455 843 3527 apostolica:
859 3450 1116 3522 judicium
1146 3448 1423 3519 requiratis
1454 3445 1593 3519 (Lib.
1628 3463 1701 3511 ιχ,
1725 3463 1806 3516 ep.
1837 3445 1916 3517 8).

614 3552 670 3606 4.
720 3551 899 3618 Vagos
951 3548 1236 3617 episcopos
1284 3544 1717 3614 metropolitanis
1764 3543 2134 3600 inobedientes

549 3644 677 3716 ipsis
694 3642 845 3699 reddi
871 3638 1242 3713 praecipiebat,
1275 3646 1334 3691 ut
1360 3635 1535 3704 dignis
1557 3632 1903 3689 afﬁcerentur
1936 3635 2126 3704 pinnis.

549 3734 701 3791 Unde
727 3732 914 3788 scribit
939 3727 1166 3800 Syagrio
1189 3725 1533 3780 Theodorum
1576 3723 1885 3792 quemdam,
1917 3724 2130 3793 episco-

545 3840 672 3896 pum
718 3824 948 3878 dimcesis
1000 3816 1447 3883 Mediolanensis,
1479 3814 1570 3885 qui
1612 3814 1942 3884 disciplinam
1984 3813 2131 3868 Con-

542 3914 729 3970 stantii
768 3908 1161 3983 archiepiscopi
1205 3907 1450 3962 devitans
1480 3904 1794 3959 morabatur
1836 3904 1889 3959 in
1934 3902 2128 3970 Gallia,

544 4004 949 4074 diligentissime
999 3998 1380 4070 requirenlum
1432 4004 1489 4051 et
1535 3995 1602 4049 ad
1653 3995 2131 4066 metropolitanum

544 4109 701 4150 suum
729 4090 1116 4148 reducendum.
1137 4087 1298 4142 Jubet
1318 4086 1505 4141 eadem
1530 4085 1581 4138 in
1612 4084 1840 4154 epistola
1864 4085 2128 4140 Mcnatem

545 4198 761 4255 quoque
780 4182 1113 4252 episcopum,
1142 4179 1205 4232 de
1232 4176 1437 4232 dioecesi
1472 4174 1723 4230 Romana:
1751 4174 2019 4239 Ecclesia,
2043 4176 2131 4231 cui

545 4277 890 4346 episcopatus
930 4286 1127 4326 nomen
1163 4284 1270 4322 non
1320 4266 1551 4335 amplius
1589 4268 1643 4320 in
1684 4267 1881 4321 honore
1918 4276 2054 4333 erat,
2100 4284 2131 4322 e

547 4365 735 4420 Galliis
762 4363 911 4434 pelli,
945 4370 1001 4416 et
1029 4360 1255 4415 Romam
1284 4359 1605 4424 transmitti;
1636 4367 1690 4411 ut
1719 4360 1813 4412 sub
1838 4376 1899 4412 ea
1922 4377 2022 4429 qua
2050 4360 2130 4414 di-

546 4471 703 4527 gnum
749 4463 862 4508 erat
906 4452 1229 4508 observantia
1266 4452 1577 4521 refrenatus,
1626 4450 1901 4505 saeculares
1937 4468 2129 4518 mores,
2164 4481 2210 4540 υ

546 4548 616 4601 nd
636 4544 1011 4603 sacerdotalem
1029 4542 1256 4598 studeret
1284 4549 1578 4595 convertere
1598 4542 1904 4611 gravitatem
1934 4542 2124 4614 (Ibid,

546 4659 630 4710 ep.
663 4638 810 4711 H3).

615 4729 671 4785 5.
702 4728 895 4785 Forma
921 4726 1243 4796 iudiciorum
1272 4724 1324 4780 in
1356 4724 1643 4797 episcopos
1686 4740 1832 4794 reos,
1864 4726 2126 4783 describi-

547 4832 633 4877 tur
661 4820 715 4875 in
740 4817 966 4889 epistola
989 4818 1053 4871 ad
1075 4817 1338 4872 Joannem
1370 4814 1679 4886 episcopum
1704 4815 2122 4885 Syracusanum.

544 4915 825 4969 Commota
853 4909 1072 4980 querela
1091 4908 1348 4964 adversus
1368 4906 1652 4973 Lucillum,
1672 4906 1867 4961 Melitae
1894 4908 2127 4964 civitatis

543 5004 855 5075 episcopum
876 5040 892 5067 ,
920 4999 1154 5054 Joannes
1182 4997 1583 5067 inquisitionem
1613 4996 1681 5053 de
1710 4997 1877 5067 ipsius
1905 4999 2127 5053 crimine

615 5173 640 5200 ἰ
666 5160 868 5218 Eadem
900 5160 1183 5231 prudentia
1212 5160 1392 5215 elucet
1420 5159 1472 5213 in
1492 5174 1589 5231 ep.
1622 5157 1692 5210 29
1714 5159 1825 5231 lib.
1854 5174 1909 5224 x,
1941 5159 2029 5231 ubi
2059 5158 2126 5213 de

542 5248 701 5288 causa
732 5228 975 5301 Pompilii
997 5231 1235 5301 episcopi
1263 5232 1458 5298 agitur.
1489 5228 1545 5282 ln
1572 5245 1636 5284 ea
1674 5229 1885 5301 videtur
1909 5230 2127 5301 minime

544 5307 774 5369 probare
797 5300 1189 5357 confessionem
1217 5300 1454 5354 criminis
1487 5300 1766 5353 tormentis
1789 5300 2120 5361 extorqueri.

545 5372 707 5436 lla'c,
763 5373 970 5442 inquit,
1020 5381 1161 5442 gesta
1212 5387 1323 5424 esse
1368 5378 1606 5439 poterant
1660 5370 1730 5422 ad
1775 5369 2122 5439 definiendum

544 5444 752 5507 idonea,
781 5444 825 5498 si
850 5444 1077 5495 accusati
1116 5458 1177 5494 ea
1224 5442 1480 5507 confessio
1507 5451 1838 5509 sequeretur;
1872 5442 1914 5494 si
1952 5451 2123 5493 tamen

459 5520 479 5539 ’
541 5515 774 5565 canalem
812 5514 1184 5582 confessionem
1225 5511 1481 5563 θρίω-[ηαδ
1511 5513 1766 5564 examinis
1802 5527 1867 5564 ea:
1912 5511 2125 5563 occultis

544 5585 770 5645 eliceret,
804 5592 853 5635 et
894 5598 996 5635 non
1035 5584 1253 5649 afflictio
1301 5583 1564 5634 vehemens
1613 5590 1963 5651 extorqueret,
2012 5597 2125 5649 qua:

544 5658 835 5721 fr'qnenter
873 5653 967 5703 hoc
1013 5654 1149 5720 agit,
1195 5662 1249 5701 ut
1299 5653 1478 5703 noxios
1521 5667 1630 5703 sese
1676 5653 1830 5720 fateri
1871 5662 2126 5722 rogantur

547 5726 695 5775 etiam
725 5723 946 5775 innoxii.

2239 3179 2486 3233 minuere
2514 3178 2810 3234 videretur.

2306 3272 2358 3330 6.
2392 3272 2506 3328 lloe
2557 3274 2673 3343 ipso
2721 3289 2867 3328 anno
2922 3273 3212 3343 arquissimi
3269 3272 3540 3343 pontiﬁcis
3594 3273 3827 3328 vindicta

2235 3365 2435 3444 exarsit
2468 3366 2518 3419 in
2550 3380 2643 3421 eos
2688 3365 2779 3434 qui
2810 3365 3162 3420 defensorum
3210 3379 3405 3419 nomen
3434 3373 3491 3420 et
3533 3366 3829 3444 auctorita-

2235 3436 2638 3512 tem‘asciscere
2668 3455 2767 3510 sibi
2806 3454 3079 3510 audebant
3116 3455 3168 3509 in
3199 3453 3404 3510 Sicilia.
3437 3454 3515 3511 De
3555 3455 3627 3511 iis
3643 3436 3829 3525 inqui-

2237 3546 2418 3601 rendis
2446 3555 2502 3600 et
2531 3545 2845 3601 coercendis
2869 3545 2937 3599 ad
2976 3544 3285 3599 Romanum
3324 3544 3671 3601 defensorem
3700 3547 3829 3602 scri-

2235 3638 2361 3708 psit.
2383 3637 2519 3704 Quia
2540 3652 2670 3692 vero
2695 3653 2836 3692 unus
2858 3653 2921 3689 ex
2948 3638 3051 3693 illis
3065 3636 3360 3693 Martiauus
3380 3638 3621 3703 nomine,
3637 3637 3825 3695 Joanni

2236 3731 2493 3800 episcopo
2520 3730 2829 3799 patrimonii
2858 3728 3085 3785 Romani
3107 3744 3293 3784 curam
3322 3738 3546 3799 gerente
3572 3731 3825 3786 obedien-

2235 3822 2365 3876 tiam
2396 3821 2654 3876 exhibere
2685 3821 2985 3891 distulerat,
3017 3832 3397 3877 contumacem
3431 3832 3454 3861 ε
3483 3822 3537 3877 in
3574 3823 3824 3878 exsilium

2237 3913 2509 3985 deportari
2546 3912 2722 3981 jubet.

2308 4005 2362 4060 7.
2394 4005 2495 4072 Qui
2535 4004 2785 4059 inﬂexam
2817 4011 3165 4076 erectamque
3192 4013 3427 4061 mentem
3457 4005 3511 4060 in
3540 4005 3631 4062 his
3656 4009 3821 4062 omni-

2236 4096 2335 4151 bus
2356 4095 2571 4165 jnilieiis
2593 4094 2910 4150 exercendis
2936 4094 3192 4164 ostendit,
3216 4110 3380 4167 quam
3403 4094 3624 4151 demissi
3648 4106 3817 4152 tamen

2235 4194 2381 4242 esset
2424 4186 2588 4240 animi
2636 4186 2904 4255 probavit,
2952 4185 3184 4240 maxime
3225 4183 3603 4256 respondendo
3633 4184 3816 4241 Joanni

2236 4276 2575 4349 Syracusano
2606 4276 2715 4345 jam
2746 4290 2891 4345 sepe
2938 4284 3365 4330 commemorato
3390 4317 3408 4344 ,
3439 4275 3506 4330 de
3550 4276 3816 4331 nonnullis

2235 4367 2469 4436 querelis
2494 4375 2681 4422 contra
2721 4381 2799 4430 se,
2828 4375 2887 4421 ut
2915 4382 2944 4421 a
2972 4366 3182 4421 Joanne
3228 4366 3506 4429 audierat,
3540 4367 3815 4435 publicatis

2238 4458 2376 4533 (Lib.
2400 4475 2474 4524 1x,
2506 4475 2589 4529 ep.
2622 4457 2733 4529 12).
2765 4457 2822 4511 In
2848 4458 3159 4513 ordinandis
3186 4458 3510 4527 quibusdam
3538 4460 3727 4514 ritibus
3752 4461 3813 4513 ad

2237 4550 2455 4604 missam
2504 4547 2923 4618 pertinentibus,
2972 4547 3293 4617 Gregorium
3340 4550 3812 4605 consuetudinibus

2238 4640 2492 4697 Ecclesiae
2521 4639 3133 4709 Constantinopolitanu:
3179 4639 3491 4695 obsecutum
3524 4656 3646 4697 esse
3681 4654 3811 4709 :rgie

2234 4735 2498 4800 ferebant,
2521 4733 2613 4802 qui
2633 4732 2765 4787 falso
2795 4748 2893 4801 pro
2916 4732 3154 4787 Ecclesia
3182 4732 3421 4787 Romana
3444 4733 3561 4788 zelo
3589 4732 3805 4804 abrepti,

2233 4825 2349 4895 ejus
2377 4825 2641 4879 honorem
2690 4823 2950 4877 mutuatis
2993 4823 3059 4877 ab
3111 4822 3351 4878 inferiori
3400 4823 3635 4879 Ecclesia
3665 4840 3806 4879 cere-

2233 4915 2426 4971 moniis
2469 4915 2654 4969 laesum
2684 4914 3068 4972 causabantur.
3101 4913 3181 4969 Ad
3209 4914 3326 4969 hmc
3353 4915 3645 4985 reSpondet
3673 4914 3805 4969 Pon-

2232 5006 2361 5062 tifex
2402 5007 2705 5062 humilitate
2736 5023 2894 5079 quam
2939 5005 3202 5078 dignitate
3248 5008 3607 5078 prasstantior,
3642 5009 3802 5081 primo

2304 5158 2331 5197 δ
2362 5159 2437 5214 De
2465 5157 3025 5229 excommunicatione
3065 5158 3338 5229 episcopi,
3378 5160 3799 5229 presbyterorum

2230 5238 2286 5283 et
2312 5229 2664 5283 diaconorum
2704 5229 2869 5299 nulla”
2892 5227 2951 5282 ﬁt
2978 5229 3212 5294 mentio,
3244 5227 3396 5299 Quia
3420 5227 3639 5285 suorum
3685 5245 3799 5297 gra-

2230 5300 2393 5354 duum
2426 5300 2725 5369 privatione
2755 5297 3085 5353 sufﬁcientes
3114 5297 3302 5367 pinnas
3340 5299 3561 5355 dabant.
3590 5299 3800 5366 Quando

2232 5368 2455 5441 aderant
2504 5369 2826 5441 sufﬁcientia
2883 5368 3124 5441 criminis
3174 5369 3368 5423 indicia
3398 5408 3414 5432 ,
3472 5374 3799 5441 presbytero;

2234 5440 2477 5509 aliosque
2505 5439 2733 5509 clericos
2771 5439 2821 5492 in
2872 5439 3163 5492 districtum
3186 5438 3485 5493 custodiam,
3500 5438 3688 5509 conjici
3715 5438 3797 5507 ju-

2234 5510 2395 5563 behat
2422 5508 2480 5563 S.
2507 5508 2771 5562 Pm.tilcx.
2804 5509 2934 5563 Vide
2959 5509 3050 5563 lib.
3080 5526 3134 5577 x,
3164 5524 3255 5578 ep.
3279 5509 3331 5563 4.

2310 5595 2330 5617 ε
2368 5580 2494 5633 Vide
2518 5579 2609 5633 lib.
2644 5596 2694 5633 χι
2727 5578 2823 5648 Ep.
2857 5578 2944 5651 7t,
2973 5589 3027 5651 et
3050 5581 3147 5651 lib.
3182 5596 3272 5634 xm
3298 5597 3385 5651 ep.
3421 5580 3507 5639 45.
3540 5581 3622 5635 ubi
3649 5579 3799 5651 etiam

2239 5652 2295 5704 ﬁt
2326 5651 2525 5704 mentio
2564 5665 2738 5717 pmnm
2767 5650 2939 5703 exsilii
2984 5648 3201 5719 inflictae
3238 5648 3659 5719 aut'inlligcndm
3694 5650 3795 5704 cle-

2239 5722 2378 5784 ricis,
2410 5722 2537 5789 ipsis
2565 5736 2779 5789 quoque
2808 5721 3075 5790 episcopis
3100 5719 3149 5773 iu
3178 5718 3299 5773 foro
3333 5718 3712 5777 ccclesmstico.
