3976 6316
258 270 363 325 429

718 268 778 323 8.
818 265 1146 323 GREGOltll
1186 264 1398 322 MAGNI
1440 264 1622 333 VITA,
1667 265 1757 321 EX
1799 266 1963 324 EJUS
2001 267 2304 325 SCRIPTIS
2344 271 2734 330 ADORNATA.
2779 275 2907 330 LIB.
2952 277 3038 331 IV.

3416 283 3519 338 4'0

248 403 316 443 se
341 384 540 441 nullius
566 383 787 440 alterius
816 383 1069 439 Ecclesiae
1107 382 1243 437 ritus
1288 382 1344 438 in
1386 382 1470 439 his
1495 397 1613 451 qua:
1638 383 1839 438 eonsti-
1867 388 1913 445 Α
1943 400 2091 450 num,
2125 395 2182 440 ut
2210 387 2277 443 ad
2313 389 2489 458 ipsum
2526 390 2859 460 confugeret,
2891 393 3017 447 dum
3046 394 3098 448 in
3128 394 3312 452 Galliis
3340 402 3522 471 exagi-

252 486 357 533 tuit
391 476 658 531 inritatum
696 490 854 539 esse;
895 474 1135 530 secundo
1163 488 1225 528 se
1250 488 1358 528 non
1398 474 1601 544 pudere
1639 473 1836 529 imitari

247 566 510 637 quidquid
560 566 685 621 boni
736 566 786 619 in
835 563 1178 619 inferioribus
1216 562 1474 619 Ecclesiis
1518 563 1779 633 repererit
1818 579 1831 617 :

248 660 454 715 Stultus
484 668 559 712 est
587 660 756 720 enim,
790 657 821 711 iv
844 660 990 727 quit,
1024 659 1108 728 qui
1139 658 1193 709 in
1222 673 1283 711 eo
1310 674 1364 711 se
1392 658 1614 727 primum
1652 657 1836 711 existi-

246 762 377 817 mat,
400 762 455 805 ut
480 752 614 807 bona
636 768 751 820 qua:
770 751 972 815 viderit,
996 750 1195 803 discere
1214 759 1528 805 contemnat.
1555 751 1683 817 Quae
1705 767 1838 809 sane

246 854 358 899 tant
386 845 630 915 sapiente
658 844 913 913 pontilice
941 852 1065 897 sunt
1094 844 1424 912 dignissima.

319 934 373 989 8.
405 934 592 990 Sancti
624 937 722 989 viri
745 951 952 990 summa
983 936 1264 1004 prudentia
1297 936 1591 1003 ptmsertim
1618 937 1834 1004 enituit,

248 1028 305 1081 in
334 1027 418 1081 his
442 1042 563 1096 quae
590 1030 846 1080 adversus
878 1025 1091 1080 lanatos
1138 1027 1501 1095 negotiatores
1534 1026 1833 1092 constituit,

244 1134 316 1173 ne
344 1118 615 1188 mancipia
658 1117 961 1171 Christiana
1006 1117 1132 1184 ipsis
1163 1118 1395 1172 retinere
1439 1117 1649 1186 liceret,
1691 1119 1837 1187 quod

242 1212 483 1264 maxime
519 1210 808 1278 cupiebant
835 1217 890 1263 et
933 1209 1093 1262 variis
1122 1210 1325 1262 artibus
1354 1209 1598 1264 oblinere
1626 1225 1838 1278 quame-

239 1302 411 1366 bant;
436 1301 531 1355 sed
545 1316 733 1353 omnes
749 1300 1003 1353 elusitvir
1019 1299 1511 1368 perspicacissimus
1540 1308 1594 1354 et
1618 1301 1669 1355 in
1700 1302 1836 1355 mira

234 1392 593 1461 simplicitate
622 1391 1017 1461 sagacissimus.
1047 1390 1301 1459 Ejusdem
1339 1392 1635 1462 prudentia:
1662 1394 1835 1463 depu-

238 1486 470 1539 tandum
500 1484 675 1554 quod,
705 1484 807 1537 etsi
829 1484 942 1538 suis
981 1484 1340 1552 eleemosynts
1369 1484 1547 1538 nullos
1578 1484 1837 1539 terminos

236 1593 295 1646 pi
314 1592 439 1630 mser
452 1576 523 1629 ibi
554 1574 773 1637 sineret,
814 1574 1027 1626 decrevi
1047 1574 1115 1625 rit
1146 1581 1324 1626 tamen
1355 1573 1497 1627 haud
1526 1573 1835 1643 patiendum

234 1678 306 1722 ut
329 1680 585 1723 concessa
618 1681 712 1734 per
735 1664 940 1731 aliquot
966 1680 1137 1717 annos
1164 1663 1214 1715 in
1241 1663 1665 1734 eleemosynam,
1690 1673 1836 1733 post-

1941 484 2166 541 taretur,
2215 479 2286 534 ob
2330 480 2628 549 singulares
2680 482 2942 551 quosdam
2990 483 3299 541 Scottorum
3352 491 3518 553 ritus,

1938 568 2171 624 maxime
2201 570 2254 623 in
2295 571 2661 628 celebratione
2691 572 2967 630 Paschalis
2994 591 3222 646 quorum
3251 589 3367 634 erat
3394 590 3522 635 ret.-

1938 664 2303 719 nentiszimus.
2329 663 2402 720 Ea
2425 667 2491 722 de
2513 684 2675 723 causa
2703 670 2912 739 scripsit
2953 671 3021 726 ad
3050 681 3290 727 nostrum
3318 672 3517 745 Gregoo

1938 754 2076 808 rium
2110 753 2248 823 (Lib.
2290 772 2364 820 Ix,
2391 774 2473 829 ep.
2505 758 2651 830 19.7).
2684 761 2904 815 Summa
2935 762 3051 832 ejus
3078 764 3316 833 epistola;
3340 773 3442 827 est,
3467 766 3519 820 in

1937 844 2300 899 celebratione
2330 845 2581 913 Paschte,
2613 850 2816 920 rejecto
2843 852 3063 908 Victorii
3091 854 3276 926 cycio,
3307 854 3519 910 Scotto—

1937 952 2056 990 rum
2085 953 2290 992 morem
2318 942 2775 1011 amplectendam,
2806 945 2892 1000 cui
2932 946 3213 1002 Anatolius
3240 949 3306 1003 ab
3337 948 3514 1002 Hiero-

1938 1044 2101 1099 nymo
2132 1030 2380 1086 laudatus
2426 1033 2576 1088 favit.
2607 1033 2853 1092 Consulit
2898 1040 3059 1094 etiam
3103 1040 3160 1094 8.
3207 1040 3521 1110 Gregorium

1936 1118 2004 1172 de
2032 1120 2328 1188 episcopis,
2361 1129 2455 1175 aut
2502 1138 2597 1191 per
2623 1125 2907 1181 simoniam
2949 1130 3231 1201 ordinatis,
3263 1140 3355 1185 aut
3400 1140 3523 1200 post

1936 1207 2147 1278 lapsum
2198 1217 2443 1280 tempore
2488 1212 2840 1281 diaconatus;
2883 1233 3092 1273 necnon
3130 1220 3198 1275 de
3245 1223 3521 1279 monachis

1938 1299 2319 1353 monasterium
2349 1315 2505 1355 suum
2531 1302 2923 1361 deserentibus.
2956 1307 3163 1363 Laudat
3191 1310 3383 1366 librum
3415 1312 3519 1369 Re-

1937 1389 2074 1457 gula:
2115 1387 2438 1458 Pastoralis,
2476 1392 2716 1462 petitque
2763 1398 3129 1466 exptsiiones
3172 1400 3224 1453 in
3269 1399 3524 1456 Ezechie-

1938 1482 2043 1532 lcm
2086 1488 2140 1534 et
2184 1479 2239 1533 in
2286 1478 2529 1536 Cantica.
2577 1483 2733 1536 Anno
2766 1488 3011 1554 sequenti
3049 1489 3290 1544 habitum
3337 1501 3421 1546 est
3469 1493 3523 1545 in

1937 1566 2109 1622 Gallia
2129 1570 2417 1625 concilium
2441 1571 2494 1625 in
2517 1587 2625 1641 quo
2643 1572 2954 1631 Scottorum
2978 1579 3111 1635 ritus
3131 1595 3163 1635 a
3185 1578 3524 1637 Columbano

1938 1659 2255 1714 observatus
2285 1662 2619 1731 proscriptus
2652 1664 2771 1721 fuit.
2806 1664 2845 1717 E
2874 1666 3046 1721 Gallia
3079 1668 3262 1737 pulsus
3300 1671 3525 1726 sanctis-

232 1774 308 1813 ea
342 1757 493 1829 quasi
534 1756 773 1810 debitum
802 1754 931 1822 quid
957 1754 1299 1820 exigi-rentur
1330 1752 1471 1824 (Lib.
1503 1769 1587 1819 ix,
1609 1771 1691 1824 ep.
1721 1754 1832 1824 2.6).
1866 1765 1911 1822 Β
1939 1753 2105 1807 simus
2145 1753 2328 1816 abbas,
2372 1753 2440 1807 ad
2488 1755 2773 1823 Agilulfum
2823 1756 3297 1829 Langobardorum
3342 1777 3523 1832 regem

231 1849 583 1916 Quamquam
637 1860 703 1900 ea
751 1859 872 1913 quae
928 1846 996 1898 ad
1044 1843 1296 1898 Ecclesia:
1343 1843 1466 1911 jura
1514 1845 1836 1914 perveniunt

229 1941 472 1996 alienari
504 1940 636 2009 legis
659 1938 798 1993 ratio
842 1952 948 1991 non
990 1936 1287 2005 permittat,
1318 1950 1373 1989 ut
1401 1937 1516 2005 ipse
1544 1936 1603 1991 S.
1636 1935 1837 1991 Doctor

232 2033 503 2102 praefatur
525 2031 578 2085 in
601 2030 830 2099 epistola
870 2029 937 2083 ad
964 2028 1264 2083 Rotnanum
1296 2028 1664 2091 defensorem,
1699 2038 1834 2083 lem-

230 2122 538 2192 parandam
570 2130 748 2175 tamen
789 2120 1079 2189 aliquando
1110 2119 1243 2186 legis
1283 2119 1443 2188 hujus
1488 2120 1834 2174 severitatem

230 2212 458 2267 censuit
502 2211 699 2265 intuitu
748 2207 1132 2263 misericordia:
1175 2206 1364 2278 (Ibid.,
1413 2226 1498 2275 ep.
1536 2207 1650 2277 26).
1684 2206 1832 2273 Qua-

232 2311 469 2373 propter
495 2305 748 2355 donatam
776 2300 843 2353 ab
868 2300 1149 2355 Ammonia
1182 2299 1435 2353 Romamn
1456 2298 1710 2353 Ecclesia:
1736 2299 1835 2353 do-

232 2409 428 2457 mum,
478 2391 740 2447 Calixeno
795 2390 912 2457 ejus
962 2390 1147 2458 nepoti
1200 2398 1515 2457 paupertate
1569 2389 1834 2445 laboranti

228 2481 629 2551 restituijussit
653 2498 666 2533 :
690 2480 922 2535 maximo
942 2494 1062 2534 cum
1094 2479 1449 2533 contenderet
1475 2479 1651 2533 aviam
1680 2494 1831 2535 suam

230 2573 406 2642 hujus
428 2573 622 2626 domus
646 2569 944 2624 alienandae
968 2568 1167 2622 nullam
1190 2567 1443 2622 habuisse
1471 2576 1831 2637 potestatem;

230 2665 345 2718 etsi
377 2663 431 2718 id
460 2662 682 2718 minime
710 2662 987 2731 probaret.

318 2756 582 2811 Eumdem
623 2755 927 2810 Romanum
976 2753 1079 2807 alia
1128 2752 1406 2809 admonuit
1433 2753 1659 2823 epistola
1689 2753 1829 2825 (Lib.

230 2861 320 2912 ix,
343 2862 428 2915 ep.
467 2843 582 2911 27),
613 2851 826 2898 caveret
848 2858 919 2896 ne
954 2842 1313 2914 patrocinium
1337 2841 1594 2899 Ecclesia:
1625 2843 1833 2899 facilius

229 2934 605 3008 impendendo
634 2933 928 3001 llagitiosos
956 2932 1286 2997 defenderet,
1320 2948 1383 2988 ac
1413 2932 1489 2988 sic
1519 2933 1674 2989 fieret
1698 2949 1832 2989 con-

228 3029 389 3082 scius
409 3042 595 3081 eorum
618 3024 917 3079 [acinorum
940 3040 952 3076 :
979 3024 1119 3077 unde
1144 3038 1243 3077 nec
1266 3022 1562 3076 litteratum
1589 3038 1829 3089 suarum,

230 3119 276 3171 si
307 3133 446 3186 quas
474 3116 614 3170 forte
643 3114 1105 3171 commendatitias
1135 3114 1354 3167 incaute
1379 3112 1634 3177 dedisset,
1658 3117 1833 3169 ratio-
1859 3137 1905 3199 ρ

233 3224 367 3261 nom
400 3206 562 3260 ullam
605 3204 791 3260 haberi
839 3204 1006 3257 voluit
1037 3201 1226 3274 (Ibid.,
1271 3218 1356 3273 ep.
1386 3202 1497 3273 69).
1528 3202 1681 3257 Nunc
1708 3204 1833 3258 bre-

229 3301 384 3353 viter
410 3296 833 3368 perstringamus
851 3310 971 3364 qua:
994 3294 1045 3347 in
1076 3293 1282 3348 Ordinis
1302 3294 1586 3349 monastici
1606 3295 1831 3363 gratiam

233 3391 351 3443 huc
374 3402 521 3442 anno
546 3387 616 3441 ab
644 3385 951 3456 aequissimo
981 3392 1133 3454 patre
1162 3384 1378 3438 decreta
1403 3392 1548 3439 sunt.

315 3479 371 3534 9.
406 3478 587 3533 Primo
634 3477 843 3530 irritum
885 3473 1177 3530 declaravit
1227 3483 1608 3529 testamentum
1651 3474 1835 3543 cujus‘

234 3572 370 3623 dam
401 3568 709 3631 abbatissa},
742 3575 798 3620 et
825 3580 945 3633 quae
986 3565 1104 3618 aliis
1134 3563 1321 3619 illicita
1359 3564 1583 3633 legarat,
1624 3566 1836 3619 restitui

234 3658 365 3724 ejus
390 3658 723 3712 monasterio
752 3654 913 3724 jussit
940 3670 954 3705 :
990 3650 1160 3719 Quia,
1190 3653 1393 3724 inquit,
1430 3654 1838 3726 ingredientibus

237 3747 621 3802 monasterium
674 3744 1003 3800 convertendi
1053 3744 1265 3813 gratia,
1316 3746 1532 3799 ulterius
1578 3744 1724 3799 nulla
1761 3754 1839 3799 est

240 3838 473 3893 testandi
521 3837 767 3901 licentia,
800 3836 1010 3891 etiamsi
1052 3835 1368 3890 monachica
1412 3835 1574 3891 vestis
1622 3852 1730 3890 non
1768 3836 1839 3890 sit

238 3936 526 3998 assumpta
554 3926 695 3998 (Lib.
722 3942 797 3994 ix,
822 3941 905 3996 ep.
930 3926 1006 3998 7;.
1038 3924 1116 3980 De
1142 3925 1224 3980 his
1242 3926 1468 3993 legenda
1496 3924 1619 3980 libri
1644 3924 1839 3981 decimi

241 4021 477 4090 epistola
510 4019 705 4089 prima.

322 4112 578 4169 Secundo
615 4111 1041 4167 controversiam
1072 4110 1213 4165 inter
1238 4109 1532 4165 Antonium
1562 4111 1843 4169 subdiaco-

242 4221 378 4260 nnm
407 4219 565 4258 suum
596 4201 874 4271 cujusdam
908 4197 1230 4256 xenodochii
1270 4202 1646 4271 prtcpositum,
1680 4205 1843 4276 290

243 4304 304 4349 et
339 4293 630 4348 Domitium
660 4294 1035 4362 presbyterum
1058 4302 1112 4345 et.
1131 4291 1381 4345 abbatem
1403 4295 1714 4347 monasterii
1740 4294 1840 4349 SS.

244 4384 467 4439 Maximi
490 4391 547 4438 et
566 4382 788 4451 Agathm
816 4382 1139 4451 composuit,
1162 4390 1218 4435 et
1241 4396 1361 4451 qua:
1381 4381 1521 4436 inter
1546 4382 1667 4437 illos
1688 4393 1843 4454 pacta

244 4482 408 4529 erant
435 4472 774 4528 conﬁrmavit
801 4470 939 4544 (Lib.
973 4488 1045 4535 ix,
1077 4486 1158 4543 ep.
1180 4470 1293 4543 ‘20).

324 4562 508 4616 Tertio
538 4561 768 4618 Massam
798 4561 1024 4616 Veneris
1052 4562 1119 4616 ab
1149 4561 1401 4618 Ecclesiae
1423 4562 1679 4620 Romanae
1700 4575 1843 4621 acto-

248 4653 405 4707 ribus
461 4651 661 4720 injuste
714 4659 1033 4721 occupatam
1096 4653 1243 4705 reldi
1301 4652 1459 4721 jussit
1512 4655 1843 4713 monasterio

246 4745 427 4801 sancti
454 4744 621 4800 Marci
648 4745 789 4814 apud
821 4744 1100 4814 Spoletum
1132 4743 1269 4815 (Lib.
1302 4762 1376 4808 ix,
1400 4763 1483 4815 ep.
1511 4746 1625 4816 30).

328 4836 536 4902 Quarto
562 4849 682 4890 cum
706 4843 929 4903 questus
958 4844 1102 4889 esset
1122 4834 1456 4901 Valentinus,
1490 4838 1772 4910 presbyter
1791 4847 1847 4894 et

253 4926 442 4991 abbas,
474 4924 773 4979 monachos
797 4939 828 4977 a
854 4938 913 4978 se
941 4923 1191 4992 exigente
1224 4925 1378 4993 culpa
1412 4936 1436 4962 ε
1465 4928 1847 4982 communione

254 5016 541 5085 privatos,
566 5015 619 5070 in
649 5013 865 5069 dioecesi
896 5012 1187 5083 Spoletana
1234 5016 1578 5072 nihilominus
1605 5018 1670 5071 ad
1699 5034 1846 5073 com-

257 5104 573 5159 munionem
604 5104 794 5173 recipi,
818 5102 875 5157 8.
897 5102 1187 5171 Gregorius
1206 5103 1564 5174 Chrysantho,
1589 5107 1847 5175 episcopo

255 5197 579 5265 Spoletano,
608 5196 843 5265 scripsit,
876 5210 945 5249 ne
974 5193 1407 5263 confugientibus
1426 5197 1493 5250 ad
1518 5197 1633 5265 ejus
1659 5196 1844 5251 Eccle-

257 5289 395 5340 siam
420 5286 698 5341 monachis
723 5286 1158 5341 communionem
1196 5287 1482 5342 indiscrete
1517 5288 1669 5341 reddi
1698 5298 1849 5357 pate-

261 5388 413 5431 retur
442 5372 582 5447 (ιη).
630 5393 708 5443 ix,
756 5393 840 5447 ep.
889 5376 1004 5443 57).
1058 5377 1131 5431 De
1180 5378 1469 5446 privilegiis
1519 5381 1846 5435 monasterio

261 5468 567 5522 Arelatensi
595 5468 868 5522 concessis
896 5468 1127 5520 diximus
1156 5469 1331 5537 capite
1361 5470 1645 5535 superiori.

1939 1846 2194 1915 perrexit,
2244 1855 2301 1899 et
2349 1846 2403 1900 in
2435 1846 2552 1917 ejus
2580 1849 2783 1905 ditione
2828 1851 3095 1908 Bobiense
3140 1855 3523 1910 monasterium

1936 1935 2347 1990 celeberrimum
2378 1940 2703 1994 construxit.
2735 1939 2847 1996 Cur
2890 1952 3068 1997 autem
3100 1944 3155 1998 in
3184 1958 3350 2013 regno
3380 1945 3523 2001 Lan-

1936 2025 2297 2093 gobarlonun
2347 2028 2530 2083 sedem
2581 2029 2744 2098 figere
2787 2033 3074 2102 maluerit,
3100 2048 3262 2103 quam
3309 2036 3364 2091 in
3408 2037 3527 2092 aliis

1939 2119 2102 2173 Italite
2144 2119 2299 2187 locis,
2339 2121 2392 2175 id
2428 2121 2569 2175 forte
2599 2122 2653 2176 in
2684 2139 2848 2178 causa
2878 2125 3011 2191 fuit,
3038 2128 3183 2197 quod
3211 2127 3352 2198 apud
3383 2127 3495 2183 Lan
3523 2166 3528 2170 -

1936 2207 2203 2276 gobardos
2258 2217 2441 2264 nosset
2498 2209 2899 2267 damnationem
2953 2214 3116 2268 trium
3167 2217 3525 2285 capitulorum

1936 2312 2043 2351 non
2072 2312 2192 2352 esse
2218 2306 2514 2368 receptam.
2556 2298 2692 2355 Huic
2727 2302 2871 2355 enim
2902 2301 3234 2359 damnationi
3270 2306 3526 2362 adversa-

1936 2391 2095 2446 batur
2143 2392 2260 2460 pius
2303 2392 2521 2447 aliunde
2568 2394 2766 2459 abbas,
2806 2402 2867 2449 ut
2909 2410 2980 2450 ex
3027 2394 3144 2464 ejus
3182 2396 3412 2467 epistola
3460 2400 3526 2453 ad

1935 2482 2269 2538 Bonifacium
2315 2481 2383 2537 lV
2426 2482 2615 2552 liquet.
2664 2483 2771 2556 (Cf.
2821 2485 3017 2540 Annal.
3057 2484 3327 2543 Benedict.
3367 2490 3407 2544 ι.
3452 2506 3525 2553 ix,

1935 2592 1989 2643 ρ’
2023 2573 2175 2646 256')
2549 2643 2779 2701 CAPUT
2816 2645 2907 2702 ιν.

1934 2733 2213 2801 Ancon._-_-
2240 2738 2284 2784 1.
2313 2736 2537 2801 Gregorii
2573 2738 2619 2786 in
2646 2736 3010 2801 inﬁrmitatibus
3050 2741 3285 2801 patientia
3319 2752 3372 2793 et
3406 2748 3531 2797 assi-

1997 2800 2122 2865 duus
2148 2797 2301 2865 labor.
2325 2802 2455 2865 —_2.
2482 2799 2585 2857 Qua
2612 2797 3187 2865 sollicitmlineexortam
3210 2805 3529 2865 Agnoitarum

1998 2860 2227 2925 haeresim
2264 2863 2542 2925 opprimere
2582 2868 2786 2925 conatus
2824 2862 2905 2909 sit.
2949 2862 3133 2911 Laudat
3166 2860 3341 2925 scripta
3373 2872 3528 2918 sancti

1998 2920 2189 2980 Eulogii
2228 2920 2462 2969 adiersus
2495 2921 2618 2969 illos.
2645 2924 2869 2970 Occurrit
2895 2926 3047 2972 errori
3075 2920 3297 2976 nascenti
3320 2928 3530 2978 Thessa-

2000 2982 2187 3031 lonicae.
2208 3008 2266 3046 {-
2288 2986 2335 3029 5.
2363 2981 2531 3046 Scisti
2553 2985 2602 3033 in
2628 2981 2813 3046 Italiam
2855 2985 3149 3046 irrumpunt.
3177 2986 3338 3036 Factae
3363 2992 3421 3037 ad
3444 3005 3532 3039 an-

1998 3044 2355 3111 num___induci_aa
2379 3056 2489 3111 cum
2514 3043 2861 3111 Langobardis.
2880 3070 2941 3081 —
2962 3043 3212 3096 L'Eorum
3236 3053 3343 3111 regi
3375 3056 3530 3101 nasci-

1997 3112 2078 3154 tur
2103 3105 2248 3154 tilius.
2302 3105 2726 3166 Langobardorum
2769 3114 2934 3155 vestes
2982 3116 3034 3158 et
3078 3112 3251 3159 cultus.
3276 3105 3405 3161 5-5.
3430 3115 3533 3165 Au—

2001 3173 2173 3242 gustus
2200 3178 2336 3240 "reos
2378 3168 2956 3242 repetundarum.kpunit,
2989 3170 3148 3242 __Asan
3194 3172 3266 3242 in.
3284 3174 3531 3242 ecclesiis.

2002 3228 2231 3288 Gregorii
2256 3241 2343 3289 pro
2368 3228 2537 3275 amicis
2573 3230 2811 3277 accusatis
2849 3228 3134 3281 sollicitudo.
3156 3258 3216 3266 —
3238 3234 3285 3283 6.
3309 3234 3532 3287 Judicem

2003 3290 2063 3340 ad
2100 3290 2413 3339 clementiam
2440 3292 2647 3340 nectere
2684 3297 2904 3341 conatur.
2923 3314 2987 3328 -—
3007 3294 3055 3343 7.
3073 3294 3294 3345 Amicum
3322 3296 3531 3347 fortunis

2003 3360 2207 3400 exutum
2248 3353 2548 3415 consolatur,
2593 3357 2665 3415 et_
2687 3350 2983 3415 liberalitate
3026 3364 3236 3405 recreat.
3304 3358 3528 3415 Eiusdem

2000 3414 2333 3479 consolatorie
2354 3411 2542 3461 littera!
2556 3413 2613 3461 sd
2636 3411 3008 3463 Dominicum.—
3027 3418 3081 3479 ,8.
3106 3411 3360 3479 Prosperis
3386 3422 3533 3470 rebus

2001 3481 2205 3526 utentes
2228 3473 2286 3521 ad
2311 3487 2481 3523 earum
2499 3480 2829 3536 contemptum
2856 3478 3166 3527 accendit.—-
3184 3473 3239 3528 9:
3256 3482 3529 3530 Amicorum

2004 3541 2116 3603 vitia
2156 3536 2353 3584 minime
2379 3536 2841 3603 dissitnulat._——_10.
2870 3536 3165 3589 Fortunatus
3186 3540 3534 3603 Neapolitanus

2004 3599 2263 3659 episcopus
2302 3600 2520 3646 meritur.
2560 3597 2637 3659 De
2674 3600 2828 3658 ipsius
2861 3611 3150 3651 successore
3183 3603 3263 3653 diu
3288 3597 3536 3654 deliberat

2002 3656 2198 3724 sanctus
2220 3656 2514 3724 Gregorius.
2530 3683 2591 3724 -_——
2614 3656 3200 3724 ilz'pucetncanipania:
3239 3664 3303 3713 ob
3328 3674 3532 3716 vexatos

2002 3720 2267 3769 monachos
2290 3722 2472 3782 arguit.
2500 3718 2616 3783 (An.
2642 3720 2734 3770 599
2764 3726 2817 3771 tt
2839 3720 2974 3782 600.)

2013 3824 2065 3878 1.
2098 3824 2342 3896 Gregorii
2370 3827 2715 3895 :egritudines
2738 3828 2793 3883 in
2821 3828 2937 3884 dies
2962 3830 3446 3902 ingravescebant;
3475 3845 3533 3891 at

1942 3917 2123 3973 dicere
2164 3926 2379 3987 poterat
2426 3934 2553 3973 cum
2600 3918 2861 3990 Apostolo
2895 3937 2909 3973 :
2941 3920 3070 3975 Cum
3113 3923 3374 3993 inﬁrmor,
3413 3936 3534 3981 tunc

1943 4022 2124 4079 potens
2148 4027 2262 4064 sum
2303 4008 2390 4082 (ΙΙ
2435 4010 2557 4066 Cor.
2601 4027 2711 4077 xu,
2756 4011 2867 4081 l0).
2908 4010 3183 4069 Summam
3231 4016 3399 4071 animi
3447 4019 3531 4073 sui

1942 4101 2301 4170 aequalitatem
2342 4102 2485 4156 inter
2531 4110 2613 4156 tot
2658 4101 2970 4156 morborum
3020 4105 3288 4159 cruciatus
3328 4107 3533 4175 optimc

1946 4192 2234 4246 adumbrat
2277 4191 2361 4247 his
2404 4191 2473 4245 ad
2523 4191 2755 4246 amicum
2795 4190 3076 4261 Eulogium
3121 4193 3301 4251 verbis
3332 4212 3346 4248 :
3375 4194 3532 4263 Ecce,

1947 4282 2137 4352 inquit,
2153 4283 2266 4353 jam
2288 4281 2551 4336 biennium
2569 4298 2698 4352 pene
2717 4281 2951 4352 expletur
2969 4281 3107 4353 quod
3129 4282 3315 4339 lectulo
3339 4294 3534 4352 teneor,

1948 4374 2200 4445 tantisque
2239 4374 2486 4444 podagra:
2512 4373 2776 4427 doloribus
2813 4372 3048 4444 afﬂigar,
3077 4383 3137 4428 ut
3162 4377 3247 4429 vix
3276 4376 3329 4431 in
3360 4376 3535 4432 diebus

1948 4466 2091 4536 [estis
2122 4480 2278 4533 usque
2306 4466 2376 4519 ad
2397 4466 2641 4519 horarum
2664 4466 2819 4519 trium
2844 4467 3067 4534 spatium
3087 4482 3297 4539 surgere
3318 4469 3533 4535 valeam,

1946 4557 2220 4610 missarum
2260 4556 2514 4611 solemnia
2554 4556 2832 4611 celebrare.
2863 4557 2992 4612 Mox
3030 4567 3201 4613 autem
3237 4576 3352 4613 cum
3391 4564 3536 4631 gravi

1946 4649 2112 4719 pellor
2149 4649 2326 4703 dolore
2373 4649 2701 4713 decumbere,
2730 4660 2786 4701 ut
2815 4648 3097 4702 cruciatum
3147 4665 3311 4702 meum
3340 4654 3533 4720 possim

1946 4744 2349 4809 interrumpente
2399 4741 2588 4813 gemitu
2640 4742 2880 4795 tolerare.
2938 4738 3038 4805 Qui
3085 4742 3235 4796 dolor
3276 4743 3536 4798 interdum

1949 4833 2076 4885 mihi
2100 4832 2266 4886 lentus
2296 4841 2392 4898 est,
2423 4832 2683 4885 interdum
2704 4832 2913 4886 nimius.
2948 4830 3055 4887 Sed
3076 4849 3237 4905 neque
3266 4835 3339 4886 ita
3369 4836 3534 4887 lentus

1951 4931 2005 4974 ut
2032 4923 2259 4990 recedat,
2290 4939 2448 4992 neque
2475 4924 2550 4976 ita
2587 4923 2778 4976 nimius
2806 4930 2860 4976 ut
2887 4924 3188 4992 interficiat.
3221 4922 3370 4977 Unde
3392 4926 3453 4993 ﬁt
3480 4936 3535 4977 ut

1950 5012 2035 5081 qui
2077 5013 2303 5083 quotidie
2331 5014 2382 5064 in
2412 5023 2573 5066 morte
2598 5029 2712 5065 sum
2730 5053 2745 5077 ,
2776 5013 3002 5083 quotidie
3036 5013 3261 5082 repellor
3289 5031 3321 5067 a
3350 5026 3535 5070 morte.

1953 5100 2065 5153 Nec
2099 5102 2313 5164 mirum,
2355 5104 2476 5173 quia
2522 5112 2763 5170 peccator
2814 5104 2986 5173 gravis
3029 5103 3148 5157 talis
3194 5108 3536 5175 corruptionis

1949 5208 2155 5245 carcere
2199 5194 2287 5245 diu
2333 5202 2509 5247 teneor
2544 5197 2794 5251 inclusus.
2844 5194 2993 5249 Unde
3041 5198 3319 5267 compellor
3361 5200 3537 5252 emt-lu-

1949 5299 2093 5335 mare
2122 5301 2139 5337 :
2173 5283 2320 5337 Educ
2348 5286 2411 5338 de
2435 5304 2642 5339 carcere
2669 5290 2897 5341 animum
2927 5306 3090 5342 meum
3109 5332 3123 5353 ,
3167 5292 3236 5342 ad
3280 5295 3537 5361 conﬁtcn-

1955 5373 2074 5425 dum
2102 5374 2297 5427 nomini
2346 5386 2427 5427 tuo
2455 5374 2627 5444 (Psal.
2670 5392 2825 5443 CXLI,
2859 5376 2933 5448 8).
2969 5376 3079 5431 Sed
3106 5382 3224 5449 quia
3274 5382 3399 5434 meis
3443 5384 3535 5436 hoc

1956 5464 2188 5531 precibus
2219 5464 2385 5516 adhuc
2413 5466 2640 5518 obtinere
2668 5482 2769 5519 non
2801 5484 3020 5535 mereor,
3053 5486 3179 5537 rogo
3207 5482 3389 5525 vestra:
3415 5490 3537 5527 san-

340 5558 423 5612 l0.
456 5557 619 5611 Fama
656 5572 878 5610 summa:
919 5558 1037 5625 ejus
1064 5558 1408 5625 benignitatis
1437 5558 1488 5609 in
1531 5558 1847 5623 monachos,

267 5646 477 5717 impulit
519 5646 747 5701 fortasse
793 5646 1201 5701 celeberrimum
1252 5646 1501 5699 abbatem
1552 5644 1844 5699 Columba~

1956 5556 2148 5608 rtitatis
2179 5558 2345 5610 oratio
2374 5574 2479 5611 sure
2500 5558 2626 5611 mihi
2650 5560 3031 5615 intercessionis
3059 5563 3377 5632 adjutorium
3403 5581 3540 5634 pm:-

1956 5649 2091 5715 beat,
2123 5666 2296 5720 meque
2324 5667 2354 5702 a
2383 5652 2577 5719 peccati
2608 5660 2656 5704 et
2694 5656 3037 5723 corruptionis
3076 5656 3302 5726 pondere
3324 5656 3539 5712 libmmt

342 5774 366 5797 ι
397 5760 473 5816 De
502 5758 1061 5815 cxcommunicatione
1090 5759 1472 5815 monachorum
1495 5775 1594 5831 pro
1620 5759 1809 5827 culpis,
1847 5761 2066 5815 consule
2088 5761 2220 5833 Reg.
2243 5766 2414 5820 sancti
2440 5764 2714 5821 Benedicti
2744 5782 2900 5841 capp.
2925 5768 3014 5837 25,
3045 5771 3141 5835 ‘24,
3160 5771 3248 5838 9.5,
3271 5772 3339 5826 26
3361 5782 3413 5829 et
3441 5773 3527 5826 27.
