3976 6302
529 267 621 319 4⁸51

988 263 1044 317 S.
1085 260 1414 317 GREGORH
1453 255 1663 313 MAGNI
1706 255 1888 322 VITA,
1933 252 2024 308 EX
2067 252 2234 310 EIUS
2270 251 2576 308 SCRIPTIS
2618 247 3010 305 ADORNATA.
3053 245 3182 302 LIB.
3223 246 3311 302 IV.
3671 247 3756 302 4ὖὶ

525 379 704 431 reddat
751 378 802 432 in
843 376 989 432 illam
1036 394 1186 448 quam
1231 377 1356 429 bene
1396 374 1558 427 nostis
1596 369 1882 424 libertatem
1920 369 2101 440 gloria:
2130 373 2177 431 Α
2206 368 2500 424 inebriatus
2534 367 2835 422 eructabat.
2870 364 3031 420 Certe
3077 363 3272 420 sufﬁcit
3305 362 3625 431 Gregoriana
3665 366 3765 421 tunc

524 471 745 538 ﬁliorum
780 470 874 523 Dei
905 467 1044 539 (Lib.
1078 484 1130 532 Χ,
1163 484 1245 536 ep.
1279 465 1391 534 55).
1423 462 1614 517 Ᾱέειίνὶ
1646 461 1852 516 calores
1891 461 1980 529 qui
2029 460 2098 514 ad

523 560 769 629 podagra:
798 558 1067 613 cruciatus
1117 554 1438 622 mitigandos
1468 551 1713 606 conferre
1758 565 1915 620 posse
1948 551 2098 605 vide-

524 652 740 716 bantur,
767 648 910 716 quod
941 646 1050 715 apti
1099 651 1280 698 essent
1327 642 1391 696 ad
1439 641 1657 694 noxium
1700 649 1756 695 et
1799 639 2098 695 morbidum

519 742 798 794 humorem
837 733 1253 806 dispellendum,
1283 731 1497 787 aliunde
1526 732 1741 800 corpori
1781 730 1896 800 ejus
1946 730 2101 785 valde

519 829 776 884 contrarii
821 835 1000 891 erant,
1032 834 1090 881 ut
1113 825 1228 894 ipse
1256 824 1331 878 ait
1359 823 1541 891 (Hom.
1573 823 1642 878 54
1684 824 1739 876 in
1785 821 2012 894 Evang.,
2041 839 2098 876 η.

519 921 571 986 1)
599 937 613 985 ;
644 919 767 988 quia.
811 917 971 972 lentis
997 924 1052 970 et
1081 914 1352 970 coutinuis
1393 915 1626 969 febribus
1653 913 1926 968 urebatur.
1953 913 2102 970 Alius

518 1007 871 1079 proculdubio
919 1007 1160 1076 pontifex
1211 1005 1340 1060 nihil
1384 1003 1529 1058 aliud
1557 1004 1798 1073 cogitans
1838 1018 1998 1074 quam
2034 1003 2102 1059 de

517 1101 760 1156 lavandis
787 1099 1163 1163 incommodis,
1196 1099 1264 1153 de
1289 1097 1606 1152 adhibendis
1633 1095 1882 1151 remediis
1914 1111 2100 1150 accer-

513 1191 800 1262 sendisque
828 1190 1081 1256 medicis,
1112 1188 1184 1244 ad
1221 1203 1406 1244 eorum
1435 1197 1620 1243 nutum
1665 1186 1896 1255 negotiis
1923 1187 2099 1242 eccle-

513 1283 744 1338 siasticis
771 1283 1016 1336 nuntium
1062 1280 1389 1344 remisisset,
1435 1292 1732 1348 omnesque
1760 1276 2103 1346 pontiﬁcatus

513 1389 672 1430 curas
704 1374 920 1430 vicariis
949 1371 1284 1429 credidisset.
1317 1370 1433 1424 Non
1474 1371 1667 1425 desunt
1707 1369 1930 1424 summis
1958 1369 2100 1422 anti-

511 1464 728 1519 stitibus
758 1472 813 1518 et
853 1463 1150 1533 episcopis,
1184 1461 1275 1530 qui
1314 1460 1605 1515 succedere
1633 1459 1784 1514 oneri
1815 1459 2097 1528 pastorali,

511 1553 626 1608 sive
673 1570 740 1608 ex
787 1553 1070 1615 charitate,
1109 1553 1222 1605 sive
1269 1565 1336 1604 ex
1381 1549 1675 1618 cupiditate
1721 1550 1978 1604 ambiant.
2031 1550 2094 1605 Αι

511 1642 879 1698 sanctissimus
906 1639 1101 1694 Pastor
1144 1637 1384 1693 omnium
1415 1636 1611 1691 Christi
1639 1635 1852 1701 ovium,
1880 1637 1932 1691 in
1964 1636 2097 1693 alie-

2202 458 2446 527 epistola,
2499 460 2564 511 ad
2616 457 2969 525 Agnoitarum
3018 457 3224 510 somnia
3272 455 3593 522 refellenda;
3624 457 3673 511 in
3708 472 3765 513 ea

2199 551 2342 604 enim
2389 550 2692 604 occurritur
2729 548 3012 611 omnibus,
3043 547 3187 600 unde
3233 545 3446 600 Christo
3471 547 3765 614 qualiscum-

2201 655 2306 708 que
2356 638 2656 707 ignorantia
2707 645 2889 706 posset
2935 635 3140 704 aﬁingi.
3190 635 3265 689 lle
3319 635 3426 689 hoc
3474 645 3765 703 argumento

2201 729 2470 783 scribendi
2527 728 2869 783 occasionem
2923 728 3190 782 habuerat
3234 727 3569 782 doctissimus
3617 743 3763 798 papa.

2201 817 2410 888 Quippe
2437 827 2564 872 ante
2593 818 2868 872 biennium
2894 815 3330 887 Jerosolymitani
3359 818 3567 888 quidam
3597 834 3763 875 mona-

2201 909 2289 964 chi
2315 907 2844 978 Constantinopolim
2875 915 3164 973 venerant,
3195 915 3249 962 et
3291 922 3354 963 ea
3384 909 3451 962 de
3477 909 3763 978 quaestione,

2204 1013 2262 1056 ut
2289 1001 2558 1069 conjicere
2589 1001 2737 1062 licet,
2771 998 3080 1053 Anatolium
3109 1005 3310 1053 sancta:
3332 997 3473 1052 sedis
3501 998 3765 1066 apocrisiae

2201 1097 2338 1150 rium
2371 1094 2788 1162 interrogarant.
2821 1092 2892 1146 At
2934 1093 3024 1147 ille
3051 1091 3313 1145 diaconus
3340 1089 3654 1159 respondere
3677 1090 3766 1148 dis.

2201 1185 2332 1239 tulit
2360 1184 2532 1237 donec
2557 1181 2875 1250 Gregorium
2907 1180 3286 1235 consuluisset.
3318 1178 3434 1246 Cui,
3472 1179 3634 1249 inquit
3666 1179 3765 1249 ipse

2202 1278 2267 1330 ad
2319 1275 2618 1342 Eulogium,
2648 1290 2742 1344 ego
2791 1283 2911 1327 ante
2940 1273 3150 1344 longum
3195 1281 3391 1341 tempus
3433 1289 3581 1338 quam
3618 1282 3762 1326 vestra

2201 1367 2394 1434 scripta
2420 1366 2730 1434 susciperem
2749 1405 2764 1430 ,
2797 1373 2980 1418 contra
3010 1362 3243 1416 eamdem
3273 1361 3509 1415 lttcresim
3546 1361 3652 1430 ipsa
3675 1379 3764 1416 res-

2202 1455 2384 1527 pondi,
2427 1469 2542 1526 qua:
2581 1453 2908 1524 postmodum
2947 1453 3000 1504 in
3040 1451 3260 1521 epistola
3299 1460 3478 1504 vestra:
3503 1451 3761 1504 sanctitatis

2201 1549 2407 1612 inveni;
2441 1558 2590 1617 atque
2615 1545 2955 1617 omnipotenti
2987 1544 3099 1598 Deo
3130 1559 3351 1612 magnas
3387 1544 3575 1613 gratias
3610 1542 3758 1605 retuli,

2201 1645 2321 1716 quia
2371 1642 2434 1695 de
2489 1643 2687 1695 cunctis
2743 1637 3162 1710 inquisitionibus
3219 1635 3566 1690 Romanorum
3633 1646 3760 1706 atque

513 1749 612 1788 nos
657 1741 715 1788 et
759 1730 992 1787 vicarios
1035 1731 1290 1784 humeros
1335 1727 1686 1796 rejiciendum
1734 1744 1844 1784 non
1890 1732 2097 1799 putavit
2131 1748 2174 1805 Β
2201 1735 2500 1788 Greecorum
2534 1732 2750 1799 Patres,
2783 1746 2997 1802 quarunt
3026 1745 3120 1782 νινε
3167 1743 3411 1798 sequaces
3455 1741 3760 1792 sumus,uuo

505 1827 692 1896 jugum
721 1826 825 1881 sibi
863 1841 892 1879 a
923 1824 1139 1880 Christo
1164 1824 1494 1896 impositum,
1523 1824 1594 1878 ita
1616 1823 1758 1880 eltim
1788 1825 2096 1896 appellabat

507 1913 816 1986 pontiﬁcale
844 1929 1058 1969 munus.

577 2006 630 2059 2.
666 2004 941 2075 Praecipua
963 2013 1142 2059 autem
1167 2003 1281 2072 ejus
1303 2004 1611 2060 sollicitudo
1635 2004 1734 2060 fuit
1760 2005 2100 2074 insurgentes

507 2112 741 2162 errores,
771 2111 898 2151 mox
946 2103 1005 2150 ut
1051 2095 1474 2162 innotescerent,
1514 2096 1786 2155 diswtere
1824 2106 1880 2152 et
1922 2097 2102 2168 Oppri-

507 2200 676 2241 mere.
706 2185 822 2240 Non
854 2184 927 2238 ita
965 2184 1049 2254 pri
1069 2185 1171 2238 lem
1202 2193 1390 2239 exorta
1420 2193 1538 2240 erat
1566 2187 1900 2242 Alexandria:
1933 2188 2103 2242 haere-

505 2277 581 2330 sis
637 2274 1016 2344 Agnoitarum,
1071 2274 1225 2342 cujus
1273 2275 1423 2328 initia
1469 2271 1693 2344 quidam
1742 2276 1984 2331 referunt
2032 2277 2100 2332 ad

508 2365 864 2419 Thenustium
892 2363 1198 2427 diaconum,
1231 2367 1372 2418 unde
1399 2362 1527 2420 dicti
1567 2371 1695 2418 sunt
1725 2363 2096 2420 Themistiani.

507 2454 658 2508 lianc
683 2452 926 2509 hmresim
954 2453 1215 2508 excitasse
1255 2453 1515 2520 quosdam
1568 2454 1868 2509 monachos
1899 2471 1964 2510 ex
1995 2453 2100 2508 Pa-

506 2544 712 2598 laestina
765 2551 954 2598 auctor
999 2550 1082 2597 est
1129 2541 1188 2598 S.
1240 2541 1495 2610 Eulogius
1533 2541 1957 2611 Alexandrinus,
2005 2544 2097 2612 qui

505 2632 764 2688 adversus
830 2631 1133 2697 hujusmodi
1185 2631 1468 2685 haereticos
1521 2631 1822 2685 decertavit
1886 2632 2091 2702 (Joan.

504 2724 823 2778 Damascen.
871 2722 934 2776 de
976 2722 1184 2777 Ilwres.
1217 2723 1358 2792 apud
1388 2721 1636 2776 Photium
1681 2723 1929 2778 Biblioth.
1976 2725 2092 2780 cod.

501 2813 650 2886 250).
680 2813 748 2870 Hi
794 2829 925 2870 vero
967 2813 1184 2869 Christo
1232 2814 1588 2881 ignorantiam
1640 2815 1974 2883 tribuebant,
2025 2829 2093 2869 ex

504 2906 777 2961 nonnullis
822 2904 1099 2974 Evangelii
1138 2906 1272 2961 locis
1302 2905 1442 2960 male
1489 2906 1796 2963 intellectis.
1825 2906 2091 2962 Nimirum

502 2995 716 3052 Christo
743 2996 812 3050 de
843 2995 1048 3051 Lazaro
1095 2996 1305 3067 sepulto
1334 2996 1672 3066 inquirente,
1709 2997 1809 3053 Ubi
1848 2999 2091 3068 posuistis

2196 1825 2381 1896 spiritu
2420 1832 2542 1878 sunt
2572 1822 2730 1876 locuti
2758 1819 2945 1891 (lbid.,
2971 1836 3053 1889 ep.
3085 1817 3199 1888 55).
3238 1816 3493 1884 Agnoitas
3519 1813 3760 1869 Nestoria-

2195 1931 2295 1970 nos
2323 1915 2484 1968 fuisse
2504 1912 2796 1981 Gregorius
2815 1911 2973 1966 doCet
2995 1924 3115 1964 esse
3135 1910 3473 1978 manifestum
3495 1905 3669 1976 (lbid.,
3687 1922 3758 1976 ep.

2195 2004 2318 2073 '59);
2346 2002 2488 2058 unde
2517 2017 2602 2057 me
2629 2003 2761 2057 latet
2801 2015 2907 2070 qua
2935 2001 3145 2054 ratione
3173 1998 3474 2053 contrarius
3495 1995 3758 2068 Eutycbia-

2197 2108 2389 2146 norum
2415 2107 2568 2146 error
2589 2091 2716 2161 ipsis
2737 2106 2768 2144 a
2798 2091 2824 2128 δ
2855 2090 3166 2146 doctissimo
3196 2087 3473 2156 Theologo
3503 2086 3755 2141 tribuatur.

2195 2180 2355 2238 Certe
2381 2195 2558 2249 neque
2585 2179 2898 2249 Gregorius,
2931 2193 3106 2248 neque
3129 2177 3388 2247 Eulogius
3408 2176 3624 2246 quicum
3648 2175 3758 2244 ipsis

2195 2280 2252 2326 et
2265 2287 2446 2326 coram
2465 2281 2518 2324 et
2533 2271 2746 2340 scriptis
2765 2285 3085 2339 congressus
3109 2269 3316 2334 fuerat,
3337 2269 3479 2338 ipsos
3498 2267 3756 2338 Eutycbia-

2196 2365 2280 2419 nis
2311 2379 2546 2433 unquam
2593 2371 3004 2418 aceensuerunt.
3048 2360 3255 2418 Eodem
3299 2370 3538 2430 tempore
3565 2358 3759 2428 vigilan-

2198 2457 2436 2512 tissimus
2466 2456 2718 2512 Ecclesiae
2751 2455 2943 2511 Pastor
2970 2472 3091 2512 cum
3121 2456 3424 2526 accepisset
3462 2455 3512 2509 in
3545 2452 3756 2508 Ecclesia

2197 2547 2668 2605 Thessalonicensi
2713 2564 2820 2602 non
2863 2548 2982 2603 leve
3031 2557 3208 2603 ortum
3261 2547 3587 2610 scandalum,
3631 2544 3754 2600 Luca

2195 2640 2518 2710 presbytero
2547 2646 2602 2693 et
2634 2637 2795 2694 Petro
2826 2639 3113 2694 concilium
3140 2638 3569 2695 Chalcedonense
3604 2637 3753 2691 suscio

2196 2746 2326 2802 pere
2350 2729 2678 2794 nolentibus,
2697 2744 2760 2785 ea
2783 2729 2851 2785 de
2873 2744 2932 2785 re
2951 2731 3133 2785 statim
3154 2729 3374 2799 scripsit
3393 2729 3456 2782 ad
3476 2726 3752 2790 Eusebium,

2197 2821 2734 2877 Thessalonicensem
2776 2821 3278 2891 archiepiscopum,
3311 2829 3370 2874 ut
3398 2819 3462 2874 ad
3504 2833 3756 2874 removen-

2194 2913 2318 2968 dam
2347 2911 2699 2987 offensionem
2729 2911 2917 2967 sedulo
2948 2912 3304 2967 incumberet.
3331 2911 3442 2978 Qua
3467 2927 3528 2967 es
3556 2908 3754 2979 epistola

2197 3003 2498 3073 praesertim
2547 3002 2824 3069 docemur,
2855 3004 2981 3071 quid
3021 3003 3092 3056 sit
3130 3003 3489 3072 prmstandum
3517 3002 3579 3056 ab
3618 3000 3676 3055 iis
3698 2999 3756 3053 de

502 3089 657 3142 eum?
701 3088 883 3159 (Joan.
927 3104 1000 3152 χι,
1031 3086 1120 3159 54)
1150 3095 1205 3142 et
1249 3087 1374 3141 alibi
1414 3087 1663 3143 dicente:
1695 3086 1774 3142 De
1814 3090 1897 3142 die
1926 3099 2094 3144 autem
2124 3109 2170 3172 ρ
2199 3108 2427 3163 quorum
2469 3093 2575 3150 ﬁde
2614 3093 2835 3150 suborta
2874 3102 2957 3149 est
3003 3094 3262 3165 suspicio.
3311 3094 3385 3149 De
3415 3094 3547 3149 Luca
3591 3093 3754 3149 eadem

500 3176 593 3231 illo
621 3179 698 3230 vel
727 3179 888 3242 hora,
917 3193 1065 3231 nemo
1093 3177 1229 3242 scit,
1262 3193 1424 3246 neque
1456 3179 1628 3249 angeli
1657 3179 1713 3233 in
1743 3180 1906 3247 ctelo,
1935 3195 2095 3252 neque

503 3266 676 3321 Filius
718 3266 912 3338 (Marci
935 3283 1045 3332 xm,
1098 3266 1222 3337 52);
1271 3268 1393 3323 inde
1437 3271 1785 3325 asserendum
1829 3272 2096 3341 putabant

505 3359 679 3427 ipsum
736 3373 801 3412 ea
856 3358 1149 3426 ignorasse.
1202 3357 1404 3411 Contra
1448 3359 1590 3415 hunc
1640 3362 1795 3432 291
1855 3376 2095 3418 errorem

503 3448 720 3517 scripsit
748 3447 1022 3516 Eulogius,
1052 3455 1107 3502 et
1151 3447 1217 3502 ad
1259 3446 1576 3516 Gregormm
1610 3460 1633 3487 ιι
1665 3451 2094 3508 lucubrationem

503 3551 656 3590 suam
703 3535 1106 3604 approbandam
1162 3536 1373 3590 curavit
1423 3536 1674 3604 mittere;
1730 3555 1894 3609 quam
1954 3554 2094 3612 papa

503 3625 662 3682 valde
688 3626 946 3689 laudavit,
976 3635 1035 3681 ut
1059 3628 1319 3682 doctrinm
1339 3626 1591 3684 Ecclesiae
1619 3645 1841 3700 prorsus
1859 3647 2093 3688 consen-

504 3726 717 3773 taneam
743 3735 756 3770 :
783 3717 860 3772 De
889 3717 1126 3773 doctrina
1155 3729 1345 3786 vestra,
1370 3721 1561 3790 inquit,
1590 3731 1774 3777 contra
1798 3725 2090 3792 Itazreticos,

501 3808 589 3879 qui
617 3807 858 3862 dicuntur
891 3809 1150 3880 Agnoitte,
1182 3811 1280 3880 fuit
1309 3810 1461 3866 valde
1499 3813 1635 3884 quod
1674 3815 2056 3872 admiraremur
2075 3835 2094 3885 ;

501 3903 638 3971 quod
692 3913 864 3957 autem
910 3905 1234 3976 displiceret,
1286 3921 1389 3960 non
1437 3909 1556 3978 fuit.
1590 3907 1657 3963 In
1699 3911 1879 3966 eadem
1924 3920 2095 3966 autem

499 4012 654 4050 sensu
685 3996 998 4065 jamdudum
1035 3999 1296 4052 communi
1333 3999 1444 4067 filio
1485 4010 1663 4057 nostra
1710 4003 1955 4059 Anatolio
1985 4003 2098 4058 dia-

501 4105 634 4146 cono
678 4091 905 4162 plurima
943 4093 1273 4162 scripseram.
1315 4092 1404 4148 Ita
1435 4106 1604 4151 autem
1639 4098 1877 4152 doctrina
1922 4109 2093 4155 vestra

500 4199 592 4252 per
628 4184 806 4238 omnia
850 4182 1057 4238 Latinis
1103 4183 1350 4239 Patribus
1404 4189 1752 4255 concordavil,
1804 4199 1860 4243 ut
1905 4191 2131 4252 mirum_

499 4273 626 4326 mihi
655 4289 759 4328 non
802 4283 937 4327 esset
975 4275 1110 4345 quod
1161 4275 1215 4327 in
1256 4275 1469 4331 diversis
1511 4278 1702 4348 linguis
1730 4280 1942 4350 spiritus
1989 4299 2094 4336 non

503 4365 659 4432 fuerit
685 4364 932 4418 diversus.
970 4362 1108 4417 Nam
1137 4365 1231 4419 hoc
1261 4366 1398 4436 quod
1425 4367 1488 4420 de
1514 4369 1738 4437 ﬁculnea
1769 4371 1974 4427 dixistis
1993 4413 2006 4434 ,
2038 4373 2093 4426 in

2196 3187 2372 3243 adhuc
2395 3188 2647 3260 pmcepit
2672 3197 2893 3245 sanctus
2922 3187 3217 3257 Gregorius
3249 3205 3389 3244 anno
3415 3189 3663 3258 sequenti.

2266 3277 2320 3331 5.
2373 3276 2667 3333 Ecclesium
2718 3279 3057 3333 turbantibus
3103 3278 3407 3347 hmrelicis,
3453 3295 3537 3334 res
3571 3276 3755 3349 imperii

2196 3385 2304 3426 non
2329 3380 2484 3426 erant
2511 3372 2830 3441 pacatiores.
2856 3370 2986 3424 Nam
3017 3371 3192 3426 Sclavi
3224 3387 3324 3441 per
3347 3370 3548 3426 Histriae
3574 3371 3755 3424 aditum

2190 3461 2304 3532 jam
2332 3463 2386 3517 in
2413 3461 2622 3517 Italiam
2669 3465 2872 3518 intrare
2909 3472 3213 3533 eruperant,
3247 3462 3461 3532 quando
3489 3463 3543 3517 S.
3577 3461 3758 3530 Grego-

2196 3551 2308 3608 rius
2347 3551 2414 3606 ad
2457 3551 2746 3608 Maximum
2793 3553 3162 3608 Salonitanum
3193 3554 3291 3623 qui
3337 3553 3402 3608 de
3429 3552 3754 3625 Barbarorum

2197 3643 2497 3714 irruptione
2523 3653 2826 3719 monuerat,
2856 3644 3134 3714 rescripsit
3163 3642 3308 3714 (Lib.
3358 3661 3409 3708 χ,
3441 3659 3519 3713 ep.
3551 3640 3655 3712 36).
3681 3639 3754 3694 Ad

2173 3735 2445 3790 eumdem
2473 3750 2690 3805 quoque
2719 3751 2917 3790 annum
2938 3734 3104 3792 refert
3128 3735 3392 3791 Baronius
3418 3750 3532 3804 quae
3555 3732 3615 3788 de
3634 3731 3755 3787 Cha-

2198 3840 2360 3895 gano,
2387 3826 2619 3881 Avarum
2642 3841 2789 3892 rege,
2816 3824 3098 3881 Venetiam
3121 3825 3450 3896 provinciam
3480 3823 3754 3887 invadente,

2198 3916 2450 3986 Foroque
2478 3915 2602 3971 Julii
2628 3916 2838 3972 insidiis
2868 3915 3127 3972 Ramilda:
3151 3918 3345 3988 potito,
3379 3927 3553 3972 narrat
3582 3915 3756 3972 Paulus

2197 4008 2468 4063 Diaconus
2498 4005 2637 4071 (Lib.
2672 4025 2746 4074 ιν,
2785 4025 2832 4062 c.
2870 4007 2983 4079 12).
3016 4009 3204 4065 Utrum
3235 4009 3584 4065 his'Barbazis
3625 4009 3753 4061 lave-

2196 4101 2302 4156 rint
2331 4100 2691 4169 Langobardi,
2718 4098 2844 4154 dum
2884 4098 3096 4168 imperii
3141 4100 3447 4170 provincias
3479 4095 3752 4168 depopulati

2196 4202 2340 4261 sunt,
2372 4209 2480 4248 non
2510 4192 2769 4248 audemus
2809 4208 3093 4258 asserere;
3126 4208 3252 4248 nam
3284 4193 3390 4248 hoc
3423 4193 3602 4248 eodem
3629 4199 3752 4245 tem-

2195 4299 2329 4356 pore
2357 4283 2554 4339 factum
2582 4283 2744 4340 fuisse
2773 4300 2962 4354 pacem
2993 4300 3113 4339 cum
3136 4297 3267 4352 rege
3290 4283 3750 4353 Langobardorum,

2197 4382 2289 4429 aut
2317 4375 2496 4451 potius
2533 4385 2720 4445 pactas
2768 4375 3011 4430 inducias
3048 4391 3216 4444 usque
3255 4375 3322 4430 ad
3355 4390 3582 4430 mensem
3626 4372 3750 4425 Mar-

500 4471 559 4508 ιό
586 4471 738 4508 sensu
768 4455 975 4525 praprie
999 4453 1173 4511 beatus
1201 4457 1517 4528 Augustinus
1558 4462 1803 4532 loquitur,
1832 4464 1952 4533 quia
1977 4481 2090 4518 cum
2124 4483 2173 4544 ι)
2199 4466 2328 4521 tium
2375 4465 2682 4521 indictionis
2727 4475 2958 4536 quarta},
3001 4475 3229 4523 testatur
3281 4466 3339 4522 S.
3384 4467 3653 4536 Gregorius
3691 4463 3748 4518 ad

502 4548 835 4621 Evangelista
876 4550 1146 4622 subjuuxit
1190 4568 1208 4606 :
1250 4550 1501 4608 Nondum
1547 4555 1681 4608 enim
1735 4565 1849 4608 erat
1896 4565 2094 4626 tempus

500 4640 718 4708 ﬁcorum
755 4639 920 4712 (Mar.
954 4659 1040 4708 χι,
1082 4643 1204 4712 15),
1237 4655 1416 4716 aperte
1454 4664 1675 4718 cognosc
1697 4657 1781 4701 tur
1830 4649 1966 4720 quod
2004 4667 2098 4719 per

499 4732 655 4800 ficum
687 4730 937 4787 Dominus
974 4735 1027 4788 in
1080 4734 1365 4808 Sgnagogn
1395 4739 1617 4809 fructum
1645 4741 1949 4808 qutcsierat,
1981 4757 2096 4812 qua:

500 4824 626 4893 folia
647 4825 772 4896 legis
794 4827 992 4891 habuit,
1017 4827 1107 4881 sed
1127 4829 1352 4898 fructum
1379 4829 1550 4899 operis
1570 4845 1674 4882 non
1699 4827 1938 4884 habebat.
1967 4829 2016 4884 Ν
2025 4849 2092 4887 ou

497 4915 634 4968 :nim
653 4924 854 4984 poterat
899 4914 1113 4972 Creator
1155 4919 1384 4972 omnium
1431 4920 1656 4983 nescire,
1704 4920 1825 4989 quia
1870 4922 2094 4990 fructum

500 5010 628 5078 ﬁcus
657 5025 760 5062 non
789 5009 988 5076 habuit,
1009 5010 1145 5080 quod
1171 5010 1294 5065 dum
1327 5019 1524 5079 tempus
1555 5011 1770 5080 ﬁcorum
1801 5029 1906 5066 non
1938 5025 2089 5078 esset,

500 5117 676 5155 omnes
706 5109 944 5170 poterant
970 5104 1103 5156 scire
1148 5100 1289 5172 (Lib.
1323 5119 1376 5167 x,
1406 5119 1489 5172 ep.
1526 5101 1640 5174 59).
1675 5101 1853 5170 Pergit
1876 5117 2094 5161 sanctus

502 5189 664 5244 Pater
691 5191 980 5246 ostendere
1015 5193 1211 5246 mirum
1241 5208 1564 5249 consensum
1596 5193 1853 5249 doctrina:
1882 5194 2088 5262 Eulogii

499 5300 620 5341 cum
645 5287 1055 5359 Augustiniana,
1081 5307 1241 5361 quam
1269 5291 1380 5363 ipse
1405 5291 1706 5348 sitibundus
1734 5294 2008 5361 hauserat,
2035 5306 2092 5352 et

573 5446 596 5474 °
631 5437 794 5511 Forte
820 5440 931 5510 ipsa
961 5450 1044 5496 est
1069 5457 1229 5511 quam
1277 5443 1495 5498 exhibet
1543 5443 1766 5500 Photius
1798 5446 1919 5501 loco
1962 5447 2089 5502 assi-

501 5516 685 5587 gnato.
721 5509 771 5587 In
796 5509 858 5564 ea
893 5509 1107 5587 omnem
1131 5527 1161 5566 a
1190 5511 1412 5587 Christo
1435 5514 1596 5587 etiam
1626 5516 1845 5587 homine
1869 5527 2086 5572 amovet

505 5579 879 5646 ignorantiam.
912 5581 1079 5635 Aliter
1107 5584 1339 5636 sensisse
1367 5585 1579 5638 videtur
1611 5585 1866 5642 Athanas.
1893 5587 1983 5641 lib.
2017 5590 2086 5644 de

503 5645 713 5726 incarn.
743 5658 930 5703 contra
951 5650 1136 5726 Arian.
1164 5667 1219 5705 η.
1250 5653 1280 5704 7
1306 5653 1484 5726 :_7Cum
1513 5655 1636 5708 dicit
1665 5655 1728 5708 de
1755 5657 1936 5711 ultimo
1975 5658 2078 5722 die,

504 5720 697 5786 inquit,
725 5733 873 5773 nemo
906 5720 1064 5786 nouit,
1102 5737 1261 5792 neque
1293 5721 1554 5778 Filius....
1599 5727 1874 5780 secundum
1900 5720 2085 5782 Imma-

2199 4555 2591 4622 Innocentium,
2636 4557 2829 4611 Africa:
2876 4557 3216 4626 prmfectum,
3267 4557 3522 4614 scribens.
3564 4554 3663 4608 llac
3702 4553 3748 4606 in

2198 4647 2422 4717 epistola
2451 4647 2688 4702 occurrit
2715 4647 2923 4714 insigne
2968 4647 3284 4703 humilitatis
3313 4633 3446 4716 ejus.
3477 4654 3531 4700 et
3555 4655 3746 4700 summie

2199 4753 2323 4806 erga
2373 4737 2726 4806 Augustinum
2781 4737 3136 4792 observantia:
3187 4753 3295 4792 non
3350 4732 3746 4808 prmtereundum

2199 4838 2570 4893 argumentum
2605 4847 2618 4881 :
2652 4827 2832 4895 Quod,
2875 4829 3078 4898 inquit,
3117 4831 3173 4883 in
3202 4829 3568 4899 expositionem
3601 4823 3747 4881 sancti

2195 4920 2296 4973 Job
2329 4919 2610 4973 transmitti
2650 4919 2791 4974 vobis
2821 4921 3043 4975 codicem
3096 4923 3356 4986 voluistis,
3387 4921 3448 4974 de
3475 4927 3628 4974 vestro
3653 4932 3747 4969 om-

2201 5012 2325 5065 nino
2371 5011 2542 5065 studio
2587 5012 2868 5082 gaudemus
2903 5014 3190 5082 :quouiam
3231 5015 3309 5066 illi
3348 5015 3421 5068 rei
3449 5010 3746 5066 eminentiam

2197 5110 2417 5154 vestram
2446 5101 2650 5154 studere
2679 5103 3042 5171 conspicimus,
3082 5119 3197 5174 qua:
3226 5119 3319 5157 nec
3360 5112 3488 5156 totos
3517 5103 3646 5171 foras
3671 5113 3745 5152 vos

2197 5192 2340 5244 exire
2384 5193 2679 5261 permittat,
2725 5201 2775 5245 et
2813 5192 2882 5244 ad
2921 5209 3010 5245 cor
3039 5196 3224 5246 iterant
3267 5194 3593 5248 swcularibus
3627 5189 3743 5242 curis

2197 5286 2457 5354 dispersos
2484 5286 2766 5355 recolligat.
2803 5283 2912 5340 Sed
2935 5286 2978 5338 si
2999 5285 3243 5341 delicioso
3265 5287 3448 5355 cupitis
3477 5283 3650 5355 pabulo
3671 5295 3744 5334 sa-

2189 5446 2423 5518 nitatem
2450 5445 2694 5518 loquitur.
2725 5445 2838 5518 Qua
2881 5446 2949 5518 de
2988 5464 3048 5502 re
3091 5447 3330 5516 legenda:
3367 5441 3743 5518 l)isquisjtiones

2193 5515 2307 5588 RB.
2352 5514 2465 5588 PP.
2494 5509 2768 5588 Congreg:
2789 5516 2850 5588 VS.
2881 5517 3079 5581 Vitoni,
3106 5509 3338 5588 u'parte,
3371 5509 3488 5585 pag:
3521 5510 3636 5575 168,
3663 5509 3740 5588 ubi

2188 5586 2291 5670 alia
2342 5577 2641 5656 proferunf
2667 5577 2736 5641 Si
2769 5577 3398 5670 dthanasii;tes'titttonia
3440 5577 3514 5640 cx
3556 5599 3638 5654 ep.
3683 5577 3740 5632 ad

2187 5655 2386 5780 Serapi
2410 5670 2464 5710 et
2501 5673 2568 5712 ex
2599 5667 2738 5711 orat.
2772 5657 2806 5709 4
2834 5667 3021 5713 contra
3045 5658 3230 5713 Arian.

2259 5725 2291 5810 b_
2374 5727 2460 5783 Ide
2481 5726 2657 5784 Natal.
2686 5727 2948 5786 Alexand.
2976 5729 3174 5787 saeculo
3201 5744 3272 5795 vr,
3301 5743 3418 5798 cap.
3452 5724 3504 5791 4,
3535 5729 3631 5778 art.
3659 5718 3707 5772 5.
