3976 6302
261 314 371 371 435

732 315 793 374 S.
828 316 1155 374 GREGOllll
1195 318 1411 375 MAG-Nl
1455 323 1633 388 VITA,
1676 325 1765 379 EX
1808 327 1969 384 EJUS
2006 329 2313 390 SGRIPTIS
2352 334 2747 402 ADORNATA.
2788 342 2917 400 LIB.
2962 344 3047 399 IV.

3452 356 3557 412 bﬁi

234 430 461 502 'ginari,
496 429 633 485 beati
671 432 950 502 Augustini
978 434 1217 502 patriotaz
1244 438 1395 489 vestri
1420 440 1667 508 opuscula
1697 441 1867 511 legite,
1900 446 1945 504 Λ
1973 444 2090 500 sule
2115 448 2327 505 sisteret
2352 450 2697 520 judicandum
2722 497 2737 522 ,
2770 457 2827 513 S.
2853 458 3144 531 Gregorius
3190 464 3363 522 eidem
3407 468 3575 525 Sari»

256 530 313 576 et
339 523 405 575 ad
433 527 875 592 comparationem
904 528 1128 597 siliginis
1164 528 1304 582 illius
1338 539 1571 585 nostrum
1610 534 1864 603 furfurem

259 626 371 667 non
398 615 647 683 quwratis
682 614 821 680 (Lib.
851 632 904 679 Χ,
938 634 1021 682 ep.
1045 617 1161 687 57).

338 699 392 755 4.
420 699 495 754 Ex
525 703 716 757 eadem
758 705 989 774 epistola
1032 707 1404 776 intelligimus,
1439 711 1624 767 Roma:
1651 716 1863 769 nuntia-

235 794 377 847 .Ptam
407 791 574 845 luisse
603 794 745 862 regis
786 794 1263 865 Langobtrdorum
1302 810 1553 857 mortem.
1587 802 1644 856 Id
1688 804 1866 861 incer-

269 892 383 938 tum
414 899 534 939 esse
564 887 753 941 scribit
775 887 1089 956 Gregorius,
1118 891 1261 959 quod
1286 902 1474 962 postea
1504 894 1695 949 falsum
1723 911 1865 950 com-

264 976 424 1042 perit.
457 974 571 1029 lnto
599 992 699 1046 pro
722 977 872 1032 luctu
902 979 969 1033 de
999 990 1174 1035 morte
1196 981 1483 1052 principis,
1505 985 1739 1038 maxima
1767 986 1865 1039 fuit

266 1063 325 1117 in
360 1072 468 1118 tota
514 1076 678 1131 gente
716 1067 902 1121 ltetitia
932 1068 1000 1123 de
1031 1079 1158 1125 nato
1189 1072 1289 1141 ipsi
1320 1074 1429 1128 lilio
1459 1074 1675 1128 nomine
1718 1076 1861 1130 Ada-

262 1153 467 1207 loaldo.
504 1154 691 1210 Editus
720 1166 803 1211 est
848 1158 901 1211 in
946 1159 1120 1214 lucem
1167 1161 1407 1217 Modicite
1452 1180 1558 1218 non
1608 1166 1794 1234 procul
1833 1181 1862 1219 a

263 1242 617 1314 Mediolano,
664 1248 753 1315 qui
786 1249 937 1304 locus
980 1249 1359 1307 'l‘heodelinda:
1401 1255 1599 1323 reginae
1643 1256 1859 1312 chorus.

262 1333 341 1389 lbi
372 1350 514 1389 etum
547 1338 823 1393 basilicam
854 1338 911 1394 S.
944 1339 1167 1396 Joannis
1197 1342 1448 1412 Baptista:
1489 1346 1653 1400 totius
1690 1348 1864 1414 gentis

261 1430 479 1498 patroni
504 1430 809 1497 aediﬁcavit,
843 1433 1172 1487 ornamentis
1194 1434 1311 1488 auri
1337 1444 1391 1488 et
1413 1438 1619 1505 argenti
1641 1438 1864 1492 decora-

262 1520 364 1583 vit,
397 1528 452 1573 ct
478 1520 822 1588 amplissimis
849 1521 1039 1575 ditavit
1085 1524 1320 1591 prmdiis.
1351 1521 1487 1579 Olim
1521 1526 1623 1580 hac
1655 1528 1709 1581 in
1758 1528 1864 1582 Ec-

258 1609 428 1664 clesia
460 1624 580 1677 quae
610 1610 784 1664 adhuc
814 1619 955 1674 stat,
991 1613 1361 1667 ministrarunt
1403 1617 1654 1670 monachi
1695 1618 1865 1672 Bene-

259 1697 475 1755 dictini.
506 1700 711 1755 lbiden
754 1702 1019 1755 exstruxit
1066 1706 1211 1769 regia
1242 1704 1603 1761 muniﬁcentia
1647 1708 1860 1765 celebre

265 1791 552 1859 palatium,
578 1791 667 1845 ubi
690 1792 899 1862 thpit'la
924 1794 1190 1862 pratcipua
1213 1796 1684 1864 Langobardorum
1707 1811 1859 1867 gesta
1892 1817 1936 1875 Β

257 1880 607 1935 videbantur.
665 1882 771 1952 (Cf.
816 1882 976 1938 Paul.
1016 1884 1195 1952 Diac.,
1244 1887 1335 1943 lib.
1406 1905 1481 1955 tv,
1544 1907 1695 1962 capp.
1767 1891 1857 1960 2‘2,

262 1971 357 2035 9.5,
388 1973 489 2038 26;
524 1972 734 2039 Mabil.,
769 1974 907 2029 Mus.
943 1974 1070 2031 Ital.
1102 1996 1153 2044 p.
1186 1976 1292 2031 212
1318 1978 1546 2050 61215.)

333 2062 592 2118 Εοηεειθ
640 2080 746 2117 non
796 2066 900 2119 erit
950 2066 1299 2135 injut-undum
1349 2069 1535 2123 lectori
1586 2070 1691 2125 hoc
1738 2071 1857 2127 loco

259 2152 572 2208 describere
602 2170 669 2209 ex
699 2153 863 2208 Paulo
892 2154 1132 2210 Diacono
1169 2158 1289 2226 quis
1320 2166 1445 2212 tunc
1475 2172 1619 2214 esset
1647 2160 1857 2230 Lango-

262 2242 560 2297 bardorum
591 2243 787 2308 cultus,
818 2260 935 2314 Quae
964 2256 1162 2312 vestes,
1196 2256 1251 2301 nt
1272 2264 1338 2302 ex
1367 2248 1649 2304 Modiciani
1674 2252 1856 2320 palatii

256 2332 420 2402 pictis
466 2333 681 2388 tabellis
728 2336 1251 2405 deprehendebatur.
1285 2339 1562 2397 Cervicem
1608 2344 1858 2399 radentes

256 2422 540 2477 nudabant
571 2440 738 2492 usque
768 2427 830 2480 ad
863 2427 1109 2496 occiput;
1134 2430 1358 2498 capillos
1381 2447 1411 2485 a
1436 2430 1571 2487 facie
1597 2449 1762 2502 usque
1790 2434 1858 2489 ad

254 2525 323 2567 08
348 2512 610 2588 denuissos
641 2515 838 2569 h.bent
858 2533 916 2583 rs,
944 2533 1080 2586 quos
1109 2518 1163 2573 in
1194 2529 1485 2591 utramque
1511 2521 1703 2579 frontis
1731 2539 1855 2593 par-

254 2612 367 2657 tem
395 2603 860 2659 discriminabant.
886 2606 1218 2663 Vestimenta
1270 2624 1459 2665 eorum
1508 2620 1663 2666 erant
1709 2613 1855 2682 laxa,

254 2705 315 2751 et
346 2699 580 2753 maxime
610 2699 770 2766 linea,
804 2709 995 2755 ornata
1027 2702 1223 2758 institis
1265 2704 1398 2758 varii
1438 2705 1655 2761 coloris.
1680 2704 1857 2762 Calcei

254 2797 413 2843 erant
460 2804 632 2857 usque
674 2790 742 2844 ad
791 2805 1059 2845 summum
1098 2792 1346 2862 pollicem
1390 2810 1530 2865 pene
1561 2797 1757 2865 aperti,
1802 2806 1859 2852 et

261 2882 575 2935 alternatim
609 2881 811 2952 laqueis
860 2884 1209 2953 corrigiarum
1251 2887 1469 2941 retenti.
1511 2886 1705 2943 Postea
1746 2905 1858 2946 cte-

254 2979 456 3039 perunt
482 2978 508 3006 κ
538 2970 688 3025 hosis
734 2971 841 3039 uti,
875 2988 1037 3042 super
1064 2988 1198 3043 quas
1235 2974 1543 3044 equitantes
1592 2978 1856 3046 subrugos

253 3060 472 3113 birreos
504 3060 810 3118 nzittebant.
842 3061 947 3116 Sed
967 3061 1084 3117 haec
1109 3063 1175 3118 de
1203 3062 1446 3119 Romana
1468 3067 1857 3125 consuetudine

257 3149 571 3223 trahebant.
608 3149 716 3221 (Cf.
747 3151 847 3206 loc.
871 3169 983 3220 sup.
1017 3152 1184 3224 laud.)

333 3237 384 3291 5.
425 3238 648 3294 Interim
678 3241 968 3298 Mauricius
1006 3244 1303 3314 imperator
1327 3244 1475 3302 brevi
1507 3248 1652 3317 pacis
1690 3249 1856 3303 inter-

250 3331 402 3385 vallo
433 3332 509 3395 uti
536 3333 816 3387 constituit
844 3336 910 3387 ad
950 3335 1188 3391 rationes
1218 3338 1507 3407 exigendas
1551 3341 1620 3394 ab
1671 3340 1735 3395 iis
1762 3340 1855 3410 qui

248 3424 519 3491 pecunias
565 3425 804 3493 publicas
849 3425 1234 3496 dispensandas
1291 3439 1647 3499 acceperant,
1694 3446 1758 3485 ac
1799 3432 1851 3485 in

248 3515 509 3583 proprios
556 3517 890 3570 convertisse
948 3532 1075 3570 usus
1122 3516 1449 3575 ferebantur.
1500 3519 1576 3575 Eo
1624 3522 1851 3577 consilio

250 3606 402 3659 misit
433 3605 661 3661 Romam
713 3606 994 3661 Leontium
1024 3611 1390 3677 exconsulem,
1429 3626 1590 3682 quem
1626 3611 1685 3667 S.
1717 3611 1852 3668 Gre—

247 3699 409 3766 gorio
434 3700 833 3753 commendavit
858 3699 1213 3764 Domitianus,
1248 3700 1499 3756 bit-litium
1538 3705 1852 3775 metropoli-

252 3799 433 3854 tanus,
466 3789 693 3856 Augusti
712 3829 726 3854 ,
757 3798 813 3843 ut
835 3789 945 3857 jam
974 3790 1173 3844 dictum
1203 3800 1304 3856 est,
1334 3802 1623 3861 cognatus;
1654 3806 1851 3861 rogans

250 3881 479 3951 insuper
508 3890 567 3936 ut
596 3882 650 3935 in
682 3882 747 3937 iis
774 3897 893 3952 quae
919 3881 968 3937 ei
1000 3898 1098 3952 pro
1119 3882 1330 3951 publica
1358 3882 1589 3939 utilitate
1614 3886 1849 3940 serenis-

249 3976 517 4028 simorum
570 3974 923 4029 Dominorum
966 3975 1208 4044 jUSSiOlle
1257 3976 1507 4031 mandata
1557 3986 1742 4045 erant,
1794 3980 1847 4034 in

247 4078 515 4136 quantum
570 4069 713 4122 ratio
778 4068 1018 4133 sineret,
1076 4068 1355 4138 suffragari
1407 4069 1738 4138 dignaretur.
1790 4070 1847 4127 Id

248 4159 610 4213 libentissime
643 4175 701 4213 se
734 4162 1094 4229 pr.rstiturum
1126 4162 1397 4232 pollicitus
1427 4174 1508 4217 est
1538 4178 1714 4234 papa;
1746 4180 1847 4221 nec

248 4251 303 4304 id
334 4252 560 4321 implere
588 4250 822 4319 distulit,
852 4267 973 4305 nam
1005 4268 1126 4306 cum
1173 4251 1466 4322 Gregorius
1493 4255 1847 4321 eXprtefectus

249 4352 309 4397 et
338 4342 428 4397 alii
458 4345 551 4412 qui
579 4344 997 4412 repetundarum
1027 4348 1435 4412 accusabantur,
1467 4347 1520 4400 in
1568 4355 1720 4416 septa
1750 4363 1843 4403 ec-

249 4433 556 4489 clesiastica
579 4450 637 4488 sc
667 4438 1015 4502 recepissent,
1049 4434 1195 4505 quod
1223 4451 1321 4506 pro
1351 4436 1641 4492 inviolabili
1681 4436 1846 4491 habe-

248 4532 446 4579 rentur
473 4525 647 4595 asylo,
688 4524 746 4580 S.
779 4524 1069 4594 Gregorius
1107 4526 1188 4582 eis
1214 4526 1480 4595 Persuasit
1523 4536 1583 4580 ut
1610 4527 1840 4592 exirent,

248 4627 306 4670 et
336 4615 573 4669 rationes
603 4631 725 4669 suas
754 4632 1023 4685 expunere
1053 4625 1305 4671 curarent
1334 4615 1472 4688 (Lib.
1507 4632 1560 4683 x,
1602 4634 1686 4685 ep.
1725 4618 1837 4686 50).

250 4703 470 4772 Egressi
497 4714 621 4758 sunt
653 4705 855 4773 itaque,
886 4716 941 4759 et
969 4704 1150 4760 Marco
1172 4704 1417 4760 Scriboni
1445 4708 1529 4776 qui
1554 4706 1623 4759 ad
1650 4706 1845 4760 exhibi-

247 4797 449 4851 tionem
471 4812 649 4850 eorum
670 4805 877 4849 venerat
900 4797 1100 4863 traditi,
1120 4805 1339 4867 accepta
1362 4797 1509 4867 prius
1529 4797 1842 4864 sponsione,

246 4889 460 4944 nullam
501 4904 565 4944 se
606 4889 917 4945 violentiam
959 4905 1230 4959 passuros.
1276 4889 1590 4957 Gregorium
1641 4905 1844 4958 exin-.1:-

248 4975 462 5031 fectum
485 4977 722 5032 amicitia
769 4977 869 5031 sibi
915 4978 1411 5046 ccttjunctissimum
1450 4978 1846 5033 commendavit

246 5069 419 5137 292
450 5065 595 5137 Papa
622 5076 733 5121 tum
765 5064 793 5104 δ
825 5067 1067 5136 plurimis
1096 5068 1146 5121 in
1193 5067 1374 5122 Sicilia
1404 5069 1697 5137 episcopis.
1731 5076 1844 5121 tum

254 5158 489 5212 Leontio
509 5157 785 5213 exconsuli
820 5167 873 5211 et
903 5157 1021 5213 aliis
1066 5173 1201 5228 qz-os
1228 5158 1282 5210 in
1322 5168 1541 5228 accepta
1572 5156 1845 5226 provincia

247 5248 344 5302 vel
380 5247 657 5313 adjutores
697 5258 750 5303 et
779 5248 1129 5302 consiliorum
1159 5247 1447 5317 participes
1477 5248 1731 5315 habebat,
1760 5247 1842 5301 vel

249 5337 550 5392 ministros.
598 5336 732 5392 Cum
782 5337 870 5391 diu
918 5345 1043 5406 post
1089 5337 1347 5391 indictum
1393 5344 1447 5390 et
1493 5336 1845 5390 constitutum

252 5444 468 5501 tempus
497 5448 527 5486 a
566 5431 747 5487 Marco
770 5447 864 5487 seu
890 5432 1203 5487 Azimarcho
1233 5430 1523 5497 Scribonc,
1552 5428 1843 5501 Gregorius

250 5544 271 5578 ι
288 5525 614 5596 xpraefectus
636 5526 689 5579 in
717 5524 957 5580 Siciliam
983 5525 1241 5592 venisset,
1272 5531 1332 5578 ut
1358 5538 1417 5578 se
1442 5537 1623 5577 coram
1653 5536 1845 5599 excon-

331 5671 356 5698 α
388 5661 565 5723 llosa.
601 5662 812 5727 tibiale,
856 5661 1046 5730 caliga.
1079 5660 1218 5717 Galli
1266 5661 1394 5716 olim
1439 5662 1688 5714 dixerunt
1715 5662 1844 5715 hou-

256 5748 407 5787 scux.
454 5733 657 5802 Al’lines
694 5742 819 5788 sunt
846 5748 1007 5789 voces
1049 5732 1398 5802 Germanicae,
1446 5730 1668 5799 ltalicm,
1712 5739 1844 5799 etc.,

261 5803 401 5858 idem
426 5801 812 5876 signiﬁcantes.

1972 534 2100 590 boni
2145 538 2467 607 signiﬁcavit
2508 562 2674 602 mone
2712 564 2776 604 ac
2819 554 3313 620 procrastinatiouis
3340 575 3557 617 causam

1971 625 2133 681 fuisse
2172 643 2389 698 gravem
2419 634 2783 693 inﬁrmitatem
2808 682 2824 707 ,
2857 658 2963 697 non
2992 644 3302 703 dilationem
3334 658 3557 719 sponta-

1970 731 2150 808 neam.
2180 718 2315 785 Quid
2343 722 2411 778 de
2448 725 2539 779 illo
2563 726 2861 795 judicatum
2891 731 2961 786 sit
2988 736 3201 805 assequi
3232 753 3337 792 non
3365 718 3558 808 possu-

1968 819 2105 861 mus.
2138 807 2292 864 llunc
2322 819 2499 867 tamen
2528 818 2909 885 exprzefectum
2950 838 2976 873 a
3009 824 3236 892 pristino
3273 807 3416 881 statu
3447 844 3554 883 non

1969 894 2254 962 excidisse,
2286 901 2400 955 sive
2426 905 2607 970 quoad
2636 907 2889 975 honores,
2922 911 3035 966 sive
3065 925 3321 982 quantum
3352 918 3419 971 ad
3454 919 3559 974 for-

1968 994 2144 1054 tunas,
2178 991 2449 1061 conjicere
2488 995 2612 1051 licet
2639 1014 2705 1053 ex
2734 1002 2964 1070 epistola
2993 1005 3203 1063 duobus
3238 1019 3361 1078 post
3403 1014 3559 1065 annis

1968 1081 2036 1134 ad
2062 1094 2184 1135 eum
2212 1092 2410 1152 scripta
2436 1084 2575 1156 (Lib.
2609 1102 2701 1151 xu,
2731 1107 2812 1159 ep.
2847 1091 2961 1159 22).

2037 1191 2095 1244 6.
2128 1191 2450 1261 Libertinus,
2482 1197 2755 1265 quondam
2781 1201 2976 1256 Sicilia:
3004 1204 3309 1275 praefectus,
3336 1208 3394 1263 S.
3425 1210 3556 1266 Gre-

1967 1282 2103 1350 gorii
2136 1282 2433 1351 familiaris,
2466 1285 2625 1355 longe
2656 1287 2841 1343 durius
2870 1290 3083 1346 habitus
3121 1303 3222 1348 est.
3255 1296 3557 1366 Rogaverat

1966 1374 2314 1430 exconsulem
2344 1391 2463 1445 plus
2511 1374 2761 1433 Pontifex
2800 1387 2860 1434 ut
2889 1381 3119 1436 amicum
3151 1383 3373 1439 haberet
3412 1404 3559 1443 com-
3600 1384 3601 1387 “

1967 1464 2274 1518 mendatum
2303 1481 2319 1531 ;
2342 1473 2397 1520 et
2424 1466 2492 1521 de
2520 1467 2637 1536 ipso
2661 1468 2727 1522 ad
2754 1469 3013 1537 plurimos
3035 1472 3172 1528 alios
3201 1474 3397 1530 eodem
3423 1494 3554 1533 con-

1966 1556 2087 1610 silio
2117 1556 2425 1626 scripserat.
2458 1558 2565 1614 Sed
2608 1560 2862 1617 Leontius
2885 1565 3162 1631 exconsul,
3194 1567 3276 1621 vir
3304 1583 3436 1625 sane
3467 1586 3548 1625 nt-

1968 1646 2087 1700 mia:
2151 1648 2496 1715 severitatis,
2566 1650 2713 1705 misit
2767 1652 2833 1706 ad
2896 1653 3213 1720 Gregorium
3271 1662 3551 1730 exemplar

1969 1736 2248 1805 cujusdam
2298 1739 2567 1797 cautionis
2619 1743 2777 1811 plane
2823 1746 3177 1813 exsecrabilis,
3224 1764 3344 1818 qua:
3395 1749 3552 1806 ﬁdem

1962 1829 2192 1888 faciebat
2219 1847 2379 1902 quam
2421 1851 2674 1905 perversa
2702 1847 2883 1894 mente
2922 1840 2987 1893 ad
3018 1842 3349 1910 praelectum
3378 1844 3553 1914 digni-

1963 1929 2126 1977 tatem
2153 1922 2455 1980 Libertinus
2473 1928 2810 1984 accessisset.
2834 1928 3017 1986 Tacite
3044 1933 3391 2003 exprobranti
3409 1938 3552 2004 quod

1959 2011 2401 2068 scelestissimum
2452 2015 2726 2071 hominem
2782 2021 3215 2078 commendasset
3267 2026 3549 2093 reSpondit

1960 2103 2129 2177 Papa,
2156 2123 2216 2163 se
2239 2108 2305 2165 de
2337 2111 2551 2166 nemine
2577 2128 2813 2181 unquam
2839 2113 2907 2169 ad
2937 2114 3111 2182 ipsum
3140 2117 3420 2185 scripsisse
3447 2118 3553 2174 nisi

1959 2207 2019 2253 ut
2045 2201 2437 2269 protectionem
2460 2218 2631 2265 suam,
2661 2206 2863 2274 favente
2884 2204 3110 2276 justitia,
3134 2215 3456 2275 pnestaret;
3485 2208 3551 2261 do

1961 2291 2257 2358 Libertino,
2285 2292 2541 2361 praelecto
2563 2292 2757 2348 Sicilia:
2786 2294 2933 2359 dato,
2964 2296 3299 2365 provinciam
3332 2298 3550 2353 univer.

1958 2398 2070 2438 sam
2102 2385 2302 2452 gratias
2339 2386 2607 2449 retulisse,
2649 2385 2795 2455 quod
2825 2387 3095 2445 sufﬁciens
3123 2389 3406 2445 videbatur
3433 2393 3551 2460 ejus

1958 2474 2241 2544 probitatis
2290 2484 2711 2545 argumentum;
2764 2487 3022 2533 cteterum
3074 2482 3195 2549 quis
3239 2488 3403 2545 esset,
3456 2490 3547 2535 aut

1956 2568 2144 2636 quales
2169 2583 2359 2624 causas
2389 2569 2655 2635 habuerit,
2685 2570 2882 2639 quidve
2910 2571 2975 2626 ad
3006 2574 3265 2642 impactas
3295 2574 3548 2627 crimina-

1958 2659 2134 2716 tiones
2159 2662 2548 2731 responderet,
2579 2663 2680 2718 sibi
2710 2679 2929 2733 prorsus
2954 2665 3285 2734 incognitum
3314 2684 3327 2720 :
3376 2666 3547 2722 Unum

1957 2757 2052 2811 Itoc
2077 2764 2271 2821 tamen,
2302 2758 2491 2826 inquit,
2536 2758 2660 2814 bene
2687 2769 2839 2833 atque
2865 2768 3162 2815 constanter
3190 2763 3329 2827 novi,
3358 2763 3476 2832 quia
3498 2770 3545 2814 et

1956 2848 1998 2900 si
2028 2863 2179 2916 quam
2206 2849 2261 2900 in
2292 2848 2441 2902 rebus
2463 2850 2678 2918 publicis
2702 2851 2935 2921 frondent
2957 2852 3097 2922 fecit,
3116 2852 3406 2905 substantia
3433 2854 3544 2924 ejus

1958 2937 2089 2990 credi
2116 2937 2269 2991 debui
2294 2978 2309 3002 ,
2344 2955 2446 2992 non
2477 2940 2706 2993 libertos.
2743 2938 2880 2992 Nam
2910 2941 2965 2993 in
2993 2942 3086 2994 ltoc
3113 2944 3247 3012 quod
3275 2942 3422 2997 liberi
3445 2958 3546 2996 ca?-

1957 3029 2167 3093 duntur,
2210 3040 2265 3083 ttt
2291 3040 2489 3084 taceam
2530 3031 2666 3104 quod
2707 3034 3029 3103 omnipotens
3076 3033 3215 3088 Deus
3241 3032 3541 3103 offenditur,

1959 3129 2016 3173 ut
2063 3129 2262 3175 taceam
2308 3124 2447 3193 quod
2485 3132 2653 3177 vestra
2682 3125 2858 3192 opinio
2907 3124 3225 3179 vehementer
3276 3139 3539 3196 gravatur,

1883 3190 1930 3251 ο
1964 3212 2184 3279 piissimi
2208 3222 2375 3266 tamen
2405 3214 2731 3283 imperatoris
2761 3216 2924 3267 nostri
2946 3215 3154 3268 omnino
3182 3224 3412 3281 tempora
3434 3221 3544 3293 fus-

1956 3310 2161 3355 cantur.
2195 3300 2312 3356 Hoc
2341 3303 2478 3354 enim
2504 3303 2637 3355 inter
2680 3318 2825 3369 reges
2856 3303 3087 3372 gentium
3126 3310 3174 3355 et
3202 3303 3543 3371 imperatores

1957 3390 2308 3445 Romanorum
2336 3393 2525 3457 distat,
2557 3394 2677 3462 quia
2707 3409 2849 3463 reges
2880 3395 3105 3464 gentium
3133 3396 3329 3449 domini
3376 3413 3543 3450 servo

1952 3498 2069 3535 rum
2093 3492 2231 3546 sunt,
2259 3484 2541 3554 intperator
2566 3501 2683 3538 vero
2708 3484 3062 3539 Romanorum
3086 3486 3321 3541 dominus
3351 3488 3541 3544 libero-

1952 3590 2087 3627 rum.
2116 3573 2265 3628 Unde
2284 3584 2331 3627 et
2348 3592 2433 3629 vos
2459 3576 2706 3647 quidquid
2734 3577 2909 3647 agitis,
2941 3577 3085 3646 prius
3110 3577 3313 3645 quidem
3340 3588 3544 3632 servata

1946 3664 2173 3733 justitia,
2206 3664 2392 3719 deinde
2418 3667 2673 3720 custodita
2704 3683 2795 3735 per
2814 3667 2988 3719 omnia
3016 3665 3252 3720 libertate
3272 3684 3424 3737 agere
3452 3669 3541 3722 de-

1953 3753 2080 3809 betis
2110 3754 2248 3825 (Lib.
2280 3773 2334 3821 x,
2366 3775 2446 3827 ep.
2480 3756 2594 3826 51).

2024 3871 2204 3939 Pergit
2230 3871 2314 3926 vir
2339 3870 2705 3926 sanctissimus
2744 3869 3028 3937 increpare
3088 3868 3310 3923 nimiam
3343 3868 3542 3938 judicis

1951 3964 2358 4029 austeritatem,
2390 3972 2447 4019 et
2489 3964 2555 4017 ad
2584 3978 2703 4018 eam
2752 3962 3133 4017 emolliendam
3179 3962 3376 4018 eximia
3406 3977 3539 4017 sane

1950 4064 2217 4125 praecepta
2239 4055 2387 4119 dare,
2402 4071 2470 4110 ex
2484 4054 2675 4124 quibus
2695 4069 2866 4124 pauca
2886 4054 3000 4109 haec
3016 4054 3305 4123 decerpere
3317 4053 3537 4123 placuit:

1951 4146 2161 4213 Quoties
2188 4159 2210 4187 ε
2239 4149 2317 4202 ira
2339 4151 2567 4202 animum
2596 4149 2809 4214 invadit,
2840 4157 3059 4201 mentem
3091 4148 3294 4211 edoma,
3314 4147 3459 4202 vince
3488 4158 3535 4201 te

1946 4246 2133 4314 ipsum.
2177 4241 2348 4313 Di/fer
2378 4252 2574 4312 tempus
2606 4243 2818 4312 furoris,
2862 4252 2910 4296 et
2937 4258 3051 4295 cum
3079 4242 3360 4313 tranquilla
3391 4259 3536 4298 mens

1948 4336 2122 4406 fuerit,
2145 4333 2281 4405 quod
2300 4333 2468 4403 placet
2490 4333 2691 4403 judico.
2723 4331 2812 4385 Ira
2832 4332 2968 4385 enim
2990 4332 3046 4385 in
3067 4332 3346 4386 vindictam
3368 4333 3538 4388 malo-

1943 4443 2059 4481 rum
2076 4427 2213 4497 sequi
2236 4424 2380 4479 debet
2396 4426 2647 4479 rationem
2668 4425 2849 4491 animi,
2868 4440 2972 4479 non
2990 4426 3192 4495 prurire,
3207 4434 3261 4477 ut
3279 4426 3425 4495 quasi
3436 4443 3533 4479 an.

1945 4516 2068 4569 cilia
2101 4516 2321 4586 justitia:
2340 4523 2453 4586 post
2481 4521 2678 4585 tergum
2707 4514 2913 4575 veniat,
2954 4521 3004 4566 et
3046 4528 3151 4566 non
3194 4514 3388 4568 lasciva
3418 4523 3537 4568 ante

1946 4609 2134 4678 faciam
2158 4617 2478 4678 prorumpat.
2524 4607 2816 4679 Aliquando
2844 4621 2960 4658 vero
2995 4604 3311 4658 ostendenda
3339 4614 3416 4659 est
3439 4644 3455 4670 ,
3484 4617 3531 4661 et

1944 4715 2047 4753 non
2074 4697 2387 4757 exhibenda;
2416 4688 2698 4765 aliquando
2723 4691 3014 4747 exhibenda
3039 4700 3132 4756 est,
3159 4691 3250 4744 srd
3272 4706 3530 4761 nunquam

1944 4786 2222 4859 sequenda.
2252 4783 2474 4850 Quando
2502 4785 2638 4838 etim
2660 4785 2715 4837 in
2739 4783 3065 4837 exsecutione
3087 4781 3306 4852 justitite
3326 4783 3535 4852 placata

1946 4886 2116 4931 mente
2142 4876 2435 4941 irascimur,
2460 4874 2786 4928 iracundiam
2812 4881 2861 4927 et
2901 4891 3004 4927 non
3030 4874 3288 4941 sequimur
3309 4880 3359 4927 et
3383 4872 3535 4930 exiti:

1947 4968 2141 5023 bemus.

2020 5071 2125 5123 Pro
2170 5065 2446 5121 Libertino
2498 5062 2929 5121 commendando
2982 5062 3272 5131 scripserat
3316 5078 3529 5133 quoque

1948 5158 2238 5225 Gregorius
2267 5158 2333 5211 ad
2379 5157 2736 5212 Amandinum
2780 5156 3133 5211 domesticum
3184 5153 3325 5226 (Lib.
3358 5172 3415 5223 x,
3443 5172 3524 5227 ep.

1949 5251 2063 5320 52),
2092 5251 2233 5318 quod
2261 5250 2489 5306 moleste
2527 5251 2618 5305 ille
2641 5249 2783 5316 tulit,
2814 5248 2917 5305 etsi
2946 5248 3079 5303 nihil
3108 5249 3279 5320 asperi
3309 5248 3533 5305 haberet.

1948 5342 2199 5413 epistola.
2245 5341 2470 5410 Jamque
2497 5342 2759 5410 Gregorio
2788 5341 3089 5396 rescribere
3118 5341 3324 5411 asperis
3352 5342 3536 5397 verbis

1948 5437 2194 5506 parabat,
2238 5435 2332 5491 sed
2373 5450 2443 5491 ne
2472 5435 2523 5489 id
2552 5445 2940 5504 exsequeretur
2981 5434 3284 5506 prohibitus
3312 5444 3396 5491 est
3433 5450 3531 5504 per

1945 5525 2234 5581 somnium.
2286 5525 2537 5580 Testatus
2584 5533 2667 5580 est
2721 5525 2864 5578 enim
2913 5540 2970 5580 se
2999 5524 3285 5582 insomnis
3330 5524 3533 5581 vidisse

2016 5656 2045 5697 ι»
2073 5657 2207 5712 Vide
2234 5657 2392 5725 epist.
2436 5657 2553 5715 libri
2598 5673 2629 5712 x
2654 5698 2669 5721 ,
2702 5672 2732 5710 a
2761 5654 2830 5710 54
2858 5672 3026 5727 usque
3054 5659 3121 5715 ad
3151 5657 3221 5713 60
3248 5657 3528 5723 inclusive.

2022 5739 2045 5767 ο
2074 5728 2310 5782 Noverat
2332 5727 2558 5782 fortasse
2580 5726 2860 5783 Leontium
2887 5726 2979 5784 irze
3000 5745 3119 5785 esse
3136 5730 3522 5786 impatientem.

1948 5801 2025 5858 De
2055 5797 2246 5857 eodem
2273 5808 2588 5868 argumento
2615 5798 2736 5857 vide
2762 5814 2850 5871 ep.
2880 5799 3178 5871 ttejusdcm
3208 5797 3350 5855 libri.
