3976 6298
441 325 544 379 ἆὲὅ

431 458 624 514 papam
650 458 715 498 ea
743 441 809 496 de
832 455 994 497 causa
1025 436 1510 509 reprehendentem
1540 442 1595 488 et
1624 434 2012 500 increpantem.
2043 434 2090 488 A

501 537 553 589 7.
587 534 665 588 Ad
706 531 1033 588 Libertinum
1075 528 1323 583 omnibus
1363 540 1500 595 pene
1526 523 1758 579 fortunis
1788 530 2009 577 exutum

428 620 718 692 Gregorius
764 618 1046 689 epistolam
1098 615 1315 684 scripsit
1363 613 1807 677 consolatoriam,
1862 618 1917 665 et
1956 616 2014 663 ut

427 714 653 769 adversa
703 711 969 781 patienter
1012 706 1303 761 sustineret
1336 704 1571 759 amicum
1618 703 1867 758 hortatus
1906 708 2009 755 est.

431 804 619 858 Verbis
644 802 848 856 addidit
891 798 1289 864 liberalitatem,
1318 811 1477 866 quam
1507 796 1663 850 solita
1710 795 2014 849 urbanitate

426 897 699 953 condivit:
751 894 879 948 Peto
919 900 1109 955 autem,
1140 891 1335 959 inquit,
1359 905 1423 943 ne
1457 890 1767 960 injuriosum
1792 887 2012 949 duratis,

427 987 565 1059 quod
578 987 756 1057 viginti
777 1001 809 1038 a
831 984 976 1038 nobis
998 983 1210 1037 vestitus
1225 982 1295 1035 ad
1312 998 1497 1052 pueros
1512 992 1705 1035 vestros
1716 998 1805 1050 per
1829 979 2017 1033 Roma-

426 1094 546 1131 num
562 1077 882 1148 defensorem
904 1074 1204 1141 scripsimus
1223 1072 1461 1142 praberi.
1486 1073 1606 1144 quia
1634 1072 1697 1124 de
1722 1070 1852 1124 beati
1881 1070 2015 1123 l‘etri

426 1169 647 1239 apostoli
677 1165 845 1233 rebus,
868 1165 1097 1237 quamvis
1120 1181 1280 1235 parva
1309 1165 1412 1218 sint
1449 1179 1562 1235 quia
1590 1163 1896 1231 offeruntur,
1924 1178 2016 1228 pro

420 1275 618 1332 .magna
655 1275 855 1329 semper
877 1257 1229 1313 benedictione
1270 1255 1600 1325 suscipienda
1626 1264 1745 1309 sunt
1787 1253 1927 1325 (Lib.
1960 1270 2013 1317 x,

428 1371 509 1421 ep.
544 1352 659 1423 3i).

488 1441 607 1497 Non
621 1440 714 1496 uni
727 1441 1006 1495 dumtaxat
1020 1438 1319 1505 amico,sed
1334 1438 1576 1507 plurimis
1597 1436 2015 1506 impendende

431 1533 528 1587 fuit
556 1547 587 1587 a
611 1530 871 1599 Gregorio
897 1545 928 1584 c
964 1528 1208 1583 nsolandi
1232 1528 1487 1590 officium,
1513 1527 1810 1597 praesertim
1838 1526 2018 1581 Domi-

433 1628 576 1690 nico,
628 1624 1035 1693 Carthaginiensi
1086 1625 1343 1693 episcolto
1374 1662 1389 1686 ,
1440 1624 1510 1679 ob
1559 1624 1919 1693 pestilentiam
1964 1625 2015 1678 in

358 1765 377 1773 -
428 1714 604 1769 Africa
634 1713 1030 1775 desrevientezn,
1058 1729 1216 1781 quem
1247 1713 1407 1769 docet
1455 1717 1675 1783 qu'nam
1704 1714 1911 1768 fructus
1947 1730 2013 1768 ex

901 325 963 381 S.
1001 321 1328 380 GREGORII
1369 319 1594 375 MXGNP
1626 316 1806 378 \‘ITA,
1850 313 1939 368 EX
1978 314 2138 371 EJUS
2177 313 2485 369 SGRIPTIS
2524 310 2920 368 ADORNATA.
2963 309 3092 364 LIB.
3137 309 3226 363 IV.

3607 310 3717 361 4‘56

2191 427 2278 482 10.
2315 426 2428 483 Hoc
2475 441 2617 480 anno
2649 433 2892 480 mortuus
2911 431 2994 479 est
3033 422 3359 478 Fortunatus
3388 420 3747 492 Episcopus:

2113 516 2247 571 Eum
2262 517 2420 587 paulo
2443 525 2567 571 ante
2590 516 2795 570 obitum
2813 516 3161 585 redarguerat
3182 512 3475 583 Gregorius
3498 512 3642 584 (Lib.
3658 529 3723 580 Σ,

2113 626 2197 680 ep.
2225 607 2295 661 9.4
2322 618 2370 661 et
2406 606 2524 678 25),
2559 616 2672 661 tum
2700 606 2767 661 de
2800 608 3019 661 minima
3052 606 3415 661 sollicitudine
3437 620 3568 675 erga
3596 622 3726 661 m0-

2116 701 2373 767 nasteria,
2403 709 2513 755 tum
2538 700 2605 755 de
2633 702 2912 772 occupatis
2943 699 3098 755 Urbis
3120 700 3292 770 portis
3318 708 3373 752 et
3393 700 3724 768 aqumductn

2115 806 2348 860 quorum
2374 806 2502 846 cura
2541 799 2597 845 et
2621 791 2862 846 custodia
2897 791 3203 861 pertinebat
3243 791 3311 845 ad
3340 791 3721 856 Theodorum,

2116 880 2375 949 majorem
2404 880 2588 950 populi
2615 922 2631 948 ,
2654 889 2708 934 et
2730 882 2795 934 ad
2828 880 3107 936 Rusticum
3138 881 3425 936 seniorem.
3454 879 3725 935 Proinde-

2115 987 2222 1043 que
2238 971 2398 1041 jussit
2416 971 2756 1041 :equissimus
2783 971 3031 1026 Pontifex
3057 982 3306 1041 usurpata
3332 971 3559 1027 restitui.
3588 970 3724 1025 Erat

2118 1061 2207 1115 hic
2234 1061 2405 1131 major
2433 1061 2609 1131 populi
2640 1060 2752 1115 f~-re
2791 1060 2933 1115 idem
2977 1062 3326 1130 magistratus
3354 1076 3420 1116 ac
3440 1062 3582 1131 apud
3614 1078 3726 1115 nos

2117 1156 2278 1209 modo
2304 1157 2463 1226 293
2494 1155 2665 1227 m'jor
2703 1154 2865 1209 urbis.
2913 1156 3255 1226 Amplissima
3281 1155 3394 1226 jam
3436 1166 3548 1210 tum
3596 1163 3725 1210 erat

2116 1244 2306 1298 civitas
2333 1244 2605 1313 Neapolis.
2640 1244 2715 1300 lbi
2738 1245 2976 1300 artiﬁces
3006 1247 3058 1300 in
3091 1246 3298 1300 diversa
3324 1261 3579 1315 corpora,
3610 1261 3723 1315 pro

2117 1349 2443 1403 unaquaque
2471 1344 2588 1390 arte
2613 1349 2776 1405 quam
2815 1334 3225 1406 prolitebantur,
3254 1336 3517 1392 coaluisse
3545 1337 3683 1391 disci
3704 1367 3720 1377 -

2118 1442 2237 1479 mus
2274 1442 2342 1481 ex
2393 1426 2628 1494 querelis
2673 1428 3083 1495 saponariorum
3130 1427 3386 1482 adversus
3435 1426 3711 1482 Joannem

2119 1517 2445 1583 Palatinum,
2476 1519 2567 1588 qui
2598 1536 2728 1574 nova
2759 1520 2982 1590 plurima
3029 1536 3207 1573 eorum
3233 1520 3439 1589 corpori
3465 1521 3725 1591 prujuds—

2118 1609 2323 1663 cialiter
2351 1609 2615 1663 nitebatur
2656 1610 2942 1679 imponere,
2986 1620 3035 1663 et
3082 1609 3179 1663 sibi
3223 1610 3475 1680 proﬁcere
3516 1610 3722 1664 volebat

2118 1701 2368 1772 quidquid
2398 1702 2655 1755 commodi
2690 1702 2753 1754 de
2780 1701 2998 1754 introitu
3040 1701 3151 1771 ejus
3178 1701 3441 1755 accederet
3470 1744 3484 1765 ,
3511 1702 3613 1756 hoc
3632 1716 3667 1755 e
3705 1711 3728 1753 ι

428 1805 532 1859 hoc
560 1801 774 1872 ﬂagello
816 1803 925 1856 sint
952 1801 1259 1869 colligendi.
1293 1802 1443 1858 Tunc
1470 1802 1677 1857 italiam
1720 1819 1750 1855 a
1782 1804 1874 1858 tali
1903 1820 2020 1874 per-

2141 1791 2376 1860 luidqnid
2429 1792 2812 1860 persolvebant
2851 1791 2943 1858 qui
2988 1790 3113 1844 huic
3141 1788 3316 1844 ordini
3360 1799 3454 1844 aut
3499 1791 3725 1861 corpori

428 1898 677 1953 cussione
695 1911 804 1951 non
830 1894 994 1951 fuisse
1014 1894 1237 1949 liberam
1265 1894 1480 1959 asserit,
1502 1897 1571 1949 ad
1591 1910 1752 1965 quam
1774 1895 2016 1964 plurima:

427 1988 579 2058 quasi
612 1986 907 2043 acervatim
956 1986 1288 2042 accedebant
1339 1985 1676 2042 calamitates
1729 1984 1888 2057 (Lib.
1939 2002 1971 2041 ι
1998 2026 2014 2052 ,

428 2096 513 2150 ep.
542 2078 657 2147 65).

501 2192 556 2248 8.
585 2194 732 2259 Quos
760 2198 989 2248 noverat
1010 2192 1172 2248 rebus
1196 2190 1275 2245 uti
1307 2190 1600 2262 prosperis,
1627 2200 1683 2245 et
1707 2191 1849 2245 nulla
1879 2189 2018 2243 ami-

432 2286 614 2341 ctione
651 2288 907 2352 Inagistra
956 2281 1157 2337 erudiri
1205 2281 1273 2336 ad
1323 2281 1589 2335 honorum
1640 2281 2019 2350 temporalium

436 2384 832 2443 contemptum,
862 2381 919 2428 et
945 2381 1269 2427 :eternorum
1295 2386 1534 2425 amorem
1565 2371 1735 2439 magis
1766 2386 1829 2424 ac
1851 2370 2021 2437 magis

437 2464 791 2520 accendebat.
823 2461 901 2516 lta
947 2462 1134 2516 scribit
1159 2460 1225 2515 ad
1250 2460 1509 2515 illustrem
1550 2460 1836 2529 quamdam
1868 2458 2021 2514 femi-

328 2624 339 2637 .
434 2572 581 2610 nam;
597 2556 653 2609 Μ
658 2572 849 2625 agnam
860 2554 1009 2608 nobis
1023 2554 1257 2607 lwtitiam
1276 2551 1469 2607 Gloria
1479 2561 1661 2607 vestra:
1672 2554 2023 2624 ingessitepis-

435 2647 559 2710 tola,
578 2663 691 2717 quae
709 2654 919 2701 aeterna:
944 2646 1061 2700 vitte
1090 2644 1399 2697 desiderium
1426 2660 1512 2697 vos
1542 2643 1729 2696 habere
1757 2644 2018 2714 signavit;

433 2739 524 2793 sed
549 2740 671 2810 quia
691 2737 985 2807 hujusmodi
1016 2736 1243 2790 studium
1267 2737 1479 2806 fugitiva
1502 2736 1630 2788 solet
1656 2737 1833 2789 mundi
1855 2738 2023 2806 gloria

346 2865 352 2871 ι
433 2830 731 2900 praepedire,
784 2829 1052 2882 hortamur
1093 2836 1148 2880 ut
1180 2830 1364 2881 mentis
1406 2835 1589 2881 vestra:
1632 2827 2021 2882 saluberrimam

433 2920 853 2975 deliberationem
893 2936 973 2973 res
1020 2919 1254 2989 qutelibet
1311 2921 1611 2973 transitoria
1660 2936 1763 2973 non
1803 2931 2022 2985 revocet,

434 3031 526 3067 nec
551 3012 614 3065 ab
643 3014 860 3081 incmpto
881 3028 995 3065 eam
1018 3011 1222 3064 tramite
1248 3010 1281 3062 d
1314 3012 1429 3064 viet.
1463 3011 1568 3063 Sed
1600 3013 1764 3081 magis
1787 3028 2026 3080 superna:

435 3104 617 3172 patrita
645 3118 793 3156 amor
831 3100 1100 3164 accendat,
1123 3103 1338 3170 prwmia
1369 3117 1614 3154 mansura
1646 3102 1943 3167 sollicitent,
1973 3112 2023 3155 et

2117 1883 2314 1939 sociari
2346 1884 2702 1952 impetrabant
2730 1880 2869 1950 (Lib.
2906 1898 2958 1945 x,
2991 1900 3073 1953 ep.
3102 1882 3217 1952 26).

2192 1994 2268 2049 De
2289 2009 2605 2049 successore
2628 1993 2908 2049 Fortunati
2937 1995 3025 2048 diu
3046 1994 3422 2050 deliberatum.
3453 1995 3580 2049 Pars
3608 2010 3681 2063 po
3697 2025 3720 2035 ο

2119 2088 2225 2158 puli
2272 2086 2484 2141 favebat
2528 2085 2722 2141 Joanni
2770 2086 3049 2152 Diacono;
3098 2086 3195 2141 δρᾶ
3226 2102 3255 2140 a
3304 2101 3438 2156 papa
3478 2084 3725 2152 rejectus

2118 2190 2220 2246 est,
2269 2181 2393 2249 quia
2424 2195 2546 2233 cum
2576 2179 2850 2249 parvulam
2900 2178 3126 2233 haberet
3171 2177 3356 2243 filiam,
3390 2178 3505 2248 ejus
3542 2178 3725 2232 conti-

2121 2272 2301 2326 nentia
2356 2271 2593 2326 nondum
2642 2270 2932 2324 sullicienti
2974 2281 3217 2340 tempore
3253 2272 3475 2340 probata
3506 2277 3625 2325 erat
3659 2277 3727 2323 ct

2121 2364 2421 2433 explorata.
2454 2363 2585 2416 Pars
2610 2363 2776 2416 altera
2806 2360 3025 2416 Petrum
3053 2363 3179 2416 item
3206 2362 3489 2417 diaconum
3534 2361 3724 2429 elege-

2121 2464 2224 2516 rat.
2255 2453 2347 2523 qui
2378 2469 2477 2507 nec
2507 2453 2745 2523 pontilici
2775 2453 2975 2522 placuit
3006 2463 3225 2523 propter
3253 2453 3471 2508 nimiam
3500 2452 3719 2521 simpli-

2121 2549 2360 2603 citatem.
2385 2545 2651 2601 Praeterea
2675 2546 2953 2600 dicebatur
2972 2546 3097 2601 olim
3114 2547 3395 2616 pecuniam
3419 2545 3482 2600 ad
3497 2559 3722 2599 usuram

2123 2640 2357 2694 dedisse.
2389 2637 2592 2691 Neuter
2621 2636 2800 2706 itaque
2828 2636 3003 2689 factus
3029 2647 3112 2690 est
3131 2635 3439 2705 cpiscopus,
3466 2636 3560 2688 sed
3585 2631 3723 2688 Pas-

2123 2730 2337 2786 chasius
2365 2729 2431 2782 ad
2455 2744 2615 2797 quem
2646 2727 2887 2797 plurima:
2913 2721 3255 2795 Gregoriana:
3283 2726 3541 2796 epistola).

2198 2840 2285 2895 15.
2321 2840 2472 2896 Nunc
2493 2839 2562 2895 de
2593 2840 2751 2895 rebus
2774 2839 3088 2894 monasticis
3108 2839 3176 2893 ad
3194 2839 3339 2894 hunc
3361 2853 3558 2892 annum
3585 2852 3717 2908 per-

2125 2940 2418 2996 tinentibus
2445 2937 2705 3006 agendum
2736 2935 2893 3001 foret,
2924 2935 3018 2989 sed
3046 2936 3326 2990 brevitatis
3353 2934 3543 3003 gratia,
3591 2934 3718 2987 uni-

2128 3047 2251 3086 eam
2288 3030 2568 3084 dumtaxat
2594 3027 2651 3081 S.
2700 3026 2944 3094 Gregorii
2965 3026 3245 3095 epistolam
3274 3026 3326 3078 in
3349 3024 3721 3079 defensionem

2130 3125 2515 3193 monachorum
2546 3121 2801 3189 scriptam
2842 3118 3224 3189 expendemus.
3267 3115 3347 3171 Ex
3391 3116 3723 3170 monasterio

435 3196 504 3249 ad
530 3195 727 3249 venturi
758 3194 959 3247 Iudicis
989 3196 1381 3258 promissionem
1410 3203 1549 3248 certa
1580 3211 1780 3263 semper
1806 3197 2019 3263 aspiret,
2054 3171 2096 3230 Ο
2129 3219 2185 3272 5.
2238 3192 2561 3281 Archange“
2585 3252 2603 3280 ,
2652 3171 2795 3282 Apud
2827 3171 3101 3280 Negpoum
3128 3253 3143 3278 ν
3176 3211 3473 3265 monachus
3500 3208 3720 3279 quidam

436 3298 589 3358 utque
608 3302 671 3339 ea:
703 3286 1064 3355 temporalibus
1082 3294 1277 3339 azterna
1295 3296 1543 3338 mercetur
1565 3302 1583 3339 :
1612 3295 1752 3339 utea:
1780 3287 1939 3340 hocet
1968 3288 2022 3339 in

438 3396 556 3432 vera
579 3378 745 3448 gloria
774 3392 905 3443 esse,
927 3386 975 3429 et
1003 3376 1135 3428 inter
1163 3387 1430 3429 matronas
1450 3377 1657 3445 possitis
1686 3376 1914 3431 caelestes
1938 3377 2027 3428 od-

439 3472 612 3525 scriTi.
660 3469 908 3522 Reducite
941 3468 1011 3520 ad
1053 3468 1255 3521 animos
1300 3470 1671 3536 prosperitates
1719 3479 2020 3537 temporum,

440 3561 815 3615 multitudinem
845 3561 1130 3624 hominum,
1158 3560 1467 3628 dignitatum
1493 3576 1730 3629 pompas,
1757 3570 2025 3613 matrona-

440 3672 553 3707 rum
577 3653 819 3725 gloriam,
852 3652 1147 3705 divitiarum
1195 3649 1587 3703 abundantiam.
1634 3650 1894 3704 Attendite
1918 3650 2026 3705 Iuec

439 3746 614 3800 omnia
633 3743 717 3796 ubi
748 3746 822 3796 vel
843 3742 966 3813 quid
996 3746 1136 3812 [acta
1157 3751 1277 3794 sunt
1303 3759 1318 3804 ;
1341 3755 1386 3794 e'
1430 3757 1493 3793 ea:
1519 3743 1613 3795 hoc
1636 3754 1844 3811 pensata
1872 3760 2025 3813 quam

440 3836 583 3888 nulla
628 3835 762 3895 sint,
809 3840 856 3885 et
880 3834 998 3903 quia
1045 3834 1130 3901 qui
1174 3834 1273 3885 ista
1300 3832 1469 3903 diligit
1522 3837 1777 3887 somnium
1806 3834 2025 3904 rigilans

443 3927 575 3980 ridet
596 3923 737 3993 (Lib.
767 3939 823 3988 Σ,
868 3940 945 3991 rp.
971 3924 1003 3977 4
1044 3920 1087 3992 ).
1639 3916 1643 3921 ’

512 4034 565 4089 9.
601 4033 910 4088 Amicorum
963 4032 1087 4086 vitia
1138 4032 1356 4087 minime
1402 4033 1772 4088 dissimulabat
1810 4036 1876 4089 ad
1930 4051 2026 4090 eos

442 4125 703 4180 scribens.
761 4123 835 4176 lta
901 4120 1292 4176 Clementinam
1349 4125 1626 4192 patriciam
1687 4126 2021 4194 alloquitur:

446 4216 754 4271 Nuntiatum
799 4216 921 4268 mihi
949 4226 1024 4268 est
1067 4216 1199 4285 quod
1226 4216 1271 4268 si
1298 4217 1499 4280 quando
1529 4235 1616 4271 vos
1653 4220 1917 4290 quisquam
1946 4223 2028 4291 of-

447 4306 689 4379 fenderit,
744 4304 973 4358 dolorem
1001 4304 1422 4359 irremissibiliter
1468 4309 1720 4361 retinetis.
1778 4308 1930 4372 Quod
1982 4312 2026 4365 si

445 4413 617 4453 rerum
643 4405 740 4463 est,
763 4395 881 4466 quia
898 4406 1143 4465 quantum
1168 4412 1254 4450 ros
1276 4396 1457 4466 diligo,
1487 4408 1686 4452 tantum
1707 4403 1985 4456 contristor
2008 4420 2025 4457 :

448 4499 562 4555 peto
589 4497 643 4539 ut
665 4487 759 4539 hoc
781 4503 813 4539 α
838 4488 974 4540 vobis
998 4485 1173 4538 vitium
1198 4484 1433 4540 nobiliter
1457 4490 1769 4555 excludatis,
1808 4500 1857 4543 et
1879 4509 2026 4545 secus

448 4580 568 4633 boui
589 4580 757 4648 aperis
782 4589 998 4649 segetem
1023 4579 1216 4631 inimici
1238 4594 1406 4632 semen
1437 4596 1663 4635 crescere
1684 4599 1787 4635 non
1814 4584 2023 4637 sinatis.

452 4670 734 4729 Dominica:
764 4669 1014 4722 orationis
1059 4670 1211 4722 verba
1255 4668 1325 4721 ad
1365 4670 1666 4725 memoriam
1695 4673 2026 4738 reducantur,

448 4774 497 4817 et
525 4780 626 4816 non
657 4761 797 4824 αιηά
825 4778 909 4814 υς·δ
939 4760 1054 4830 plus
1078 4764 1244 4815 valeat
1272 4763 1423 4832 culpa
1450 4780 1601 4834 quam
1630 4765 1797 4817 venia.
1829 4764 2027 4819 Exces-

448 4872 535 4909 sus
560 4852 752 4908 Gloriw
772 4863 951 4907 vestra:
978 4852 1180 4906 bonitas
1210 4864 1432 4923 superet,
1474 4865 1522 4909 et
1550 4858 1715 4926 magis
1756 4856 2031 4910 salubriter

448 4946 756 5017 ignoscendo
781 4944 1015 4998 devotum
1046 4946 1225 5013 faciat,
1256 4962 1400 5013 quem
1444 4954 1605 5008 potest
1632 4949 1911 5015 persistens
1939 4950 2024 5020 fa-

449 5053 561 5089 cere
587 5034 838 5101 asperitas
884 5033 1194 5087 inderotmn.
1247 5036 1584 5105 ltelinquatur
1608 5037 1691 5090 illi
1730 5037 1864 5090 unde
1891 5055 2028 5091 vere-

451 5126 692 5178 cundiam
717 5124 920 5187 habeat,
947 5132 1117 5177 etnon
1143 5133 1365 5177 servetur
1386 5126 1521 5195 quod
1540 5126 1731 5179 doleat.
1759 5126 1898 5181 Nam
1920 5130 2030 5189 ple-

452 5232 661 5287 rumque
678 5216 795 5287 plus
819 5216 1000 5269 virium
1028 5214 1179 5269 habet
1208 5217 1428 5271 discreta
1444 5219 1498 5271 in
1521 5221 1834 5274 correctione
1850 5225 2033 5277 remis-

451 5309 546 5375 sio,
577 5324 731 5379 quam
775 5309 827 5362 in
849 5310 1177 5379 exsequenda
1224 5309 1419 5364 ultione
1457 5309 1713 5364 districtio
1743 5311 1903 5378 (Lib.
1958 5330 1988 5367 Χ
2012 5353 2028 5380 ,

450 5416 531 5468 ep.
564 5398 675 5468 58).
1397 5462 1406 5468 _
2012 5406 2015 5409 ’

522 5513 577 5567 Si
633 5514 973 5581 contingeret
1025 5513 1228 5569 amicos
1288 5529 1357 5569 ex
1408 5515 1656 5572 libertate
1710 5519 2033 5588 corripiendi
2118 5544 2119 5553 ι

451 5603 774 5674 quandoque
798 5604 994 5659 offendi
1024 5614 1077 5658 et
1104 5607 1436 5673 exacerbari,
1466 5609 1836 5665 amicabilibus
1859 5612 2036 5666 verbis

455 5710 547 5749 eos
578 5693 804 5748 delinire
832 5695 1128 5762 satagebat,
1170 5697 1607 5764 ntintelligerent
1645 5717 1834 5772 aspera
1876 5704 2035 5758 verba

452 5798 561 5839 non
592 5801 660 5841 ex
681 5784 829 5851 odio,
878 5784 973 5839 sed
1002 5800 1069 5840 ex
1094 5786 1356 5841 charitate
1382 5784 1619 5853 ﬂuxisse.

2124 3309 2324 3362 abierat
2353 3306 2420 3358 ad
2450 3305 2619 3358 hostes
2644 3320 2660 3367 ;
2688 3302 2828 3371 quod
2854 3300 3266 3366 Godescalcum,
3296 3300 3601 3369 Campania:
3622 3299 3723 3352 du-

2125 3414 2266 3461 cem,
2304 3396 2355 3449 in
2392 3403 2599 3448 tantum
2631 3394 2867 3447 lurorcm
2897 3392 3151 3460 abripuit,
3183 3398 3244 3444 ut
3277 3390 3471 3459 januas
3499 3404 3723 3444 monas-

2129 3487 2247 3539 terii
2278 3485 2451 3553 frangi
2494 3483 2732 3552 jusserit,
2762 3472 2835 3537 et
2882 3482 3136 3552 quidquid
3182 3482 3255 3537 ibi
3306 3482 3580 3536 inventum
3612 3491 3719 3546 est,

2126 3578 2305 3645 diripi.
2331 3576 2554 3638 Fuscus,
2580 3574 2893 3628 monasterii
2921 3574 3106 3637 abbas,
3132 3572 3418 3627 discrimen
3443 3572 3565 3641 fuga
3591 3588 3723 3626 eva-

2124 3677 2308 3735 serat,
2356 3669 2533 3723 sciens
2579 3667 2769 3721 ducem
2818 3666 2919 3736 ipsi
2969 3667 3173 3734 fugitivi
3218 3666 3466 3722 monachi
3512 3667 3721 3720 crimen

2128 3760 2443 3828 impingere.
2475 3756 2629 3824 Quod
2656 3773 2815 3827 quam
2865 3758 3153 3812 absurdum
3177 3765 3323 3813 esset
3365 3756 3605 3811 ostendit
3657 3757 3721 3810 S.

2128 3850 2441 3918 Gregorius,
2483 3864 2607 3902 eum
2638 3847 2702 3902 ad
2736 3848 3005 3903 saniorem
3037 3864 3298 3903 revocans
3324 3856 3558 3903 mentem
3588 3863 3720 3917 pro-

2126 3944 2244 4014 prio
2276 3941 2525 4012 exemplo
2552 3959 2565 3993 :
2602 3940 2869 4013 Numquid
2891 3950 2938 3993 et
2978 3940 3152 3994 diebus
3181 3941 3555 4011 magnitudinis
3595 3948 3725 4003 tum,

2128 4037 2320 4104 inquit,
2341 4036 2488 4090 multi
2510 4036 2573 4089 de
2594 4036 2797 4089 civitate
2811 4037 2864 4089 in
2887 4053 2987 4107 qua
3008 4036 3244 4089 consistis
3266 4035 3333 4087 ad
3349 4032 3613 4104 Langobai
3628 4035 3727 4088 dos

2128 4129 2311 4181 milites
2336 4129 2460 4198 fuga
2485 4143 2589 4180 non
2618 4128 2751 4196 lapsi
2776 4136 2897 4180 sunt
2922 4127 2945 4180 ?
2975 4126 3041 4180 Et
3063 4128 3174 4197 quis
3202 4134 3357 4179 tantm
3387 4126 3724 4180 indiscretio-

2128 4223 2227 4281 nis,
2254 4230 2507 4290 tanta'que
2527 4222 2689 4290 possit
2712 4221 2943 4274 stultitia:
2971 4220 3216 4290 reperiri,
3243 4229 3295 4273 ut
3324 4236 3500 4273 eorum
3529 4219 3730 4291 iniqui-

2128 4320 2285 4364 tatem
2306 4309 2398 4363 tibi
2427 4312 2644 4364 wstimet
2664 4311 3031 4381 applicandam
3062 4312 3085 4364 ἱ)
3121 4309 3259 4381 (Lib.
3290 4328 3347 4373 x,
3375 4329 3456 4381 ep.
3489 4310 3577 4379 11)

2202 4399 2296 4452 Vis
2324 4398 2447 4452 huic
2470 4400 2801 4454 monasterio
2831 4399 2976 4453 illata
3004 4399 3231 4454 fortasse
3257 4400 3598 4454 occasionem
3626 4398 3729 4454 de-

2131 4490 2285 4543 derat
2303 4488 2619 4543 Cmistantio
2640 4490 2902 4545 monacho
2922 4499 2977 4545 et
2996 4492 3311 4562 presbytero
3334 4489 3729 4558 transmigran-

2085 4545 2104 4589 )
2133 4580 2185 4633 di
2216 4581 2267 4633 in
2298 4580 2553 4663 Siciliam,
2571 4590 2627 4634 et
2649 4596 2830 4635 secum
2857 4581 3131 4637 auferendi
3154 4582 3468 4636 monasterii
3490 4581 3571 4635 sui
3597 4582 3726 4636 vela

2135 4681 2186 4725 et
2203 4671 2438 4725 codices.
2453 4670 2688 4737 Quicum
2706 4672 2777 4726 ibi
2790 4673 2931 4727 diem
2947 4674 3559 4739 clausissetextremum,
3578 4671 3725 4728 Gre-

2134 4763 2336 4831 gorirs,
2369 4777 2399 4815 a
2428 4761 2601 4821 Fusco
2630 4762 2825 4817 abbate
2856 4772 3096 4832 rogatus,
3127 4764 3192 4817 ad
3223 4762 3508 4818 Fantinum
3534 4762 3729 4817 defen-

2134 4867 2311 4906 sorem
2351 4852 2587 4921 scripsit,
2633 4860 2691 4906 ut
2717 4853 2893 4907 ablata
2924 4855 3135 4908 restitui
3183 4864 3398 4910 curaret
3427 4855 3446 4926 (
3474 4852 3591 4908 Lib.
3646 4871 3680 4908 ι
3706 4895 3727 4921 ,

2134 4961 2215 5015 ep.
2252 4943 2366 5015 Μ).

2757 5015 2985 5072 CAPUT
3027 5017 3090 5075 V.

2132 5128 2472 5177 Ancum—1.
2497 5131 2548 5178 S.
2576 5130 2843 5187 GrPgOrius
2885 5133 3045 5179 obstat
3085 5144 3148 5179 ne
3197 5135 3237 5181 is
3275 5132 3533 5182 Mediolani
3582 5142 3730 5182 esset

2197 5191 2474 5254 episcopus,
2498 5192 2905 5254 quemAg'lulfus
2944 5195 3170 5251 elegerat
3215 5197 3475 5243 tfrdsnatur
3500 5198 3728 5247 Dettva-

2195 5251 2283 5316 dit.
2306 5251 2554 5316 Somnium
2578 5251 2820 5316 cujusdam
2848 5255 3137 5302 betrrmlnxi
3164 5256 3226 5301 de
3251 5258 3528 5316 aequalitate
3550 5258 3729 5310 Eccle-

2196 5314 2282 5377 sim
2310 5313 2501 5363 Mediol.
2533 5326 2642 5361 cum
2666 5315 2893 5363 Romana.
2913 5342 2974 5351 ——
2997 5317 3043 5363 2.
3067 5318 3213 5365 Amos
3255 5313 3537 5377 patriarchae
3577 5324 3728 5371 Jero-

2196 5373 2484 5443 snlyrnitano
2516 5381 2708 5443 mortuo
2744 5379 2966 5443 succedit
3006 5378 3206 5443 lsacius.
3226 5373 3288 5443 έ-
3308 5384 3358 5430 5.
3390 5383 3639 5443 Ilultiples
3672 5391 3731 5432 et

2168 5436 2517 5493 gravissimus
2562 5437 2616 5485 S.
2653 5437 2880 5498 Gregorii
2924 5441 3136 5489 morbus.
3162 5442 3291 5490 -4.
3334 5443 3409 5493 De
3455 5436 3730 5495 amicorum

2197 5497 2353 5544 salute
2393 5500 2548 5558 magis
2585 5512 2728 5558 quam
2761 5497 2831 5548 de
2870 5512 2955 5549 sua
2995 5508 3073 5551 est
3108 5502 3501 5555 sollicitum—5.
3528 5508 3732 5557 Annona

2204 5563 2503 5617 aegrotantes
2539 5561 2597 5607 ad
2636 5562 2973 5619 pwnitentiam
3014 5563 3250 5613 hortatur.
3304 5566 3580 5617 Prsesi-rtim
3627 5568 3731 5616 Ve-

2203 5621 2803 5691 nantiumuoupmortuo
2843 5624 2906 5691 de
2947 5626 3730 5691 ipsinsdliliabpssoll'citudinem

2202 5682 2350 5739 gerit.
2375 5708 2435 5718 —
2455 5683 2502 5731 6.
2526 5682 2704 5732 Hostes
2732 5682 2986 5733 imminent
3015 5686 3211 5737 Sit-ilia.
3254 5686 3398 5737 Fides
3431 5695 3478 5738 in
3502 5686 3749 5739 Sardinii"

2202 5750 2507 5813 propagatur.
2530 5770 2591 5780 --
2617 5745 2665 5813 72
2700 5748 2750 5792 ὃ.
2778 5744 3045 5813 Gregorius
3081 5747 3407 5813 Theoctistam
3444 5752 3507 5801 de
3547 5754 3736 5803 haeresi

2207 5805 2481 5855 intentatam
2503 5805 2800 5857 consolatur.
2824 5805 2950 5858 -“8.
2973 5809 3260 5861 Scandalum
3281 5813 3457 5865 tollere
3479 5815 3737 5867 debemus
