3976 6304
224 325 337 380 437

710 326 767 379 S.
809 326 1140 383 GliEGUllll
1184 329 1394 385 M.\GNI
1440 327 1619 392 VITA,
1666 327 1753 381 EX
1799 327 1959 382 EJUS
1996 328 2300 385 SCRIPTIS
2336 331 2731 388 ADORNATA.
2777 334 2902 388 LIB.
2944 334 3037 396 IV.

3408 340 3507 395 458

290 438 933 526 132099.33E1tei'srﬁ-
954 438 1823 526 ‘93."???.‘Ilﬁffi‘eﬂ'f‘i’fils'ifil
1854 444 1904 503 Α
1930 442 2173 511 quandam
2225 456 2502 503 ¹¹¹²ηδ¹¹θιθ
2530 449 2868 519 οοπίϐθηάον
2897 451 3142 522 ίιυωάειιη
3170 468 3287 524 quae
3314 458 3510 526 conisi

291 502 392 562 [vita
430 500 823 549 rel’elluntur.—-
861 502 937 551 10.
979 502 1360 551 Calumniatores
1399 503 1630 561 gravibus
1667 506 1824 562 ptrnis

288 564 473 611 addicit
510 562 563 625 S.
590 562 876 621 Gregorius.
896 588 956 598 —
985 563 1053 611 ll.
1086 563 1351 611 Falsarium
1388 565 1623 625 puuit.-—-
1650 565 1719 613 12.
1747 563 1821 612 De

287 625 441 674 rebus
464 624 832 674 ecrlesiasttcis.
851 650 915 661 —
942 625 1015 673 15.
1052 626 1112 675 ΕΙ.
1134 624 1425 674 monasticis.
1450 652 1510 661 ——
1531 624 1606 674 14.
1634 626 1823 676 libella-

287 688 399 736 redi
425 688 561 747 regis
586 692 716 735 mers
740 695 791 736 et
813 700 1142 737 succeSsores.
1169 686 1285 748 (An.
1311 687 1403 736 600
1429 693 1482 739 et
1500 688 1637 749 60!.)

298 814 355 869 1.
387 812 605 870 Mortuo
629 812 971 879 Constantio,
1005 813 1394 869 Mediolanensi
1422 813 1696 883 episcopo,
1724 826 1823 882 pe-

221 909 457 964 riculum
486 906 794 962 schismatis
816 906 867 961 in
898 904 1133 962 Ecclesia
1164 904 1546 961 Mcdiolanensi
1574 905 1822 959 immine-

221 999 344 1053 bat.
374 998 510 1053 Nam
543 999 719 1053 clerus
748 1005 803 1053 et
850 999 1081 1067 pepulus
1124 998 1404 1052 unanimes
1450 997 1728 1065 elegerant
1769 997 1823 1051 in

220 1091 348 1158 ejus
368 1104 739 1145 successorem
766 1089 1046 1144 Deusdedit
1075 1090 1380 1145 diaconum.
1411 1089 1481 1143 At
1508 1102 1602 1142 rex
1626 1087 1825 1156 Agilul-

221 1183 331 1248 fus,
360 1183 413 1237 in
445 1181 603 1250 cujus
630 1182 835 1235 ditione
881 1181 1244 1235 Mediolanum
1273 1189 1411 1247 erat,
1443 1180 1606 1235 alium
1636 1188 1818 1249 postu-

222 1278 376 1333 labat
402 1277 645 1331 ordinari
672 1294 686 1343 ;
714 1286 768 1329 et
794 1291 858 1330 ca
879 1275 945 1331 de
973 1291 1031 1330 re
1055 1276 1347 1346 scripserat
1372 1274 1439 1329 ad
1465 1274 1825 1330 Mediolanen-

220 1383 334 1424 ses.
367 1367 497 1422 "nec
523 1375 583 1421 ut
612 1366 829 1421 rescivit
850 1365 1161 1434 Gregorius,
1190 1366 1258 1420 ad
1283 1380 1378 1421 cos
1406 1365 1460 1420 in
1505 1364 1672 1435 priori
1700 1378 1825 1433 pro-

221 1458 409 1528 posito
459 1457 893 1512 corroborandos
915 1497 930 1521 ,
963 1472 1032 1510 ne
1076 1457 1306 1512 fortasse
1343 1456 1645 1511 minacibus
1684 1454 1825 1521 regis

222 1551 425 1607 litteris
478 1550 756 1615 cederent,
818 1549 1162 1605 scribendum
1218 1549 1543 1618 quantocius
1593 1546 1821 1617 putavit.

219 1641 394 1698 Suam
416 1641 703 1712 epistolam
722 1639 1039 1695 exorilitura
1057 1639 1357 1695 Constantii
1381 1638 1641 1693 laudibus.
1666 1637 1825 1693 Com-

220 1742 496 1789 memorat
526 1732 758 1788 maxime
781 1732 902 1799 ejus
949 1745 1057 1787 tum
1082 1731 1496 1788 sollicitudinem
1518 1732 1573 1785 in
1602 1745 1823 1785 servan-

1928 544 2223 603 uequeunt,
2252 539 2626 608 mquanimiter
2653 541 2956 598 tolerando.

1994 623 2048 678 3.
2081 622 2198 680 Hoc
2218 641 2361 683 anno
2388 644 2605 700 quoque
2633 646 2822 701 parum
2850 633 3020 689 abluit
3044 634 3176 705 quin
3218 635 3367 692 orbis
3392 653 3505 693 om-

1926 715 2009 769 nis
2035 714 2370 774 Ghristianus
2390 722 2881 787 prnstantissimum
2909 740 3063 783 suum
3086 726 3359 782 amitteret
3373 743 3503 797 pon-

1926 805 2147 862 tificem.
2178 807 2272 864 His
2293 810 2490 875 verbis,
2524 828 2683 883 quam
2716 814 2856 869 male
2881 830 2940 870 se
2968 815 3191 873 haberet
3217 815 3472 874 describit
3497 860 3511 872 .

1928 896 2148 951 blattam
2172 899 2287 968 jam
2323 909 2521 970 tempus
2555 912 2630 958 est
2664 905 2801 975 quod
2838 922 3047 978 surgere
3073 906 3138 961 de
3185 908 3369 964 lectulo
3406 925 3509 963 non

1926 986 2089 1041 valeo.
2107 987 2247 1041 Nam
2275 991 2427 1045 modo
2444 1009 2525 1045 me
2549 993 2796 1064 podagra:
2814 995 2964 1051 dolor
2989 999 3203 1066 cruciat,
3217 998 3370 1053 modo
3391 1016 3511 1053 nes-

1925 1080 2005 1135 cio
2030 1082 2142 1151 quis
2166 1082 2219 1136 in
2244 1090 2349 1137 toto
2377 1100 2591 1154 corpore
2617 1102 2732 1139 cum
2773 1089 2950 1144 dolore
2972 1107 3028 1145 se
3062 1093 3199 1162 ignis
3226 1095 3511 1164 expandit;

1924 1182 1974 1226 et
2000 1174 2060 1241 ﬁt
2087 1177 2382 1246 plerumque
2396 1183 2449 1229 ut
2465 1193 2566 1230 uno
2592 1179 2646 1231 in
2666 1196 2748 1232 me
2778 1190 3002 1251 tempore
3022 1184 3181 1238 ardor
3204 1202 3318 1240 cum
3339 1188 3515 1243 dolore

1925 1266 2191 1337 conﬂigat,
2217 1277 2266 1321 et
2295 1284 2478 1338 corpus
2507 1270 2561 1323 in
2586 1287 2668 1323 me
2692 1272 2994 1343 animusque
3022 1273 3249 1344 deﬁciat.
3292 1277 3512 1341 Quartus

1924 1367 2097 1412 autem
2133 1359 2251 1413 aliis
2295 1362 2685 1415 necessitatibus
2712 1372 2863 1417 extra
2902 1364 3009 1417 Imzc
3040 1382 3153 1437 qua:
3188 1368 3339 1421 retuli
3364 1368 3514 1438 inﬁr-

1926 1453 2122 1508 ntitatis
2142 1454 2361 1524 afﬁcior,
2378 1472 2683 1510 enumerare
2703 1474 2805 1511 non
2829 1458 2992 1512 valeo.
3013 1457 3119 1513 Sed
3140 1458 3357 1513 breviter
3377 1459 3514 1523 dico,

1924 1545 2046 1615 quia
2084 1547 2159 1598 sic
2197 1563 2277 1599 me
2313 1548 2526 1617 infectio
2562 1548 2708 1601 noxii
2750 1548 2977 1603 humoris
3020 1548 3236 1613 imbibit,
3267 1557 3325 1602 ut
3354 1551 3517 1603 ttinere

1926 1634 2052 1687 mihi
2078 1647 2231 1704 paena
2256 1638 2341 1699 sit,
2360 1645 2407 1690 et
2423 1647 2636 1691 mortem
2664 1638 3019 1693 desideranter
3039 1650 3346 1709 exspectem,
3364 1657 3515 1707 quam

1926 1725 2195 1794 gemitibus
2217 1728 2342 1781 meis
2371 1728 2538 1782 solam
2565 1740 2675 1783 esse
2704 1731 2857 1785 credo
2878 1747 3028 1801 posse
3048 1731 3348 1786 remedium.
3379 1730 3513 1785 Pro-

219 1826 290 1881 da
314 1824 690 1881 Ecclesiastica
720 1823 1027 1893 disciplina,
1048 1833 1162 1877 tum
1187 1822 1524 1892 vigilantiam
1549 1820 1601 1874 in
1628 1819 1823 1875 tuenda
1852 1810 1904 1870 Β
1927 1819 2078 1886 inde,
2111 1821 2275 1890 frater
2304 1823 2655 1889 sanctissime,
2682 1825 2867 1878 divina:
2898 1843 2992 1894 pro
3022 1842 3101 1879 me
3130 1828 3336 1897 pietatis
3364 1828 3515 1880 mise-

218 1916 466 1972 civitate.
518 1914 728 1969 Laudat
765 1920 956 1984 postea
1003 1912 1431 1968 Mediolanenses
1477 1910 1549 1966 ob
1594 1909 1821 1965 electum

223 2006 470 2061 unanimi
509 2019 779 2061 consensu
824 2002 1137 2068 Deusdedit,
1178 2011 1234 2057 et
1269 2002 1589 2057 electionem
1624 1998 1822 2054 factam

220 2110 324 2151 sua
356 2093 681 2150 auctoritate
725 2092 1029 2148 conﬁrmat.
1076 2091 1153 2147 De
1181 2091 1356 2147 electo
1379 2105 1411 2145 a
1456 2089 1822 2157 Langobardis

220 2195 281 2240 et
308 2187 380 2240 ab
419 2185 539 2255 ipso
576 2199 704 2253 rege
734 2185 806 2238 ita
837 2192 1151 2238 constanter
1179 2184 1417 2252 loquitur
1442 2199 1456 2234 :
1488 2180 1630 2235 Illud
1651 2189 1821 2233 autem

222 2278 366 2350 quod
382 2278 519 2333 vobis
548 2277 613 2331 ab
635 2277 866 2348 Agilulfo
887 2276 1157 2330 indicastis
1188 2277 1454 2347 scriptum,
1494 2273 1821 2328 dilectionem

219 2377 451 2425 vestram
475 2385 581 2423 non
610 2378 830 2423 moveat.
859 2366 1000 2421 Nam
1031 2384 1123 2421 nos
1152 2367 1207 2420 in
1246 2368 1501 2423 hominem
1531 2367 1617 2437 qui
1650 2381 1752 2418 non
1791 2381 1824 2418 a

220 2461 525 2525 catholicis,
575 2470 625 2514 et
663 2461 944 2513 maximea
986 2457 1347 2529 Langobardis
1395 2457 1625 2529 eligitur,
1678 2455 1824 2509 nulla

221 2551 518 2621 prtebemus
548 2551 751 2604 ratione
772 2565 1094 2604 consensum.
1124 2547 1235 2602 Nec
1255 2550 1300 2602 si
1321 2548 1543 2619 alicujus
1564 2562 1733 2617 prazsu
1743 2561 1824 2598 m-

223 2644 421 2712 ptionis
443 2643 778 2708 usurpatione
800 2642 994 2711 factum
1019 2641 1203 2710 fuerit,
1227 2640 1280 2693 in
1304 2639 1475 2693 locum
1494 2636 1571 2692 vel
1592 2637 1827 2691 ordinem

221 2734 379 2787 illum
408 2732 693 2787 sacerdotis
717 2733 1024 2801 suscipimus
1049 2747 1067 2784 :
1107 2733 1227 2801 quia
1252 2732 1473 2785 vicarius
1512 2729 1681 2783 sancti
1702 2728 1826 2781 Am-

221 2824 391 2878 brosii
415 2822 658 2893 indignus
678 2822 940 2876 evidenter
960 2822 1269 2884 ostenditur,
1293 2821 1339 2875 si
1359 2821 1549 2875 electus
1571 2836 1605 2872 a
1633 2818 1827 2873 talibus

222 2914 507 2970 ordinatur
532 2913 670 2982 (Lib.
698 2930 773 2982 ιι,
807 2929 888 2984 ep.
913 2912 993 2983 4).
1048 2912 1274 2981 Scripsit
1292 2926 1509 2982 quoque
1532 2909 1600 2965 ad
1618 2909 1822 2965 Panta-

226 3009 450 3063 leonem
492 3006 764 3061 notarium
795 3004 986 3076 (Ibid.,
1027 3022 1110 3073 ep.
1135 3003 1216 3072 5),
1262 3012 1322 3057 ut
1345 3016 1576 3072 pergens
1604 2999 1671 3056 ad
1717 2998 1826 3055 Ge-

234 3114 505 3155 nuensem
563 3097 753 3152 urbem
801 3095 1093 3150 Deusdedit
1143 3094 1456 3165 episcopum
1512 3092 1829 3149 solemniter

1923 1907 2204 1964 ricordiam
2232 1910 2529 1982 deprecare,
2558 1923 2615 1967 ut
2636 1917 2983 1982 percussionis
3006 1933 3114 1972 suae
3141 1934 3266 1987 erga
3307 1935 3386 1971 me
3411 1918 3515 1985 ﬂa-

1924 1998 2059 2069 gella
2096 2001 2346 2069 propitius
2381 2003 2601 2074 mitiget,
2637 2012 2685 2058 et
2732 2008 3034 2074 patientiam
3059 2007 3315 2062 tolerandi
3336 2024 3516 2062 conce-

1924 2088 2016 2141 dat
2039 2105 2057 2142 :
2083 2107 2148 2143 ne
2174 2091 2362 2157 nimio,
2393 2094 2529 2162 quod
2556 2092 2711 2161 absit,
2738 2096 2892 2151 ta’dio
2921 2098 2974 2150 in
3012 2098 3391 2168 impatientiam
3428 2116 3517 2153 cor

1924 2188 2179 2249 erumpat,
2223 2189 2274 2234 et
2314 2197 2377 2235 ea
2400 2198 2515 2253 quin
2561 2181 2685 2238 bene
2712 2186 2888 2239 curari
2924 2202 3017 2255 per
3045 2187 3253 2257 plagam
3292 2198 3514 2258 poterat,

1924 2268 2075 2339 culpa
2102 2280 2298 2324 crescat
2322 2288 2388 2326 ea:
2406 2289 2665 2328 murmure
2694 2274 2833 2346 (Lib.
2862 2292 2935 2342 XI,
2960 2294 3041 2347 ep.
3076 2278 3188 2348 5‘2).

1996 2384 2051 2437 4.
2076 2383 2327 2441 Attamen
2356 2386 2409 2441 in
2454 2397 2532 2443 tot
2578 2390 2848 2460 tantisque
2892 2390 3169 2447 doloribus
3196 2391 3405 2461 positus
3438 2391 3519 2447 vir

1926 2492 2149 2532 summa:
2194 2479 2488 2549 patientiae,
2517 2482 2644 2550 quid
2694 2482 2950 2537 toleraret
2997 2483 3084 2537 vis
3127 2483 3404 2552 cogitans,
3451 2483 3519 2537 de

1928 2566 2227 2623 amicorum
2257 2584 2475 2624 suorum
2507 2571 2811 2627 valetudine
2836 2571 3248 2628 sollicitudinem
3274 2572 3516 2641 gerebat.

1926 2656 1982 2711 1d
2003 2668 2255 2730 expertus
2275 2669 2357 2716 est
2376 2661 2722 2729 Marinianus,
2747 2661 3015 2718 Ravenna:
3036 2663 3341 2734 episcopus,
3356 2676 3518 2731 quem

1929 2765 2051 2804 cum
2091 2752 2297 2807 vomitu
2343 2754 2618 2822 sanguinis
2662 2754 2908 2811 laborare
2944 2757 3199 2813 audiisset
3248 2756 3519 2827 piissimus

1930 2840 2109 2909 Pater,
2135 2844 2205 2899 ad
2225 2860 2283 2900 se
2309 2846 2592 2902 accersivit
2613 2856 2671 2902 ut
2691 2863 2875 2903 curam
2903 2848 3019 2918 ejus
3041 2857 3244 2918 ageret.
3272 2848 3520 2904 Interim-

1930 2949 2035 3004 que
2057 2944 2114 2990 ut
2141 2952 2170 2990 a
2186 2936 2405 3006 jejuniis
2421 2948 2475 2994 et
2495 2939 2690 3001 vigiliis
2712 2948 3039 3010 temperaret
3064 2941 3342 3011 prtecepit.
3360 2940 3516 2995 Aliud

1934 3035 2114 3082 tamen
2143 3028 2301 3082 simul
2355 3030 2407 3083 in
2438 3030 2620 3085 animo
2666 3031 2918 3098 habebat,
2949 3031 3302 3087 Marinianum
3348 3032 3416 3086 ad
3461 3048 3521 3087 so

1934 3133 2156 3173 vocans.
2187 3117 2396 3175 Etenim
2422 3124 2714 3191 proximum
2754 3139 2810 3177 se
2844 3126 2998 3179 morti
3025 3123 3349 3193 intelligens,
3380 3123 3521 3177 inter

230 3192 441 3248 faceret
481 3190 741 3286 ordinari.
773 3187 1060 3286 agilull‘um
1088 3185 1336 3286 nondum
1368 3194 1496 3286 tunc
1522 3186 1831 3286 θξηρξξξκυιη
1861 3189 1908 3255 C
1938 3208 2095 3263 amici
2149 3225 2338 3266 manus
2393 3185 2627 3267 animam
2678 3211 2861 3271 efﬂare
2909 3185 3258 3286 cupiebat.'(
3443 3230 3477 3268 x
3500 3253 3516 3277 ,

230 3283 406 3337 fuisse
432 3280 758 3336 catholicam
788 3278 945 3332 fidem
972 3318 987 3344 ,
1020 3277 1102 3331 vel
1132 3291 1199 3331 ex
1244 3276 1346 3333 hac
1374 3276 1602 3345 epistola
1643 3277 1830 3345 liquet.

230 3374 420 3429 Noluit
469 3382 653 3427 tamen
704 3385 825 3425 cum
871 3369 1135 3438 Gregorio
1177 3366 1524 3432 contendere,
1575 3369 1835 3426 suadente

232 3464 421 3521 forsan
452 3459 847 3528 Theodelinda,
869 3475 988 3529 qua:
1019 3467 1129 3512 tum
1159 3458 1479 3513 catholicam
1509 3456 1689 3524 ﬁdem,
1719 3466 1833 3514 tum

234 3557 642 3614 sanctissimum
672 3552 989 3609 Pontiﬁccm
1013 3551 1252 3620 impense
1278 3549 1529 3614 colebat;
1554 3561 1608 3604 et
1633 3550 1836 3607 electus

236 3666 268 3704 a
298 3645 798 3704 Mediolanensibus
827 3640 1134 3704 Deusdedit,
1164 3640 1375 3694 nemine
1420 3640 1718 3695 reluctante
1752 3649 1837 3696 est

234 3739 539 3795 ordinatus.
574 3736 730 3803 Quod
758 3735 861 3789 hoc
891 3734 943 3787 in
969 3732 1109 3797 loco,
1133 3739 1187 3785 et
1213 3730 1467 3800 prius‘in
1498 3730 1837 3786 ordinatione

236 3831 549 3889 Constantii
589 3830 790 3883 factum
831 3826 1078 3895 legimus,
1134 3821 1486 3892 proculdubio
1534 3820 1732 3875 sufﬁcit
1768 3822 1835 3878 ad

237 3921 594 3979 refellendum
624 3918 893 3975 somnium
919 3916 1106 3972 Jacobi
1135 3912 1435 3969 Gothefridi
1476 3916 1527 3966 in
1561 3912 1831 3969 dissertat.

236 4014 276 4068 ‘3
318 4014 393 4068 de
441 4008 828 4067 suburbicariis
868 4006 1180 4076 regionibus
1225 4013 1281 4061 et
1333 4004 1598 4068 ecclesiis,
1646 4005 1699 4059 in
1728 4020 1834 4073 qua

234 4103 521 4161 contendit
567 4098 991 4156 Mediolanensis
1047 4105 1103 4152 et
1160 4095 1395 4150 Romani
1458 4096 1833 4165 episcoporum

232 4213 506 4257 summam
535 4207 859 4266 mquamque
888 4197 1211 4263 potestatem
1222 4228 1236 4243 ο

306 4312 370 4364 2.
412 4308 528 4363 Hoc
554 4307 719 4363 etiam
750 4318 894 4359 anno
921 4303 1059 4358 luxit
1087 4300 1331 4357 Ecclesia
1380 4299 1832 4372 Jerosolymitana

234 4402 604 4476 patriarcbam
629 4400 821 4465 Amos,
852 4396 1006 4465 cujus
1026 4393 1338 4449 cathedram
1360 4392 1567 4461 accepit
1611 4390 1828 4454 lsacius,

236 4504 295 4551 ct
324 4493 486 4565 paulo
518 4498 643 4560 post
670 4488 736 4543 ad
766 4486 1082 4554 Gregorium
1108 4482 1422 4554 synodicam
1452 4480 1596 4534 misit
1623 4480 1829 4549 episto-

1936 3316 2017 3369 ep.
2048 3299 2162 3369 53.)

2007 3387 2258 3444 Eamdem
2282 3399 2560 3459 paternam
2581 3394 2897 3449 charitatem
2916 3393 3173 3466 expertus
3191 3395 3321 3451 olim
3341 3395 3518 3450 fuerat

1936 3480 2207 3538 Castorius
2231 3485 2579 3543 Ariminensis
2610 3488 2917 3557 episcopus,
2944 3503 3102 3558 quem
3145 3488 3234 3543 diu
3265 3489 3334 3546 ob
3368 3487 3519 3545 infir-

1937 3573 2176 3628 mitatem
2205 3576 2501 3632 retinuerat
2522 3578 2663 3647 apud
2690 3593 2769 3644 se,
2792 3578 2858 3632 de
2884 3579 3001 3647 ejus
3026 3580 3333 3634 valetudine
3358 3578 3520 3633 resti-

1937 3665 2135 3719 tuenda
2181 3668 2371 3739 ansius
2410 3679 2466 3724 et
2517 3670 2775 3724 sollicitus
2806 3669 2943 3740 (Lib.
2995 3686 3069 3735 ιιι,
3099 3687 3180 3739 ep.
3210 3669 3283 3722 9.4
3318 3678 3370 3724 et
3404 3668 3517 3738 25).

1937 3753 2345 3825 Tuncrumcjus
2374 3759 2613 3812 animum
2636 3773 2761 3827 erga
2787 3767 3114 3827 aegrotantes
3142 3760 3379 3824 amicos,
3406 3777 3520 3813 ina-

1935 3843 2080 3934 xime
2104 3844 2440 3900 demonstrat
2470 3848 2695 3916 cpistola
2727 3848 2830 3902 hoc
2870 3862 3014 3902 anno
3042 3847 3110 3901 ad
3153 3845 3235 3900 Ru
3269 3847 3518 3901 ticianan:

1935 3934 2214 4003 patriciam
2243 3937 2461 4006 scripta,
2491 3938 2546 3991 in
2576 3954 2679 4007 qua
2727 3939 2854 3994 licet
2893 3946 3101 3993 asserat
3146 3954 3332 4010 corpus
3371 3955 3518 3992 suum

1936 4032 2179 4097 tanquam
2208 4027 2262 4080 in
2293 4028 2557 4097 sepultura
2583 4031 2659 4082 ita
2686 4031 2933 4084 siccatum
2960 4044 3102 4097 esse,
3127 4040 3306 4083 tamen
3338 4039 3396 4084 ut
3422 4031 3521 4098 pia:

1935 4111 2145 4170 feminae
2170 4116 2346 4171 dolori
2376 4120 2757 4189 compatiatur,
2788 4120 2992 4190 proprii
3032 4118 3246 4175 videtur
3273 4119 3518 4174 oblivisci

1936 4202 2123 4272 (Ibid.,
2147 4223 2226 4277 ep.
2260 4205 2375 4277 44).
2838 4262 2845 4269 ,

2005 4292 2055 4347 5.
2088 4296 2157 4349 At
2184 4299 2451 4369 puccipua
2474 4298 2639 4369 ipsius
2677 4314 2803 4354 cura
2833 4306 2951 4354 erat
2979 4299 3033 4355 in
3060 4299 3356 4354 amicorum
3377 4298 3522 4352 inur-

1933 4392 2228 4460 mitatibus,
2262 4402 2319 4447 ut
2347 4410 2442 4450 eos
2472 4394 2779 4466 hujusmodi
2808 4395 3035 4465 ﬂagellis
3063 4397 3278 4451 attritos
3303 4396 3370 4450 ad
3406 4412 3522 4465 pa:—

1931 4483 2213 4538 nitentiam
2240 4494 2576 4557 provocaret.
2623 4487 2714 4543 Sic
2750 4495 2903 4557 urget
2926 4487 3245 4542 Venantium
3287 4487 3522 4556 podagra

239 4552 371 4642 lani.
402 4552 589 4639 Fidem
621 4596 785 4650 quam
819 4552 959 4633 inea
981 4552 1333 4646 proﬁtebatur
1360 4572 1560 4628 lsacius
1586 4570 1832 4639 probavit
1860 4552 1915 4613 D
1939 4552 2296 4640 laborantem,
2324 4578 2392 4633 de
2420 4579 2572 4646 cujus
2607 4578 2757 4647 lapsu
2774 4552 2886 4646 ja'm
2915 4578 3078 4633 locuti
3107 4552 3335 4633 sumus:
3374 4552 3523 4630 Inter

233 4694 401 4750 papa,
427 4685 482 4733 et
495 4674 697 4745 gratias
709 4670 940 4728 exsolvit
956 4668 1090 4733 Deo,
1101 4667 1187 4737 qui
1198 4674 1247 4719 et
1264 4664 1545 4719 immutatis
1560 4652 1725 4733 gregis
1749 4662 1831 4716 sui

234 4766 553 4840 pastoribus,
572 4767 732 4836 ﬁdem
757 4778 909 4834 quam
937 4759 1092 4815 semel
1112 4757 1304 4812 sanctis
1325 4754 1576 4813 Patribus
1593 4754 1826 4819 tradidit,

230 4865 395 4916 etiam
405 4869 518 4931 post
529 4873 615 4913 eos
628 4852 998 4912 immutabilem
1009 4849 1250 4905 custodit.
1267 4847 1569 4902 Gratiarum
1605 4846 1827 4900 actioni-

228 4954 335 5006 bus
350 4947 554 5003 addidit
575 4960 767 5016 preces
789 4957 887 5013 pro
912 4943 1264 5009 imperatore,
1293 4937 1454 5007 cujus
1482 4934 1819 5006 temporibus,

234 5040 435 5110 inquit,
463 5037 823 5093 htereticorum
856 5048 951 5088 ora
978 5030 1341 5093 conticescunt,
1369 5030 1490 5099 quia
1512 5028 1607 5080 etsi
1648 5041 1825 5080 eorum

228 5132 398 5189 corda
422 5132 475 5183 in
490 5127 698 5189 insania
713 5123 941 5195 perversi
957 5137 1140 5177 sensus
1159 5119 1427 5184 ebulliunt,
1453 5117 1727 5172 orthodoxi
1751 5125 1831 5168 ta-

228 5240 355 5280 men
399 5217 732 5291 imperatoris
765 5223 994 5285 tempore
1031 5227 1192 5283 prava
1231 5224 1344 5281 qua:
1372 5208 1622 5274 sentiunt,
1662 5204 1830 5274 eloqui

229 5333 342 5371 non
374 5319 695 5384 prwsumunt
724 5305 863 5378 (Lib.
893 5322 965 5372 xi,
998 5320 1080 5375 ep.
1128 5300 1240 5372 46).
1275 5301 1346 5355 At
1370 5298 1534 5371 29!;
1584 5296 1709 5366 quia
1739 5310 1830 5384 au-

230 5383 412 5462 dierat
459 5404 513 5459 in
563 5399 799 5455 Orientis
827 5396 1089 5452 Ecclesiis
1110 5392 1314 5448 nullum
1343 5389 1410 5443 ad
1437 5402 1649 5443 sacrum
1679 5383 1829 5440 ordi-

232 5514 388 5565 nem,
417 5494 519 5551 nisi
547 5508 618 5550 ex
642 5490 982 5563 prtemiorum
1010 5485 1229 5542 datione
1258 5479 1564 5553 pervenire,
1607 5476 1673 5531 ad
1715 5487 1826 5529 tam

232 5590 503 5647 nefariam
552 5584 838 5642 simoniam
887 5577 1266 5635 eliminandam
1324 5587 1521 5629 novum
1577 5570 1826 5624 hortatur

221 5682 622 5756 gatriarcham.
650 5674 835 5733 Monet
861 5686 1075 5743 quoque
1103 5670 1171 5725 dc
1208 5662 1612 5737 compcscendis
1635 5659 1826 5731 jurgiis

306 5829 337 5858 ι
368 5816 504 5875 Vide
525 5816 620 5873 lib.
646 5830 723 5881 tu,
755 5828 840 5887 cp.
869 5810 958 5877 29,
986 5807 1053 5865 30
1081 5820 1136 5864 et
1162 5805 1252 5861 31.

1936 4686 2060 4739 quos
2090 4668 2348 4741 (dolores)
2384 4672 2505 4738 quid
2533 4671 2676 4725 aliud
2705 4671 2942 4724 debemus
2970 4668 3072 4724 nisi
3112 4684 3311 4736 semper
3333 4666 3518 4721 delicta

1935 4772 2113 4816 nostra
2149 4764 2218 4816 ad
2244 4765 2544 4818 memoriam
2571 4780 2827 4830 revocare,
2868 4772 3021 4833 atque
3046 4762 3381 4830 omnipotenti
3412 4759 3521 4814 Deo

1933 4854 2131 4924 gratias
2179 4854 2372 4925 agere?
2406 4852 2667 4918 Quoniam
2710 4855 2797 4925 qui
2836 4870 2900 4907 ea:
2946 4853 3121 4906 carnis
3166 4850 3519 4905 blandimento

1934 4947 2096 5000 multa
2147 4949 2497 5017 peccavimus,
2546 4963 2612 5001 ea:
2662 4948 2836 5001 carnis
2891 4945 3169 5015 afflictione
3212 4958 3516 5013 purgamur.

1930 5038 2213 5093 Sciendum
2238 5054 2434 5109 quoque
2458 5046 2534 5091 est
2556 5037 2726 5103 nobis,
2751 5038 2871 5107 quia
2893 5051 3043 5105 paena
3061 5048 3308 5105 praesens,
3330 5032 3378 5086 si
3402 5034 3520 5087 ani-

1930 5149 2067 5186 mum
2096 5132 2273 5202 amicti
2311 5131 2573 5195 convertit,
2603 5130 2725 5199 ﬁnis
2763 5136 2839 5183 est
2864 5127 3030 5197 culpae
3062 5123 3421 5195 pratcedentis.
3453 5122 3515 5177 Si

1930 5238 2099 5281 autem
2125 5226 2195 5279 ad
2242 5227 2476 5279 timorem
2518 5222 2730 5278 Domini
2759 5220 2970 5273 minime
3007 5216 3276 5281 convertit,
3309 5216 3511 5269 initium

1930 5326 2005 5369 est
2047 5330 2212 5385 pruna:
2254 5313 2528 5384 sequentis.
2579 5309 2876 5364 Curandum
2922 5308 3080 5378 igitur
3125 5304 3275 5361 nobis
3324 5313 3420 5366 est,
3469 5316 3515 5356 τι

1930 5421 2248 5475 summopere
2279 5406 2334 5457 in
2361 5401 2561 5472 ﬂetibus
2583 5408 2691 5454 tota
2716 5399 2897 5452 mentis
2938 5397 3270 5454 conversione
3296 5395 3518 5465 vigilan-

1928 5498 2069 5561 dum,
2102 5512 2167 5549 tte
2204 5494 2267 5549 de
2295 5501 2545 5547 tormento
2571 5493 2638 5544 ad
2677 5498 2932 5544 tormenta
2955 5499 3296 5541 transeamus.
3329 5485 3516 5541 Consi~

1930 5588 2214 5642 derandum
2249 5599 2444 5657 quoque
2487 5591 2593 5649 est,
2625 5589 2818 5652 quanta
2849 5596 2971 5651 erga
3007 5595 3100 5633 nos
3128 5578 3516 5647 dispensatione

1929 5680 2133 5753 pietatis
2162 5688 2283 5750 agat
2310 5674 2556 5732 Conditor
2593 5682 2783 5740 noster,
2813 5672 2948 5743 quod
2976 5679 3137 5725 morte
3164 5670 3512 5741 dignatum-
