3976 6346
488 335 591 393 459

949 335 1007 393 Β.
1046 332 1372 411 GREGORII
1414 329 1627 387 MAGNI
1669 329 1849 393 VITA,
1890 327 1983 382 EX
2025 326 2187 393 EJUS
2224 326 2527 385 SCRIPTiS
2566 330 2963 386 ADORNATA.
3002 332 3131 387 LIB.
3175 332 3264 389 IV.

3644 332 3746 387 ιω

474 451 577 508 duo
600 453 839 522 percutit,
870 461 919 505 et
949 460 1121 505 tamen
1161 450 1327 504 adhuc
1364 446 1575 501 minime
1604 442 1789 497 occidit
1816 438 1954 511 (Lib.
1988 453 2059 503 XI,
2095 443 2138 497 A
2167 438 2333 505 nobis,
2367 445 2458 495 sed
2481 443 2535 496 in
2567 443 2788 498 aliorum
2817 460 2907 499 ore
2950 447 3279 515 posuimus...
3312 446 3378 500 In
3408 461 3564 501 omne
3585 456 3750 501 autem

475 559 559 609 cp.
590 540 706 613 ω).

553 632 663 689 llae
683 633 739 689 in
760 632 984 703 epistola
1013 631 1134 685 silet
1159 629 1216 683 8.
1250 625 1541 694 Gregorius
1564 623 1631 678 de
1659 620 1907 677 Venantii
1930 633 2060 688 apo-

478 724 660 790 stasia,
692 738 793 778 nec
822 723 888 776 de
930 722 1100 775 reditu
1150 718 1217 772 ad
1266 715 1624 771 monasticam
1673 721 1873 768 statum
1904 722 2063 779 quem

479 820 787 873 deseruerat
817 814 986 882 ipsum
1033 812 1297 872 hortatur,
1330 808 1454 877 quia
1504 806 1738 860 malebat
1769 802 1820 858 id
1859 809 2064 869 πει-οιο

478 903 687 973 suggeri
718 902 786 956 ab
813 901 927 969 ejus
948 900 1226 969 episc0po,
1252 897 1457 951 scilicet
1479 894 1687 949 Joanne
1707 893 2061 963 Syracusano,

478 995 545 1049 ad
568 1010 727 1063 quem
752 993 937 1049 scribit
964 992 1189 1062 primam
1213 990 1329 1059 ejus
1349 1003 1536 1043 curam
1570 1001 1687 1041 esse
1716 984 1912 1039 debere
1940 982 2065 1036 hor-

479 1084 666 1152 tando,
695 1084 965 1152 rogando,
990 1082 1085 1136 Dei
1132 1080 1372 1135 terribile
1408 1077 1662 1146 judicium
1688 1072 2064 1146 proponendo,

479 1171 802 1228 ineffabilem
831 1172 948 1242 ejus
976 1169 1398 1226 misericordiam
1427 1166 1809 1240 promittendo,
1841 1164 2068 1218 suadere

480 1265 746 1319 Venantio
776 1273 831 1318 ut
861 1265 930 1317 ad
970 1263 1201 1317 habitum
1238 1278 1385 1316 suum
1414 1260 1487 1315 vel
1515 1262 1570 1313 in
1600 1258 1841 1312 extremis
1870 1255 2066 1320 redeat,

479 1372 543 1409 ne
589 1356 637 1410 ei
680 1364 840 1410 tanta:
872 1355 1039 1425 culpa:
1080 1364 1253 1408 reatus
1290 1354 1346 1406 in
1395 1361 1587 1405 wterno
1610 1348 1808 1420 judicio
1854 1344 2067 1399 obsistat

482 1448 621 1518 (Lib.
656 1464 747 1516 x1,
766 1455 861 1517 ‘ep.
888 1448 1005 1512 '56).
1034 1446 1223 1500 Eidem
1252 1443 1446 1499 Joanni
1488 1440 1734 1495 Venautii
1768 1435 1904 1492 ﬁlias
1934 1436 2067 1488 Bar-

481 1541 665 1594 baram
708 1548 765 1591 et
816 1536 1142 1591 Antoninum
1185 1531 1600 1593 commendavit,
1658 1526 1849 1596 quibus
1905 1526 2066 1579 etiam

480 1630 694 1699 scripsit
740 1629 945 1682 litteras
972 1625 1379 1690 consolatorias,
1412 1632 1467 1678 et
1512 1619 1865 1690 patrocinium
1914 1632 2067 1672 suum

483 1720 735 1771 atlversus
774 1731 1059 1785 pravorum
1107 1713 1384 1766 hominum
1415 1710 1635 1765 consilia
1661 1708 1927 1777 pollicitis
1964 1714 2065 1767 est,

481 1810 623 1879 quod
678 1807 924 1877 prm-titit
979 1805 1166 1878 (Ibid,
1198 1822 1280 1872 ep.
1313 1803 1423 1873 78).
1486 1802 1803 1856 \‘euantium
1850 1815 1914 1853 ex
1963 1798 2066 1853 hoc
2103 1824 2137 1876 ﬁ

483 1901 670 1956 morbo
699 1916 805 1954 non
828 1898 1202 1960 assurrexisse,
1227 1895 1323 1951 se-d
1341 1895 1658 1951 occubuisse
1683 1893 1811 1946 satis
1838 1891 2067 1961 probant

480 1991 596 2044 alia:
633 1990 689 2044 S.
720 1989 963 2058 Gregorii
996 1988 1218 2053 litteme;
1248 1994 1423 2041 utrum
1466 1986 1610 2054 prius
1639 1994 1758 2039 acta
1805 1984 2065 2053 pmniteu-

486 2081 581 2145 tia,
613 2096 701 2136 res
748 2088 834 2136 est
876 2080 1058 2134 divino
1102 2078 1450 2148 relinquenda
1492 2076 1712 2145 judicio.
1746 2074 1923 2129 Italica
1955 2074 2068 2139 ejus

482 2188 619 2227 utor
642 2176 753 2239 jam
799 2172 1044 2233 obierat;
1095 2185 1214 2222 nam
1257 2170 1300 2223 si
1342 2168 1563 2222 vixisset
1591 2168 1825 2236 graviter
1851 2166 2069 2219 decum-

484 2267 644 2319 bente
667 2273 724 2318 et
753 2272 940 2332 postea
969 2278 999 2317 e
1031 2262 1162 2315 vivis
1182 2262 1392 2317 sublato
1415 2261 1631 2327 marito,
1656 2260 1720 2312 ad
1743 2274 1861 2313 eam
1893 2258 2070 2327 potius

484 2372 641 2424 quam
675 2356 743 2410 ad
770 2356 887 2424 ejus
909 2355 1044 2409 filias
1083 2352 1707 2424 scripsissetGregorius,
1750 2358 1845 2405 aut
1879 2350 2068 2405 saltem

484 2453 548 2506 iis
595 2453 648 2506 in
703 2452 894 2506 litteris
943 2452 1118 2518 aliqua
1152 2440 1355 2503 ‘matris
1410 2448 1601 2515 injecta
1653 2452 1796 2501 esset
1844 2444 2067 2497 mentio.

489 2544 622 2598 [line
654 2543 860 2598 facilior
889 2553 1005 2596 erat
1038 2540 1300 2594 Venantio
1328 2538 1530 2592 reditus
1569 2536 1634 2591 ad
1664 2533 1913 2589 monachi
1960 2544 2070 2588 sta-

488 2645 619 2699 tum,
640 2631 911 2687 dissolutis
940 2628 1172 2698 coniugii
1192 2627 1435 2682 vinculis.

554 2745 609 2801 6.
634 2744 898 2815 Cupiebat
948 2740 1238 2808 Gregorius
1280 2738 1487 2793 nobiles
1532 2736 1764 2804 virgines
1810 2748 1841 2787 e
1890 2732 2070 2788 Sicilia

488 2838 713 2893 Romam
760 2836 1014 2904 migrare,
1058 2832 1196 2887 forte
1241 2830 1385 2900 quod
1414 2830 1755 2898 cognovisset
1797 2826 1977 2882 hostes
2006 2827 2071 2879 azl
2138 2878 2148 2890 ,

486 2929 641 2997 hujus
671 2926 858 2981 insula:
896 2923 1228 2978 invasioncm
1277 2922 1559 2987 festinare,
1593 2930 1652 2972 ut
1679 2918 1811 2972 alias
1837 2918 2074 2972 rationes

488 3020 698 3075 interim
725 3027 953 3073 taceam.
982 3016 1054 3071 De
1081 3017 1282 3084 impetu
1315 3014 1491 3068 hostili
1511 3012 1730 3081 jamjam
1762 3012 2075 3065 imminente

486 3112 920 3180 vigilantissimus
958 3108 1205 3164 Pontifex
1249 3106 1527 3162 adnmnuit
1568 3107 1848 3158 universos
1882 3102 2074 3155 Sicilia:

2165 532 2301 599 quod
2326 544 2479 587 extra
2507 535 2571 589 de
2591 535 2738 590 nobis
2758 538 2967 599 dicitur,
3000 556 3262 592 recurrere
3284 538 3355 591 ad
3382 555 3583 592 arcana
3607 555 3752 594 uten-

2166 621 2233 675 tis
2277 622 2532 679 debemus.
2580 625 2695 680 Etsi
2737 644 2913 682 omnes
2952 631 3267 698 vitupercnt,
3309 628 3438 683 liber
3463 638 3543 683 est
3585 638 3754 683 tamen

2165 727 2312 779 quem
2352 718 2668 768 conscientia
2713 734 2815 770 non
2845 728 3074 773 accusat.
3112 720 3286 773 Aliam
3319 720 3479 790 longe
3521 730 3649 791 po-t
3695 737 3755 775 ea

2166 800 2343 855 subdit
2372 803 2654 858 rationem.
2690 805 2825 860 Sunt
2853 818 3025 861 autem
3052 809 3292 878 plurimi.
3326 810 3533 878 inquit,
3568 812 3655 879 qui
3688 814 3758 864 vi-

2168 901 2273 946 tam
2302 894 2553 949 bonorum
2587 899 2806 967 fortasse
2834 899 3056 968 amplius
3094 916 3247 970 quant
3277 899 3479 961 debent,
3506 900 3754 962 laudant;

2166 993 2216 1036 et
2239 1001 2302 1037 ne
2320 1001 2419 1054 qua
2435 986 2589 1039 elatio
2611 987 2674 1038 de
2694 987 2847 1040 laude
2866 989 3133 1058 surripiat,
3161 991 3408 1057 permittit
3428 991 3755 1057 omnipotens

2171 1076 2307 1130 Deus
2351 1078 2517 1131 malos
2541 1080 2595 1131 in
2639 1079 3064 1134 obtrectationem
3092 1088 3141 1133 et
3186 1079 3601 1149 objurgationem
3642 1097 3756 1141 pro-

2169 1187 2404 1238 rumpere
2432 1187 2450 1224 :
2478 1181 2533 1224 ut
2562 1172 2608 1225 si
2634 1189 2734 1243 qua
2760 1177 2911 1240 culpa
2940 1173 3004 1226 ab
3031 1190 3117 1228 ore
3145 1174 3472 1228 laudantium
3505 1176 3559 1228 in
3608 1177 3756 1228 corde

2168 1263 2421 1327 nascitur,
2451 1263 2515 1316 ab
2537 1280 2627 1317 ore
2650 1266 3046 1334 vituperantium
3074 1267 3373 1336 su/focetur.

2239 1353 2426 1408 Simile
2470 1362 2765 1423 pertractat
2794 1366 3164 1424 argumentum
3209 1356 3450 1411 scribens
3479 1357 3546 1411 ad
3592 1355 3760 1410 Palla-

2168 1445 2313 1499 dium
2344 1446 2714 1515 presbyterum
2753 1446 2820 1502 de
2841 1458 3022 1501 monte
3047 1447 3175 1501 Sina
3206 1448 3343 1518 (Lib.
3368 1464 3440 1513 xr,
3463 1464 3546 1514 ep.
3574 1448 3757 1518 9.),qni

2168 1536 2333 1592 etiam
2389 1536 2797 1606 obloqueutium
2873 1539 3032 1608 295
3089 1539 3284 1606 linguis
3343 1539 3751 1604 stimulabatur;

2169 1628 2257 1681 ubi
2280 1627 2393 1681 haec
2423 1628 2565 1682 inter
2592 1637 2786 1681 caetera
2817 1638 3002 1683 uolatu
3039 1629 3194 1695 digna
3226 1629 3393 1686 dicit:
3436 1626 3589 1682 Inter
3610 1629 3756 1682 verba

2168 1718 2495 1772 laudantium
2522 1720 2627 1771 sive
2653 1720 3049 1788 vituperantium
3090 1719 3158 1771 ad
3182 1729 3408 1773 mentem
3443 1736 3649 1787 semper
3676 1737 3757 1771 re-

2169 1810 2476 1864 currentium
2503 1821 2609 1876 est,
2637 1819 2684 1863 et
2712 1812 2758 1864 si
2798 1813 2852 1864 in
2880 1828 2941 1864 ea
2981 1827 3083 1864 non
3124 1813 3349 1865 invenitu
3406 1810 3595 1865 bonum
3627 1811 3761 1882 quod

2168 1902 2231 1955 de
2285 1903 2431 1956 nobis
2472 1903 2679 1967 dicitur,
2713 1920 2903 1971 magna
2951 1905 3161 1958 tristitia
3206 1906 3438 1974 generari
3491 1903 3658 1956 debet.
3692 1901 3762 1956 Et

2166 2010 2371 2047 rursum
2398 1995 2443 2048 si
2471 1995 2528 2048 in
2550 2012 2612 2048 ea
2634 2012 2737 2049 non
2766 1996 3024 2049 invenitur
3050 1998 3244 2049 malum
3268 1995 3403 2065 quod
3418 1995 3480 2049 de
3501 1994 3654 2049 nobis
3676 1996 3764 2049 ho—

2167 2086 2331 2138 mines
2370 2085 2665 2156 loquuntur,
2694 2088 2748 2139 in
2776 2102 3022 2155 magnam
3060 2086 3296 2139 debemus
3327 2086 3555 2139 lattitiam
3582 2087 3762 2153 prosi-

2169 2177 2285 2230 lire.
2319 2174 2458 2239 Quid
2486 2177 2625 2230 enim
2645 2178 2690 2230 si
2719 2177 2947 2230 homines
2979 2177 3213 2243 laudent,
3242 2186 3291 2229 et
3327 2176 3645 2229 conscientia
3673 2192 3764 2227 ac-

2170 2268 2345 2321 cuset?
2370 2267 2473 2320 Aut
2500 2284 2615 2337 qute
2644 2267 2789 2321 debet
2810 2285 2921 2322 esse
2955 2269 3184 2328 tristitia,
3208 2268 3255 2320 si
3282 2283 3461 2321 omnes
3488 2276 3765 2334 accusent,

2169 2370 2219 2414 et
2238 2362 2353 2414 sola
2382 2362 2695 2415 conscientia
2739 2379 2834 2416 nos
2865 2362 3052 2415 liberos
3097 2359 3443 2414 demonstret?
3475 2360 3554 2413 Ac
3583 2358 3720 2413 infra
3748 2376 3763 2410 :

2174 2452 2313 2516 Quid
2349 2455 2493 2510 aliud
2522 2454 2846 2508 detrahentes
2890 2453 3110 2524 faciunt,
3142 2453 3241 2505 nisi
3271 2454 3323 2507 in
3362 2452 3622 2520 pulverem
3648 2451 3765 2520 suf-

2172 2546 2325 2615 ﬂant,
2356 2557 2507 2613 atque
2529 2547 2585 2598 in
2630 2545 2804 2598 oculos
2851 2560 2969 2597 suos
3001 2554 3190 2596 terram
3233 2544 3499 2609 excitant,
3529 2550 3587 2595 ut
3624 2541 3768 2593 unde

2174 2643 2288 2709 plus
2316 2638 2649 2692 detractionis
2669 2638 2913 2707 perﬂant,
2942 2636 3063 2691 inde
3091 2638 3258 2707 magis
3278 2636 3407 2691 nihil
3428 2636 3661 2689 veritatis
3690 2636 3771 2687 vi~

2173 2731 2363 2787 deant?

2246 2833 2298 2886 8.
2330 2833 2579 2887 Attamen
2607 2832 2658 2886 in
2684 2840 2912 2901 utraque
2957 2830 3183 2903 epistola
3231 2830 3391 2885 docet
3418 2844 3523 2899 qua
3556 2830 3773 2883 ratione

2176 2928 2247 2982 tol
2275 2928 2288 2979 i
2314 2926 2478 2996 possit
2506 2924 2833 2987 scandalum,
2861 2923 3004 2992 quod
3030 2923 3298 2990 negligere
3315 2922 3450 2977 citra
3480 2929 3770 2991 peccatum

2176 3034 2283 3071 non
2318 3031 2620 3087 possumus.
2675 3014 3039 3084 Proponitq'ie
3081 3014 3133 3065 8.
3169 3013 3345 3081 Poni,
3392 3012 3769 3083 apostolorum

2178 3108 2455 3177 principis,
2479 3106 2803 3174 exemplum.
2837 3106 2926 3172 qui
2980 3106 3215 3159 fidelium
3268 3106 3504 3174 querela:
3533 3118 3770 3172 arguen-

486 3206 807 3274 episcopos,
838 3212 892 3257 et
924 3204 1171 3255 hortatus
1217 3208 1298 3255 est
1334 3206 1391 3252 ut
1436 3197 1645 3252 litanias
1675 3195 1820 3250 omni
1872 3194 2075 3248 ht-bdo-
2100 3192 2145 3252 C
2178 3201 2310 3254 tium
2333 3199 2476 3269 quod
2504 3199 2753 3253 intrasset
2784 3197 2848 3251 ad
2880 3198 3107 3265 gentiles
3133 3206 3187 3251 et
3216 3198 3593 3253 manducasset
3645 3211 3771 3251 cum

489 3296 643 3350 mada
673 3295 817 3349 feriis
842 3303 1033 3363 quarta
1066 3301 1121 3345 cl.
1160 3301 1312 3346 sexta
1348 3289 1664 3352 indicerent,
1697 3296 1753 3343 et
1793 3288 1862 3340 ita
1895 3296 2077 3339 contra

489 3386 773 3461 barbarica:
813 3383 1131 3437 crudelitatis
1178 3384 1416 3435 incursus
1466 3395 1702 3449 superna:
1742 3379 2074 3447 protectionis

491 3477 750 3531 auxilium
779 3475 1119 3545 implorarent
1151 3472 1291 3543 (Lib.
1320 3489 1402 3536 x1,
1434 3488 1514 3540 ep.
1551 3470 1664 3541 5i).
1698 3468 1947 3525 Precibus
1977 3485 2075 3522 au-

450 3632 457 3635 ,
490 3582 600 3624 tem
629 3567 825 3622 addere
854 3567 994 3621 bona
1023 3581 1188 3635 opera
1214 3564 1389 3631 jubet,
1414 3564 1554 3636 quia,
1587 3563 1791 3632 inquit,
1814 3562 1989 3615 inanis
2016 3563 2077 3631 ﬁt

489 3662 659 3716 oratio
686 3659 770 3713 ubi
800 3675 965 3729 prava
988 3665 1064 3712 est
1092 3656 1248 3710 actio.
1294 3655 1438 3710 Idem
1484 3655 1778 3724 periculum
1818 3652 2077 3707 Sardinia:

491 3768 601 3807 non
632 3751 791 3820 longe
814 3750 1014 3805 dissita:
1047 3748 1251 3813 insulae,
1274 3747 1342 3801 ab
1369 3746 1613 3801 hostibus
1638 3743 1962 3815 impendisse
1988 3760 2079 3797 su-

492 3860 587 3915 pra
616 3843 864 3899 diximus.
897 3840 966 3896 At
995 3856 1178 3911 pacem
1207 3855 1270 3895 ac
1308 3838 1750 3908 tranquillitatem
1781 3836 1879 3905 ipsi
1924 3835 2081 3889 resti-

491 3918 662 3992 tutam
691 3952 813 3992 esse
839 3944 1179 3990 autumamus
1207 3949 1275 3989 ex
1301 3932 1444 3988 felici
1465 3932 1739 4001 religionis
1758 3930 2077 3985 Christianae

491 4029 879 4099 propagatione
908 4027 1047 4097 apud
1092 4025 1291 4083 Sardos
1335 4033 1429 4080 aut
1457 4024 1691 4078 advenas
1732 4033 1789 4079 et
1815 4023 2080 4077 Barbaros

492 4135 587 4175 seu
616 4119 988 4187 Barbaricinos
1028 4129 1122 4172 aut
1146 4118 1439 4184 indigenas.
1467 4114 1543 4169 Ea
1572 4114 1639 4169 de
1660 4129 1817 4169 causa
1853 4114 1911 4169 8.
1942 4112 2079 4168 Gre-

494 4210 677 4277 gorius
704 4209 914 4278 rogavit
953 4210 1139 4265 insulae
1167 4207 1470 4277 praesidem,
1503 4214 1560 4260 ut
1607 4205 1802 4260 Victori
1827 4206 2082 4276 episcopo

498 4300 551 4352 in
576 4298 852 4367 gentilium
882 4299 1240 4354 conversione
1272 4297 1538 4352 laboranti
1565 4311 1724 4366 Opem
1753 4294 1935 4351 ferret.
1969 4296 2081 4350 Ad-

496 4397 617 4443 erat
641 4395 785 4444 enim
814 4390 1063 4445 onmihus
1091 4390 1183 4457 qui
1213 4388 1329 4457 ejus
1353 4404 1519 4460 opera
1547 4398 1602 4444 et
1616 4388 2083 4444 commendatione

499 4481 811 4550 indigebant
839 4479 1026 4550 (Ibid.,
1054 4499 1137 4552 ep.
1163 4480 1277 4553 22).

2179 3295 2275 3355 εἰς,
2304 3308 2504 3363 eosque
2547 3293 2611 3345 ad
2653 3292 2974 3362 baptismum
3023 3292 3333 3361 rcccpissvt,
3366 3306 3473 3345 non
3498 3306 3563 3344 ex
3608 3299 3761 3359 pote-

2177 3393 2338 3452 state,
2369 3384 2463 3439 sed
2490 3400 2553 3437 ex
2581 3383 2789 3437 ratione
2819 3384 3111 3453 l‘t‘SpOlldil,
3143 3397 3468 3450 causamque
3495 3397 3593 3451 per
3621 3380 3763 3436 ordi-

2179 3494 2302 3531 nem
2320 3477 2568 3547 exposuit
2598 3493 2611 3528 :
2644 3475 2704 3529 Si
2725 3476 2884 3541 enim,
2908 3474 3095 3542 inquit,
3121 3491 3235 3526 cum
3260 3490 3291 3525 a
3321 3472 3559 3543 ﬁdelibus
3584 3473 3775 3543 culpa-

2178 3579 2338 3633 retur,
2365 3570 2720 3622 auctoritatem
2742 3583 2894 3637 quam
2928 3567 2979 3619 in
3007 3575 3187 3619 sancta
3218 3564 3453 3618 Ecclesia
3474 3576 3774 3633 acceperat,

2179 3660 2503 3727 attendisset,
2521 3657 2831 3728 respondere
2849 3665 3048 3727 poterat
3061 3667 3115 3708 ut
3134 3665 3395 3727 pastorem
3416 3671 3566 3708 suum
3581 3672 3774 3709 ores...

2180 3747 2550 3814 reprehendere
2578 3764 2679 3802 non
2707 3746 2978 3800 auderent.
3012 3746 3118 3800 Sed
3146 3748 3190 3799 si
3218 3747 3270 3799 in
3301 3746 3510 3817 querela
3533 3747 3774 3815 ﬁdelium

2180 3841 2377 3906 aliquid
2408 3840 2471 3894 de
2498 3857 2591 3894 sua
2612 3848 2865 3911 potestate
2902 3840 3115 3905 diceret,
3140 3842 3370 3909 profecto
3402 3840 3587 3894 doctor
3614 3856 3774 3893 man-

2178 3933 2469 3987 suetudinis
2493 3948 2593 3984 non
2618 3932 2815 4001 fuisset.
2846 3930 3044 3983 Humili
3065 3948 3185 4001 ergo
3225 3946 3312 3982 eos
3344 3932 3549 3983 ratione
3586 3930 3775 3999 placa-

2181 4025 2317 4078 vit...
2350 4022 2409 4076 Si
2440 4037 2562 4092 ergo
2602 4031 2779 4092 pastor
2812 4019 3078 4084 Ecclesite,
3110 4022 3458 4089 apostolorum
3506 4023 3774 4093 princeps.

2180 4114 2330 4183 signa
2356 4120 2405 4164 et
2433 4111 2685 4165 miracula
2714 4112 3051 4183 singulariter
3080 4114 3299 4184 faciens,
3325 4129 3428 4165 non
3458 4112 3777 4184 dedignatus

2180 4215 2256 4259 est
2282 4205 2335 4257 in
2357 4220 2515 4257 causa
2535 4203 2942 4273 reprehensionis
2970 4218 3078 4256 sua:
3097 4203 3346 4256 rationem
3374 4204 3639 4257 humiliter
3661 4205 3777 4257 red-

2183 4296 2324 4362 dere,
2363 4303 2555 4365 quanto
2584 4295 2750 4366 magis
2784 4310 2876 4347 nos
2904 4304 3219 4363 peccatores,
3265 4310 3380 4347 cum
3423 4293 3488 4347 de
3516 4311 3574 4348 re
3597 4295 3776 4365 aliqua

2182 4384 2622 4456 reprehendimur,
2673 4384 3066 4454 reprehensores
3102 4391 3304 4438 nostros
3344 4383 3530 4437 humili
3571 4384 3778 4438 ratione

2184 4478 2396 4548 placare
2418 4475 2692 4530 debemus?

572 4582 626 4638 7.
643 4582 1117 4639 Przesentissimum
1140 4598 1260 4637 eum
1281 4590 1503 4652 experta
1523 4592 1606 4638 est
1627 4583 1729 4639 hoc
1747 4600 1888 4639 anno
1909 4584 2088 4641 Theo-
2118 4569 2164 4624 Ῑ)
2260 4586 2313 4640 9.
2344 4585 2461 4640 Non
2506 4594 2718 4656 poterat
2742 4585 3029 4641 eflicaeiori
3052 4586 3299 4657 exemplo
3326 4586 3609 4641 humilitati
3629 4602 3685 4639 m
3716 4585 3774 4639 il-

503 4674 658 4731 ctista
688 4674 925 4729 Mauricii
975 4674 1199 4743 Augusti
1229 4680 1482 4741 cognata,
1512 4672 1598 4744 pia
1630 4671 1825 4729 femina
1872 4674 1941 4730 de
1980 4692 2085 4746 qua

497 4766 609 4835 jam
632 4766 759 4821 alibi
778 4775 978 4828 actum,
1000 4782 1028 4819 a
1054 4765 1324 4820 nonnullis
1344 4774 1550 4819 temere
1570 4764 1789 4820 hieresis
1809 4766 2085 4822 inlamata.

500 4857 619 4915 1am
646 4859 876 4914 diximus
908 4856 1046 4929 (Lib.
1080 4873 1115 4924 ι,
1145 4872 1192 4910 c.
1225 4854 1276 4921 5,
1310 4872 1449 4910 num.
1477 4856 1550 4927 9),
1583 4852 1843 4925 Gregorio
1872 4857 1925 4911 in
1959 4859 2091 4914 urbe

502 4950 647 5019 regia
669 4957 1056 5014 eommorante,
1087 4962 1356 5003 rumorem
1383 4962 1625 5017 sparsum
1653 4947 1720 5002 de
1748 4964 1884 5003 nova
1918 4949 2089 5004 hzere-

499 5040 566 5104 si,
588 5039 741 5109 cujus
787 5048 968 5094 notam
999 5038 1213 5093 inurere
1253 5037 1592 5093 nobilissimae
1631 5052 1697 5092 ac
1742 5038 2089 5093 sanctissimre

504 5141 765 5187 matrona:
795 5147 899 5186 non
929 5139 1056 5186 sunt
1080 5130 1235 5185 veriti
1257 5130 1633 5201 sycophantas;
1667 5128 1806 5183 unde
1834 5129 1885 5183 in
1914 5145 2087 5199 popu-

506 5228 577 5289 lo,
608 5238 704 5280 sua
754 5222 971 5279 levitate
1015 5222 1081 5276 ad
1128 5222 1395 5277 atrociora
1438 5221 1670 5274 maxime
1720 5221 1773 5275 in
1820 5223 2088 5293 plinCipl‘S

502 5317 769 5373 credenda
797 5317 928 5373 satis
955 5332 1147 5386 prono,
1165 5332 1389 5384 magnus
1410 5314 1665 5369 subortus
1687 5322 1771 5368 est
1805 5316 2081 5370 tumultus.

504 5411 697 5465 Statim
724 5419 902 5466 autem
932 5420 1093 5480 atque
1124 5409 1173 5463 id
1222 5422 1373 5478 papa:
1399 5406 1498 5461 fuit
1534 5407 1845 5473 indicatum,
1872 5411 2087 5482 scripsit

507 5503 575 5555 ad
603 5501 966 5557 'l‘heoctistam
997 5500 1137 5572 (Lib.
1168 5517 1243 5567 χι,
1285 5517 1366 5569 ep.
1396 5498 1511 5567 45),
1556 5497 1641 5553 cui
1672 5499 1950 5568 multiplici
1993 5517 2082 5556 ra-

512 5594 657 5647 tione
697 5594 931 5648 ostendit
958 5594 1073 5661 ejus
1100 5601 1330 5647 mentem
1377 5592 1854 5648 obtrectationibus
1884 5596 2082 5650 turbari

509 5681 727 5734 minime
771 5682 968 5736 debere
999 5701 1013 5735 :
1049 5684 1108 5737 Si
1144 5685 1281 5736 enim
1322 5680 1559 5734 laudibus
1603 5683 1859 5748 lmtamur,
1893 5685 2084 5753 inquit,

507 5781 554 5823 et
582 5768 979 5825 detractionibus
1009 5774 1320 5841 frangimur,
1361 5770 1580 5840 gloriam
1616 5781 1847 5826 nostram
1886 5792 1987 5830 non
2031 5779 2083 5830 in

2184 4677 2336 4732 lustri
2365 4676 2571 4730 feminae
2594 4675 2917 4745 persuadere
2936 4676 3306 4731 sanctissimus
3336 4677 3553 4732 Doctor.
3580 4676 3773 4732 Postea

2186 4767 2405 4822 haeresis
2436 4765 2543 4836 ipsi
2572 4766 2813 4835 impacta:
2838 4766 3014 4835 capita
3044 4766 3222 4820 omnia
3250 4776 3516 4833 recenset,
3549 4783 3615 4823 ac
3641 4785 3773 4824 cono

2185 4862 2324 4915 lutat
2343 4868 2399 4915 et
2417 4860 2668 4915 conterit.
2698 4860 2875 4914 Primo
2895 4858 3132 4914 ostendit
3163 4860 3438 4927 religionis
3463 4877 3624 4916 causa
3647 4878 3773 4917 con-

2183 4953 2328 5023 jugia
2386 4968 2493 5007 non
2542 4952 2902 5008 dissolvenda.
2934 4951 3182 5007 Secundo
3212 4963 3432 5022 peccata
3486 4955 3668 5008 omnia
3722 4955 3769 5008 in

2190 5046 2510 5117 baptismate
2531 5047 2744 5116 penitus
2769 5046 2898 5101 dilui
2921 5054 2977 5099 et
2997 5045 3212 5100 dimitti.
3245 5045 3429 5101 Tertio
3452 5056 3574 5117 post
3599 5057 3770 5104 actam

2190 5154 2287 5208 per
2315 5137 2601 5192 triennium
2642 5137 3042 5207 pmnitentiam,
3076 5137 3347 5192 licentiam
3374 5140 3631 5209 peccandi
3681 5140 3769 5192 mi-

2190 5228 2334 5281 nime
2381 5240 2715 5281 concessam.
2748 5226 2950 5293 Quarto
2997 5228 3160 5281 etiam
3217 5226 3365 5280 illmn
3419 5228 3769 5282 anathematis

2188 5319 2400 5374 vinculo
2429 5320 2630 5382 teneri,
2662 5320 2751 5387 qui
2774 5319 2873 5373 etsi
2902 5319 3227 5373 necessitate
3256 5320 3597 5388 compulsus,
3627 5319 3678 5373 id
3707 5319 3768 5372 de

2190 5424 2299 5479 quo
2342 5409 2752 5478 reprehenditur
2806 5410 3357 5465 anathematizaverit.
3400 5411 3482 5465 Ad
3530 5411 3764 5466 ultimum

2189 5510 2419 5555 testatur
2468 5502 2756 5572 plerosque
2798 5502 2932 5557 falso
2982 5502 3052 5558 de
3097 5511 3330 5573 quatuor
3376 5504 3478 5558 illis
3529 5487 3766 5575 capitulis

2190 5594 2440 5663 imperito
2491 5594 2607 5650 zelo
2650 5602 2965 5661 accusatos;
2997 5596 3287 5665 placandos
3313 5605 3493 5651 tamen
3538 5612 3660 5651 esse
3704 5597 3760 5650 ii-

2188 5685 2271 5739 los
2298 5693 2639 5740 accusatores
2668 5696 2778 5740 tum
2799 5687 3029 5752 ratione,
3062 5696 3171 5741 tum
3203 5689 3631 5743 mansuetudine.
3746 5684 3775 5715 ‘

2263 5776 2348 5831 10.
2374 5778 2483 5832 Etsi
2511 5795 2636 5836 vero
2665 5780 2961 5836 calumnias
2988 5781 3256 5851 patienter
3283 5781 3595 5838 tolerandas
3614 5782 3758 5838 doce-
