3976 6302
108 337 189 391 ιιι
533 331 592 387 8.
634 330 961 386 GREGORII
1002 332 1217 389 MAGNI
1258 333 1441 401 VITA,
1623 337 1784 395 EJUS
1819 339 2125 397 SClilPTlS
2166 340 2560 398 ADORNATA.
2604 342 2726 400 LIB.
2775 343 2863 399 IV.

3237 348 3347 402 442

107 455 174 505 ret
198 458 424 501 summus
462 441 550 499 ille
588 458 799 498 morum
829 445 1098 512 magister,
1131 445 1547 502 calumniatores
1577 457 1655 501 ta-
1684 456 1729 511 Α
1831 451 1960 518 Quae
1994 452 2062 507 ad
2101 453 2449 510 obtinendum
2488 454 2787 515 defensoris
2816 459 3050 515 officium
3076 460 3347 517 conditio-

107 555 208 595 ruen
234 534 476 603 gravibus
504 534 676 603 pcenis
697 535 936 590 coerceri
954 535 1197 604 jubebat.
1232 534 1383 591 Unde
1408 552 1531 591 cum
1561 552 1648 593 ac-

107 630 307 700 cepisset
332 625 573 680 Hilarum
629 627 1015 681 subdiaconum
1045 627 1137 695 qui
1176 625 1370 681 Joanni
1420 627 1655 684 Diacono

107 722 279 775 crimen
316 717 627 784 ingesserat,
651 733 682 772 a
704 714 976 785 judioibus
1002 717 1145 771 nulla
1185 718 1348 773 fuisse
1376 732 1533 788 paena
1561 733 1654 773 ca-

109 811 358 876 stigatum,
388 808 648 877 percepit
671 815 725 861 ut
750 808 911 876 virgis
935 807 1147 877 pubtice
1180 809 1494 875 cederetur,
1524 810 1653 863 etin

110 898 317 954 exsilium
364 898 739 965 deportaretur
769 895 905 966 (Lib.
937 913 1020 961 xx,
1074 913 1154 965 ep.
1191 896 1301 967 62).
1330 896 1447 952 Jam
1493 913 1654 967 supra

110 987 471 1045 observavimus
492 987 631 1043 hanc
656 987 799 1042 exilii
828 1002 1039 1056 pmnam
1058 986 1259 1055 judicio
1287 987 1655 1043 ecclesiastico

110 1085 342 1137 decretam
390 1080 443 1133 in
474 1078 812 1134 defensorem
854 1080 1112 1149 episcopo
1143 1094 1249 1132 non
1285 1078 1649 1133 obedientem.

161 1172 232 1225 ll.
256 1171 369 1226 Non
418 1172 597 1226 minus
633 1172 685 1225 in
736 1172 977 1227 falsarios
999 1210 1013 1234 ,
1047 1172 1135 1240 qui
1184 1171 1655 1227 calumniatoribus

108 1260 258 1314 affines
282 1268 427 1323 sunt,
460 1261 835 1331 indignabatur
856 1261 1147 1329 Gregorius
1172 1262 1415 1317 veritatis
1444 1263 1652 1317 studio-

106 1353 306 1406 sissimus
338 1352 534 1406 cultor.
567 1351 704 1407 Hinc
747 1353 982 1421 graviter
1025 1353 1228 1407 exarsit
1275 1353 1327 1406 in
1380 1353 1651 1409 Andream

106 1442 383 1497 monachum
416 1441 556 1512 (Lib.
592 1458 664 1509 ιι,
685 1459 767 1512 ep.
801 1442 915 1511 Η),
946 1452 1005 1497 ιιι
1033 1442 1301 1511 conjicere
1331 1444 1474 1512 licet,
1504 1442 1652 1499 Crte-

104 1550 216 1598 cum,
236 1532 323 1600 qui
362 1548 467 1585 non
509 1533 683 1588 solum
713 1535 993 1604 epistolam
1034 1536 1270 1602 Eusebii,
1304 1537 1651 1593 Thessaloni-

104 1621 245 1675 censis
277 1619 541 1689 cpiscopi,
586 1621 753 1691 ipsius
781 1621 902 1678 fidei
934 1626 1363 1679 commendatam
1396 1635 1453 1680 ut
1502 1626 1649 1682 Lati-

103 1728 197 1765 nam
221 1726 331 1765 eam
355 1709 578 1778 faceret,
606 1723 941 1783 corruperat,
964 1724 1019 1768 et
1049 1715 1343 1772 hmresibus
1369 1716 1648 1786 infecerat,

1761 557 1859 598 nes
1880 544 2300 613 requirerentur,
2327 546 2504 614 qualia
2530 546 2707 602 forent
2736 564 2923 603 eorum
2946 549 3151 614 munia,
3168 565 3348 620 quave

1759 631 1987 690 formula
2039 639 2536 705 constituerentur,
2594 642 2855 697 habemus
2901 645 2954 698 in
3002 644 3228 714 epistola
3278 643 3345 698 ad

1758 720 1937 776 Vitum
1970 723 2108 793 (Lib.
2140 743 2211 791 x1,
2241 745 2323 796 ep.
2353 728 2469 791 38).

1825 814 1985 870 Gesta
2014 817 2098 869 Vt'l
2120 819 2313 888 scripta
2343 818 2601 875 S.lren:ni
2628 822 2717 875 diu
2739 837 2767 875 a
2797 838 2856 876 se
2876 824 3120 891 qntesita,
3152 825 3245 878 sed
3277 840 3345 879 ex

1757 902 1836 956 eis
1864 903 2061 971 aliquid
2111 906 2350 961 invenire
2398 925 2503 962 non
2534 911 2765 966 valuisse
2806 923 3033 967 testatur
3081 915 3348 969 maximus

1760 990 1977 1045 Doctor.
2011 992 2161 1047 Nunc
2192 995 2260 1048 de
2297 997 2457 1052 rebus
2488 1001 2800 1054 monasticis
2831 1017 2997 1071 pauca
3033 1002 3343 1069 attingenda

1759 1080 1897 1151 (Lib.
1933 1098 2005 1145 xi,
2034 1099 2114 1152 ep.
2145 1082 2256 1153 56).

1826 1174 1913 1227 15.
1939 1174 2070 1229 Cum
2117 1176 2387 1245 Agathosa
2423 1187 2612 1247 questa
2642 1189 2784 1233 esset
2805 1182 3053 1234 maritum
3084 1197 3260 1245 suum,
3286 1198 3345 1237 se

1756 1262 1918 1317 invita
1984 1268 2304 1320 monachum
2354 1266 2595 1331 factum,
2639 1269 2783 1336 quod
2833 1270 2900 1323 ad
2949 1270 3162 1338 culpam
3210 1272 3345 1325 iuvi-

1754 1352 2006 1422 diamque
2032 1354 2209 1409 Urbici
2240 1358 2469 1423 abbatis,
2497 1358 2548 1411 in
2580 1360 2732 1428 cujus
2763 1360 3096 1414 monasterio
3117 1377 3346 1417 conver-

1754 1460 1847 1499 sus
1879 1445 2071 1511 fuerat,
2121 1448 2446 1517 pertinebat,
2479 1451 2647 1505 edixit
2673 1467 2810 1521 papa
2851 1452 3182 1507 reddendum
3221 1468 3343 1507 eum

1755 1536 1991 1605 petenti,
2019 1537 2146 1591 licet
2181 1537 2291 1607 jam
2334 1547 2670 1596 tonsuratum
2691 1584 2706 1608 ,
2737 1543 2836 1597 nisi
2866 1554 3142 1599 constaret
3174 1545 3343 1614 ipsam

1752 1626 1903 1697 prius
1937 1628 2115 1681 mariti
2155 1630 2495 1683 conversioni
2526 1633 2895 1697 consensisse,
2926 1649 3186 1704 suamque
3218 1651 3345 1705 pro—

1754 1718 1998 1786 misisse,
2029 1727 2123 1773 aut
2152 1720 2323 1790 ipsam
2354 1720 2599 1779 adulterii
2631 1737 2750 1778 esse
2790 1739 2937 1779 ream
2978 1723 3117 1797 (Lib.
3149 1741 3223 1788 xx,
3256 1743 3339 1795 ep.

98 1804 169 1857 sed
194 1804 344 1857 etiam
373 1820 655 1859 sermones
683 1805 893 1875 aliquos
920 1805 1106 1861 Grmce
1141 1808 1419 1876 evulgaret
1456 1810 1649 1877 quibus
1686 1829 1723 1884 η
1755 1806 1881 1878 50).

98 1896 359 1963 ιιτωίίιεηιι
404 1909 556 1964 νίψω
584 1911 799 1950 nomen.
834 1896 939 1951 Eos
983 1898 1390 1968 diligentissime
1447 1902 1644 1968 requiri

95 1986 221 2053 jussit
245 1984 531 2052 Gregorius
576 1994 630 2039 et
658 1986 883 2042 aboleri.
918 1987 1186 2043 Praeterea
1216 1990 1501 2044 concilium
1545 1992 1642 2045 ba-

96 2078 184 2130 buit
204 2077 252 2131 in
277 2091 379 2144 quo
407 2075 475 2129 de
514 2092 672 2145 pmna
717 2077 935 2134 falsario
966 2079 1183 2134 aliunde
1229 2078 1644 2148 ﬂagitiosissimo

96 2167 339 2233 infligenda
367 2167 794 2234 deliberaretur;
824 2178 881 2222 at
914 2185 1049 2224 vero
1084 2186 1204 2239 qua:
1229 2171 1443 2227 decreta
1484 2172 1647 2228 fuerit

96 2272 171 2309 nos
196 2256 331 2310 latet.
361 2254 603 2326 Epistula
633 2272 698 2311 ex
728 2272 833 2327 qua
871 2258 986 2312 haec
1013 2258 1293 2322 habemus,
1328 2260 1644 2317 humilitatis

92 2356 134 2399 tt
169 2348 425 2403 modestia:
452 2348 699 2416 Gregorii
748 2358 1121 2416 argumentum
1165 2360 1265 2405 est.
1298 2350 1355 2405 ln
1405 2366 1468 2406 ea
1499 2354 1641 2407 enim

90 2440 365 2508 simpliciter
413 2439 700 2510 prolitetur
729 2438 1039 2495 Grzecarum
1087 2457 1147 2497 se
1176 2442 1477 2498 litterarum
1519 2460 1638 2500 nes-

92 2534 223 2585 cium.

143 2626 216 2680 12.
247 2624 310 2680 Ut
350 2641 437 2679 res
469 2626 536 2678 ad
567 2625 709 2679 hunc
736 2640 933 2679 annum
962 2635 1269 2695 spectantes
1301 2626 1645 2683 absolvamus

90 2718 286 2772 notanda
331 2726 459 2771 sunt
486 2716 792 2771 summatim
826 2732 941 2785 qua:
972 2718 1037 2770 ad
1067 2717 1436 2772 illustrandam
1464 2718 1641 2773 eccle-

88 2810 314 2863 siasticam
339 2809 680 2878 disciplinam
709 2818 800 2863 aut
835 2808 1115 2864 historiam
1146 2808 1397 2866 conferre
1418 2821 1644 2882 possunt

88 2902 286 2956 nondum
305 2918 334 2956 a
354 2902 511 2957 nobis
538 2901 791 2956 delibata.
819 2903 1134 2972 imperatori
1161 2902 1421 2958 Joannem
1454 2903 1639 2973 prima:

86 2994 355 3048 Justiniame
381 2995 695 3063 episcopum
717 3010 814 3063 pro
841 2994 1160 3063 aegritudine
1186 2995 1379 3064 capitis
1399 2996 1466 3050 ab
1492 2996 1637 3065 epis-

85 3094 249 3153 cupatu
282 3100 531 3139 amovere
560 3084 818 3154 cupienti,
855 3086 1160 3139 consentire
1186 3086 1360 3139 noluit
1396 3088 1638 3154 tequissi-

1820 1902 1875 1955 In
1905 1903 2092 1957 eodem
2112 1904 2344 1959 concilio
2372 1920 2400 1957 a
2431 1922 2537 1975 quo
2560 1906 2843 1961 damnatus
2870 1917 2951 1962 est
2979 1908 3221 1963 Andreas
3244 1910 3340 1963 fal-

1747 2007 1927 2046 sorum
1956 1993 2279 2063 scriptorum
2308 1995 2497 2051 artifex
2517 2038 2530 2061 ,
2562 2014 2818 2053 concessa
2850 2009 2932 2055 est
2962 1999 3140 2056 Probo
3160 2040 3175 2065 ,
3218 2018 3336 2056 mo-

1747 2083 1922 2136 nacho
1946 2094 2001 2138 et
2024 2084 2227 2151 abbati,
2257 2086 2487 2140 testandi
2512 2086 2736 2141 facultas
2772 2088 2841 2142 de
2879 2089 3035 2143 bonis
3065 2099 3191 2145 ante
3215 2106 3337 2145 sus-

1745 2183 1959 2243 ceptum
1984 2175 2221 2229 habitum
2253 2177 2607 2231 mouasticum
2638 2178 2701 2229 ad
2726 2178 2897 2246 ipsum
2923 2180 3334 2247 pertinentibus.

1746 2264 1900 2317 Tanti
1932 2265 2075 2320 enim
2104 2275 2222 2320 erat
2260 2268 2517 2321 momenti
2559 2267 2869 2322 facultatem
2917 2268 3057 2323 hanc
3095 2271 3249 2336 dare,
3281 2280 3338 2322 ut

1743 2356 1935 2425 synodi
1987 2357 2152 2413 totius
2209 2372 2532 2413 consensum
2583 2359 2967 2428 requirendum
3015 2361 3337 2429 judicaverit

1743 2446 2169 2515 sapientissimus
2223 2447 2491 2504 Pontifex.
2541 2449 2726 2517 Neque
2771 2466 2901 2505 vero
2953 2450 3093 2506 facta
3152 2453 3337 2506 fuisset

1746 2532 1922 2589 Probo
1936 2539 2242 2591 testamenti
2267 2540 2530 2593 condendi
2564 2540 2805 2605 licentia,
2827 2541 2927 2595 nisi
2950 2541 3154 2610 liquido
3177 2544 3337 2613 296

1743 2625 2073 2681 constitisset
2113 2627 2287 2697 ipsum
2313 2628 2523 2697 jussum
2561 2630 2721 2684 fuisse
2752 2642 2807 2683 et
2830 2632 2983 2699 quasi
3026 2641 3273 2685 coactqu
3307 2650 3334 2684 a

1743 2713 2081 2784 S.Gregorio
2109 2722 2495 2775 monasterium
2526 2722 2703 2777 subito
2734 2722 2981 2787 introire,
3004 2740 3107 2777 non
3134 2724 3336 2777 indulta

1742 2807 1812 2859 ad
1838 2807 2227 2863 deliberandum
2254 2813 2330 2864 vel
2351 2813 2681 2865 tractandum
2710 2815 2897 2883 spatio.
2932 2812 3083 2868 Unde
3114 2830 3219 2867 non
3250 2816 3333 2868 in-

1742 2905 1948 2966 tegrum
1979 2900 2078 2971 ipsi
2106 2900 2281 2955 fuerat
2302 2901 2368 2954 de
2394 2904 2551 2956 rebus
2574 2902 2683 2956 suis
2709 2903 3013 2972 disponere.
3032 2903 3331 2958 Periculum

1739 3000 1918 3046 autem
1946 3000 2064 3046 erat
2091 3008 2159 3047 ne
2184 2993 2338 3048 bonis
2360 2995 2527 3064 ipsius
2557 2996 2886 3050 monasterio
2914 2995 3251 3065 cedentibus,
3274 2996 3331 3047 fi-

1741 3083 1841 3138 lius
1862 3086 1977 3152 ejus
1999 3101 2207 3139 summa
2236 3095 2480 3155 egestate
2508 3086 2799 3142 laboraret.

85 3192 171 3229 mus
202 3176 487 3245 pater,nisi
536 3186 771 3245 ingratus
818 3177 962 3247 ipse,
991 3177 1118 3233 dato
1158 3178 1340 3232 libello
1381 3180 1630 3249 supplici,
1658 3196 1703 3255 (ι
1810 3174 2069 3230 Laudavit
2120 3177 2431 3232 Januarium
2471 3178 2836 3234 Caralitanum
2868 3181 3011 3249 quod
3052 3190 3331 3235 monaste-

84 3270 159 3322 ltoc
203 3278 426 3338 peteret.
458 3268 565 3324 Sed
595 3269 765 3323 suasit
792 3280 852 3323 ut
904 3278 1238 3338 quam-retur
1281 3270 1630 3341 dispensator,

81 3362 145 3428 qui
173 3378 357 3415 munus
396 3363 706 3431 episcopale
738 3363 889 3417 obire
925 3374 1109 3430 posset
1139 3362 1279 3433 (Lib.
1302 3381 1380 3431 xt,
1402 3381 1484 3435 ep.
1516 3364 1632 3433 47).

130 3452 361 3519 Quiricus
391 3462 447 3507 et
495 3454 586 3507 alii
631 3453 816 3508 Iberia:
846 3454 1085 3523 episcopi
1112 3470 1377 3509 summum
1427 3454 1638 3525 pontifi-

78 3558 164 3597 cem
209 3545 585 3598 consuluerant
614 3543 683 3598 de
713 3543 1055 3598 diversorum
1097 3544 1471 3599 btereticorum
1499 3545 1633 3615 bap-

79 3634 204 3688 tismo
243 3643 293 3687 et
318 3634 765 3689 ordinationibus.
794 3633 999 3700 Quibus
1028 3635 1305 3704 respondit
1332 3636 1635 3707 baptizatus

74 3727 113 3777 in
148 3726 331 3780 lmresi
376 3741 498 3781 cum
541 3725 819 3780 Trinitatis
868 3720 1236 3792 invocatione,
1278 3741 1387 3780 non
1440 3726 1632 3781 iterum

76 3816 388 3886 baptizandos
436 3816 655 3885 quando
694 3814 760 3869 ad
793 3812 1089 3869 Ecclesiam
1137 3820 1505 3882 revertuntur,
1536 3815 1632 3870 Sed

77 3916 147 3961 aut
169 3909 506 3978 impositione
555 3922 835 3973 manuum,
867 3915 960 3960 aut
1008 3905 1316 3961 chrismatis
1345 3906 1629 3973 unctione,

76 4008 145 4051 aut
169 4000 498 4068 professione
528 3997 651 4054 ﬁdei
680 3997 1134 4052 reconciliandos.
1164 3995 1475 4052 Redemites
1502 4013 1632 4051 vero

76 4091 385 4147 Nestor-ianos
413 4092 481 4147 de
509 4090 879 4147 incarnatione
909 4088 1246 4154 edocendos;
1279 4096 1335 4144 et
1365 4088 1408 4142 si
1438 4088 1618 4143 Nesto-

76 4187 182 4241 rium
228 4186 841 4249 anathematizaverint,
886 4191 1249 4251 receptasque
1276 4182 1344 4236 ab
1392 4180 1631 4236 Ecclesia

74 4277 277 4346 synodos
308 4278 551 4347 recipere
592 4273 969 4346 profiteantur,
1017 4274 1069 4328 in
1101 4274 1330 4345 propriis
1355 4274 1633 4329 ordinibus

74 4366 399 4423 admittendos
428 4364 571 4436 (Lib.
603 4379 679 4430 χι,
702 4381 784 4434 ep.
810 4364 924 4433 67).

126 4455 242 4511 Cum
281 4456 518 4512 audisset
548 4455 878 4509 Desideriqu
908 4454 1268 4511 Viennensem
1316 4455 1630 4525 cpisc0pum

1741 3266 1878 3319 rium
1924 3268 2162 3322 virorum
2204 3268 2257 3321 in
2296 3269 2457 3323 domo
2504 3270 2817 3325 ancillarum
2868 3271 2964 3325 Dei
3005 3271 3332 3326 monasterio

1738 3356 2050 3411 enhmrente
2107 3362 2348 3413 construi
2397 3359 2678 3427 noluerit;
2714 3362 2881 3415 voluit
2932 3369 3113 3416 tamen
3167 3363 3330 3416 alium

1737 3449 1906 3517 qureri
1936 3448 2137 3514 locum,
2169 3450 2257 3504 ubi
2288 3451 2710 3506 constitueretur
2758 3451 2896 3523 (Lib.
2930 3468 3003 3518 xi,
3034 3468 3118 3524 ep.
3142 3450 3256 3521 25).

1809 3540 2010 3595 Omitto
2040 3542 2301 3596 beneficia
2330 3556 2450 3611 qua:
2480 3543 2534 3596 in
2572 3544 2918 3611 monasteria,
2961 3543 3124 3598 etiam
3154 3557 3332 3597 remo-

1737 3634 1968 3698 tissima,
2001 3634 2231 3689 contulit
2256 3635 2361 3689 hoc
2389 3650 2532 3689 anno
2562 3636 2797 3704 optimus
2825 3642 3001 3703 pater,
3034 3634 3329 3703 praesertim

1735 3726 1790 3779 in
1820 3726 2123 3780 cmnnbium
2158 3727 2358 3781 montis
2384 3725 2511 3780 Sina
2559 3724 2702 3795 (Lib.
2732 3740 2807 3790 x1,
2840 3742 2923 3795 ep.
2956 3725 3047 3795 l);
3079 3724 3174 3779 sed
3204 3726 3327 3794 qui-

1734 3817 1965 3872 buslibet
1993 3818 2304 3872 muneribus
2347 3826 2402 3871 et
2448 3818 2724 3873 beneficiis
2772 3817 3146 3887 przestantiora
3196 3816 3327 3870 mihi
3400 3885 3406 3893 .

1736 3904 1983 3960 videntur
2010 3906 2211 3959 monita
2238 3905 2469 3969 Cononi,
2503 3904 2768 3959 Lirinensi
2797 3906 2999 3971 abbati,
3031 3904 3175 3967 data,
3204 3906 3326 3973 qui-

1737 4001 1833 4054 bus
1854 4015 1977 4055 eum
1998 3998 2155 4054 docet
2174 4006 2373 4070 quanta
2397 4012 2545 4064 cura,
2568 4012 2673 4066 qua
2695 3998 2915 4053 solertia
2940 3999 3323 4053 monasterium

1735 4090 1836 4145 sibi
1865 4089 2211 4145 commissum
2241 4104 2432 4158 regere
2460 4088 2688 4156 debeat;
2729 4090 2962 4143 maxime
2988 4090 3058 4143 ob
3084 4088 3200 4158 ejus
3228 4090 3323 4145 dc-

1736 4180 1968 4235 ersSnris
2020 4180 2291 4234 incautam
2348 4180 2719 4236 remissionem
2760 4196 2772 4233 :
2826 4179 3133 4235 Dilectionis
3183 4189 3319 4245 tuaz,

1735 4272 1919 4340 inquit.
1952 4272 2220 4342 vigilantia
2250 4273 2534 4327 ardentiori
2556 4290 2611 4326 se
2632 4289 2832 4343 semper
2859 4290 2984 4327 cura
3011 4275 3322 4339 succendat;

1735 4375 1782 4418 et
1812 4364 1888 4417 ita
1918 4374 2127 4432 cuncta,
2164 4363 2272 4418 Deo
2301 4365 2581 4434 adjuvante
2607 4366 2938 4435 prwmuniat,
2960 4376 3015 4419 ut
3044 4365 3193 4436 lupus
3218 4382 3322 4420 sa:-

1734 4456 1873 4509 viens
1912 4456 2008 4508 huc
2036 4456 2256 4526 illucque
2285 4456 2577 4510 discurrens
2597 4496 2612 4523 ,
2640 4457 2695 4510 in
2743 4473 2858 4511 oves
2905 4455 3210 4512 Dominicas
3239 4457 3325 4511 in-

72 4549 441 4612 grarnmaticam
472 4556 529 4601 et
573 4547 782 4600 litteras
809 4546 1156 4600 humaniores
1183 4546 1500 4615 quibusdam
1538 4564 1606 4601 ex
1664 4575 1713 4634 ο
1738 4548 2003 4618 grediendi
2032 4548 2199 4601 locant
2226 4566 2329 4603 non
2379 4549 2585 4603 habent.
2641 4548 2708 4602 Et
2739 4558 2859 4619 post
2889 4550 3064 4618 aliqua
3094 4568 3106 4602 :
3138 4548 3323 4619 Itaque

74 4656 273 4709 ponere,
306 4642 358 4696 id
399 4640 715 4711 gravissime
755 4640 903 4703 tulit,
947 4641 1099 4711 quia,
1128 4639 1327 4710 inquit,
1351 4643 1406 4695 in
1442 4658 1545 4695 uno
1582 4659 1637 4695 se

73 4748 139 4783 ore
155 4750 259 4787 cum
281 4733 423 4788 Jovis
446 4731 686 4786 laudibus
712 4730 903 4784 Christi
927 4730 1109 4807 laudes
1132 4748 1232 4785 non
1257 4735 1467 4802 capiunt
1493 4731 1632 4803 (Lib.

75 4837 127 4885 ιι,
150 4841 220 4893 ep.
249 4824 360 4895 54).
396 4823 589 4879 Postea
621 4832 797 4877 tamen
821 4822 1089 4878 Candidus
1118 4824 1399 4895 presbyter
1418 4840 1486 4880 ex
1508 4826 1635 4881 Gal-

75 4914 135 4965 liis
166 4917 402 4979 rediens,
438 4911 941 4984 Desiderium'apnd
976 4930 1168 4984 papam
1198 4918 1509 4984 excusavit,
1538 4934 1633 4972 nc-

72 5008 287 5073 garitque
309 5008 484 5076 ipsum
514 5006 566 5059 in
595 5006 676 5059 his
697 5007 851 5075 nugis
882 5016 1092 5076 tempus
1122 5016 1318 5062 terere.

123 5095 430 5152 Defercndas
468 5098 535 5151 ad
578 5097 862 5168 episcopos
899 5099 1218 5155 clericorum
1245 5116 1436 5157 causas
1483 5118 1626 5174 scepc

71 5184 214 5251 docet,
242 5204 306 5242 ne
333 5189 659 5259 episcopalis
698 5188 999 5257 jurisdictio
1044 5192 1439 5259 pessumdetur,
1464 5194 1625 5248 cleri-

71 5290 143 5329 ωδ
182 5278 243 5331 ab
288 5280 585 5349 cpi~copo,
636 5280 889 5348 exigente
928 5280 1105 5347 culpa,
1157 5282 1209 5335 in
1254 5284 1625 5352 pmnitentiam

74 5371 230 5426 missos
278 5374 551 5428 Romanus
593 5371 874 5439 defensor,
916 5374 1175 5445 episcopo
1226 5376 1530 5431 inconsulto
1573 5388 1629 5434 ct

76 5462 328 5528 nesciente,
359 5464 683 5518 auctoritate
711 5465 926 5533 propria
953 5466 1177 5536 ejecerat
1206 5482 1237 5521 e
1287 5467 1406 5522 loco
1438 5468 1526 5523 ubi
1557 5470 1622 5523 ad

76 5552 402 5614 paenitentiam
446 5555 628 5609 traditi
662 5558 894 5611 fuerant.
929 5559 997 5611 At
1039 5557 1197 5626 jussit
1236 5574 1372 5630 papa
1399 5559 1625 5617 clericos

74 5640 293 5711 episcopo
320 5646 436 5700 sine
468 5663 619 5700 mora
653 5648 885 5713 restitui,
917 5660 972 5703 et
998 5650 1245 5707 Romano
1271 5653 1418 5723 prius
1447 5654 1621 5710 incre-

80 5742 201 5800 pain,
227 5741 397 5803 gravia
430 5739 795 5795 comminatus
816 5749 929 5802 est,
963 5743 1004 5797 si
1039 5744 1163 5800 talia
1195 5746 1450 5818 deinceps
1475 5762 1623 5804 com-

80 5821 287 5883 mitteret
315 5828 446 5900 (Lib.
484 5847 558 5897 XI,
594 5848 706 5899 app.
744 5830 813 5882 77
839 5841 886 5886 ct
919 5832 1033 5900 '57).

1740 4642 1856 4695 boni
1906 4650 1952 4695 te
1998 4640 2195 4695 dulcem
2218 4681 2235 4706 ,
2279 4642 2425 4710 pravi
2453 4642 2683 4695 sentiant
2711 4650 3072 4695 correctorem.
3125 4638 3189 4693 In
3220 4657 3321 4709 qua

1737 4731 1965 4785 videlicet
1994 4733 2311 4785 correctione
2341 4732 2473 4785 [tunc
2494 4748 2605 4785 esse
2633 4732 2867 4785 ordinem
2909 4732 3109 4785 noveris
3139 4730 3316 4783 obser-

1734 4823 1977 4886 vandum,
2009 4831 2065 4875 ut
2087 4839 2335 4892 personas
2376 4823 2561 4893 diligas
2582 4862 2597 4888 ,
2620 4832 2669 4875 et
2698 4823 2821 4877 vitia
2850 4822 3173 4893 persequaris
3197 4837 3215 4873 :
3255 4838 3320 4875 ne

1733 4915 1777 4967 si
1803 4916 1955 4969 aliter
1980 4932 2130 4985 agere
2151 4917 2373 4985 fortasse
2412 4916 2652 4979 volueris,
2683 4923 2914 4968 transeat
2950 4916 3006 4968 in
3035 4914 3316 4967 crudelita-

1736 5016 1832 5059 tem
1862 5008 2132 5070 correctio,
2162 5015 2211 5059 et
2242 5006 2427 5076 perdas
2450 5023 2575 5077 quos
2606 5006 2880 5058 entendare
2908 5004 3191 5057 desideras.
3226 5003 3316 5058 Sic

1733 5098 1867 5149 enim
1895 5097 2075 5150 vulnus
2104 5096 2253 5151 debes
2285 5096 2601 5159 abscindere,
2628 5107 2683 5149 ut
2725 5113 2825 5150 twn
2867 5095 3035 5166 possis
3083 5094 3315 5148 ulcerare

1732 5186 1869 5256 quod
1906 5202 2090 5239 sanum
2128 5195 2244 5241 est:
2274 5203 2338 5240 ne
2370 5188 2410 5241 si
2456 5190 2570 5257 plus
2595 5204 2749 5257 quam
2798 5201 2878 5239 res
2916 5186 3078 5256 exigit
3118 5187 3316 5253 ferrum

1732 5280 2070 5350 impresseris,
2103 5294 2289 5332 noceas
2328 5281 2407 5332 cui
2448 5280 2690 5348 prodesse
2731 5279 2969 5348 festinas.
3015 5274 3143 5346 Ipsa
3179 5278 3318 5330 enim

1731 5372 1787 5425 in
1826 5379 1875 5423 te
1911 5368 2128 5424 dulcedo
2151 5378 2303 5423 cauta
2345 5370 2448 5436 sit,
2494 5387 2598 5423 non
2626 5370 2841 5424 remissa
2871 5386 2889 5425 :
2920 5371 3169 5425 correctio
3199 5386 3315 5425 vero

1731 5466 1949 5536 diligens
1968 5465 2069 5527 sit,
2112 5479 2217 5517 non
2247 5479 2439 5517 severa.
2472 5463 2579 5518 Sed
2607 5465 2680 5518 sic
2708 5466 2927 5519 alterum
2949 5462 3225 5518 condiatur
3250 5462 3315 5515 ab

1730 5558 1916 5621 altero,
1946 5564 2002 5607 ut
2030 5563 2079 5608 et
2107 5554 2227 5609 boni
2266 5554 2486 5608 habeant
2533 5555 2757 5608 amando
2800 5554 2936 5625 quod
2975 5563 3215 5622 caveant,
3264 5564 3313 5608 ct

1732 5649 1875 5718 prari
1906 5646 2178 5700 metuendo
2207 5646 2341 5715 quod
2371 5645 2591 5715 diligant
2640 5644 2826 5715 (Ibid.,
2869 5662 2951 5717 ep.
2987 5645 3097 5716 12).

1805 5738 1889 5791 14.
1932 5738 2045 5793 floc
2091 5754 2231 5792 anno
2261 5753 2291 5791 e
2318 5738 2450 5791 vivis
2478 5741 2773 5793 excess'sse
2803 5738 2947 5808 pium
2976 5752 3159 5806 regem
3208 5738 3314 5793 Rc-

1732 5830 2021 5888 charedum
2052 5829 2172 5885 fidei
2216 5831 2492 5887 catholicae
2519 5831 2571 5886 in
2614 5830 2867 5902 Hispania
2897 5840 3313 5888 restauratorcm
