3976 6298
703 308 808 363 H3

1165 310 1225 365 S.
1266 310 1595 366 GREGORII
1638 309 1854 365 MAGNI
1898 311 2074 375 VITA,
2120 312 2210 366 EX
2255 314 2414 371 l'LJUS
2455 315 2758 375 SCRIPTIS
2795 321 3190 380 ADURNATA.
3232 326 3358 381 LIB.
3405 329 3490 382 IV.
3836 344 3906 395 tu

692 427 911 480 tradunt
934 426 1341 496 llispauicarutn
1382 442 1561 481 rerum
1598 425 1912 496 scriptores.
1947 425 2175 482 Arianos
2210 428 2279 482 ob
2314 438 2352 489 Α
2385 432 2735 501 conﬂagravit
2763 438 2814 490 in
2845 438 3014 501 Italia,
3050 441 3135 494 ubi
3180 457 3262 496 res
3303 446 3587 503 infeliciter
3614 465 3707 519 pro
3732 455 3904 526 impera.

689 523 926 576 studium
977 538 1085 589 quo
1135 520 1394 591 ﬂagrabat
1444 521 1497 574 in
1548 519 1863 588 religionem
1911 520 2273 575 orthodoxam

688 628 903 682 semper
932 621 1183 680 expertus
1208 623 1291 666 est
1320 611 1730 679 infensissimos,
1757 610 1994 665 maxime
2014 626 2144 665 vero
2165 610 2282 666 ϐου·

689 705 983 773 suintbam,
1018 704 1308 772 Leuvigildi
1339 704 1481 772 regis
1501 702 1745 768 viduam,
1776 703 1930 769 cujus
1958 703 2281 757 auctoritate

690 794 1006 849 audaciores
1034 793 1182 860 facti,
1212 809 1322 848 non
1349 794 1518 849 semel
1563 794 1616 847 in
1662 806 1841 861 regem
1878 793 2275 863 conspirarunt.

688 885 892 940 Horum
922 889 1263 957 antesignani
1313 888 1530 944 fuerunt
1573 885 1788 956 quidam
1826 885 2062 958 episcopi
2092 885 2280 941 hmresi

687 975 885 1029 Ariana
915 978 1130 1046 polluti.
1163 977 1243 1033 Ex
1272 979 1356 1033 his
1385 978 1493 1034 duo
1544 978 1597 1031 in
1627 977 1873 1032 exsilium
1920 978 2082 1045 ejecti
2130 983 2275 1042 sunt,

686 1068 790 1121 etsi
820 1070 1156 1137 gravioribus
1188 1071 1361 1138 ptenis
1388 1070 1532 1139 digni
1564 1067 1762 1123 forent.
1814 1068 2133 1123 Recbaredo
2154 1084 2278 1123 suc-

686 1161 848 1214 cessit
877 1160 1044 1215 Linba
1073 1161 1135 1227 ll,
1168 1164 1257 1231 qui
1289 1163 1496 1217 duobus
1525 1170 1732 1215 tantum
1760 1160 1915 1214 annis
1943 1174 2109 1229 regno
2139 1162 2280 1232 poti-

690 1255 794 1302 tus.
818 1247 972 1304 llunc
990 1252 1205 1322 excepit
1233 1251 1543 1307 Witericus.

1308 1362 1536 1419 CAPUT
1574 1362 1662 1418 Vl.

687 1450 879 1502 Ancum.
902 1481 963 1489 —
989 1455 1033 1501 l.
1056 1454 1109 1502 S.
1139 1454 1406 1516 Gregorius
1447 1454 1512 1502 de
1539 1453 1863 1516 instaurandis
1902 1453 1992 1516 SS.
2019 1453 2057 1501 Α

757 1528 859 1561 rum
888 1517 1101 1563 basilicis
1122 1514 1317 1574 cogitat.
1344 1515 1458 1574 Ejus
1481 1515 1805 1562 mun'ﬂcentia
1830 1516 1876 1561 in
1904 1514 2009 1562 illas
2036 1515 2277 1564 basilicas.

748 1601 809 1611 —
832 1577 878 1624 2.
906 1576 1094 1623 Βρῑιυιη
1118 1579 1504 1635 redintegratum
1535 1576 1799 1623 infeliciter
1820 1576 1952 1625 cedit
1978 1579 2275 1635 imperatori.

748 1659 805 1672 -—-
831 1639 879 1683 5.
908 1636 1259 1685 litereticornm
1287 1646 1336 1686 et
1377 1636 1789 1685 schismaticorum
1829 1639 2107 1686 conversio.
2150 1640 2276 1697 Quid

749 1699 1018 1744 redeuntes
1045 1710 1075 1746 e
1097 1699 1355 1747 schismate
1380 1698 1693 1760 swndereot.
1718 1724 1780 1760 —_—
1800 1697 1848 1745 4.
1874 1698 2143 1748 Firminum
2168 1702 2275 1760 epi-

746 1771 942 1818 scopum
985 1772 1235 1807 reversum
1262 1798 1275 1815 ,
1313 1766 1363 1807 et
1403 1760 1467 1807 ob
1507 1759 1595 1807 hoc
1630 1759 1691 1806 ab
1725 1758 1833 1810 aliis
1881 1769 2110 1808 vexatum
2146 1758 2277 1811 schi-

744 1821 958 1866 smaticis
982 1826 1147 1868 tuetur
1172 1823 1221 1870 8.
1246 1821 1529 1881 Gregorius.
1554 1846 1615 1855 —
1637 1822 1685 1869 5.
1729 1820 2020 1870 Docleatinte
2046 1821 2277 1872 Eccle~iaa

750 1882 974 1939 lacanda:
998 1884 1237 1940 mutilet.
1267 1882 1337 1930 De
1368 1882 1533 1941 Paulo,
1558 1882 1801 1943 ﬂagitiose
1820 1883 2048 1943 epi~cOpo
2072 1890 2123 1932 et
2148 1897 2274 1943 pra:-

746 1943 893 1996 done,
930 1943 1182 1999 judicium.
1209 1943 1340 1993 -ϐ.
1368 1945 1441 1992 De
1481 1942 1891 2001 rebusAl'ticanis
1930 1942 2088 1993 curat.
2127 1942 2276 1995 Causa

752 2002 937 2051 Paulini
962 2007 1196 2066 episcopi.
1237 2006 1293 2053 Et
1318 2004 1395 2054 ςιιι·
1422 2006 1519 2053 rius
1544 2008 1740 2053 nonine
1766 2005 1992 2053 Victoris.
2019 2033 2082 2042 —
2104 2006 2150 2054 7.
2176 2008 2278 2055 Au-

745 2066 985 2115 ctoritatis
1008 2065 1145 2115 “om.
1175 2067 1407 2123 toutiﬂcis
1433 2070 1477 2113 in
1505 2066 1662 2115 Africa
1687 2075 2058 2120 argttmenta.—
2081 2068 2128 2115 8.
2156 2068 2278 2117 Gre-

783 2128 871 2189 or_ii
896 2140 1081 2176 summa
1107 2129 1154 2175 in
1180 2129 1593 2189 potestatemajor
1621 2130 1860 2175 humilitas
1886 2136 1936 2179 et
1958 2129 2278 2178 modestia.—

783 2140 871 2174 ortl
896 2140 1081 2176 summa
1107 2140 1154 2175 In
1180 2140 1593 2189 potemritemajor
1622 2140 1860 2175 lluntlltlas
1886 2140 1936 2179 et
1958 2140 2273 2178 moneam.—

744 2140 791 2235 5.
822 2186 895 2249 De.
935 2190 1043 2246 ejus
1068 2189 1229 2238 humili
1251 2202 1276 2235 s
1315 2191 1359 2236 in
1390 2191 1549 2238 varios
1588 2202 1737 2237 sacrae
1762 2190 2027 2249 Scriptura:
2064 2190 2215 2240 libros
2250 2206 2273 2241 a

746 2248 945 2297 Claudio
970 2252 1212 2309 exceptis.
1240 2250 1315 2299 De
1338 2250 1537 2299 Claudio
1580 2251 1860 2310 inquiritur.
1885 2277 1943 2287 —
1968 2253 2044 2301 10.
2070 2253 2123 2300 8.
2148 2254 2275 2303 Gre-

746 2311 869 2368 gorii
904 2313 951 2358 in
983 2312 1228 2372 eligendis
1248 2313 1409 2368 dignis
1433 2312 1705 2365 abbatibus.
1732 2321 1783 2361 et
1810 2314 1990 2361 tuenda
2015 2318 2276 2363 monastica

743 2372 994 2431 disciplina
1043 2371 1339 2421 sollicitudo.
1374 2400 1433 2407 —
1478 2373 1549 2422 ll.
1580 2373 1749 2420 Utrum
1792 2374 2126 2422 mon'tchalum
2169 2374 2276 2424 loco

742 2433 1117 2482 subdiaconatus
1155 2447 1267 2482 esse
1311 2437 1566 2492 putaverit.
1591 2436 1749 2483 -12.
1785 2435 2052 2483 lliaconum
2098 2435 2275 2484 factum

747 2495 1032 2559 monachum
1073 2509 1103 2545 e
1141 2498 1435 2545 monasterio
1458 2496 1603 2545 avelli
1624 2509 1720 2545 non
1744 2499 1941 2559 patitur.
1970 2496 2084 2559 (An.
2109 2498 2196 2549 601
2226 2507 2278 2549 et

750 2638 804 2692 1.
843 2633 978 2691 Cum
1008 2636 1289 2691 imminere
1321 2636 1422 2691 sibi
1452 2645 1683 2694 mortem
1724 2639 2003 2709 prmsciret
2045 2639 2103 2695 S.
2135 2638 2272 2695 Gre-

679 2729 882 2797 gorius,
896 2729 1005 2798 jam
1029 2739 1349 2798 conceptum
1366 2729 1431 2785 de
1453 2731 1770 2799 reparandis
1791 2731 1886 2788 SS.
1903 2733 2272 2802 apostolorum

676 2819 822 2874 Petri
853 2827 907 2873 et
929 2817 1078 2872 Pauli
1110 2820 1345 2875 basilicis
1378 2821 1661 2876 consilium
1702 2838 1809 2876 non
1844 2823 1983 2878 ultra
2010 2822 2261 2878 diﬂeren-

679 2911 805 2965 dum
829 2910 1108 2978 judicavit.
1141 2910 1347 2967 Idcirco
1387 2915 1645 2984 prtecepit
1695 2915 1899 2971 Sabino
1936 2917 2269 2973 subdiacono

676 3016 766 3056 res
798 3000 1052 3057 Ecclesia:
1082 3001 1135 3055 in
1166 3001 1398 3057 Lucania
1428 3013 1481 3057 et
1510 3004 1702 3059 Brutiis
1731 3007 1977 3073 curanti,
2018 3015 2076 3061 ut
2104 3008 2188 3061 his
2218 3008 2272 3061 in

677 3093 968 3162 provinciis
1000 3094 1179 3147 trabes
1225 3094 1291 3147 ad
1333 3094 1385 3149 id
1413 3096 1594 3165 operis
1639 3099 1971 3154 necessarias
2014 3109 2267 3169 pararet,

2065 1453 2278 1514 postulo—

678 3193 842 3253 atque
886 3185 951 3237 ad
1000 3199 1149 3239 mare
1195 3186 1535 3241 advehendas
1581 3196 1822 3253 curaret,
1856 3190 1996 3245 unde
2045 3191 2269 3249 navibus
2298 3190 2336 3246 t3

678 3276 939 3345 imposita:
966 3275 1193 3332 Romam
1214 3277 1629 3347 deportarentur
1651 3279 1789 3353 (Lib.
1818 3299 1910 3348 xu,
1934 3300 2015 3354 ep.
2041 3283 2154 3355 20).
2188 3285 2266 3341 Ea

678 3366 746 3421 de
768 3380 929 3421 causa
957 3367 1172 3434 scripsit
1201 3367 1269 3422 ad
1293 3377 1319 3405 ἰ
1352 3369 1606 3439 Arogem,
1637 3387 1796 3440 quem
1831 3372 2265 3430 Beneventanum

678 3454 870 3509 ducem
907 3454 1115 3511 Zotone
1146 3465 1358 3511 mortuo
1388 3460 1743 3515 constituerat
1791 3458 2266 3531 Langobardorum

578 3618 583 3622 θ
676 3560 795 3611 rex,
821 3547 1137 3616 rogavitque
1166 3555 1224 3601 ut
1252 3546 1453 3603 Sabino
1479 3550 1810 3607 subdiacono
1832 3553 1885 3607 in
1916 3554 2071 3622 hujus
2095 3565 2268 3611 mate-

676 3637 770 3691 rite
799 3644 1016 3692 vectura
1064 3652 1225 3708 opem
1273 3637 1471 3706 ferret;
1521 3644 1839 3710 promittens
1884 3645 2006 3700 duci
2053 3646 2266 3717 dignum

674 3727 881 3780 :renium
912 3725 1098 3797 (lbid.,
1130 3745 1211 3797 ep.
1243 3728 1355 3797 21).
1386 3728 1529 3785 Idem
1557 3739 1638 3786 est
1658 3746 2031 3801 argumentum
2062 3738 2268 3807 episto-

673 3814 846 3868 larutn
884 3830 1018 3884 quas
1063 3817 1131 3872 ad
1178 3817 1494 3888 Gregorium
1535 3824 1915 3891 cxprmfectum
1960 3836 2017 3882 et
2044 3828 2110 3882 ad
2136 3827 2264 3884 Ste-

674 3906 910 3973 phanum
960 3909 1274 3979 episcopum
1324 3912 1541 3983 scripsit
1569 3912 1772 3983 (Ibid.,
1804 3932 1923 3986 epp.
1956 3915 2026 3971 22
2055 3926 2104 3973 et
2130 3917 2260 3989 25).

675 3994 899 4053 Biennio
950 4008 1073 4068 post
1119 4001 1282 4070 paulo
1330 4010 1457 4058 ante
1505 4013 1732 4059 mortem
1775 4009 2069 4076 assignavit
2096 4010 2263 4066 multa

674 4090 873 4157 prmdia
902 4089 1135 4146 basilica:
1156 4090 1213 4146 S.
1242 4090 1391 4147 Pauli
1418 4109 1518 4163 pro
1550 4094 1574 4133 ι)
1599 4096 1970 4166 luminaribus,
1996 4110 2066 4155 ne
2093 4102 2264 4157 minus

672 4176 781 4229 illic
802 4176 990 4230 habere
1017 4178 1299 4233 luminaria
1321 4198 1496 4252 prwco
1538 4184 1662 4254 ﬁdei
1699 4198 1992 4242 cerneretur
2011 4230 2027 4255 ,
2069 4192 2157 4261 qui
2183 4202 2262 4247 to-

675 4277 780 4318 tum
801 4269 1046 4321 mundum
1069 4270 1261 4325 lumine
1278 4289 1388 4327 sua:
1411 4276 1800 4344 praedicationis
1823 4279 2070 4350 implevit,
2098 4298 2261 4352 quam

675 4357 732 4411 8.
775 4357 984 4415 Petrus.
1039 4361 1114 4416 De
1162 4364 1374 4421 olivetis
1403 4375 1457 4420 et
1484 4368 1603 4422 aliis
1649 4369 1825 4425 fundis
1850 4388 1880 4425 a
1909 4372 1967 4427 8.
1998 4371 2261 4442 Gregorio

673 4453 946 4509 concessis
991 4454 1057 4509 ad
1103 4456 1334 4512 basilica:
1379 4458 1438 4513 8.
1473 4458 1617 4514 Petri
1662 4461 1862 4518 lumina
1891 4466 2177 4520 nutrienda
2206 4476 2261 4523 et

2383 531 2500 577 tore
2527 536 2693 593 gesta:
2731 538 2875 583 sunt.
2925 530 3038 586 Nec
3089 534 3297 591 felicius
3326 537 3381 591 in
3411 537 3631 597 Oriente
3656 560 3904 622 cesserunt;

2381 616 2533 683 quasi
2580 614 2691 685 jam
2742 621 2922 675 omnia
2972 636 3257 693 vergercnt
3304 630 3374 683 ad
3430 630 3663 690 Mauricii
3713 640 3772 694 de
3808 614 3904 703 soliti

2382 704 2739 772 dejectionem
2767 718 2823 762 et
2851 713 3073 768 cmdem.
3111 714 3449 785 Langobardi
3487 738 3609 779 cum
3651 726 3919 791 Sclavorum.

2381 798 2594 853 auxiliis
2622 800 2690 856 ab
2719 801 2954 858 Avarum
2985 822 3111 876 rege
3159 810 3334 866 missis
3365 812 3681 872 Cremonam
3726 824 3902 890 primum

2382 888 2663 946 obsidione
2704 893 2990 950 cinxerunt
3030 906 3085 951 et
3127 911 3483 969 occuparunt.
3517 920 3670 974 quam
3698 888 3903 980 tigilullus

2380 983 2583 1050 aequari
2602 982 2719 1037 solo
2735 985 2913 1053 jussit.
2936 987 3138 1045 Deinde
3159 991 3434 1049 Mantuam
3457 1004 3758 1069 expugnavit
3776 1006 3901 1069 idibus

2381 1072 2732 1143 Septembris,
2766 1094 2885 1148 qua:
2910 1081 2998 1135 vix
3027 1082 3437 1161 clementiorem
3468 1090 3714 1147 victorem
3747 1108 3816 1152 est
3836 1116 3902 1157 ex-

2381 1174 2554 1234 perta.
2588 1165 2954 1225 Romanorum
2994 1173 3299 1241 prmidium
3330 1177 3617 1235 Brixellum
3645 1184 3844 1245 incendit
3864 1206 3902 1249 et

2380 1256 2635 1312 deseruit.
2671 1259 2967 1318 Hostilibus
2995 1267 3158 1321 armis
3187 1272 3555 1337 prementibus
3581 1280 3815 1335 exarcltus
3839 1300 3901 1352 pa-

2380 1364 2499 1405 cem
2547 1351 2885 1422 impetravit,
2933 1370 2998 1411 ea
3036 1357 3153 1428 lege
3200 1369 3258 1415 ut
3302 1362 3551 1419 redderet
3595 1351 3900 1431 Godiscalcum

2381 1441 2573 1499 ducem
2604 1446 2829 1515 ejusque
2872 1465 3096 1506 uxorem
3151 1451 3315 1507 tiliam
3348 1455 3590 1523 Agilulli,
3623 1461 3903 1537 ipsorumque

2381 1533 2579 1590 liberos
2611 1537 2664 1591 in
2692 1541 3095 1609 expugnatione
3125 1542 3334 1598 Parma:
3363 1556 3570 1618 captos.
3609 1550 3823 1618 Quamvis
3842 1533 3903 1614 tot

2381 1624 2535 1679 annis
2569 1626 2711 1680 inter
2755 1630 2973 1685 hostiles
3018 1630 3226 1699 gladios
3264 1635 3451 1688 vivere
3498 1643 3823 1698 consuevisset
3857 1647 3899 1701 S.

2381 1718 2690 1789 Gregorius,
2722 1723 2789 1777 de
2818 1724 2923 1779 hoc
2948 1734 3125 1780 tamen
3156 1725 3303 1781 bello
3334 1730 3494 1800 297
3526 1733 3829 1791 vehementer
3850 1740 3902 1793 in-

2310 1810 2355 1868 B
2381 1812 2601 1878 gemuit,
2632 1823 2690 1868 et
2719 1829 2842 1869 cum
2872 1816 3058 1871 amicis
3098 1819 3483 1888 expostulavit,
3516 1838 3780 1895 eorumque
3813 1846 3900 1897 pre-

2381 1916 2502 1954 cum
2534 1918 2693 1970 opem
2725 1904 2826 1959 sibi
2871 1906 3060 1961 adesse
3088 1910 3300 1978 rogavit
3345 1912 3564 1981 supplex
3586 1955 3602 1981 ,
3644 1920 3840 1973 maxime
3859 1921 3896 1975 S.

2380 1989 2589 2081 Eulogii
2618 1993 2759 2062 (Lib.
2790 2012 2884 2061 xu,
2916 2013 2999 2068 ep.
3032 1996 3144 2070 50).
3166 1997 3276 2071 (Cf.
3303 1999 3457 2056 Paul.
3480 2002 3619 2059 Diac.
3641 2007 3673 2061 ι.
3700 2024 3763 2077 tv,
3786 2028 3897 2081 capp.

2378 2079 2449 2136 29
2476 2093 2526 2137 et
2552 2082 2668 2156 21.)

2450 2176 2505 2232 5.
2563 2177 2620 2234 In
2670 2181 2897 2250 epistola
2947 2184 3073 2240 huic
3129 2185 3391 2258 inscripta
3445 2193 3769 2261 patriarcbze,
3813 2212 3898 2265 qua:

2379 2271 2619 2325 omnium
2656 2272 2760 2329 hoc
2789 2290 2933 2331 anno
2982 2278 3310 2349 scriptarum
3362 2290 3447 2337 est
3491 2284 3683 2347 ultima.
3711 2292 3897 2344 mem‘nit

2380 2376 2515 2430 papa
2547 2361 3044 2436 Monophysitarum
3092 2385 3187 2425 seu
3239 2371 3613 2430 litereticorum
3643 2378 3823 2434 unicam
3861 2384 3895 2436 in

2378 2452 2594 2509 Christo
2642 2468 2889 2512 naturam
2944 2460 3357 2529 confitentium,
3400 2466 3492 2534 qui
3540 2484 3755 2524 errorem
3794 2473 3895 2527 hunc

2378 2558 2551 2612 nuper
2570 2545 2865 2614 ejurarant.
2894 2548 2960 2604 Hi
2990 2567 3112 2606 cum
3141 2554 3193 2607 in
3224 2554 3470 2611 Siciliam
3505 2558 3770 2628 venissent,
3796 2562 3894 2617 fama

2376 2638 2698 2693 sanctissimi
2748 2638 2987 2699 doctoris
3036 2644 3280 2715 invitati,
3318 2646 3545 2703 Romam
3585 2664 3895 2719 perrexerant,

2380 2726 2469 2781 ubi
2521 2728 2573 2781 in
2618 2726 2723 2783 ﬂde
2749 2730 3052 2788 conﬁrmati
3080 2775 3094 2798 ,
3144 2736 3357 2793 litteras
3399 2754 3430 2794 a
3472 2756 3671 2799 summo
3697 2742 3895 2813 pontiﬁce

2377 2817 2762 2874 testimoniales
2782 2822 3071 2889 petierunt.
3097 2823 3202 2881 Eos
3225 2831 3577 2885 commendat
3597 2834 3897 2889 sanctissimus

2376 2917 2530 2977 pater
2555 2910 2729 2967 amico
2780 2911 3025 2984 Eulogio,
3057 2917 3301 2988 ipsisque
3330 2924 3537 2978 restitui
3581 2928 3893 2981 monasterium

2375 3001 2443 3055 ab
2473 3001 2736 3060 Ιιιητοῐὶοἱδ
2775 3017 3097 3078 occupatum
3148 3013 3320 3079 petit,
3369 3016 3469 3070 nisi
3517 3017 3645 3072 forte
3669 3019 3893 3073 maluerint

2377 3091 2543 3161 ipsius
2590 3095 2867 3154 invasores
2914 3101 2978 3155 ad
3030 3100 3287 3160 Ecclesia:
3331 3109 3506 3164 redire
3533 3110 3708 3165 sinum.
3738 3110 3889 3166 Eodem

2374 3189 2617 3252 tempore
2667 3186 2953 3253 Firminus,
3002 3191 3336 3262 Tergestina:
3366 3199 3510 3255 urbis
3536 3202 3819 3272 episcopus,
3854 3203 3890 3256 in

2372 3272 2546 3337 lstria,
2580 3276 2729 3345 prius
2771 3278 2823 3333 in
2870 3281 3161 3339 schismate
3190 3287 3262 3341 ob
3293 3288 3393 3343 tria
3437 3289 3675 3347 damnata
3709 3292 3888 3362 capitula

2369 3365 2604 3420 conﬂato
2622 3370 2890 3437 pertinax,
2914 3388 3179 3429 venenum
3206 3380 3468 3445 evomuit,
3495 3390 3548 3435 et
3569 3381 3748 3436 relictis
3764 3382 3889 3436 schis-

2370 3458 2684 3513 maticorum
2707 3462 2966 3529 partibus,
2985 3465 3052 3519 ad
3079 3468 3341 3523 unitatem
3355 3469 3601 3526 Ecclesia:
3627 3488 3682 3527 se
3695 3473 3887 3527 contulit.

2371 3545 2446 3602 De
2476 3549 2642 3617 ipsius
2668 3551 2845 3606 reditu
2877 3552 3167 3623 Gregorius
3196 3556 3373 3628 ltetus,
3403 3561 3775 3628 gratulatoriam
3795 3562 3889 3615 scri-

2368 3640 2599 3697 bendam
2628 3644 2910 3714 epistolam
2939 3651 3167 3715 censuit,
3193 3650 3246 3704 in
3278 3666 3384 3721 qua
3416 3662 3704 3709 revocatum
3728 3662 3774 3707 et
3795 3653 3886 3707 resi-

2370 3733 2663 3802 piscentem
2720 3736 2970 3792 hortatur
3019 3750 3078 3795 ut
3133 3740 3349 3798 Satana:
3398 3743 3585 3813 jaculis
3634 3744 3887 3799 constantia

2368 3831 2579 3877 scutum
2628 3837 2888 3895 opponat,
2916 3829 3103 3885 aliisve
3141 3847 3330 3887 secum
3377 3834 3680 3890 revocandis
3706 3833 3885 3888 insudet.

2369 3912 2594 3983 Insuper
2644 3917 2768 3970 vita:
2815 3918 3051 3974 subsidia
3104 3922 3440 3992 pollicetur:
3484 3924 3676 3995 Nobis,
3724 3924 3884 3993 inquit.

2366 4007 2577 4060 omnino
2599 4024 2737 4062 curre
2763 4012 2865 4063 erit
2882 4011 2946 4065 de
2965 4014 3314 4083 fraternitatis
3338 4026 3441 4073 tute
3457 4020 3633 4083 quiete,
3654 4029 3705 4071 ut
3723 4018 3885 4088 dignum

2366 4105 2462 4161 est,
2486 4099 2742 4167 cogitare;
2774 4102 2893 4171 quia
2922 4112 3192 4176 postquam
3221 4108 3507 4171 nobiscum,
3532 4112 3641 4181 jam
3679 4108 3770 4164 Deo
3793 4126 3883 4179 pro-

2365 4198 2583 4259 tegente,
2605 4209 2737 4247 unus
2756 4212 2832 4261 es,
2853 4213 2957 4251 non
2979 4199 3130 4253 aliter
3148 4201 3401 4258 utilitates
3424 4212 3553 4268 tuas,
3571 4220 3709 4275 quam
3726 4210 3885 4257 nostra:

2366 4283 2678 4348 attendimus
2708 4284 2845 4357 (Lib.
2880 4304 2975 4356 xu,
3005 4307 3086 4360 ep.
3118 4289 3234 4360 55).

2437 4370 2623 4428 Exstat
2646 4379 2929 4446 promissio
2969 4381 3244 4451 cujusdam
3295 4386 3530 4457 episcopi
3571 4386 3633 4441 ad
3677 4385 3879 4440 unitatem

2365 4462 2614 4523 Ecclesia:
2644 4474 2983 4541 revertentis,
3010 4490 3170 4545 quam
3200 4492 3230 4532 a
3252 4477 3491 4534 Firmino
3509 4478 3673 4534 datam
3697 4492 3786 4532 non
3806 4476 3878 4529 int-

673 4543 914 4609 augenda
939 4584 955 4609 ,
1004 4545 1228 4613 legenda
1267 4548 1447 4603 tabula
1495 4550 1802 4607 donationis
1843 4568 2005 4621 quam
2030 4555 2166 4611 Vita:
2197 4556 2254 4612 S.
2287 4574 2339 4633 ι)
2365 4561 2558 4614 merito
2607 4572 2797 4628 putant
2838 4543 3039 4622 eruditi
3062 4568 3082 4641 (
3104 4570 3243 4625 Olim
3286 4571 3378 4629 lib.
3413 4588 3465 4638 x,
3496 4588 3571 4638 ep.
3602 4570 3683 4637 51,
3708 4584 3818 4623 nunc
3840 4566 3879 4617 in

673 4633 918 4703 Gregorii
947 4637 1335 4706 subj'cicndam
1367 4641 1637 4698 duximus.
1670 4642 1893 4713 Legitur
1919 4648 2046 4703 alibi
2069 4648 2259 4707 fecisse

672 4727 744 4781 ad
773 4732 976 4783 beatum
1012 4729 1224 4785 Petrum
1272 4733 1561 4803 apostolum
1607 4752 1760 4807 super
1805 4740 1971 4793 altare
2007 4739 2257 4796 cibarium

669 4833 786 4871 cum
815 4818 1068 4875 columnis
1114 4830 1334 4891 quatuor
1359 4840 1425 4877 ea:
1453 4836 1667 4896 argento
1703 4844 1853 4897 puro.
1910 4829 1988 4885 De
2033 4830 2257 4902 fastigiis

670 4923 736 4961 ex
761 4920 985 4977 argento
1007 4913 1292 4980 purissimo
1318 4915 1588 4971 fabricatis
1618 4918 1669 4971 in
1696 4918 1928 4977 basilicis
1947 4931 2253 4979 sanctorum

668 4999 1036 5065 apostolorum
1063 5002 1205 5057 Petri
1232 5012 1289 5058 et
1314 5002 1465 5060 Pauli
1503 5006 1759 5076 legendus
1798 5009 2035 5069 Joannes
2062 5013 2253 5070 Diaco-

668 5102 771 5141 nus
799 5085 940 5158 (Lib.
971 5105 1046 5157 tv,
1075 5107 1123 5147 ε.
1156 5092 1269 5163 68).

737 5178 791 5232 2.
834 5180 915 5236 Ex
945 5184 1174 5254 epistola
1209 5187 1275 5240 ad
1298 5187 1531 5259 Arogem
1561 5193 1756 5263 scripta
1788 5195 1947 5251 datur
1974 5199 2252 5268 conjcicn-

667 5268 793 5323 dum
826 5286 1014 5341 pacem
1040 5284 1135 5330 aut
1163 5276 1405 5333 inducias
1434 5289 1562 5337 tunc
1605 5282 1769 5341 fuisse
1810 5286 2085 5345 Romanos
2114 5291 2254 5347 inter

664 5367 722 5413 et
767 5358 1169 5431 Langobardos.
1215 5368 1465 5426 Attamen
1497 5373 1600 5429 hoc
1639 5390 1782 5432 anno
1822 5393 2008 5434 rursus
2050 5380 2252 5438 bellum

736 5509 762 5537 ⁸
782 5504 954 5582 ⁸Α]ψά
986 5504 1209 5582 Paulum
1231 5580 1238 5582 Α
1261 5510 1405 5568 Diae.
1454 5512 1546 5568 lib.
1577 5530 1647 5581 IV,
1678 5532 1729 5572 c.
1761 5516 1848 5582 19,
1881 5526 1937 5574 et
1961 5520 2086 5574 alibi
2117 5523 2252 5579 dici-

665 5572 1285 5662 tur‘A'r‘igisnautArecltis.
1302 5581 1483 5662 Argis
1502 5572 1766 5662 signiﬁcat
1794 5572 2250 5662 abnoréjbriéai.

671 5641 762 5725 Lb
804 5641 880 5696 De
923 5643 1172 5725 Ecclesia:
1212 5641 1579 5725 lurttinaribus
1619 5641 2251 5725 legendusvdthanasius

669 5722 724 5760 in
747 5724 833 5789 ep.
862 5716 1133 5791 eticvclica
1160 5718 1227 5773 ad
1248 5722 1529 5791 cpiscOpos
1556 5716 1751 5792 tomfl,
1776 5745 1829 5798 p.
1863 5730 1982 5794 1M,
2014 5716 2247 5801 numad,

673 5775 762 5835 ubt
789 5773 1099 5844 describens
1125 5788 1420 5859 ingressum
1460 5792 1705 5863 Gregorii
1735 5800 2106 5857 Atexandriua:
2147 5803 2247 5862 Ec-

1735 5826 1935 5853 ιιιυιίιω
1942 5826 2106 5853 unua:
2147 5826 2249 5853 nt:-

2361 4655 2689 4726 appendice).
2740 4658 2869 4714 Sine
2915 4660 3297 4720 observatione
3343 4664 3597 4735 prmteriri
3641 4676 3735 4717 non
3757 4658 3879 4714 debet

2361 4744 2672 4814 episcopum
2691 4746 2835 4804 hunc
2849 4751 3080 4808 scbisma
3098 4752 3440 4813 deserentem
3461 4754 3665 4811 omnino
3679 4753 3811 4808 silere
3826 4750 3876 4801 de

2358 4834 2589 4890 concilio
2612 4852 2668 4898 ν,
2699 4846 2755 4893 et
2781 4839 2848 4893 de
2877 4841 3038 4896 trium
3077 4845 3436 4915 capitulorum
3465 4838 3875 4901 condemnatione,

2355 4924 2448 4978 sed
2478 4926 2744 4993 spondere
2766 4937 2968 4985 tantum
2996 4940 3053 4988 et
3075 4934 3259 5003 jurare
3286 4952 3346 4991 se
3372 4950 3537 5006 prona
3565 4941 3616 4989 ει
3636 4936 3873 5001 suam“

2357 5016 2638 5072 voluntate
2665 5018 2733 5073 ad
2773 5021 3032 5078 unitatem
3078 5027 3220 5083 sedis
3258 5026 3565 5098 apostolica:
3590 5022 3871 5080 redeuntem.

2357 5106 2425 5159 ad
2455 5108 2690 5164 schisma
2740 5127 3032 5182 numquam
3077 5130 3441 5184 reversurum,
3489 5117 3577 5174 sed
3615 5129 3795 5185 semper
3832 5110 3871 5163 in

2357 5199 2563 5256 unitate
2605 5212 2806 5259 sancta:
2848 5204 3102 5263 Ecclesia:
3143 5208 3436 5267 Catholica:
3470 5220 3525 5267 et
3559 5205 3873 5266 communione

2357 5287 2587 5346 Romani
2639 5294 2909 5363 pontiﬁcis
2955 5312 3385 5368 permansurum.
3434 5299 3579 5368 Quod
3613 5299 3727 5354 sane
3747 5306 3871 5360 argu-

2356 5388 2540 5437 mento
2582 5393 2685 5449 est,
2715 5394 2774 5440 ut
2795 5386 2907 5457 jam
2953 5403 3062 5445 non
3098 5393 3266 5448 semel
3298 5408 3330 5449 a
3372 5393 3525 5449 nobis
3550 5392 3745 5453 dictum,
3770 5380 3870 5441 illud

2357 5527 2534 5583 clesire
2554 5526 2817 5613 invasuris
2844 5548 2965 5613 cum
2997 5535 3210 5613 militari
3234 5537 3664 5613 manu,_ait_tun_c
3687 5529 3868 5613 θῆαι)ιὲ-

2356 5606 2467 5651 tum
2515 5614 2544 5652 a
2587 5600 2845 5656 militibus
2891 5604 3068 5658 oleum
3118 5607 3184 5660 ad
3228 5600 3481 5664 Ecclesia:
3519 5602 3765 5661 luminaria
3805 5612 3867 5652 re-

2355 5670 2625 5750 positum;
2676 5672 2921 5742 adeoque
2957 5674 3237 5750 insaniisse
3283 5680 3386 5750 qui
3420 5675 3869 5750 pseudoepiéCOllEm

2354 5740 2781 5810 comitabantur,
2804 5740 3263 5818 __ut_candelabra
3303 5740 3393 5802 'ad
3425 5740 3689 5818 'parietciu
3729 5740 3875 5818 statim

2352 5820 2698 5879 reponerent,
2726 5820 2781 5867 ct
2802 5811 3053 5874 Ecclesia:
3080 5832 3269 5881 cereos
3312 5811 3468 5875 idolis
3491 5815 3819 5873 accenderent.
