3976 6306
25 342 132 395 4ἶό

513 345 572 400 S.
612 345 1195 402 GREGllRll-MAGNI
1235 344 1420 414 VITA,
1462 346 1552 399 EX
1597 344 1757 401 EJUS
1796 347 2104 404 SCRIPTIS
2146 347 2537 404 ADORNATA.
2583 350 2709 403 ΗΒ.
2756 350 2843 404 ιν.

3217 348 3319 403 Mli

24 460 344 513 Istricorum
382 460 617 514 scbismn
656 475 763 514 non
815 460 868 515 in
914 475 982 515 eo
1026 461 1261 529 positum
1311 473 1451 521 esse,
1483 457 1623 524 quod
1659 464 1699 514 A
1732 460 1869 527 ferre
1895 460 2183 527 tentaverit,
2224 476 2480 531 quousque
2507 476 2657 514 omne
2703 460 2839 531 quod
2867 459 3205 530 dilapidavit.
3245 463 3325 515 vel

25 551 123 602 tria
176 550 421 618 capitula
470 566 578 604 non
627 550 1032 617 damnarentur,
1063 551 1161 607 sed
1210 548 1352 618 quod
1394 564 1457 602 ea
1495 564 1627 603 con-

23 642 352 695 demnantes
400 657 431 695 a
476 642 860 697 communione
912 641 1321 710 repellerentur,
1370 632 1629 707 fieretque

23 732 101 786 sic
122 732 199 784 ab
228 729 479 787 Ecclesia
507 732 773 787 catholica
801 732 1059 786 secessio.

92 819 151 873 4.
197 819 359 886 Quod
409 820 652 876 Firmino
700 820 1085 889 prtenuntiarat
1114 820 1194 872 vir
1222 817 1627 881 sanctissimus,

27 914 143 981 ejus
165 912 428 968 videlicet
448 913 810 967 constantiam
842 911 1138 966 terroribus
1165 918 1221 965 et
1248 906 1631 963 blandimentis

29 1012 296 1057 tentatam
324 1004 390 1059 iri
422 1004 491 1057 ab
517 1005 701 1068 hoste,
729 1013 787 1057 ut
812 1012 959 1057 retro
986 1001 1162 1058 redire
1191 1000 1625 1071 compelleretur,

28 1094 188 1162 paulo
219 1102 347 1164 post
374 1095 597 1149 accidit.
641 1093 772 1148 Nam
817 1092 1072 1158 Severus,
1104 1091 1393 1147 Gradensis
1420 1090 1629 1159 episeo-

28 1205 144 1258 pus,
179 1188 381 1256 ejurati
412 1204 443 1242 a
471 1187 712 1243 Firmino
754 1187 1061 1243 icltismatis
1088 1193 1270 1255 caput,
1302 1183 1480 1238 audita
1509 1182 1630 1251 ejus

28 1280 364 1343 revenione,
386 1296 502 1333 eum
523 1280 736 1332 diversis
760 1279 1091 1349 pra'miorum
1108 1276 1434 1331 suasionibus
1456 1274 1626 1343 coepit,

27 1389 65 1425 si
84 1382 288 1443 posset,
307 1389 341 1424 ο
362 1372 498 1426 bona
524 1388 761 1425 revocare
786 1372 1073 1441 proposito.
1104 1366 1274 1433 Quod,
1318 1368 1440 1420 dum
1470 1366 1631 1436 perﬁ-

28 1479 136 1515 cere
188 1461 304 1516 Deo
353 1472 564 1515 auctore
619 1461 830 1514 minime
874 1460 1147 1523 valuisset,
1205 1458 1506 1512 seditionem
1552 1456 1629 1509 illi

29 1567 241 1603 suorum
272 1551 464 1605 citium
495 1551 725 1604 excitare
749 1567 853 1604 non
895 1551 1060 1603 timuit
1091 1548 1232 1621 (Lib.
1260 1565 1372 1615 xm,
1402 1566 1483 1618 ep.
1511 1548 1625 1617 '55).

34 1639 367 1695 Periclitanti
395 1641 654 1710 episcopo
682 1656 899 1694 manum
929 1641 1205 1711 porrigere
1248 1649 1304 1695 et
1340 1639 1629 1694 subvenire

32 1731 316 1785 constituit
344 1730 656 1799 Gregorius.
711 1732 1056 1801 Quapropter
1083 1730 1436 1800 Srnaragdum
1464 1744 1623 1784 exar-

1732 553 1796 599 tte
1822 546 2113 601 substantia
2160 550 2275 602 tulit
2304 548 2555 604 Ecclesia
2582 552 2839 611 restituat,
2872 550 2927 603 in
2956 553 3324 605 monasterium

1731 640 2008 692 mittendus
2052 649 2161 704 est,
2201 650 2257 693 ut
2300 642 2484 694 saltem
2526 652 2733 695 coactus
2773 640 2957 693 reddat
3006 641 3143 710 quod
3188 642 3325 695 male

1730 732 1938 799 auferre
1956 748 2059 785 non
2091 732 2276 796 timuit,
2310 720 2483 802 inquit
2509 732 2566 787 S.
2601 732 2915 801 GregOrius.
2948 730 3047 797 Qui
3076 736 3120 788 si
3167 736 3321 805 forte,

1730 825 1867 893 quod
1897 841 2000 878 non
2042 826 2326 893 crrdimus,
2373 836 2488 892 post
2534 826 2904 896 depositionem
2943 844 3092 881 suam
3121 828 3325 880 invere-

1730 917 1897 969 cunde
1942 932 2004 968 ac
2046 928 2215 970 mente
2242 934 2479 987 perversa
2511 919 2708 989 aliquid
2756 919 2819 973 de
2856 921 3153 990 episcopatu
3184 920 3323 991 loqui

1730 1016 1882 1079 atque
1927 1022 2106 1060 rursus
2150 1006 2341 1060 adhoc
2388 1008 2613 1078 qualibet
2639 1010 2875 1078 aspirare
2921 1013 3324 1080 prtvsumptione

1732 1098 2020 1161 tentaverit,
2049 1098 2400 1167 fraternitatis
2440 1108 2620 1151 vestrm
2657 1116 2711 1152 se
2738 1110 2919 1154 contra
2941 1102 3321 1168 improbitatem

1729 1188 1891 1257 ipsius
1920 1187 2132 1241 omnino
2156 1188 2299 1257 vigor
2324 1188 2594 1248 accendat,
2616 1197 2768 1258 atque
2797 1188 3059 1242 Dominici
3088 1191 3320 1259 corporis

1731 1296 1793 1332 ac
1832 1280 2102 1350 sanguinis
2141 1280 2497 1333 communione
2537 1280 2828 1348 privatum,
2856 1281 2908 1332 in
2953 1284 3321 1335 monasterium

1728 1386 1843 1424 eum
1871 1387 2029 1440 usque
2057 1371 2127 1423 ad
2154 1372 2287 1425 diem
2316 1370 2483 1425 obitus
2510 1374 2589 1425 sui
2633 1373 2704 1425 ad
2732 1372 2986 1442 agendam
3039 1383 3182 1425 curet
3210 1390 3320 1442 pec-

1730 1460 1999 1513 nitentium
2058 1460 2421 1514 retrudendum
2446 1476 2465 1514 :
2495 1472 2745 1532 quatenus
2791 1465 3070 1533 perpetrati
3114 1462 3322 1518 sceleris

1730 1550 1961 1603 maculas
2004 1550 2174 1621 dignis
2203 1550 2368 1605 discat
2398 1551 2598 1620 fletibus
2624 1552 2941 1618 emundare,
2987 1570 3115 1624 quas
3158 1555 3320 1625 magis

1730 1642 1786 1693 in
1816 1642 2030 1695 interitu
2060 1642 2250 1696 anima:
2290 1659 2399 1696 sua:
2440 1643 2669 1714 nequiter
2697 1659 2884 1714 augere
2926 1643 3209 1697 desiderat.
3246 1644 3320 1698 De

1730 1730 1981 1786 Nemesio
2006 1747 2133 1787 vero
2159 1734 2396 1788 decrevit
2421 1742 2479 1787 ut
2506 1734 2553 1788 ei
2585 1733 2735 1789 locus
2766 1733 2881 1804 ejus
2903 1743 2957 1789 et
2978 1734 3319 1807 episcopatus

31 1822 186 1875 cltum
238 1823 474 1892 rogavit,
508 1832 565 1877 ut
591 1823 735 1877 nulla
786 1839 935 1879 mora
982 1824 1277 1878 Firminum
1317 1823 1625 1892 episcopum
1660 1832 1705 1892 Β
1734 1823 2134 1878 restitueretur.

32 1918 89 1967 ab
116 1916 289 1971 illatis
329 1916 594 1972 molestiis
639 1916 801 1971 tutari
846 1916 1105 1982 studeret,
1136 1930 1201 1969 ac
1237 1916 1454 1983 quietem
1482 1914 1622 1968 illius

34 2010 204 2061 multis
226 2009 298 2061 ad
323 2009 633 2062 imitandum
649 2010 975 2078 profuturam
996 2008 1163 2061 modis
1186 2004 1420 2061 omnibus
1440 2021 1624 2074 procu-

31 2108 165 2151 raret
187 2114 207 2151 :
241 2097 641 2164 Excellentiam,
676 2098 870 2167 inquit,
896 2108 1117 2151 vestram
1145 2106 1358 2168 paterno
1388 2096 1624 2148 salutan-

32 2199 98 2241 tes
140 2188 342 2257 aﬁ'ectu
364 2229 380 2255 ,
413 2192 634 2258 petimus
684 2199 739 2257 ut
784 2190 879 2242 zeli
908 2190 1059 2243 vestri
1088 2190 1141 2243 in
1174 2190 1272 2241 hac
1312 2203 1471 2240 causa
1500 2187 1622 2240 olim

30 2280 259 2342 exhibiti,
289 2296 428 2332 nunc
458 2280 801 2333 vehementius
830 2282 999 2348 fervor
1028 2278 1337 2341 incandeat;
1382 2285 1623 2345 tantoque

30 2389 108 2424 ros
135 2382 323 2423 contra
346 2371 519 2424 hostes
543 2370 644 2425 Dei
673 2370 897 2424 vindices
924 2369 1318 2439 defensoresque
1340 2367 1619 2437 reperiant,

30 2471 216 2530 quanto
243 2462 386 2530 apud
412 2460 574 2515 Deum
598 2460 877 2531 pretiosior
894 2468 971 2513 est
994 2462 1185 2513 animae
1207 2474 1358 2528 quant
1390 2456 1621 2528 defensio

31 2554 278 2621 corporis.
310 2554 489 2605 Armet
536 2569 622 2606 vos
645 2563 827 2606 contra
876 2550 1048 2604 devios
1089 2550 1203 2619 ipsa
1228 2564 1343 2620 qua:
1384 2547 1440 2601 in
1479 2546 1621 2600 vobis

31 2646 143 2713 ﬁdei
178 2645 316 2715 viget
362 2644 615 2698 rectitude
637 2683 652 2708 ,
695 2644 1074 2711 redintegratur
1099 2642 1277 2694 vestris
1308 2640 1621 2708 temporibus

31 2736 156 2803 quod
202 2737 256 2787 in
296 2735 405 2787 illis
451 2744 528 2788 est
575 2733 808 2804 partibus
853 2733 1070 2787 scissum
1119 2746 1304 2799 corpus
1348 2728 1616 2783 Ecclesiw.

34 2824 243 2877 Habetis
273 2825 328 2877 in
357 2824 453 2875 hac
480 2840 637 2876 causa
676 2820 1033 2876 retributorem
1074 2821 1226 2873 vestri
1254 2820 1447 2889 aperis,
1470 2820 1619 2872 recti-

36 2918 215 2969 tudinis
244 2933 307 2967 ac
331 2915 646 2985 integritatis
676 2925 959 2967 auctorem.

98 3006 146 3058 5.
190 3006 328 3061 Cum
355 3022 463 3059 non
509 3006 686 3059 minus
721 3013 932 3074 pateret
960 3004 1288 3060 sanctissimi
1317 3001 1475 3071 Papa}
1506 3002 1617 3057 sol-

36 3095 268 3161 licitudo,
303 3110 467 3164 quant
497 3104 791 3150 auctoritas
837 3104 893 3150 et
933 3103 1197 3165 potestas,
1226 3092 1618 3163 providendum

1800 1916 1852 1968 6.
1896 1914 2101 1970 Eodem
2132 1924 2379 1978 tempore
2416 1915 2679 1985 Gregorio
2719 1915 3063 1983 cogitandum
3112 1917 3211 1971 fuit
3249 1916 3320 1972 de

1726 2006 1885 2061 rebus
1915 2007 2177 2061 Africanae
2207 2006 2482 2072 Ecclesiae,
2510 2008 2599 2062 ubi
2629 2023 2696 2062 ex
2726 2009 2997 2079 episc0pis
3023 2019 3076 2064 et
3101 2024 3167 2065 ex
3199 2010 3319 2065 aliis

1726 2096 2106 2153 ecclesiasticis
2145 2099 2275 2153 viris
2317 2099 2555 2171 nonnulli
2602 2098 2667 2153 ad
2697 2098 2935 2155 officium
2982 2114 3135 2156 erant
3165 2118 3320 2157 revo-

1724 2186 1904 2241 candi.
1946 2186 2125 2241 Multae
2166 2188 2458 2256 prtesertim
2501 2197 2655 2242 erant
2700 2190 2936 2257 querela:
2980 2190 3047 2245 de
3093 2191 3317 2244 Paulino

1726 2275 1972 2345 Tegessis
1999 2277 2231 2330 civitatis
2261 2278 2312 2330 in
2343 2276 2588 2331 Numidia
2627 2278 2883 2348 episcopo
2905 2320 2921 2345 ,
2958 2296 3109 2350 quem
3149 2279 3317 2334 clerus

1721 2378 1772 2423 et
1795 2370 1882 2439 qui
1908 2370 2065 2422 etiam
2110 2370 2164 2421 in
2210 2385 2358 2422 sacro
2397 2368 2579 2422 ordine
2625 2380 2774 2421 erant
2823 2372 3121 2435 constituti,
3163 2371 3217 2423 in
3262 2388 3319 2426 se

1723 2458 2064 2528 corporaliter
2089 2458 2368 2511 excessisse
2404 2457 2738 2527 perhibebant
2769 2457 2921 2523 (Lib.
2956 2476 3045 2524 xu,
3070 2478 3149 2531 ep.
3183 2460 3252 2513 9.8
3273 2461 3313 2529 ).

1723 2547 1952 2603 Causam
1979 2548 2118 2603 hanc
2150 2549 2291 2603 inter
2315 2549 2627 2619 episcopum
2667 2550 2892 2619 ejusque
2920 2552 3143 2608 clericos
3166 2554 3310 2622 judi-

1723 2637 1951 2693 candam
1998 2637 2057 2692 S.
2089 2636 2381 2706 Gregorius
2425 2637 2617 2692 detulit
2645 2640 2712 2694 ad
2740 2639 3016 2695 Victorem
3054 2642 3314 2697 Numidiae

1723 2730 2031 2799 primatem,
2060 2738 2115 2783 et
2144 2729 2210 2783 ad
2262 2729 2579 2785 Columbum
2621 2731 2980 2801 episcopum,
3019 2734 3211 2802 quibus
3258 2736 3311 2788 in

1722 2821 1988 2876 mandatis
2035 2820 2201 2888 dedit,
2235 2831 2294 2877 ut
2334 2840 2470 2893 quos
2497 2824 2699 2878 vellent
2745 2839 2776 2879 e
2820 2827 2929 2880 suis
2979 2827 3315 2898 coepiscopis

1721 2906 2055 2967 assumerent
2082 2914 2148 2967 ad
2176 2916 2498 2968 sententiam
2528 2916 2595 2970 de
2634 2930 2729 2970 reo
2756 2916 2843 2969 vel
2890 2917 2957 2971 de
2986 2919 3313 2973 accusatori-

1721 3002 1821 3058 bus
1844 3002 2138 3057 ferendam.
2168 3004 2311 3058 Idem
2337 3004 2592 3060 Paulinus
2617 3006 2898 3061 dicebatur
2917 3008 3314 3064 ecclesiasticos

1722 3092 1939 3147 ordines
1980 3094 2276 3148 simoniace
2320 3094 2483 3162 dare,
2514 3096 2598 3151 vel
2640 3097 2820 3167 potius
2848 3098 3122 3165 vendere,
3166 3099 3311 3167 quod

37 3189 235 3243 censuit
264 3189 371 3243 hoc
396 3202 541 3241 anno
571 3186 823 3241 Ecclesia:
854 3186 1176 3240 Doclratina:
1214 3185 1376 3239 rebus
1402 3193 1617 3253 pertur-
1643 3199 1691 3262 ο
1722 3181 1867 3237 omni
1884 3183 2061 3237 studio
2086 3183 2476 3252 explorandum
2500 3185 2629 3240 dicit
2650 3187 3016 3242 sanctissimus
3041 3186 3312 3256 Pontifex,

38 3282 339 3335 latissimis.
386 3279 603 3344 Paulus,
640 3279 799 3349 hujus
828 3279 975 3333 urbis
1004 3279 1311 3348 episcopus,
1346 3277 1485 3331 inter
1515 3276 1617 3329 atia

38 3374 162 3426 mala
192 3374 245 3426 in
275 3374 561 3441 corporale
586 3373 789 3427 crimen
821 3371 1021 3440 lapsus,
1064 3386 1095 3423 a
1122 3370 1231 3424 suis
1280 3369 1492 3422 clericis
1530 3383 1619 3423 ac-

36 3475 242 3518 cusatus
270 3465 470 3527 fuerat,
499 3472 553 3518 et
595 3463 905 3528 convictus;
953 3464 1029 3515 ita
1058 3472 1112 3514 ut
1139 3462 1251 3532 ipse
1293 3461 1521 3514 libellum
1563 3461 1619 3514 in

36 3573 122 3625 quo
141 3573 200 3609 ea
222 3556 287 3610 de
306 3554 489 3627 quibus
510 3565 779 3609 accusatus
805 3557 973 3625 fuerat
999 3570 1119 3608 vera
1145 3570 1257 3608 esse
1277 3553 1621 3623 conﬁtebatur

39 3648 289 3703 obtulisset
323 3646 467 3718 (Lib.
492 3663 585 3713 xu,
612 3664 694 3717 ep.
725 3647 838 3717 51).
865 3646 978 3713 Qua
1008 3646 1075 3701 de
1104 3661 1162 3700 re
1184 3646 1448 3701 sententia
1478 3644 1622 3714 epis-

38 3742 196 3810 copali
226 3740 513 3810 depositus
541 3749 642 3805 est,
676 3748 732 3794 et
780 3740 833 3794 in
865 3739 1043 3793 locum
1074 3738 1188 3807 ejus
1218 3737 1495 3793 ordinatus
1522 3736 1621 3791 fuit

39 3834 354 3901 Nemesion,
382 3834 757 3888 consentiente
801 3831 1028 3896 Joanne,
1074 3833 1261 3901 prima:
1308 3829 1621 3885 Justiniantn

38 3926 307 3993 rapi-copo,
337 3924 406 3979 ad
437 3940 597 3994 quem
622 3932 893 3991 tamquam
926 3923 1210 3993 primatem
1233 3930 1359 3976 tunc
1384 3921 1622 3990 pertine-

38 4020 116 4070 bat
132 4017 359 4082 Dociea,
374 4032 498 4070 eum
528 4025 702 4070 tamen
721 4013 973 4069 Ecclesiae
1000 4012 1334 4069 Scodritanae
1353 4012 1618 4078 subesset,

36 4112 144 4177 jure
167 4132 195 4161 η
221 4108 591 4178 etropolilico.
625 4108 695 4160 Iit
721 4105 918 4160 Paulus
947 4105 1073 4160 facti
1118 4114 1305 4174 postea
1337 4105 1477 4159 male
1507 4119 1622 4173 pa:-

38 4202 224 4267 nitens,
246 4200 456 4255 auxilio
473 4198 807 4254 suaenlarium
822 4196 1063 4267 judicum
1086 4195 1275 4259 fretus,
1289 4195 1620 4265 episcopium

40 4309 176 4347 nitore
227 4290 502 4362 praedonis
549 4290 851 4359 ingressus,
878 4287 1179 4355 ablatisque
1222 4285 1487 4341 violenter
1516 4284 1622 4339 Ee-

40 4384 203 4455 9|esiae
229 4383 415 4447 rebus,
448 4396 640 4435 recens
677 4378 985 4433 ordinatum
1027 4376 1345 4447 episcopum
1386 4375 1625 4443 ejecerat

40 4490 231 4528 summa
263 4489 395 4531 cum
420 4471 639 4540 injuria,
662 4482 966 4539 magnoque
986 4469 1107 4523 vitae
1135 4466 1396 4537 periculo.
1431 4466 1621 4521 Neme-

42 4566 147 4620 sion
194 4564 427 4619 Romam
476 4563 699 4617 veniens
724 4561 793 4616 de
817 4560 869 4616 vi
916 4560 1020 4615 sibi
1068 4560 1216 4615 illata
1264 4570 1488 4628 questus
1537 4566 1621 4612 est
1652 4580 1700 4640 ι)

45 4659 167 4722 apud
193 4669 469 4711 summum
502 4652 831 4722 pontificem,
866 4650 958 4722 qui
985 4649 1201 4719 scripsit
1236 4656 1350 4703 tum
1381 4649 1446 4703 ad
1475 4646 1622 4702 Con-

44 4747 343 4809 stantinum,
373 4744 754 4800 Scodritanum
795 4744 1144 4829 episcopum,
1176 4755 1335 4810 quem
1367 4749 1393 4777 ι
1422 4748 1625 4794 metro-

46 4839 247 4905 politam
288 4835 456 4891 fuisse
492 4834 625 4889 satis
664 4834 904 4889 indicant
935 4832 991 4886 S.
1023 4831 1270 4900 Gregorii
1292 4830 1477 4896 verba,
1509 4837 1623 4884 tum

48 4930 100 4981 ad
117 4928 402 4996 Joannem,
425 4928 611 4996 prima:
631 4926 943 4982 Justiniana:
965 4924 1270 4994 primatem,
1299 4924 1625 4994 insuperque

46 5030 225 5075 sanctze
250 5019 397 5074 sedis
426 5018 706 5081 vicarium,
738 5026 795 5071 ut
819 5016 864 5071 si
888 5030 974 5070 res
1001 5015 1074 5069 ita
1112 5028 1233 5069 sese
1277 5014 1617 5079 habuissent,

49 5120 284 5177 cogerent
315 5108 539 5163 Paulum
568 5108 634 5162 ad
660 5105 928 5162 reddenda
959 5105 1245 5160 confestim
1270 5105 1450 5159 omnia
1474 5121 1619 5173 qua:-

51 5215 263 5272 cumque
292 5200 615 5254 abstulerat.
668 5200 798 5264 Qua:
826 5197 870 5251 si
903 5197 1159 5265 probaret
1204 5212 1312 5250 non
1359 5211 1480 5250 esse
1520 5194 1620 5249 Ee-

48 5290 228 5352 clesite,
256 5289 351 5345 sed
377 5289 544 5359 ipsius
574 5288 820 5358 propria;
868 5294 1046 5340 tamen
1076 5301 1143 5338 ex
1172 5284 1257 5340 his
1286 5285 1622 5338 retinendum

50 5382 166 5434 satis
190 5382 255 5436 ad
286 5380 631 5437 resarcicnda
672 5380 828 5434 bonis
856 5377 1249 5433 Ecclesiasticis
1282 5378 1426 5431 illata
1456 5377 1626 5432 detri-

51 5481 249 5536 menta;
279 5486 404 5525 nam
451 5486 516 5526 ea
556 5470 878 5539 dilapidasse
907 5469 1197 5524 ferebatur.
1230 5470 1293 5523 Si
1319 5480 1487 5523 autem
1518 5470 1625 5540 dif-

119 5603 140 5631 ι
174 5595 293 5652 ιιςεε
312 5597 504 5652 scribit
530 5596 588 5652 S.
611 5594 772 5667 Greg.
795 5597 859 5650 ad
883 5596 1144 5651 Joannem
1174 5614 1185 5648 :
1212 5598 1443 5667 quamvis
1473 5614 1627 5667 grave

51 5668 338 5738 etiniquunt
366 5670 524 5737 fuerit
562 5678 742 5720 utnon
785 5685 815 5719 ο
858 5668 996 5721 vobis
1038 5670 1116 5738 vel
1159 5685 1191 5720 α
1229 5670 1628 5738 metropolitano

59 5736 160 5801 ejus
189 5736 275 5808 hoc
305 5736 529 5808 peteret,
570 5739 777 5808 scilicet
806 5736 1201 5808 l’anlusaErgo
1240 5737 1477 5793 Joannes
1520 5755 1625 5792 non

62 5812 167 5859 erat
208 5806 351 5864 Pauli
396 5806 867 5877 metropolitanus,
897 5808 993 5866 sed
1022 5806 1429 5866 Constantinus.
1462 5809 1623 5865 Com-

1722 3282 1782 3328 ut
1822 3280 1930 3326 tam
1960 3274 2094 3327 dans
2123 3288 2283 3342 quam
2325 3276 2597 3344 accipiens
2635 3277 2935 3345 prmmium,
2964 3288 3189 3348 uterque
3218 3295 3313 3333 ca-

1723 3364 1930 3419 nonica:
1953 3364 2172 3419 ultionis
2193 3366 2461 3420 sententia
2488 3364 2726 3421 feriatur.
2761 3366 2958 3421 Verum
2985 3383 3055 3423 ne
3074 3370 3315 3423 simonia:

1722 3453 1879 3507 radix
1922 3453 2196 3508 mortifera
2226 3454 2587 3521 coalesceret,
2620 3471 2685 3511 ac
2724 3456 2903 3525 plures
2948 3457 3316 3526 interimeret,

1724 3546 1887 3615 298
1913 3545 2061 3613 cupit
2096 3543 2367 3599 communi
2396 3544 2562 3598 totius
2591 3546 2809 3600 concilii
2840 3544 3158 3601 definitione
3186 3564 3314 3617 pro-

1723 3634 1919 3698 hiberi,
1951 3649 2022 3688 ne
2048 3633 2187 3688 ullus
2217 3648 2453 3702 unquam
2498 3650 2598 3704 pro
2635 3635 2831 3703 quovis
2858 3635 3047 3691 ordine
3088 3638 3318 3707 accipiat

1722 3734 1816 3779 aut
1840 3724 1949 3787 det,
1984 3738 2121 3779 neve
2148 3724 2430 3794 quisquam
2458 3739 2527 3779 ex
2567 3725 2739 3795 gratia
2786 3735 3190 3796 promereatur,
3218 3730 3319 3785 sed

1724 3829 1793 3869 ex
1816 3812 2033 3868 merito.

1794 3903 1962 3959 Paulo
1993 3911 2152 3958 antea
2193 3903 2433 3958 oblatum
2463 3919 2493 3957 a
2522 3903 2780 3960 Donadeo
2813 3906 3045 3963 diacono
3074 3907 3315 3965 libellum

1722 3997 2041 4067 supplicem,
2058 4011 2167 4065 quo
2193 4011 2251 4051 se
2272 3996 2599 4065 querebatur
2626 4012 2657 4051 a
2679 4013 2778 4053 suo
2807 3999 3063 4070 episcopo
3100 4000 3321 4057 Victore

1724 4088 1921 4156 injuste
1952 4086 2294 4156 depositum,
2336 4087 2404 4141 ad
2451 4088 2699 4142 eumdem
2729 4087 3051 4143 Columbam
3097 4091 3320 4145 miserat

1726 4178 1866 4250 (Lib.
1892 4195 1985 4247 xn,
2010 4196 2090 4247 ep.
2116 4177 2194 4249 8),
2224 4188 2283 4232 ut
2313 4193 2416 4233 una
2440 4194 2562 4234 cum
2592 4180 2823 4249 primate
2847 4181 3065 4236 concilii
3093 4182 3321 4252 aliisque

1724 4270 2057 4340 coepiscopis
2081 4268 2149 4323 de
2175 4269 2275 4323 hac
2299 4270 2518 4337 querela
2545 4270 2830 4338 iudicaret.
2857 4268 3154 4342 EpiscOpus
3186 4287 3319 4327 eou-

1725 4362 1981 4417 tendebat
2002 4359 2311 4415 Donadeunt
2334 4361 2404 4415 ob
2425 4362 2709 4432 corporale
2732 4374 3012 4431 peccatum
3037 4366 3104 4420 de
3126 4364 3317 4419 ordine

1725 4468 1825 4508 suo
1853 4453 2141 4523 dejectum.
2168 4451 2323 4518 Quod
2350 4452 2395 4507 si
2424 4454 2640 4524 probari
2671 4455 2860 4523 possit,
2887 4452 3181 4524 Gregorius
3205 4456 3322 4511 vult

1726 4544 2011 4599 diaconum
2032 4544 2084 4599 in
2109 4544 2481 4614 pmnitentiam
2504 4545 2737 4613 detrudi,
2754 4555 2815 4601 ut
2836 4548 3108 4603 commissi
3132 4546 3319 4616 ﬂagitii

1725 4635 1997 4690 vinculum
2019 4635 2268 4711 lacrymis
2287 4635 2465 4691 valeat
2484 4637 2782 4693 absolvere.
2808 4638 2876 4691 At
2889 4653 3021 4693 vero
3038 4638 3082 4693 si
3106 4645 3319 4692 constet

1726 4727 2039 4797 episcopum
2085 4726 2139 4780 in
2182 4725 2448 4781 insontem
2500 4728 2757 4791 saeviisse,
2787 4727 3031 4783 decernit
3058 4726 3113 4782 in
3143 4727 3318 4797 ipsum

1726 4819 1977 4875 canonici
2008 4818 2199 4887 rigoris
2239 4819 2629 4874 districtionem
2658 4820 3036 4874 exercendam.
3083 4819 3159 4874 De
3186 4818 3322 4873 Cre-

1728 4911 1928 4966 mentiu
1957 4911 2243 4980 provincia:
2275 4902 2567 4981 Byzacenaa
2611 4910 2840 4979 primate
2880 4910 3116 4979 graviter
3156 4924 3320 4964 accu-

1725 5016 1880 5070 sato,
1912 5020 2071 5074 quem
2102 5020 2130 5057 a
2162 5005 2326 5058 totius
2376 5005 2664 5072 provincia:
2690 5005 2923 5059 concilio
2965 5004 3317 5072 iudicandum

1724 5096 1936 5151 censuit
1984 5096 2088 5149 hoc
2139 5110 2283 5148 anno
2322 5094 2755 5162 vigilantissintus
2804 5093 3051 5150 Pontifex
3102 5095 3315 5167 (lbid.,

1724 5204 1807 5255 ep.
1841 5185 1955 5250 52),
1996 5185 2107 5254 jam
2159 5182 2317 5255 paulo
2344 5200 2506 5254 supra
2536 5186 2777 5252 dictum;
2824 5197 3156 5260 quapropter
3183 5188 3319 5244 nihil

1728 5279 1833 5332 hoc
1860 5276 1983 5329 loco
2011 5274 2311 5328 addendum
2339 5274 2571 5329 videtur.

1796 5369 1852 5422 7.
1891 5366 1949 5421 ln
1979 5366 2061 5420 bis
2089 5380 2155 5420 eo
2178 5365 2345 5434 magis
2370 5367 2547 5421 elucet
2576 5366 2805 5423 Romani
2835 5370 3103 5438 pontiﬁcis
3129 5381 3322 5428 aucto-

1733 5461 1883 5524 ritas,
1910 5457 2053 5527 quod
2082 5456 2131 5511 ei
2155 5456 2363 5511 diversa
2397 5458 2656 5512 statuenti
2684 5474 2875 5516 omnes
2906 5467 3321 5535 obtemperave-

1732 5597 1948 5665 petebat
1978 5603 2157 5648 tamen
2204 5591 2396 5665 Joanni
2422 5596 2512 5665 jus
2540 5593 2753 5663 aliquod
2795 5597 2846 5651 in
2879 5596 3136 5663 Paulum;
3171 5604 3315 5657 unde

1734 5662 2048 5734 conjieimus
2086 5680 2209 5718 eum
2247 5662 2409 5718 fuisse
2439 5662 2721 5733 primatem
2750 5669 2834 5723 vel
2876 5662 3191 5729 exercitum.
3240 5671 3317 5729 Ex

1735 5737 1817 5814 bis
1844 5735 2174 5814 emendanda
2198 5734 2449 5814 videntur_
2468 5749 2588 5803 qua:
2616 5737 2685 5795 ad
2713 5740 2853 5797 hanc
2880 5741 3163 5812 epistolam
3192 5753 3315 5814 post

1736 5806 2176 5862 Gussanvillaeum
2203 5806 2595 5864 annotavitnus.
