3976 6340
650 366 754 420 447

1116 365 1176 423 δι
1217 363 1547 422 GREGORII
1590 357 1798 418 MAGNI
1841 357 2023 421 VlTA,
2067 354 2153 409 EX
2199 351 2363 408 EJUS
2401 351 2711 411 SCRIPTIS
2751 355 3143 411 ADORNATA.
3187 355 3315 412 LIB.
3364 355 3455 410 IV.
3867 358 3935 409 li

648 488 779 550 rint,
808 481 925 553 ipsa
973 480 1221 546 concilia,
1268 480 1544 549 primates,
1589 476 1754 532 etiam
1803 470 2241 541 Carthaginensis
2277 470 2322 527 A
2351 465 2692 523 ltomiliarum
2724 470 2794 525 de
2835 470 3160 535 Proverbiis,
3190 472 3260 526 de
3297 471 3535 527 Canticts
3562 472 3925 528 canticorum

650 576 958 643 cpiscopus,
979 587 1144 641 penes
1162 585 1319 638 quem
1345 569 1396 622 in
1423 576 1588 620 totam
1613 566 1917 619 Africanam
1940 561 2239 617 Ecclesiam

651 681 859 721 summa
878 671 994 717 erat
1015 670 1277 730 petestas.
1302 656 1462 713 Certe
1485 656 1795 711 Dominicus
1815 654 1908 723 qui
1930 651 2239 709 cathedram

653 752 1126 818 Carthaginensem
1156 746 1419 814 Gregorio
1463 745 1646 799 Romae
1683 744 1905 801 sedente
1934 743 2239 804 obtinebat,

655 852 923 907 nunquam
963 843 1185 904 questus
1233 842 1317 887 est
1355 834 1656 888 Romanum
1703 833 2001 887 antistitem
2050 828 2241 884 falcem

654 932 861 984 misisse
911 928 963 981 in
1014 941 1245 980 messem
1289 925 1553 991 alienam,
1578 940 1847 993 nunquam
1897 939 1995 993 pro
2044 920 2244 977 tuenda

654 1037 748 1075 sua
778 1020 1102 1074 auctoritate
1127 1034 1251 1073 cum
1279 1033 1345 1072 eo
1368 1017 1669 1081 contendit,
1691 1017 1784 1072 sed
1812 1016 1927 1083 ejus
1952 1014 2243 1069 amicitiam

652 1128 867 1181 semper
917 1110 1106 1165 coluit.
1157 1108 1429 1163 Noveravtt
1470 1108 1720 1163 videlicet
1763 1107 2003 1161 Africani
2058 1106 2247 1161 Patres

655 1204 973 1271 Gregorium
998 1218 1096 1257 suo
1140 1210 1346 1256 tantum
1376 1202 1453 1255 uti
1476 1200 1616 1270 jure,
1646 1216 1975 1269 suorumque
1998 1200 2247 1254 decesso-

654 1311 775 1349 rum
799 1295 1047 1349 insistere
1064 1293 1320 1361 vestigiis.
1347 1291 1592 1345 Nondum
1617 1292 1897 1345 ob‘iterata
1922 1288 2249 1344 eratLeonis

660 1388 832 1458 Magni
878 1387 1133 1441 memoria
1167 1385 1255 1452 qui
1298 1381 1602 1436 Pntentium
1648 1381 1951 1435 commissis
1978 1380 2077 1448 ipsi
2107 1381 2250 1436 sedis

661 1477 971 1549 apostolica:
996 1476 1199 1528 vicibus
1242 1474 1460 1527 miserat
1489 1474 1543 1526 in
1572 1472 1827 1534 Africam,
1858 1479 1915 1525 ut
1957 1470 2252 1526 labefacta-

663 1580 773 1622 tam
801 1565 1128 1620 Wandalicis
1166 1563 1319 1617 bellis
1348 1562 1771 1617 ecclesiasticam
1801 1560 2138 1630 disciplinam
2168 1576 2254 1615 re-

661 1660 926 1725 sarciret,
977 1657 1374 1725 nonnullosque
1434 1655 1718 1725 episcopos
1774 1663 1963 1710 contra
2016 1670 2254 1710 canones

661 1747 936 1801 ordinatos
965 1754 1362 1800 exauctoraret.
1396 1745 1663 1815 Tempore
1691 1761 1904 1815 quoque
1940 1745 2251 1817 Augustini,

2346 557 2416 613 de
2445 559 2748 631 Prophetis,
2770 563 2838 618 de
2869 564 3017 619 libris
3043 580 3257 633 quoque
3288 565 3515 633 Regum,
3546 573 3601 620 et
3630 565 3717 619 de
3753 562 3939 631 Hepta

2349 658 2530 717 teuco,
2563 668 2697 721 quas
2738 667 3025 725 exceperat
3054 658 3309 714 Claudius
3343 658 3528 713 abbas.
3577 661 3717 725 Quo
3751 669 3939 713 mortui

2342 739 2494 809 jubet
2523 760 2658 815 papa
2689 748 2891 815 requiri
2931 763 3121 801 omnes
3151 748 3314 801 etiam
3342 747 3617 803 chartulas
3642 746 3729 801 de
3762 747 3851 801 his
3877 763 3939 800 sui

2348 836 2618 900 perstites,
2651 845 2708 892 et
2732 837 2799 890 ad
2831 854 2891 893 se
2921 840 3090 906 mitti,
3116 840 3269 908 igne,
3304 847 3363 893 ut
3382 855 3449 895 ex
3491 839 3609 908 ejus
3644 839 3940 894 bumilitau

2346 924 2615 995 suspicari
2650 927 2797 992 licet,
2830 927 3062 984 fortasse
3091 929 3403 985 abolendas.
3450 931 3529 986 De
3555 931 3646 986 his
3672 938 3869 984 autem
3896 932 3939 985 le

2347 1016 2535 1083 senda:
2564 1027 2691 1072 sunt
2722 1020 3068 1088 praefationes
3093 1031 3187 1076 aut
3211 1022 3608 1078 admonitiones
3641 1023 3874 1094 prteviaz
3902 1040 3939 1078 ες

2348 1104 2808 1164 Commentariutn
2839 1112 2892 1164 in
2918 1112 3113 1167 librum
3138 1130 3155 1167 1
3182 1113 3412 1182 Regum,
3444 1115 3510 1168 ad
3539 1114 3940 1184 Expositionea

2350 1195 2404 1249 in
2434 1194 2677 1261 Cantica,
2702 1210 2757 1252 et
2799 1201 2865 1254 ad
2898 1202 3058 1256 aliam
3088 1212 3296 1271 septem
3323 1205 3661 1272 psalmorum
3697 1206 3935 1272 pceniten

2352 1286 2557 1343 tialium
2586 1289 3013 1361 Expositionem.
3045 1295 3154 1349 Sed
3200 1295 3325 1364 quia
3377 1297 3557 1351 forsan
3603 1297 3839 1364 parcius
3868 1297 3940 1349 illi

2352 1378 2585 1435 diximus
2615 1382 2684 1435 de
2710 1383 2936 1438 Claudio
2964 1385 3179 1450 abbate,
3223 1402 3366 1440 nunc
3406 1386 3782 1455 colligendum
3815 1387 3939 1455 quid

2352 1469 2480 1537 quid
2509 1470 2562 1523 in
2594 1469 2845 1539 Epistolis
2872 1472 3216 1541 Gregorianis
3236 1476 3302 1530 de
3326 1476 3442 1545 ipso
3466 1491 3723 1544 sparsum
3754 1476 3939 1544 legitur

2425 1557 2744 1613 Monachum
2771 1561 2933 1616 fuisse
2955 1563 3007 1616 in
3027 1563 3361 1631 Gregoriano
3387 1564 3576 1619 Romae
3600 1566 3940 1619 monasterio

2356 1656 2413 1702 et
2444 1649 2660 1717 quidem
2690 1652 2787 1705 sub
2818 1651 2937 1721 ejus
2965 1654 3268 1723 disciplina,
3294 1656 3489 1725 probat
3518 1657 3611 1710 filii
3645 1657 3839 1711 titulus
3870 1659 3940 1725 ips

2358 1754 2389 1793 a
2411 1737 2675 1808 Gregorio
2696 1743 2876 1797 datus.
2901 1744 3019 1799 Jam
3044 1756 3350 1816 assumptus
3376 1748 3549 1802 fuerat
3569 1748 3641 1802 ad
3671 1750 3939 1817 regendun

659 1839 789 1894 licet
826 1838 893 1892 de
934 1837 1384 1914 appellationibus
1414 1836 1480 1891 ad
1522 1844 1763 1892 sanetam
1809 1837 1992 1892 sedem
2031 1837 2256 1905 quaestio
2292 1842 2333 1902 Β
2362 1827 2645 1886 Classense
2697 1833 2794 1887 SS.
2844 1833 3067 1889 Joannis
3111 1846 3167 1890 et
3212 1838 3472 1907 Stephani
3527 1840 3940 1896 monasterium.

660 1937 808 1985 esset
849 1937 966 1983 orta
1011 1944 1131 1982 cum
1184 1928 1418 1992 Zosimo,
1468 1934 1668 1995 quanta
1700 1934 1843 1981 esset
1882 1926 2257 1982 Africanorum

664 2033 789 2087 erga
840 2019 1138 2073 Romanum
1168 2016 1472 2087 pontificem
1515 2017 1815 2071 reverentia
1865 2017 2096 2086 probant
2124 2033 2258 2071 con-

666 2112 912 2165 ciliorum
959 2119 1114 2178 acta,
1162 2109 1401 2179 epistola:
1427 2109 1495 2163 ad
1526 2109 1699 2177 ipsum
1747 2109 1997 2176 scriptm,
2045 2107 2260 2177 aliaque

668 2212 1039 2257 monumenta.
1095 2203 1215 2272 ipse
1279 2202 1577 2273 Cyprianus
1626 2201 1935 2270 apostolicae
1989 2201 2259 2256 cathedta:

667 2294 992 2348 sententiam
1021 2294 1089 2348 de
1127 2294 1395 2363 lapsorum
1439 2292 1780 2347 restitutione
1810 2292 2112 2347 sciscitatus
2141 2301 2255 2355 est;

670 2398 831 2450 quem
881 2382 1120 2437 Africani
1179 2384 1366 2437 Patres
1419 2382 1643 2437 diversis
1700 2382 2031 2451 temporibus
2086 2381 2259 2437 secuti

670 2481 815 2536 sunt,
840 2487 1080 2526 summos
1110 2471 1392 2541 pontifices
1422 2472 1489 2526 de
1511 2472 1673 2525 variis
1700 2472 2079 2527 ecclesiastica:
2103 2473 2259 2528 disci-

673 2565 1119 2635 plinaecapitibus
1143 2574 1164 2599 ο
1190 2565 1448 2619 consulen
1472 2564 1542 2617 lo.
1567 2563 1631 2617 Et
1655 2565 1899 2632 quamvis
1919 2579 2143 2632 magnus
2163 2563 2263 2635 Cy-

674 2658 893 2724 prianus
912 2657 1053 2711 aliud
1074 2657 1303 2711 scn~crit
1323 2656 1391 2710 de
1412 2657 1677 2726 baptismo
1700 2657 2074 2712 hazrctieorum
2096 2673 2257 2727 quam

671 2746 980 2815 Stephanus
1024 2762 1196 2816 papa,
1244 2747 1488 2816 aliosque
1534 2746 1815 2802 AfricanOs
1863 2748 2144 2817 episcopos
2193 2749 2260 2803 ad

660 2846 797 2891 'suas
827 2846 1007 2908 partes
1039 2839 1283 2905 traxerit,
1313 2840 1442 2893 vicit
1474 2848 1651 2892 tamen
1682 2840 1947 2893 sententia
1977 2838 2258 2909 Stephani,

669 2929 833 2983 etiam
887 2929 938 2982 in
982 2928 1184 2996 Africa,
1214 2930 1456 2984 rescissis
1485 2931 1835 2985 conciliorum
1865 2931 1963 2987 sub
1992 2930 2262 3003 Cypriane

670 3020 977 3075 habitorum
1023 3020 1275 3076 decretis.
1309 3020 1433 3075 Πωο
1479 3021 1639 3091 paulo
1686 3033 1839 3076 extra
1872 3031 2043 3077 metas
2071 3024 2260 3079 obser—

670 3113 917 3166 vavimus
956 3122 1142 3167 contra
1193 3112 1480 3167 nonnullos
1513 3114 1600 3182 qui
1632 3113 1933 3169 Africanam
1964 3114 2259 3169 Ecclesiam

673 3204 756 3256 vel
790 3204 1091 3272 acephalam
1122 3205 1320 3258 audent
1348 3204 1548 3269 dicere,
1568 3205 1654 3259 vel
1683 3206 2095 3275 autocepltalam,
2117 3207 2259 3277 quod

676 3294 882 3362 proprii
921 3294 1188 3362 primatis,
1222 3295 1324 3349 hoc
1353 3302 1437 3349 est.
1465 3296 1903 3362 Carthaginensis
1944 3298 2265 3353 auctoritate

673 3383 808 3445 Sola,
841 3394 1157 3452 regere'ur:
1192 3381 1351 3446 Quasi
1398 3401 1515 3437 vero
1545 3386 1612 3438 ad
1660 3386 1947 3439 Romanam
1976 3386 2265 3442 Ecclesium

678 3484 888 3544 propter
915 3476 1254 3543 potentiorem
1306 3478 1776 3547 principalitatem,
1826 3495 2030 3533 necesse
2068 3497 2171 3534 non
2198 3483 2266 3535 sit

678 3582 881 3618 onmem
912 3571 1183 3619 convenire
1214 3565 1532 3630 Ecclesium,
1564 3568 1657 3621 Itoc
1685 3579 1762 3623 est
1802 3586 1887 3624 eos
1929 3571 2016 3641 qui
2042 3571 2267 3643 undique

677 3665 795 3709 sunt
834 3656 1033 3727 ﬁdeles,
1068 3664 1125 3711 ut
1156 3657 1229 3709 ait
1256 3656 1490 3712 [renatus
1521 3656 1671 3729 (Lib.
1705 3675 1780 3723 In,
1812 3659 2012 3715 advers.
2055 3661 2264 3717 Valent.

682 3770 729 3809 ε.
764 3753 853 3822 5).

750 3862 804 3916 8.
844 3862 1061 3917 Summa
1090 3864 1203 3920 haec
1222 3863 1485 3933 Gregorio
1514 3866 1837 3923 demandata
1859 3877 2123 3939 potestas,
2151 3871 2268 3939 ejus

680 3951 957 4006 modestiae
1000 3966 1062 4006 ac
1098 3953 1382 4009 humilitati
1422 3957 1645 4012 minime
1688 3958 1991 4026 officiebat;
2039 3974 2267 4028 quarum

679 4042 936 4094 virtutum
956 4052 1327 4108 argumentum
1348 4060 1481 4101 sane
1500 4048 1791 4100 maxitnnm
1810 4057 1892 4102 est
1912 4049 2138 4117 epistola
2164 4049 2269 4103 hoc

680 4148 824 4187 anno
866 4132 934 4187 ad
968 4131 1230 4189 Joannem
1262 4136 1681 4201 subdiaconum,
1723 4136 1993 4191 Ravennae
2022 4153 2268 4193 commo-

680 4231 920 4285 rantem,
950 4225 1171 4292 scripta.
1224 4224 1433 4280 Etenim
1480 4227 1533 4280 in
1571 4242 1634 4280 ea
1664 4242 1801 4296 pene
1845 4228 2271 4298 indignabundus

680 4312 1007 4381 queritnrdc
1029 4313 1321 4369 Mariniano
1341 4316 1752 4385 archiepiscopo
1780 4318 2111 4384 Ravennate,
2127 4319 2271 4388 quod

685 4403 786 4470 legi
818 4404 1029 4473 publice
1073 4403 1275 4459 faceret
1302 4407 1368 4461 ad
1404 4408 1610 4477 vigilias
1638 4420 1924 4464 commenta
1970 4412 2103 4466 beati
2131 4412 2266 4479 Job,

684 4494 830 4562 quia,
858 4494 1051 4563 inquit,
1078 4494 1207 4549 illud
1236 4511 1371 4565 opus
1400 4515 1503 4552 non
1538 4513 1618 4552 est
1659 4500 2014 4568 populare,et
2041 4501 2268 4557 rudibus

2360 1932 2504 1975 anno
2556 1923 2794 1977 secundo
2842 1926 3189 1994 pontificatus
3235 1928 3407 1982 sancti
3453 1928 3589 1993 viri;
3652 1928 3779 1997 ejus
3825 1931 3940 1983 en’u

2363 2016 2635 2079 tamquam
2666 2014 2875 2069 abbatis
2905 2018 3149 2071 meminit
3178 2018 3282 2074 hoc
3325 2028 3566 2088 tempore
3594 2020 3667 2072 ad
3698 2019 3940 2074 Joannt-nt

2362 2097 2731 2158 Ravennatem
2762 2106 3005 2161 scribens
3030 2127 3044 2160 :
3085 2108 3300 2162 Videtur
3332 2111 3455 2163 mihi
3479 2119 3532 2162 ut
3562 2111 3847 2163 Claudium
3871 2112 3940 2163 ab.

2360 2195 2527 2248 batem
2549 2212 2663 2249 cum
2685 2198 2954 2269 aliquanta
2971 2201 3189 2269 pecunia
3209 2201 3333 2254 illuc
3354 2201 3712 2254 transmittere
3731 2201 3940 2256 debeatis

2361 2284 2517 2356 (Lib.
2551 2302 2622 2349 ιι,
2654 2302 2735 2355 ep.
2768 2285 2882 2354 46).

2435 2375 2657 2429 Romam
2681 2376 2846 2440 venit,
2873 2384 2982 2430 tum
3008 2385 3066 2430 ut
3084 2376 3205 2445 jura
3231 2379 3543 2431 monasterii
3574 2378 3664 2431 sui
3706 2377 3940 2432 adversus

2361 2465 2717 2520 Marinianum
2750 2466 3119 2521 Ravennatem
3170 2468 3394 2536 ejusque
3431 2468 3670 2522 clericos
3702 2476 3939 2534 tueretur,

2363 2570 2462 2624 pro
2490 2570 2599 2624 quo
2646 2557 2954 2626 impetravit
2998 2558 3373 2627 privilegium;
3420 2568 3531 2613 tum
3570 2569 3637 2614 ut
3662 2560 3939 2614 studi-trum

2361 2644 2419 2699 S.
2438 2644 2679 2712 Gregorii
2703 2644 2917 2713 a-ijutor
2939 2646 3076 2717 foret
3096 2662 3159 2702 ac
3180 2652 3449 2717 partiCeps
3471 2648 3619 2720 (Lib.
3646 2667 3832 2718 vn,ep.
3857 2651 3939 2715 l5;

2362 2736 2453 2791 lib.
2484 2753 2595 2797 vni,
2622 2754 2706 2807 ep.
2743 2736 2858 2806 :5).
2888 2738 2944 2791 ln
2980 2736 3122 2793 Urbe
3150 2741 3237 2794 diu
3269 2756 3473 2794 moram
3501 2741 3650 2805 fecit,
3672 2742 3732 2796 S.
3757 2743 3939 2808 Grego-

2360 2827 2445 2881 rio
2473 2841 2595 2881 eum
2646 2828 2940 2894 retinente,
2969 2828 3088 2898 quia
3131 2846 3375 2901 magnum
3419 2831 3516 2899 ipsi
3562 2842 3685 2885 erat
3730 2834 3786 2886 in
3813 2834 3937 2886 verba

2365 2917 2463 2971 Dei
2486 2919 2731 2973 solatium
2762 2918 2900 2989 (Lib.
2926 2935 3039 2985 vut,
3062 2937 3144 2989 ep.
3180 2920 3290 2991 16).
3323 2920 3393 2974 At
3414 2923 3539 2989 quia
3568 2923 3939 2976 monasterium

2363 3027 2519 3066 suum
2569 3020 2817 3081 repetere
2874 3020 2930 3067 et
2983 3014 3221 3068 revisere
3272 3014 3595 3081 festinabat;
3644 3016 3934 3083 aliunaquue

2365 3118 2472 3156 non
2507 3102 2703 3157 latebat
2725 3103 3186 3170 vigilantissimum
3219 3105 3520 3172 Pastorem,
3550 3108 3933 3175 congregationi

2290 3213 2339 3280 ε
2369 3191 2590 3247 fratrum
2642 3196 2980 3262 praesentiam
3007 3198 3182 3250 sancti
3211 3197 3422 3250 abbatis
3461 3212 3583 3253 esse
3633 3213 3837 3252 summe
3861 3214 3932 3250 ne.

2369 3285 2678 3350 eessariam,
2712 3286 2762 3341 ei
2793 3288 2969 3342 redire
2990 3288 3257 3358 permisit,
3288 3304 3519 3356 eumque
3562 3291 3934 3344 commendant

2368 3375 2694 3443 Mariniano;
2726 3392 2886 3446 quem
2926 3379 3135 3447 rogavit
3172 3387 3230 3432 ut
3269 3388 3378 3449 pati
3400 3395 3551 3433 rnam
3581 3380 3661 3434 illi
3693 3392 3929 3433 monaste-

2368 3467 2561 3538 rioque
2588 3470 2755 3539 ipsius
2785 3469 3103 3524 charitatem
3125 3509 3141 3535 ,
3190 3472 3266 3525 uti
3296 3471 3550 3533 decebat,
3602 3472 3927 3543 impenderet.

2368 3559 2637 3615 Mortuum
2660 3576 2782 3615 eum
2806 3559 2971 3616 fuisse
2994 3562 3332 3630 suspicamur
3359 3561 3520 3631 paulo
3549 3572 3685 3616 ante
3710 3562 3926 3631 scriptam

2369 3648 2435 3702 ad
2458 3647 2719 3702 Joannem
2744 3646 3134 3703 subdiaconum
3162 3648 3445 3717 epistolam
3471 3647 3609 3718 (Lib.
3630 3665 3729 3710 xu,
3752 3647 3928 3717 ep.2lt,

2370 3738 2521 3807 cuius
2553 3737 2664 3807 jam
2695 3739 3065 3801 meminimus,
3101 3740 3203 3793 hoc
3228 3746 3309 3793 est
3338 3754 3481 3792 anno
3519 3738 3621 3792 601
3667 3739 3923 3794 desinente.

2439 3837 2527 3892 10.
2572 3836 2699 3893 Post
2727 3841 2841 3906 ejus
2869 3838 3073 3893 obitum
3102 3839 3343 3893 monac/ri
3390 3839 3503 3909 ejus
3532 3840 3833 3893 monasterii
3866 3857 3927 3891 re-

2369 3930 2567 3985 nientes
2587 3930 2806 3985 Romam
2835 3932 3091 4000 petierunt
3128 3930 3228 3985 sibi
3264 3930 3627 3984 Constantium
3660 3930 3927 3985 monachum

2369 4024 2606 4079 abbatem
2637 4025 2899 4079 constitui.
2931 4022 3001 4077 At
3028 4039 3151 4078 eum
3178 4023 3400 4077 minime
3439 4024 3697 4092 probavit
3734 4022 3924 4077 sanctis-

2370 4118 2536 4172 simus
2563 4125 2738 4188 pater,
2763 4116 2907 4185 quod
2931 4117 3289 4186 peeuliaritati
3317 4116 3536 4170 studere
3581 4117 3859 4175 diceretur,
3886 4123 3926 4165 et

2371 4210 2424 4264 in
2452 4210 2632 4266 Piceni
2663 4209 2997 4278 provinciam
3026 4210 3357 4280 perrexisset
3384 4210 3498 4262 sine
3538 4210 3719 4281 aliqua
3743 4209 3926 4278 fratrum

2370 4316 2601 4354 suorum.
2653 4298 2733 4353 Eo
2778 4300 2961 4369 itaque
2992 4298 3195 4369 rejecto
3235 4307 3511 4354 consensu
3538 4298 3775 4353 ordinari
3802 4295 3925 4349 Mauv

2372 4406 2489 4444 rum
2502 4390 2858 4455 eellerarium,
2876 4390 3037 4444 modo
3062 4405 3184 4458 qua:
3207 4389 3453 4459 deipsius
3482 4389 3591 4443 vita
3621 4399 3681 4443 et
3709 4385 3924 4442 industria

2373 4480 2706 4537 testabantur
2733 4480 2825 4548 qui
2850 4480 3129 4549 elegerant
3166 4495 3291 4534 vera
3321 4494 3443 4535 esse
3477 4480 3839 4549 probarentur.
3865 4475 3921 4527 De

685 4584 1022 4638 auditoribus
1055 4585 1494 4654 impedimentum
1544 4590 1714 4655 magis
1747 4605 1908 4657 quam
1956 4604 2269 4660 provectum
2304 4585 2345 4638 Ι)
2374 4572 2458 4627 his
2504 4573 2721 4645 scripSit
2762 4573 2829 4627 ad
2874 4571 3135 4627 Joannem
3175 4573 3598 4636 δυδδίποηυιην
3644 4574 3919 4639 “superque

683 4685 926 4743 generat.
964 4675 1161 4729 Addit:
1192 4675 1377 4748 Neque
1417 4680 1552 4731 enim
1582 4681 1695 4733 volo
1726 4679 1847 4733 dum
1893 4681 1948 4734 in
1990 4683 2085 4734 hac
2113 4698 2271 4736 carne

683 4783 817 4834 sum,
848 4769 892 4821 si
930 4785 1032 4838 qua
1063 4769 1257 4823 dixisse
1302 4787 1383 4823 me
1422 4772 1654 4840 contigit,
1686 4789 1746 4825 ea
1777 4774 1930 4844 facile
1980 4774 2271 4830 hominibus

686 4860 956 4913 innotesci.
1006 4858 1144 4913 Nam
1171 4862 1290 4929 quia
1321 4862 1670 4917 dilectissimw
1710 4867 1971 4921 memoria:
1999 4868 2270 4922 Anatolius

684 4950 932 5003 diaconus
981 4953 1231 5020 quaerenti
1267 4969 1328 5005 ac
1367 4953 1567 5023 jubenti
1611 4956 1803 5009 domno
1845 4957 2147 5028 imperatori
2206 4960 2272 5013 li-

685 5041 831 5095 brum
863 5040 1076 5112 Regulw
1104 5041 1395 5098 Pastoralis
1425 5045 1601 5114 dedit,
1644 5062 1782 5117 argre
1827 5051 2025 5117 suscepi
2066 5066 2083 5103 :
2123 5067 2271 5121 quem

680 5135 1036 5188 sanctissimus
1086 5137 1248 5203 frater
1289 5146 1338 5190 et
1384 5139 1716 5207 coepiscopus
1771 5157 1917 5193 meus
1959 5142 2269 5196 Anastasius

685 5225 1032 5279 [inlice/tenus
1062 5227 1115 5279 in
1160 5226 1396 5281 ercam
1423 5229 1655 5299 linguam
1687 5230 1966 5283 transtulit.
2020 5229 2109 5296 Et,
2139 5232 2272 5284 sicut

682 5317 807 5371 mihi
837 5318 1082 5386 scriptum
1122 5325 1233 5386 est,
1277 5320 1323 5372 ei
1363 5320 1511 5373 valde
1556 5320 1785 5390 placuit,
1830 5321 1922 5374 sed
1970 5322 2095 5374 mihi
2123 5322 2273 5376 valde

683 5405 967 5475 displicuit,
990 5415 1044 5459 ut
1065 5408 1150 5475 qui
1178 5408 1393 5463 meliora
1421 5407 1628 5474 habent,
1657 5410 1711 5463 in
1754 5411 1981 5463 minimis
2010 5426 2268 5479 occupen-

683 5502 770 5547 tur
798 5493 935 5565 (Lib.
971 5511 1063 5558 xn,
1087 5513 1170 5565 ep.
1202 5496 1321 5562 24).

756 5593 807 5647 9.
839 5592 1039 5650 Eadem
1068 5595 1121 5650 in
1148 5597 1371 5669 epistola
1394 5596 1760 5669 S..Gregorius
1782 5600 2026 5657 meminit
2045 5616 2265 5658 suarum

2373 4668 2629 4736 praecepit
2672 4674 2730 4720 ut
2774 4666 3124 4721 Marinianum
3163 4666 3474 4738 episcopum
3503 4665 3823 4727 admoneret,
3848 4674 3919 4729 pe-

2374 4758 2732 4812 cnliaritatcm
2756 4772 2786 4811 a
2816 4766 3051 4828 quatuor
3078 4766 3172 4811 aut
3199 4770 3231 4810 a
3252 4757 3491 4827 quinque
3525 4754 3792 4811 monachis
3828 4763 3916 4802 m0-

2373 4851 2595 4907 nasterii
2625 4866 2896 4906 resecare.

2447 4966 2611 5035 299
2642 4963 2730 5017 “-
2774 4962 2900 5035 "me
2929 4977 3059 5017 sane
3086 4970 3212 5017 sunt
3253 4968 3567 5029 argumenta
3595 4948 3912 5013 sollicitudinis

2374 5062 2429 5111 et
2455 5070 2598 5109 curae
2626 5052 2914 5123 singularis
2940 5068 3098 5121 quam
3126 5052 3347 5121 gerebat
3373 5052 3442 5105 de
3467 5058 3613 5106 statu
3644 5049 3909 5103 monasttco.

2374 5146 2571 5214 Quanti
2598 5154 2778 5200 autem
2808 5144 2958 5198 illum
2986 5143 3186 5199 faceret
3217 5142 3513 5213 pnesertim
3544 5141 3651 5195 hoc
3695 5149 3815 5191 anno
3838 5130 3910 5183 de

2374 5237 2691 5293 monstravit
2719 5235 2925 5291 duabus
2963 5236 3015 5289 in
3057 5235 3320 5305 epistolis.
3366 5233 3445 5287 Ex
3473 5232 3637 5301 priori
3666 5228 3835 5295 scripta
3860 5217 3909 5273 all

2374 5328 2671 5390 Passivum,
2724 5327 3035 5397 episcopum
3066 5325 3375 5379 Firmanum
3409 5323 3559 5395 (Lib.
3591 5338 3690 5386 xu,
3715 5335 3784 5388 ep.
3815 5310 3906 5375 19),

2373 5419 2579 5485 colligit
2600 5418 2986 5472 Thomassinus
3014 5416 3197 5485 (Part.
3216 5432 3271 5479 ιι,
3289 5413 3385 5470 lib.
3413 5431 3450 5479 ι,
3474 5430 3520 5467 c.
3548 5410 3642 5481 54)
3669 5401 3907 5463 monacha-

2371 5523 2483 5566 tum
2531 5519 2658 5564 tunc
2703 5510 2825 5565 loco
2873 5508 3291 5564 subdiaconatns
3345 5507 3527 5562 fuisse.
3584 5504 3776 5571 Quippe
3811 5504 3905 5548 Cum

2371 5601 2655 5674 Aprutium
2702 5601 2949 5657 Castrum
2980 5601 3272 5657 Firmensis
3314 5598 3572 5655 territorii
3610 5596 3810 5650 Pastore
3832 5596 3903 5637 ca-

759 5761 784 5787 ι
825 5751 957 5805 Vide
1000 5768 1087 5822 cp.
1119 5752 1311 5829 Felicis
1339 5770 1491 5829 papa:
1520 5756 1779 5826 Dynamio
1805 5767 1861 5815 et
1885 5758 2089 5816 Sufidio
2116 5761 2426 5819 consulibus
2470 5759 2652 5816 datam
2695 5775 2786 5818 an.
2830 5760 2968 5829 488,
3001 5770 3055 5819 ct
3092 5760 3317 5819 consule
3365 5760 3556 5817 histor.
3590 5755 3786 5815 Vandal.
3809 5763 3901 5821 pct-

691 5828 862 5875 sccut.
896 5828 1037 5890 part.
1067 5837 1126 5888 ιι,
1154 5837 1204 5877 c.
1239 5822 1323 5887 12,
1346 5822 1423 5877 n.‘
1446 5823 1498 5878 9.
