3976 6316
60 273 136 330 με)
452 261 511 316 S.
553 255 880 312 GREGORH
925 257 1136 311 MAGNI
1180 257 1355 323 Vl'fA,
1401 257 1488 312 EX
1533 258 1696 316 EJUS
1735 261 2040 318 SClllPTlS
2080 262 2470 321 ADORNATA.
2512 267 2640 327 LIB.
2683 269 2772 326 IV.

3158 275 3262 331 450

61 391 187 446 reret,
215 377 449 432 indicarit
477 374 536 429 S.
565 372 856 441 Gregorius
882 371 1256 442 Opportunum
1284 373 1570 442 quemdam
1605 379 1650 438 Λ
1679 375 1821 432 facta
1859 377 2003 434 Deus
2031 380 2256 445 audivit,
2286 390 2343 436 ut
2383 381 2670 438 Theodoro
2714 383 2945 440 Siceota:
2987 394 3261 444 ostensum

59 487 107 534 ob
141 485 321 528 morum
366 465 748 531 inuocentian'i,
779 463 1087 532 psalmodite
1129 464 1388 524 studium,
1421 479 1576 516 amo-

61 577 230 633 remque
254 557 505 612 orationis
541 569 569 606 a
619 554 801 607 multis
830 553 1124 618 laudatum,
1154 568 1315 622 quem
1358 553 1581 606 hortan-

59 663 150 712 duin
187 652 304 707 dicit
328 657 382 704 ut
408 648 485 702 vel
513 647 794 700 monachus
834 646 930 715 ﬁat
975 644 1053 698 vel
1096 643 1478 707 subdiaconus;
1527 651 1583 697 et

61 755 149 819 post
187 739 552 809 aliquantulum
601 737 858 806 temporis
907 736 971 789 ad
1024 735 1344 804 pastoralem
1395 747 1578 788 curam

59 854 144 894 eum
164 832 331 890 suadet
351 827 794 900 promovendum.
823 826 930 880 Cur
950 826 1037 881 hic
1059 826 1408 881 tuonachatus
1430 824 1583 879 fieret

61 930 212 987 mentio
237 925 385 981 sicuti
413 923 850 984 subdiaconatus,
875 919 1090 986 quando
1120 919 1186 972 de
1213 919 1582 988 promovendo

61 1025 105 1077 ad
120 1015 441 1075 sacerdotium
465 1013 780 1084 Opportuno
795 1013 990 1079 agitur,
1010 1011 1107 1064 nisi
1131 1025 1284 1078 aeque
1306 1010 1371 1063 ad
1395 1023 1582 1062 sacros

61 1112 221 1165 ordines
241 1104 580 1174 disponeret?
621 1102 686 1155 Et
734 1101 854 1156 ideo
892 1101 1121 1156 fortasse
1166 1101 1222 1155 S.
1265 1100 1583 1154 Benedictus

61 1203 122 1273 qui
153 1201 206 1254 de
238 1197 510 1252 monachis
553 1195 618 1249 ad
665 1195 1096 1264 presbyteratmn
1139 1201 1194 1246 et
1239 1191 1581 1245 diacmatum

61 1290 328 1349 assumendis
374 1287 632 1356 loquitur,
663 1285 731 1339 de
776 1283 1164 1339 subdiaconatn
1218 1282 1348 1350 ipsis
1394 1283 1581 1336 confe-

64 1383 183 1437 renda
205 1394 411 1450 prorsus
455 1377 601 1432 silet.
651 1375 756 1429 Sed
809 1373 1066 1442 legendus
1093 1387 1156 1426 ea
1186 1372 1254 1427 de
1293 1386 1354 1426 re
1403 1382 1586 1425 noster

65 1470 350 1530 Mabillnnius,
371 1467 606 1520 maxime
629 1463 825 1518 Annal.
849 1461 1122 1516 Benedict.
1149 1461 1243 1515 lib.
1265 1477 1324 1528 ι,
1346 1477 1434 1515 an.
1457 1459 1583 1524 ϐοὶ,

65 1579 165 1620 nam.
189 1561 270 1627 ΞΟ,
294 1560 394 1614 col.
429 1559 486 1610 Ξῖ
504 1559 558 1612 7.

110 1653 176 1706 12.
224 1650 276 1704 1n
328 1649 495 1701 altera
554 1645 780 1715 epistola
835 1644 1034 1714 scripta
1089 1642 1156 1697 ad
1212 1641 1578 1704 Desiderium,

1679 477 1762 523 cst
1810 483 1874 524 ac
1924 471 2139 539 ipsimet
2183 471 2444 540 Augusto,
2485 475 2577 544 qui
2633 475 2808 530 fuerat
2854 476 3158 532 admonitus
3207 489 3267 533 ut

1679 570 1896 617 caveret
1936 565 2003 618 ab
2041 565 2258 619 homine
2283 564 2436 634 cujus
2466 580 2660 620 nomen
2694 581 2723 618 a
2753 566 2960 621 duabus
3003 567 3087 622 his
3119 569 3264 622 litte-

1680 651 1754 706 ris
1779 652 1846 721 ph
1877 654 2157 735 inciperet,
2186 663 2240 710 et
2268 656 2334 710 ab
2361 671 2427 710 eo
2456 671 2515 710 se
2544 655 2898 710 occidendum
2937 657 3120 712 sciret.

1750 743 1804 796 2.
1847 743 2038 798 Statim
2087 747 2387 815 suspicatus
2431 754 2514 800 est
2561 745 2849 802 Mauricius
2895 763 2923 800 a
2966 745 3266 816 Philippico

1680 838 1885 889 sororis
1924 853 2033 891 suae
2063 838 2257 891 marito
2285 836 2386 890 sibi
2413 837 2635 892 insidias
2663 845 2718 891 et
2749 854 2933 892 necem
2966 841 3162 908 parari.
3195 839 3266 891 At

1682 921 1734 975 in
1765 923 1967 976 somnis
1995 923 2127 976 vidit
2162 940 2222 978 se
2263 924 2426 992 judici
2466 925 2678 980 Christo
2717 928 2930 984 adstare
2959 944 3080 983 cum
3109 930 3263 983 tmba

1683 1015 1909 1069 militum
1939 1015 2274 1084 captivorum
2308 1017 2481 1085 ipsum
2524 1021 2907 1081 accusantium,
2940 1022 3014 1075 uti
3045 1031 3267 1076 narrant

1681 1106 1976 1175 scriptores
2024 1105 2224 1170 Gnaei,
2267 1122 2368 1161 nec
2399 1124 2550 1161 mora
2581 1111 2760 1163 statim
2787 1111 2993 1178 jnssum
3035 1129 3173 1177 esse,
3209 1127 3267 1168 ut

1683 1210 1804 1249 cum
1833 1211 2000 1250 uxore
2025 1212 2119 1250 sua
2152 1205 2208 1250 et
2242 1195 2425 1250 liberis
2459 1207 2679 1264 totaque
2710 1198 2906 1252 familia
2941 1199 3133 1255 Phoceu
3162 1202 3266 1255 mi-

1683 1284 1760 1339 liti
1785 1286 2131 1340 trucidandus
2154 1286 2476 1340 traderetur.
2512 1285 2928 1354 Expergefactns
2953 1289 3267 1358 imperator,

1682 1375 1866 1429 statim
1895 1374 2037 1428 misit
2065 1376 2156 1443 qui
2186 1373 2542 1443 Pliilippicnm
2583 1374 2650 1428 ad
2680 1390 2738 1429 se
2768 1377 3144 1444 perducerent.
3175 1378 3271 1432 ille

1685 1467 1866 1520 vocari
1893 1482 1953 1520 se
1984 1475 2142 1521 nocte
2183 1466 2390 1530 videns,
2425 1475 2654 1520 mortem
2701 1467 2804 1521 sibi
2853 1468 3132 1523 imminere
3162 1485 3270 1524 non

1684 1557 1974 1623 dubitavit;
1999 1568 2222 1612 noverat
2239 1558 2381 1610 enim
2403 1574 2461 1610 se
2477 1557 2616 1626 apud
2634 1557 3010 1626 imperatorem
3027 1559 3079 1613 in
3096 1563 3270 1630 suspi-

1683 1647 1892 1701 cionem
1923 1647 2213 1701 adductum
2240 1663 2378 1701 esse.
2411 1647 2479 1700 At
2507 1647 2794 1702 Mauricius
2829 1647 3008 1702 statim
3031 1664 3094 1704 ac
3120 1650 3268 1704 illum

67 1745 351 1796 Viennensem
381 1738 719 1808 episcopum,
753 1751 850 1806 pro
886 1733 1168 1789 Pancratio
1209 1733 1458 1796 diacono,
1489 1732 1581 1801 qui
1615 1744 1658 1802 Β
1686 1739 1834 1804 vidit,
1869 1741 1933 1792 ad
1955 1739 2073 1807 ejus
2119 1739 2282 1808 pedes
2328 1739 2641 1808 provolutus
2683 1739 2759 1793 ait
2791 1756 2806 1792 :
2848 1737 3067 1810 Ignosce
3111 1741 3266 1804 mihi,

68 1833 289 1887 monachus
309 1828 475 1884 factus
509 1829 717 1894 fuerat,
759 1826 1131 1882 sanctissimus
1152 1833 1307 1895 pater
1337 1826 1585 1878 hortatur

68 1922 341 1982 [iesiderium,
357 1927 409 1972 ut
429 1927 538 1972 tam
559 1927 812 1988 prompta:
830 1917 1037 1970 diaconi
1059 1914 1338 1979 devotioni,
1356 1931 1506 1985 quam
1528 1917 1583 1968 in

67 2022 191 2066 sancto
216 2010 432 2065 studebat
459 2008 652 2063 habere
681 2008 945 2078 proposito
972 2007 1186 2060 minime
1214 2005 1581 2075 impedimento

68 2111 121 2156 et.
141 2103 282 2173 Magis
301 2112 482 2168 autem,
515 2100 721 2169 inquit,
745 2098 922 2170 quibus
944 2097 1122 2152 valetis
1137 2095 1585 2150 adhortationibus

68 2193 249 2263 pastorali
267 2192 613 2246 admonitione
637 2191 804 2261 (eum)
828 2189 1142 2252 succendite,
1160 2195 1218 2247 ut
1237 2190 1408 2259 feruor
1429 2187 1584 2257 hujus

70 2286 256 2339 desiderii
279 2286 328 2336 in
355 2301 410 2338 eo
439 2301 548 2338 non
577 2293 844 2355 tepescat:
873 2291 928 2335 ut
949 2283 1035 2354 qui
1057 2299 1089 2334 a
1120 2280 1412 2334 turbulento
1434 2297 1585 2333 cura-

71 2396 142 2430 rum
160 2376 451 2430 saecularium
472 2378 697 2429 tumultu
725 2391 781 2430 se
798 2390 1094 2446 segregans,
1116 2375 1301 2444 quietis
1329 2372 1584 2426 desiderio

71 2479 212 2537 portam
229 2469 506 2522 monasterii
540 2469 779 2538 appetiit,
805 2483 1010 2520 rursum
1039 2465 1092 2518 in
1121 2464 1582 2518 ecclesiasticarum

72 2579 244 2617 curarunt
269 2580 362 2617 non
386 2561 572 2616 debeat
601 2559 1074 2631 perturbationibus
1099 2559 1382 2629 implicari.

601 2696 830 2753 CAPUT
871 2695 978 2749 Vll.

79 2809 303 2860 ,δίκαι-ι.
328 2810 536 2858 Mauricii
567 2812 739 2870 imper.
765 2809 978 2870 dejectio
1004 2815 1054 2856 et
1079 2807 1370 2856 caedes—2.
1393 2805 1467 2854 De
1489 2818 1582 2866 qus

114 2875 294 2921 divinitus
330 2869 677 2934 pra-monetur.
701 2897 759 2907 ——
783 2869 837 2917 5.
859 2872 1044 2934 ιἰεοοδε
1079 2869 1582 2934 eligiturjmperator

112 2929 381 2983 ahexercitu.
415 2937 502 2992 Qui
531 2931 994 2991 Constanziuoliolim
1032 2931 1236 2992 advolat.
1267 2929 1482 2992 Mauricii
1526 2929 1583 2976 li-

116 3000 176 3044 lios
194 2999 419 3058 ipsumque
435 2990 782 3058 in-cidijubiet.
810 2990 1013 3058 Necyon
1034 2990 1580 3058 ConstantinianiAugu-

116 3052 218 3105 szam'
236 3052 418 3119 i-jnsiue
455 3066 563 3105 tres
588 3052 722 3119 tilias.
747 3079 810 3090 —
832 3054 957 3119 LHS.
984 3054 1252 3119 Gregorius
1289 3053 1346 3119 ait
1374 3052 1581 3119 Phocum

1688 1832 1871 1900 frater,
1897 1847 2023 1900 quas
2056 1830 2144 1883 tibi
2193 1831 2452 1884 innocenti
2481 1828 2769 1883 calumnias
2805 1839 2856 1883 et
2884 1830 3268 1884 criminationes

1685 1919 1926 1988 imposui.
1972 1918 2119 1990 Rogo
2165 1927 2335 1972 autem
2374 1929 2429 1971 ut
2469 1919 2684 1990 siquem
2721 1921 2773 1972 in
2803 1922 3028 1973 exercitu
3055 1921 3268 1974 militem

1692 2009 1919 2064 Phocum
1968 2013 2177 2064 nomine
2207 2011 2437 2075 noveris,
2487 2012 2680 2064 indices
2709 2011 2853 2063 mihi.
2907 2009 3061 2075 Novi,
3097 2011 3270 2081 inquit

1688 2101 1807 2168 ille,
1831 2102 2131 2171 quemdam,
2164 2102 2248 2171 qui
2288 2101 2488 2168 pridem
2533 2101 2598 2153 ab
2646 2101 2874 2154 exercitu
2911 2101 3123 2166 missus,
3153 2118 3267 2154 cum

1686 2195 1956 2264 majestate
1987 2203 2072 2246 tua
2091 2193 2340 2262 jurgavit.
2360 2191 2476 2245 Non
2494 2192 2755 2246 dubitavit
2783 2191 3068 2247 Mauricius
3095 2193 3267 2261 ipsum

1687 2301 1808 2339 esse
1837 2300 1996 2352 quem
2031 2285 2080 2337 in
2110 2283 2314 2338 somnis
2345 2283 2567 2336 viderat.

1756 2376 1810 2430 5.
1850 2375 1961 2430 Sub
1992 2375 2040 2428 id
2075 2382 2283 2443 tempus
2315 2371 2524 2436 Petrus,
2562 2371 2900 2441 imperatoris
2932 2370 3115 2436 frater,
3154 2371 3271 2440 ejus

1681 2466 1831 2534 jussu
1861 2465 2005 2518 misit
2046 2465 2252 2518 litteras
2291 2462 2358 2516 ad
2399 2461 2714 2522 exercitum.
2753 2460 2946 2528 quibus
2979 2459 3272 2529 jubebatur

1687 2556 1877 2610 Istrum
1901 2563 1960 2607 tr.
1979 2553 2147 2622 jicere
2163 2569 2228 2607 ac
2244 2552 2437 2606 ibidem
2461 2552 2746 2620 liyemare;
2770 2551 2914 2618 quod
2935 2566 3055 2604 cum
3074 2551 3272 2605 milites

1686 2647 1912 2701 moleste
1943 2643 2172 2710 ferrent,
2205 2643 2330 2710 quia
2380 2643 2444 2696 iis
2493 2644 2545 2694 in
2596 2642 2847 2711 lijbcrnis
2889 2641 3100 2695 assidue
3145 2657 3268 2696 cum

1685 2735 1927 2790 barbaris
1955 2744 2072 2788 erat
2117 2733 2486 2802 prmiiandum,
2517 2740 2798 2800 cmperunt
2827 2733 2894 2786 de
2926 2748 3066 2786 novo
3097 2732 3269 2801 impe-

1685 2835 1866 2881 ratore
1891 2824 2123 2879 creando
2148 2839 2328 2892 agere,
2353 2838 2585 2890 moxque
2613 2821 2845 2876 Phocam
2869 2822 3267 2886 centurionem,

1684 2932 1840 2985 quem
1889 2915 2145 2967 audacem
2191 2921 2485 2977 itOVerant,
2535 2926 2699 2979 super
2748 2918 2960 2964 scutum
3005 2909 3073 2963 de
3120 2926 3272 2965 more

1685 3014 1978 3069 elevantes,
2009 3005 2386 3071 imperatorem
2437 3000 2799 3054 acclamarunt
2840 2999 3266 3067 salutaruntque.

437 3090 1252 3180 pehdiiiirf'bzefaiia
1266 3090 1581 3180 aiebatis};
1608 3118 1652 3180 (τ
1686 3097 1780 3151 llis
1805 3094 2022 3163 auditis,
2052 3091 2262 3157 Petrus,
2305 3091 2585 3146 confestim
2625 3090 3144 3158 Constantinopolim
3173 3105 3270 3144 vc-

117 3173 339 3239 opistnlar:
360 3185 403 3228 ti.
430 3173 525 3227 (Enr
551 3180 605 3224 S.
633 3173 899 3238 Gregorius
921 3177 1090 3224 durius
1111 3175 1172 3223 de
1198 3174 1434 3224 Mauricio
1457 3173 1580 3222 scri-

118 3243 340 3297 pserit.-6.
361 3241 737 3302 At‘ocrisiarium
764 3239 907 3286 mittit
933 3239 991 3284 ad
1014 3251 1186 3302 novum
1213 3245 1578 3302 imperatorem.

114 3295 203 3351 47.
226 3295 526 3353 Miseratiilem
579 3302 727 3351 Italiae
765 3307 944 3348 statum
983 3295 1346 3358 eXpOltlL—B.
1374 3295 1582 3354 Legatio

115 3363 365 3427 Theoderici,
387 3365 688 3427 Francorum
708 3363 859 3421 regis,
887 3369 937 3408 et
963 3357 1288 3427 Brunichildis
1308 3357 1365 3405 ad
1389 3371 1576 3417 papam.

117 3426 215 3473 illum
247 3420 479 3475 wnsidunt
515 3428 585 3474 de
615 3420 1077 3485 episcOpoameute.
1106 3420 1578 3485 Pap:e__re_sponsum.

116 3487 306 3547 bigamum
346 3494 480 3538 arcet
533 3502 562 3534 a
603 3481 752 3533 sacris
786 3481 1055 3547 Ordinibus.
1083 3484 1210 3547 —9:
1240 3481 1580 3547 i’etit_regina

115 3541 204 3614 uniti
235 3550 430 3614 legatum
463 3551 521 3614 riu
551 3549 752 3614 Gallias,
778 3548 835 3614 ad
861 3545 1115 3614 tat-ncilium
1137 3541 1583 3614 erlebrandmn.‘-_-

120 3601 308 3672 11].Ιέιῶ
327 3610 602 3672 sollicitudo
623 3611 685 3672 ac
714 3601 896 3672 rice-les.
921 3607 1244 3672 amputem
1268 3604 1476 3672 “"“ax'i
1504 3601 1579 3649 “-

117 3665 406 3722 uinductorum
421 3671 653 3722 Ecclesiae
665 3669 912 3717 fraudibus
923 3665 1098 3728 injuste
1113 3665 1269 3714 ablata
1287 3665 1584 3728 restituit.—

115 3736 167 3780 12.
188 3735 282 3794 Ejus
303 3738 345 3783 in
368 3734 588 3783 facienda
615 3732 924 3790 elcemosyna
946 3724 1250 3794 siiidium.—_
1276 3729 1348 3774 15.
1380 3724 1583 3794 Urbicus

114 3787 229 3843 abbas
244 3796 423 3856 eligitur
446 3798 492 3842 iu
524 3795 754 3856 Panorm.
780 3787 1080 3856 episcopum.
1108 3789 1202 3856 t_‘._ur
1227 3789 1350 3835 hanc
1375 3787 1585 3834 electin-

116 3871 196 3904 nem
213 3852 437 3918 respuerit
460 3859 513 3907 S.
545 3854 904 3918 Gregorius-7
922 3853 998 3918 μ.
1025 3852 1208 3918 Scribit
1230 3856 1400 3899 contra
1429 3860 1583 3909 nuper

115 3925 270 3968 exertos
286 3913 441 3967 Romae
465 3913 687 3967 errores.
710 3914 820 3976 (Au.
849 3913 942 3960 602
980 3924 1030 3962 et
1049 3913 1185 3973 605.)

120 4019 158 4073 l.
189 4021 348 4076 Annus
373 4021 460 4076 hic
488 4019 834 4090 pontificatus
856 4014 913 4070 S.
939 4012 1182 4083 Gregorii
1206 4011 1446 4067 decimus
1474 4017 1584 4064 ter-

76 4109 145 4166 tius
166 4111 354 4180 insignis
375 4118 455 4166 est
481 4111 556 4165 ob
580 4108 819 4162 Mauricii
851 4105 1075 4173 Augusti
1106 4119 1286 4158 casum
1315 4102 1588 4170 ipsiusque

75 4216 114 4254 ac
136 4203 322 4257 filiorum
351 4204 576 4261 aedem.
608 4215 820 4256 necnon
867 4200 1058 4252 l’boca:
1087 4194 1419 4250 centurionis
1462 4208 1589 4262 pro—

76 4294 306 4348 vectionem
333 4297 396 4348 ad
426 4294 732 4364 imperium.
776 4290 914 4344 lram
955 4289 1246 4356 odiumque
1274 4284 1502 4339 militum
1533 4283 1587 4337 in

75 4397 111 4434 sc
131 4386 378 4440 COItCliaVCI
391 4395 443 4440 at
476 4387 793 4453 imperator,
825 4381 1015 4435 nolens
1045 4377 1260 4433 modico
1289 4375 1464 4446 pretio
1506 4390 1590 4429 re-

75 4471 222 4530 dimere
245 4486 419 4548 captos
447 4477 515 4531 ab
545 4475 838 4537 Avaribus,
871 4485 1006 4541 quos
1059 4467 1273 4523 barbari
1304 4465 1587 4520 interfece-

77 4576 184 4630 runt;
208 4568 304 4624 sive
331 4569 380 4624 id
406 4568 648 4622 avaritia:
679 4580 842 4622 causa
871 4564 1094 4624 factum,
1130 4569 1190 4615 ut
1215 4559 1376 4626 vulgo
1405 4556 1584 4613 credis

79 4666 154 4719 tur,
189 4661 286 4716 sive
323 4662 557 4716 voluerit
605 4675 699 4714 eos
747 4656 928 4712 hostili
976 4653 1152 4723 gladio
1205 4652 1412 4720 perire,
1458 4649 1582 4716 quia

77 4750 322 4806 seditionem
344 4752 599 4809 fecerant.
618 4750 733 4821 Ipse
749 4765 878 4803 vero
901 4746 1032 4800 tanti
1058 4743 1294 4800 criminis
1313 4739 1586 4795 conscien-

79 4839 162 4891 tiam
186 4843 475 4912 p0udusque
505 4842 706 4896 diutius
735 4840 872 4894 ferre
913 4853 1020 4890 non
1052 4837 1270 4897 valens,
1301 4829 1584 4885 Dominum

78 4943 264 4996 precatus
289 4943 367 4988 est
401 4944 457 4988 ut
485 4935 585 4989 hac
616 4933 668 4986 in
696 4931 803 4985 vita
843 4929 1050 4983 debitas
1085 4925 1187 4981 sibi
1233 4938 1418 4995 pcenas
1444 4919 1586 4975 infli-

79 5025 510 5093 geret,mternisqiie
532 5023 804 5094 suppliciis
832 5035 891 5074 sc
911 5035 1018 5072 non
1049 5020 1366 5070 reservaret.
1397 5010 1587 5064 Postu-

80 5110 166 5166 lavit
205 5127 365 5170 autem
419 5117 485 5171 ab
524 5116 772 5170 onmibus
819 5109 1136 5183 patriarchis
1177 5103 1588 5171 monachisque,

82 5206 255 5260 iiiaxime
297 5207 782 5278 Jerosolymitanis,
831 5211 890 5258 ut
935 5201 1125 5258 eadem
1173 5210 1390 5267 quoque
1419 5209 1448 5246 a
1480 5192 1590 5246 Deo

83 5291 155 5346 Sitis
195 5298 425 5367 precibus
473 5312 698 5352 exorare
746 5300 1076 5361 satagerent.
1113 5289 1245 5344 Vota
1295 5301 1359 5340 ex
1410 5282 1591 5336 animo

129 5413 149 5438 ι
171 5405 254 5477 Alii
271 5408 446 5462 dicunt
461 5408 712 5477 quinque,
731 5405 818 5460 alii
839 5413 1043 5458 tantum
1063 5410 1191 5455 tres.
1210 5396 1593 5477 lg-fragfltemP

87 5484 104 5519 ει
123 5476 242 5530 nobis
265 5464 632 5533 laudato-inter
660 5464 866 5532 occisos
897 5477 1208 5528 numeratur
1235 5464 1592 5525 Theodosius,

86 5543 146 5605 '1'Ii
166 5546 252 5610 jam
285 5547 455 5602 Ctesar
481 5547 650 5602 fuerat
689 5563 718 5599 a
757 5555 910 5614 patre
949 5543 1307 5614 renuntiatus.
1348 5533 1594 5614 Abfuisse

89 5609 218 5688 tanien
233 5619 432 5688 quando
460 5619 570 5673 tunc
599 5609 916 5688 gesta'sunt,
941 5611 1173 5688 vulgaris
1201 5615 1284 5662 est
1302 5609 1591 5688 sententia,

91 5679 367 5755 ‘ittianiissiis
395 5689 562 5742 fuerat
598 5679 627 5741 Ξ
674 5686 929 5739 Mauricio
959 5683 1026 5736 ad
1066 5679 1592 5755 Persarumnregem,

93 5750 174 5815 εὲιιε
197 5770 330 5824 opem
357 5760 711 5827 postulaturus
740 5775 753 5810 :
785 5756 1140 5821 eamdemque
1165 5747 1312 5805 aiunt
1333 5743 1518 5799 Nicaea:
1540 5743 1595 5794 in

1687 3188 2062 3252 niens,eorum
2087 3184 2372 3238 certiorem
2398 3183 2540 3244 fecit,
2568 3182 2972 3250 imperatorem,
2994 3181 3083 3249 qui
3112 3181 3271 3251 paulo

1684 3287 1806 3347 post
1855 3290 2047 3329 navem
2096 3271 2414 3330 conscendit
2459 3287 2582 3325 cum
2615 3285 2782 3324 uxore
2819 3285 2883 3323 ac
2912 3269 3127 3336 liberis;
3176 3269 3271 3325 sed

1685 3373 2001 3436 tempestate
2030 3363 2294 3431 repulsus,
2323 3362 2533 3415 delatus
2578 3368 2663 3414 est
2699 3358 2765 3412 ad
2794 3358 2850 3412 S.
2885 3360 3269 3423 Antonomum,

1683 3457 1980 3524 eailemque
2031 3464 2190 3507 nocte
2231 3453 2482 3522 podagra:
2521 3451 2797 3506 doloribus
2826 3458 3125 3520 correptus,
3150 3465 3273 3521 quae

1683 3544 1781 3599 fuit
1809 3559 1972 3613 grave
2001 3544 2138 3612 fuga:
2169 3543 2634 3613 impedimentum.

1755 3637 1969 3691 Interim
1993 3635 2306 3706 Byzantium
2338 3634 2555 3688 advolat
2585 3650 2752 3688 novus
2776 3634 3087 3702 imperator,
3121 3647 3272 3685 cum-

1683 3745 1788 3798 que
1828 3728 1938 3796 jam
1988 3727 2318 3796 pervenisset
2361 3725 2426 3779 ad
2477 3725 2846 3790 llebdomutn,
2893 3723 3021 3776 facti
3058 3727 3184 3775 sunt
3220 3720 3270 3773 ei

1685 3819 1897 3872 obviam
1929 3817 2230 3886 patriarcha
2270 3823 2626 3882 senatusque;
2677 3829 2804 3866 mox
2843 3813 3028 3866 urbem
3068 3811 3270 3878 regiam

1687 3912 1958 3978 ingressus
1993 3907 2218 3976 insignia
2264 3907 2491 3974 sumpsit
2542 3904 2909 3975 imperatoria.
2942 3901 3114 3956 Biduo
3152 3911 3276 3971 post

1687 4018 1848 4056 curru
1878 4000 2134 4054 advectus
2163 3998 2534 4068 imperatorio,
2565 3996 2711 4049 venit
2739 3996 2792 4048 in
2823 3994 3056 4062 regiam;
3085 3993 3272 4062 quinta

1685 4107 1816 4147 vero
1843 4091 1931 4144 die
1962 4089 2236 4144 Leontium
2278 4103 2502 4141 uxorem
2547 4101 2749 4140 curona
2803 4085 3082 4154 imposita,
3113 4085 3276 4154 300

1686 4186 1980 4252 Augustam
2007 4181 2393 4251 pronuntiavit.
2447 4179 2528 4232 Ad
2561 4176 2754 4232 Phoca:
2791 4176 3082 4230 adventum
3130 4175 3276 4230 cele-

1688 4273 1947 4329 brandum
1973 4272 2113 4326 edita
2145 4279 2270 4325 sunt
2317 4270 2539 4339 plurima
2579 4267 2906 4338 spectacula.
2938 4265 3180 4335 Cumque
3206 4265 3276 4321 de

1690 4381 1884 4436 pompa
1908 4373 1963 4418 et
1985 4363 2210 4418 solemni
2233 4370 2492 4432 apparatu
2518 4360 2582 4414 ad
2605 4358 2973 4428 excipiendam
2993 4357 3274 4412 Leontium

1689 4455 2096 4518 deliberaretur,
2124 4455 2188 4505 de
2226 4451 2341 4505 loco
2362 4450 2605 4504 stationis
2634 4449 2773 4503 inter
2800 4448 3035 4503 Venetos
3063 4455 3118 4501 et
3147 4445 3278 4502 Pra-

1689 4546 1836 4599 sinos
1867 4545 2006 4614 (dna:
2040 4552 2192 4596 irant
2222 4539 2512 4609 lactiuues)
2542 4547 2662 4594 orta
2691 4539 3057 4601 contentione,
3084 4536 3276 4590 Veneti

1690 4637 1758 4690 ab
1786 4634 1990 4688 :emnlis
2022 4633 2160 4687 male
2193 4631 2358 4686 habiti
2389 4631 2726 4686 clamaruut:
2760 4629 2940 4681 Adhuc
2970 4628 3086 4681 vivit
3114 4625 3274 4678 Mau-

1690 4732 1867 4796 ricius,
1891 4745 2052 4799 quem
2078 4729 2308 4783 l'rasinis
2337 4726 2598 4781 infensum
2618 4724 2880 4778 scieban'.
2911 4721 3002 4776 liis
3026 4719 3275 4787 cognitis,

1693 4824 1902 4879 Phocas
1942 4822 2119 4876 missis
2147 4820 2403 4874 militibus
2426 4817 2587 4885 jussit
2629 4815 2818 4869 adduci
2865 4811 3178 4866 Mam-icium
3208 4809 3275 4862 ad

1696 4915 1934 4983 Ettil‘upii
1969 4922 2202 4982 portum,
2232 4910 2318 4964 ubi
2340 4917 2464 4963 ante
2489 4906 2675 4961 oculos
2703 4904 2820 4970 ejus
2850 4903 3078 4972 primum
3112 4899 3277 4954 inter-

1691 5005 1814 5059 fecti
1837 5014 1960 5058 sunt
1982 5003 2136 5072 ejusd
2161 5003 2274 5066 filii,
2299 5008 2451 5068 patre
2473 4998 2686 5054 interim
2712 4998 2826 5050 huic
2849 4995 3095 5048 Davidica
3123 5007 3277 5046 usur-

1691 5105 1893 5167 pante:
1924 5095 2102 5149 Justus
2133 5110 2206 5160 es,
2241 5093 2483 5156 Domine,
2528 5099 2578 5143 et
2604 5097 2797 5142 rectum
2837 5085 3093 5156 judicium
3135 5094 3276 5137 tuum

1693 5188 1844 5258 (Psa.
1878 5203 2057 5251 cxvm,
2076 5186 2222 5254 157).
2250 5184 2386 5250 Quin
2408 5184 2569 5238 etiam
2598 5195 2716 5235 cum
2750 5179 2868 5233 loco
2896 5185 3022 5231 natu
3054 5176 3278 5230 minoris

1693 5281 1867 5333 adhuc
1898 5277 2140 5331 lactentis
2187 5274 2367 5328 nutrix
2409 5272 2685 5342 proprium
2740 5269 2902 5324 lilium
2959 5268 3276 5338 obtulisset,

1695 5388 1942 5460 Bythinia
1974 5393 2184 5460 pri-tea
2226 5381 2686 5460 comprehensum
2740 5379 2922 5460 capite
2952 5385 3278 5458 .truncalum

1695 5448 1833 5513 esse.
1882 5448 2468 5524 Sed'Theophylactus
2514 5450 2808 5524 Simocatta
2861 5448 3093 5516 scriptor
3139 5462 3279 5516 pene

1694 5544 1925 5587 coaevus,
1954 5541 2111 5594 quem
2139 5519 2652 5594 proﬁtereacmteris
2673 5519 2918 5594 duximus
2940 5527 3277 5594 antepoch-

1693 5600 1819 5653 dum
1840 5640 1856 5666 ,
1885 5588 2085 5651 diserte
2111 5588 2240 5666 dicit
2262 5591 2620 5666 Theodosium
2645 5604 2800 5666 a_sua
2830 5588 3095 5666 legatione
3121 5602 3279 5641 revo-

1694 5659 1870 5724 catum
1892 5682 1924 5722 a
1940 5675 2092 5737 patre
2117 5663 2374 5719 Mauricio
2390 5660 2459 5714 ad
2486 5661 2853 5716 mactationem
2876 5659 3127 5730 adfuisse.
