3976 6302
687 273 785 327 451

1140 268 1201 324 S.
1240 261 1570 319 GREGORII
1611 257 1823 315 MAGNI
1862 257 2041 322 VITA,
2089 254 2177 311 EX
2221 250 2386 307 EJUS
2425 246 2732 305 SCRIPTIS
2771 244 3164 302 ADORNATA.
3210 244 3338 300 LIB.
3382 244 3465 302 IV.
3834 252 3913 308 δίελέ

688 381 978 441 Mauricius
998 378 1250 434 infantem
1280 373 1532 446 prodidit.
1563 369 1763 425 Eadem
1794 365 2096 423 constantia
2128 380 2275 418 mor-

2383 371 2562 414 tamen
2616 358 2733 427 ejus
2776 358 3027 428 nomine)
3079 357 3322 413 scribens
3364 358 3428 411 ad
3474 359 3711 415 Phocam
3754 374 3833 417 aut
3869 372 3912 423 ad

688 482 796 529 tem
846 471 1095 541 excepit;
1140 469 1324 537 sicque
1364 466 1584 521 calicem
1616 463 1709 517 ira:
1756 461 1850 515 Dei
1908 459 2176 515 convertit
2215 458 2268 512 in

688 564 966 618 medicinae
996 560 1267 631 poculum,
1297 556 1441 625 quod
1470 554 1567 624 ipsi
1601 554 1668 608 ad
1697 560 2042 623 peccatorum
2072 564 2271 620 purga-

689 656 913 720 tionem,
938 662 993 707 r-t
1020 653 1085 705 ad
1115 648 1408 720 perlectam
1438 647 1631 701 anima:
1675 644 1901 699 salutem
1931 656 2270 710 consequen-

687 746 810 799 dam
859 744 1078 814 profuit.
1129 739 1541 795 Constantinam
1590 737 1884 806 Augustam
1932 750 2054 790 cum
2102 734 2274 789 tribus

689 835 920 898 liliabus,
952 834 1006 886 in
1037 833 1302 903 privatam
1343 830 1562 885 domum
1596 829 1792 883 Leonis
1830 826 2028 881 dictam
2059 825 2275 880 inclusit

686 933 968 996 tyrannus,
992 926 1070 977 uti
1106 931 1294 978 narrat
1322 922 1615 977 Simocatta
1658 922 1751 975 lib.
1779 936 1894 986 vm,
1924 934 1974 973 c.
2008 915 2096 985 15,
2140 930 2276 986 quas

686 1027 867 1072 tamen
904 1016 1102 1087 elapsis
1143 1016 1329 1087 paucis
1380 1015 1657 1070 mensibus
1704 1012 1931 1068 interﬁci
1967 1011 2145 1080 iussas
2186 1009 2276 1063 alii

685 1108 928 1162 relerunt
954 1108 1263 1177 scriptores.
1298 1104 1536 1169 Petrum,
1559 1103 1798 1158 Mauricii
1828 1103 2066 1163 fratrem,
2094 1110 2149 1154 et
2173 1099 2276 1152 ali-

686 1212 824 1265 quos
848 1213 1129 1268 procerum
1157 1197 1312 1250 simul
1338 1195 1650 1249 interfectos
1678 1209 1795 1248 esse
1822 1194 1981 1248 docet
2008 1192 2276 1259 fragmen-

689 1299 804 1343 tum
826 1289 892 1343 de
916 1288 1095 1341 Phoca
1111 1293 1404 1352 coronato;
1430 1287 1568 1339 unde
1591 1286 1752 1341 etiam
1776 1285 2037 1338 habemus
2061 1288 2277 1337 nomina

687 1382 924 1451 quinque
974 1381 1202 1434 liliorum
1256 1376 1624 1448 imperatoris,
1658 1385 1713 1429 et
1762 1383 1972 1443 tempus
2018 1389 2125 1443 quo
2178 1375 2278 1428 ista

690 1472 1055 1542 contigerm't,
1089 1469 1297 1525 scilicet
1327 1468 1516 1521 indict.
1546 1483 1622 1533 vx,
1649 1466 1736 1520 die
1771 1465 1843 1519 ‘23
1870 1465 2205 1520 Novembris.

758 1583 836 1637 Ex
868 1583 1059 1636 eodem
1086 1580 1290 1648 scripto
1311 1578 1567 1633 docemur
1591 1578 1802 1629 venisse
1833 1574 2059 1629 Romam
2093 1575 2279 1629 icones

689 1673 883 1726 I‘houe
910 1680 964 1723 et
996 1669 1231 1723 Leontina
1263 1666 1623 1735 Augustorum
1648 1663 1898 1719 Kalendis
1932 1663 2078 1732 Maii,
2106 1674 2161 1718 ct
2189 1680 2279 1719 ac-

688 1764 977 1816 clamatum
1020 1774 1139 1813 esse
1168 1759 1245 1812 cis
1283 1758 1336 1811 in
1369 1755 1649 1810 Later-anis
1687 1755 1739 1809 in
1784 1754 2002 1810 basilica
2045 1753 2168 1808 Julii
2212 1756 2280 1809 ab

687 1853 835 1910 omni
864 1852 1010 1907 clero
1047 1860 1104 1906 et
1132 1862 1360 1916 senatu;
1390 1859 1576 1920 postea
1608 1848 1833 1919 jussiSsc
1859 1848 1916 1901 S.
1958 1845 2279 1916 Gregoriqu

687 1944 946 2013 imagines
976 1943 1095 1996 illas
1122 1939 1311 2011 reponi
1339 1940 1393 1994 in
1424 1939 1666 2023 oratorio
1694 1936 1750 1993 S.
1784 1936 2002 1994 Czesarii
2030 1936 2281 2009 martyris

687 2036 829 2091 intra
854 2034 1132 2104 palatium.

760 2127 815 2181 4.
845 2127 962 2181 Νοιι
1001 2133 1118 2180 erat
1143 2124 1407 2195 integrum
1437 2138 1588 2194 papze
1616 2121 1887 2177 abstinere
1924 2138 1952 2175 a
1983 2121 2280 2177 scribendis

691 2218 756 2273 ad
787 2218 1022 2271 Phocam
1056 2217 1265 2279 litteris,
1297 2215 1489 2285 quibus
1520 2215 1617 2284 ipsi
1647 2215 2004 2285 gratularetur
2028 2213 2279 2282 adeptum

691 2308 995 2378 imperium.
1018 2306 1087 2361 lis
1112 2306 1202 2374 qui
1225 2304 1545 2374 Gregorium
1573 2314 1805 2374 arguunt
1825 2304 1968 2372 quod
1999 2303 2065 2359 de
2087 2303 2283 2357 Mauri-

691 2400 776 2454 cio
814 2398 1077 2466 iniquius,
1109 2397 1176 2450 de
1217 2395 1397 2450 Phnca
1438 2410 1568 2449 vero
1608 2395 1909 2449 adulatorie
1964 2394 2176 2448 locutus
2213 2393 2284 2447 sit

688 2487 800 2556 jam
834 2500 857 2523 ιι
898 2485 1296 2555 respondimus.
1330 2484 1475 2538 Sane
1507 2499 1627 2553 qua:
1667 2484 1915 2538 dicuntur
1948 2483 2284 2538 adulationes

694 2590 750 2634 et
775 2580 1171 2633 assentationes
1200 2577 1378 2645 potius
1416 2584 1540 2629 vota
1568 2584 1694 2629 sunt
1733 2590 1831 2644 pro
1855 2576 2211 2643 imperatore,
2251 2589 2281 2628 a

691 2685 801 2738 quo
839 2684 1077 2723 summus
1115 2664 1357 2736 pontifes
1400 2666 1604 2735 optime
1650 2664 1941 2733 gubernari
1992 2665 2280 2733 rempuh’i-

691 2776 810 2815 cam
841 2767 1013 2831 optat,
1046 2768 1101 2812 ut
1131 2758 1329 2826 legenti
1366 2758 1543 2827 palam
1594 2756 1684 2811 [iet
1714 2774 1728 2810 :
1763 2755 2048 2823 Laztentur,
2080 2755 2282 2826 inquit,

690 2852 804 2906 caeli
826 2860 875 2904 et
896 2848 1116 2903 exsultet
1137 2857 1297 2912 terra,
1323 2856 1373 2902 et
1402 2847 1465 2901 de
1493 2847 1674 2901 vestris
1696 2847 1928 2917 benignis
1945 2847 2140 2900 actibus
2163 2846 2283 2900 uni-

688 2960 864 2999 uersus
893 2942 1190 3014 reipublicaz
1218 2940 1437 3009 populus
1468 2956 1604 2992 nunc
1628 2956 1787 3011 usque
1806 2939 2125 2992 vehementer
2153 2938 2285 3008 afﬂi-

689 3046 800 3089 ctus
827 3035 1124 3088 ltilarescat.
1173 3030 1593 3101 Comprimantur
1619 3030 1749 3101 jugo
1792 3029 2161 3083 dominationis
2203 3045 2286 3083 ve-

2375 450 2686 515 Leontiam,
2719 466 2826 504 non
2878 450 3091 519 injustis
3118 451 3353 520 querelis
3388 454 3577 522 qumrit
3626 454 3914 525 imperatoris

2373 540 2639 594 demortui
2671 542 2867 594 famam
2905 541 3217 596 obscurare.
3253 540 3393 595 Vero
3422 543 3644 613 propius
3672 556 3834 603 autem
3858 555 3913 606 ri-

2372 631 2531 686 detur
2568 634 2744 687 sancti
2791 633 2891 687 viri
2931 633 3268 703 propositum
3304 648 3422 689 esse
3460 637 3586 691 novi
3626 637 3913 708 imperatoris

2374 724 2612 777 animum
2644 723 2711 777 ad
2752 722 3177 778 misericordiam
3219 733 3277 778 et
3301 723 3645 781 clementiam
3683 744 3797 799 erga
3821 738 3914 790 sub.

2374 815 2517 870 ditos
2558 812 2850 869 inﬂectere.
2904 814 3146 869 Mauricii
3198 815 3481 870 avaritiam
3532 819 3704 888 carpit
3740 826 3911 891 quidem

2375 905 2637 970 latenter,
2685 914 2741 960 et
2768 914 2965 961 caetera
3015 906 3154 960 mala
3200 921 3319 976 quae
3361 922 3427 961 ex
3473 909 3580 964 hoc
3622 913 3745 967 vitio
3783 917 3915 973 solent

2375 998 2525 1051 oriri.
2554 997 2620 1052 At
2655 998 2771 1067 ipse
2798 997 3092 1053 Simocatta
3118 997 3259 1069 (Lib.
3287 1016 3397 1067 vm,
3436 1018 3554 1072 cap.
3588 1001 3661 1073 6).
3693 1008 3783 1061 etsi
3819 1024 3913 1079 erga

2376 1088 2519 1144 hunc
2547 1088 2931 1158 imperatorem
2963 1088 3345 1158 indulgentior,
3364 1106 3471 1145 non
3494 1091 3754 1149 inliciatur
3779 1099 3912 1167 ip~um

2377 1182 2601 1235 avaritia
2656 1181 2951 1246 laborasse,
2992 1181 3119 1235 dum
3157 1182 3233 1235 ait
3281 1198 3343 1237 ea
3397 1189 3607 1240 ratione
3652 1186 3913 1248 Mauriium

2377 1274 2615 1329 voluisse
2636 1274 2933 1329 exercitum
2964 1273 3188 1342 trajecto
3214 1273 3350 1330 l-tro
3376 1275 3633 1345 hyemare
3651 1316 3665 1339 ,
3694 1288 3745 1332 ut
3771 1283 3915 1337 barba-

2376 1376 2560 1417 rorum
2590 1362 2865 1430 regionem
2899 1361 3230 1425 incursaret,
3263 1377 3327 1418 ac
3363 1364 3490 1418 inde
3523 1369 3823 1435 comparatis
3848 1374 3916 1425 ali-

2380 1453 2574 1509 mentis
2599 1452 2891 1515 victitaret,
2924 1466 2990 1505 ne
3030 1466 3300 1507 annonam
3341 1454 3499 1507 militi
3529 1456 3755 1524 praebere
3786 1475 3914 1529 coge-

2379 1549 2556 1603 retur;
2588 1541 2731 1595 unde
2756 1541 2974 1595 occasio
3004 1541 3299 1597 rebellandi
3346 1541 3475 1596 data
3493 1583 3511 1611 ,
3540 1554 3595 1597 et
3622 1548 3818 1601 alterius
3840 1551 3914 1604 im-

2380 1635 2647 1704 peratoris
2674 1634 2928 1704 eligendi.

2314 1735 2358 1794 Β
2454 1725 2652 1781 Bellica
2684 1726 2923 1782 Mauricii
2951 1728 3122 1784 virtus
3165 1728 3267 1785 etsi
3305 1730 3587 1797 laudetur,
3616 1739 3824 1788 attamen
3850 1738 3913 1790 vix

2385 1815 2549 1870 ullum
2583 1817 2783 1871 bellum
2819 1826 2942 1887 post
2973 1828 3310 1889 aSsumptum
3339 1821 3622 1890 imperium
3644 1827 3913 1889 gessit,.oi.~i

2383 1925 2480 1980 per
2507 1912 2690 1966 duces.
2722 1912 2978 1978 QnamVis
3018 1921 3201 1967 autem
3242 1915 3498 1982 quamdiu
3533 1914 3809 1984 imperavit,
3834 1919 3916 1969 bel-

2383 1999 2600 2053 landum
2624 2002 2673 2055 ei
2707 2001 2818 2056 lere
2842 2017 3057 2072 semper
3083 2003 3264 2067 fuerit,
3287 2003 3525 2058 maxime
3552 2013 3730 2059 contra
3758 2006 3915 2060 Avari-5

2384 2090 2470 2145 vel
2500 2090 2723 2157 Abaros,
2755 2093 2905 2146 vario
2946 2102 3122 2146 tamen
3162 2100 3359 2147 eventu
3395 2102 3451 2147 et
3488 2109 3623 2163 sche
3645 2096 3820 2149 infelici
3846 2114 3917 2165 pu-

2383 2192 2603 2249 gnatum
2642 2192 3002 2239 esseconstat
3029 2199 3095 2238 ex
3126 2184 3319 2239 eodem
3367 2185 3754 2257 Theophylacto
3777 2186 3915 2241 Sima-

2384 2283 2547 2327 catta.
2577 2273 2788 2329 Interea
2836 2274 3066 2342 italiam,
3113 2274 3371 2341 Siciliam,
3400 2276 3725 2343 Sardiniam,
3751 2276 3915 2330 Dalma-

2387 2367 2515 2420 tiam
2563 2365 2901 2433 Langobardi
2953 2368 3152 2436 aliique
3198 2368 3409 2422 barbari
3471 2368 3910 2438 depopulabantur,

2389 2459 2716 2528 imperatore
2743 2459 2832 2513 vix
2853 2469 3098 2513 curante.
3128 2457 3241 2515 Hoc
3268 2460 3503 2515 moleste
3522 2460 3717 2514 ferebat
3739 2462 3789 2514 S.
3816 2460 3913 2513 Gre-

2386 2551 2597 2618 gorius,
2631 2550 2771 2604 unde
2800 2552 3178 2620 expostulandi
3216 2561 3405 2607 contra
3436 2552 3736 2606 Mauriciqu
3763 2553 3807 2606 in
3828 2556 3912 2623 epi-

2385 2641 2539 2697 stolis
2560 2642 2626 2696 ad
2649 2640 2882 2697 Phocam
2913 2651 2967 2696 et
2997 2642 3271 2697 Leontiam
3303 2644 3427 2698 data
3461 2645 3689 2698 occasio.

2460 2733 2512 2787 ϐ.
2552 2732 2714 2788 Ut'ad
2756 2750 2953 2788 novum
2988 2735 3370 2805 imperatorem
3402 2737 3593 2792 redeat
3618 2736 3801 2799 oratio,
3826 2751 3914 2790 cum

2390 2826 2595 2881 nullum
2643 2828 2694 2881 in
2719 2827 2921 2896 palatio
2953 2828 3243 2884 invenisset
3281 2829 3541 2885 Ecclesiae
3571 2829 3799 2885 Romamn
3820 2846 3917 2897 apo.

2389 2918 2708 2983 crisiarium,
2742 2919 2795 2973 id
2826 2920 3044 2975 minime
3072 2931 3282 2990 gratum
3322 2922 3532 2976 habuit.
3562 2922 3812 2976 Anatolius
3845 2923 3916 2975 hoc

2390 3027 2615 3067 munere
2661 3011 2986 3081 fungebatur
3032 3016 3210 3071 adhuc
3265 3016 3451 3071 iudict.
3515 3033 3583 3079 tv,
3634 3032 3712 3071 an.
3754 3016 3916 3081 60l,ut

690 3144 843 3189 εγω,
876 3125 1110 3195 superba:
1138 3133 1333 3178 mentes
1362 3123 1605 3178 hostium.
1642 3121 1947 3176 Releventur
1986 3132 2153 3175 uestra
2188 3122 2280 3175 mi-

2390 3112 2541 3175 patet
2566 3119 2632 3159 ex
2674 3105 2901 3175 epistola
2930 3105 2999 3160 ad
3036 3121 3160 3160 eum
3207 3107 3404 3176 scripta
3437 3107 3582 3178 (Lib.
3615 3124 3684 3174 χι,
3710 3124 3780 3176 ep.
3815 3107 3914 3175 lii):

693 3216 979 3271 sericordia
1006 3213 1213 3268 contriti
1243 3228 1304 3265 ac
1329 3212 1558 3281 depressi
1588 3212 1749 3265 animi
1775 3211 2141 3282 subjectorum.
2167 3204 2285 3265 Vir-

694 3313 774 3357 tus
804 3301 1017 3355 ca’lestis
1045 3302 1229 3371 gratia:
1256 3301 1480 3354 inimicis
1514 3299 1766 3353 terribiles
1790 3318 1877 3355 vos
1901 3302 2088 3371 faciat,
2122 3302 2285 3371 pietas

694 3393 915 3447 subditis
946 3391 1212 3463 benignos.
1257 3389 1499 3454 Quiescat
1527 3391 1835 3461 felicissimis
1865 3393 2178 3459 temporibus
2205 3410 2287 3447 ve-

694 3487 818 3540 stris
841 3486 1077 3539 unirersa
1097 3484 1405 3555 respublica,
1430 3484 1634 3554 prolata
1654 3486 1744 3537 sub
1769 3500 2043 3537 causarum
2062 3486 2287 3556 imagine

695 3576 873 3647 prreda
902 3580 1064 3646 pacis.
1098 3574 1309 3629 Cessent
1339 3583 1752 3628 testamentorum
1778 3573 2016 3640 insidiw,
2046 3575 2288 3631 donatio-

695 3680 819 3719 num
845 3665 1032 3735 gratia’
1069 3662 1319 3717 violenter
1345 3671 1565 3717 exactw.
1595 3662 1793 3716 Redeat
1821 3663 2017 3716 cunctis
2048 3664 2101 3716 in
2138 3667 2288 3719 rebus

694 3754 920 3823 propriis
968 3767 1151 3804 secura
1195 3753 1473 3821 possessio,
1518 3762 1574 3804 ut
1624 3753 1739 3806 sine
1785 3753 1965 3806 timore
2005 3752 2195 3807 habere
2232 3771 2288 3809 se

696 3842 984 3914 gaudeant,
1010 3857 1125 3913 quin
1154 3858 1258 3895 non
1294 3850 1414 3895 sunt
1450 3842 1525 3895 eis
1560 3842 1831 3913 fraudibus
1874 3846 2147 3916 acquisita.
2187 3845 2289 3901 Re-

696 3938 947 4005 formetur
968 3934 1085 4004 jam
1112 3933 1330 4004 singulis
1353 3935 1442 3987 sub
1465 3934 1594 4005 jugo
1616 3935 1817 4005 imperii
1838 3937 1909 4005 pii
1933 3926 2144 3991 libertas
2166 3955 2282 3991 sua.

700 4027 816 4083 Hoc
846 4042 1065 4098 namque
1089 4025 1223 4079 inter
1246 4042 1392 4096 reges
1413 4031 1657 4095 gentium,
1683 4035 1732 4079 et
1754 4028 2049 4096 reipublicae
2070 4030 2289 4097 impera-

600 4119 607 4127 “
699 4129 835 4171 tores
891 4113 1069 4179 distat,
1120 4115 1256 4186 quod
1300 4132 1443 4185 reges
1495 4116 1725 4187 gentium
1773 4116 1971 4170 domini
2026 4134 2288 4173 servorum

700 4217 850 4267 sunt.
874 4208 1210 4277 imperatores
1240 4222 1356 4260 vero
1395 4206 1717 4276 reipublicw,
1749 4208 1947 4261 domini
1984 4209 2282 4264 liberarunt.

702 4300 808 4353 Sed
836 4300 1014 4352 melius
1030 4300 1136 4352 lucc
1153 4298 1350 4352 orando
1379 4316 1530 4369 quam
1552 4299 1870 4369 suggerendo
1901 4300 2118 4354 dicimus
2142 4299 2281 4368 (Lib.

703 4408 814 4454 xm,
839 4409 920 4461 ep.
951 4391 1010 4444 3i
1029 4403 1064 4451 ι.
1097 4389 1226 4456 Qua:
1254 4400 1550 4459 sequuntur
1571 4406 1738 4459 usque
1761 4391 1825 4445 ad
1858 4389 2016 4446 linem
2045 4393 2287 4463 cpistola:

2389 3211 2498 3265 quo
2526 3213 2656 3253 vero
2687 3207 2928 3269 tempore
2954 3200 3089 3257 urbe
3117 3201 3264 3269 regia
3289 3204 3601 3264 excesserit,
3625 3219 3781 3271 quave
3802 3218 3914 3257 oce-i-

2389 3288 2561 3353 sione,
2585 3289 2827 3346 divinare
2849 3306 2957 3345 non
2982 3309 3285 3360 possumus.
3314 3293 3512 3363 GregOa
3528 3297 3608 3350 ius
3634 3305 3914 3349 excusaturus

2388 3395 2449 3433 se
2468 3381 2607 3449 apud
2632 3380 2887 3448 Phocam,
2906 3384 3153 3452 scripsit:
3179 3381 3328 3448 Quod
3354 3403 3653 3455 permanere
3678 3389 3729 3440 in
3748 3388 3913 3456 palatio,

2381 3471 2537 3541 juxta
2566 3474 2829 3543 antiquam
2851 3475 3288 3537 consuetudinem,
3316 3479 3617 3547 apostolica:
3642 3480 3763 3533 sedis
3788 3481 3927 3545 diem:

2390 3580 2514 3617 num
2538 3576 2705 3618 uestra
2733 3565 3002 3620 Serenitas
3036 3584 3138 3621 non
3169 3569 3380 3637 invenit,
3402 3588 3509 3625 non
3544 3572 3634 3627 hoc
3658 3590 3773 3626 mea
3797 3575 3914 3641 negli-

2389 3656 2599 3725 gentire,
2626 3656 2717 3710 sed
2739 3658 3059 3728 gravissima:
3082 3662 3399 3715 necessitatis
3424 3664 3526 3728 [uit
3546 3680 3563 3716 :
3586 3665 3699 3733 quia
3726 3664 3828 3715 dum
3850 3664 3913 3714 mi-

2390 3747 2540 3800 nistri
2568 3764 2745 3802 omnes
2773 3748 2924 3819 hujus
2954 3759 3145 3804 nostra:
3167 3751 3416 3809 Ecclesia:
3442 3765 3551 3809 tam
3579 3757 3781 3811 contrita
3806 3773 3913 3822 aspe-

2388 3853 2548 3907 raque
2575 3848 2806 3909 tempora
2831 3856 2944 3893 cum
2973 3842 3251 3912 formidine
3276 3844 3623 3912 declinarent,
3653 3857 3791 3917 atque
3815 3850 3915 3916 refu-

2390 3936 2584 3995 gerent,
2606 3929 2735 3982 nulli
2756 3944 2934 3983 eorum
2962 3939 3163 4001 poterat
3185 3934 3401 4004 imponi,
3419 3946 3477 3988 ut
3494 3936 3563 3990 ad
3588 3936 3747 3991 urbem
3771 3938 3915 4006 regiam

2388 4018 2443 4069 in
2472 4018 2669 4087 palatio
2715 4036 3080 4088 permansurus
3107 4024 3389 4079 accederet.
3435 4026 3548 4081 Sed
3587 4039 3826 4098 postquam
3855 4045 3914 4080 re-

2387 4117 2549 4161 stram
2572 4106 2928 4173 Clementiam,
2957 4115 3318 4183 omnipotentis
3341 4115 3439 4170 Dei
3470 4120 3640 4189 gratia
3676 4121 3917 4190 disponente

2388 4195 2459 4247 ad
2488 4198 2687 4251 culmen
2717 4199 2923 4269 imperii
2944 4205 3235 4270 pervenisse
3269 4219 3634 4276 cognoverunt,
3662 4211 3753 4279 ipsi
3768 4226 3917 4279 quoque

2388 4286 2636 4340 suadente
2666 4286 2849 4342 laztitia
2878 4290 2948 4343 ad
2975 4301 3141 4345 instra
3167 4295 3382 4366 vestigia
3406 4300 3583 4352 venire
3608 4297 3916 4370 festinaut,qni

2391 4377 2532 4441 prius
2558 4377 2680 4429 illuc
2707 4378 2952 4433 accedere
2965 4382 3115 4434 valde
3143 4384 3421 4440 timuerant
3443 4387 3587 4457 (Lib.
3607 4406 3707 4454 xm,
3735 4406 3804 4459 ep.
3827 4390 3909 4456 38).

700 4492 824 4537 sum
854 4496 1041 4552 ωηερε
1067 4481 1261 4549 quibus
1295 4481 1372 4534 vi.-
1408 4490 1624 4536 sancms
1664 4496 1693 4535 a
1725 4482 1836 4538 Deo
1866 4483 2104 4554 postulat
2128 4486 2284 4540 ηιξ,
2313 4493 2366 4551 D
2392 4463 2584 4522 Postea
2611 4470 2873 4536 signilicat
2900 4470 2968 4525 ad
2995 4472 3045 4525 id
3075 4476 3311 4529 muneris
3334 4475 3601 4534 delectum
3629 4480 3775 4535 fuisse
3794 4478 3915 4533 Burri-

703 4575 830 4628 lium
861 4572 1048 4641 gratiae
1068 4569 1310 4641 Augusto
1338 4574 1721 4626 necessarium.

773 4683 826 4735 In
850 4682 952 4735 alia
989 4680 1054 4735 ad
1082 4680 1327 4734 eumdem
1372 4678 1605 4735 Phocam
1635 4683 1861 4750 epistola
1892 4685 2054 4738 nulla:
2103 4686 2288 4742 laudes

699 4780 989 4826 occurrunt
1009 4785 1126 4838 qua:
1146 4785 1448 4823 sermonem
1472 4770 1828 4826 adulatorium
1851 4773 2131 4829 redoleant
2146 4774 2285 4846 (Lib.

698 4875 807 4922 xm,
838 4875 921 4930 ep.
943 4855 1054 4921 '58).
1084 4856 1141 4911 ln
1168 4873 1230 4910 ea
1259 4872 1365 4927 qua
1395 4855 1671 4911 Leontiam
1702 4860 1973 4928 salutavit,
1998 4871 2121 4917 vota
2149 4878 2288 4933 quo-

698 4962 804 5017 que
851 4953 1146 5015 nuncupat,
1174 4961 1280 4999 non
1328 4945 1505 5001 verbis
1556 4947 1914 5017 lenoc'mtur,
1959 4959 2018 5004 ut
2064 4950 2289 5021 legendo

698 5036 928 5106 quisque
954 5036 1245 5089 observare
1272 5042 1449 5104 potest
1480 5033 1669 5103 (lbid.,
1700 5053 1781 5107 ep.
1815 5036 1850 5090 5
1872 5038 1930 5108 ι).

770 5122 820 5176 5.
853 5122 1008 5190 Quod
1053 5130 1264 5192 spectat
1293 5121 1358 5175 ad
1395 5122 1642 5191 qumdam
1679 5124 1731 5177 in
1764 5124 2075 5181 Mauricium
2107 5128 2287 5198 Augu-

697 5222 839 5267 stum
871 5213 1060 5269 durius
1097 5227 1126 5266 a
1165 5212 1225 5267 S.
1254 5212 1516 5279 Gregorio
1561 5214 1758 5283 scripta
1810 5215 1874 5269 iis
1916 5216 1967 5269 in
2011 5217 2282 5287 epistolis,

697 5310 911 5356 constat
932 5303 1074 5356 hunc
1102 5301 1481 5370 imperatorem
1512 5301 1831 5372 iniquiorem
1857 5320 1976 5359 sese
2006 5296 2119 5360 fere
2142 5324 2286 5363 sem-

698 5408 796 5462 per
836 5392 1136 5448 ostendissc
1173 5392 1510 5447 sanctis~imo
1547 5392 1820 5463 pontiﬁci,
1853 5394 2037 5450 Roma:
2083 5401 2286 5468 totique

698 5483 863 5539 Italia.-
886 5492 943 5537 ut
971 5499 1038 5539 ex
1065 5492 1145 5537 tot
1173 5481 1521 5551 Gregorianis
1550 5485 1793 5555 ειιίμιοιὲε
1828 5487 2015 5555 liquet.
2049 5486 2127 5542 De
2153 5490 2287 5543 duro

701 5571 883 5640 itaque
933 5573 1102 5640 ipsius
1135 5571 1264 5641 jugo
1305 5571 1524 5639 quando
1553 5575 1899 5641 conqueritur
1929 5575 2288 5642 (dissimulato

778 5709 802 5735 ⁸
834 5700 891 5756 In
921 5682 1147 5757 nothad
1176 5719 1261 5772 ep.
1297 5703 1356 5757 5i
1395 5704 1487 5758 lib.
1516 5721 1628 5761 xm.

2389 4556 2584 4613 facium
2614 4576 2843 4629 primum
2882 4562 3254 4632 defensorum,
3282 4583 3443 4636 quem
3474 4571 3549 4624 ait
3578 4572 3671 4625 sibi
3701 4573 3831 4640 longa
3849 4586 3913 4621 as-

2388 4651 2631 4706 siduitate
2653 4664 2986 4723 compertum,
3007 4658 3128 4718 vita.
3153 4658 3259 4728 fide
3278 4678 3341 4713 ac
3367 4662 3594 4717 moribus
3613 4662 3910 4734 approbatum,

2390 4744 2594 4800 idcirco
2623 4745 2916 4802 Diaconum
2929 4750 3085 4820 301
3117 4751 3386 4819 eliectum,
3415 4765 3473 4809 ut
3496 4757 3629 4811 hanc
3651 4757 3913 4824 lrgationcm

2391 4851 2457 4890 ac
2484 4837 2815 4907 provinciam
2847 4840 3042 4895 obiret.
3071 4839 3121 4896 ls
3159 4854 3243 4898 est
3288 4844 3591 4901 Bonifacius
3617 4863 3679 4902 ex
3721 4847 3913 4917 plurimis

2391 4927 2738 5000 Gregorianis
2765 4932 3007 5002 epistolis
3035 4934 3164 4989 satis
3208 4946 3403 5006 notus,
3432 4941 3523 5009 qui
3558 4950 3733 5010 p05tea
3757 4940 3910 4993 electus

2390 5031 2472 5077 est
2501 5023 2553 5077 in
2581 5039 2847 5078 summum
2892 5025 3196 5094 ponliliccm
3227 5036 3283 5083 et
3329 5030 3506 5086 dictus
3547 5042 3627 5087 est
3665 5030 3911 5085 Bonifacius

2388 5114 2619 5179 tertius;
2666 5123 2724 5169 at
2756 5115 2822 5170 ad
2851 5117 3015 5171 breve
3047 5127 3258 5188 tempus
3285 5119 3578 5178 Ecclesiam
3611 5124 3750 5177 rexit.
3778 5121 3907 5187 Quam

2389 5217 2642 5276 acceptus
2668 5207 2827 5262 fuerit
2850 5208 3042 5263 Phocm
3072 5210 3199 5265 inde
3218 5213 3537 5282 colligimus,
3559 5216 3693 5283 quod
3721 5210 3910 5282 pontifex

2388 5309 2605 5354 creatus
2653 5301 2972 5369 obtinuerit,
3018 5302 3045 5340 ι’
3093 5312 3153 5357 ut
3201 5303 3797 5377 Constantirwpolitanns
3841 5318 3911 5371 pa-

2390 5391 2623 5445 triarcha
2653 5391 3044 5446 (ccumenicum
3066 5408 3126 5447 se
3154 5394 3334 5449 dicere
3360 5397 3638 5451 desineret.

2464 5482 2513 5535 7.
2546 5482 2604 5535 ιιι
2632 5483 2861 5552 epistola
2912 5483 2981 5537 ad
3016 5484 3269 5551 Pbocam,
3294 5489 3443 5557 cujus
3480 5490 3613 5542 lator
3658 5488 3744 5538 fuit
3782 5496 3909 5536 novus

2392 5576 2790 5645 apocrisiarius,
2824 5577 3184 5632 miserabilem
3238 5579 3399 5636 Italia:
3438 5589 3626 5635 statum
3670 5579 3905 5646 deplorat:

2464 5715 2488 5754 h
2525 5711 2654 5768 Vide
2681 5728 2800 5783 qua:
2828 5714 3058 5769 diximus
3076 5733 3236 5786 supra
3268 5719 3357 5774 lib.
3387 5736 3459 5783 ιιι,
3490 5734 3538 5773 c.
3576 5717 3620 5785 l,
3648 5734 3695 5770 n.
3730 5715 3798 5768 l5.
