3976 6302
90 248 176 305 455

528 244 580 299 S.
621 242 943 298 GREGORII
989 242 1200 299 MAGNI
1242 245 1423 307 VITA,
1470 244 1561 298 EX
1605 245 1767 301 EJUS
1806 246 2114 305 SCRIPTIS
2154 251 2547 311 ADORNATA.
2597 257 2722 311 LIB.
2766 258 2857 313 IV.

3208 264 3314 320 45"

88 365 307 430 turaliter,
347 360 535 429 inquit,
560 360 870 431 quotidianis
897 363 1084 434 gladiis
1114 372 1161 417 et
1183 366 1389 436 quantis
1421 363 1625 435 Lango-
1659 373 1693 421 Λ
1726 381 1819 419 nec
1855 375 1933 419 est
1958 370 2094 438 quod
2123 370 2177 423 in
2206 387 2267 424 eo
2296 375 2561 427 canonicte
2599 374 2936 433 districtionis
2952 379 3211 449 judicium
3229 400 3317 437 re-

87 458 324 509 bardorum
353 450 750 517 incursionibus,
779 468 895 507 ecce
912 455 1027 524 jam
1050 472 1140 525 per
1168 458 1381 527 triginta
1409 460 1629 528 quinque

87 558 303 597 annorum
342 542 712 611 longitudinem
741 545 1042 613 premimur,
1066 546 1223 599 nullis
1263 548 1471 615 explere
1514 565 1633 619 sug-

86 635 293 707 gestiosis
319 632 524 687 vocibus
551 634 774 688 valemus
802 633 942 706 (Lib.
973 652 1085 701 xm,
1118 654 1200 707 ep.
1230 637 1342 705 55).

139 728 263 783 Sane
308 740 373 779 ex
402 723 626 793 epistola
677 725 743 779 ad
787 724 1141 795 Smaragdum
1186 728 1475 783 exarchum
1525 730 1628 783 hoc

89 834 202 875 anno
246 815 444 884 scripta
500 824 833 883 compertum
890 817 1148 873 habemus
1198 818 1416 875 bellum.
1451 819 1627 875 adhuc

89 911 215 965 luisse
232 920 346 961 cum
372 904 753 975 Langobardis,
767 908 865 961 etsi
890 910 1211 975 quandoque
1237 910 1461 964 induciis
1490 927 1626 981 pau-

89 1012 233 1055 corum
258 995 462 1051 dierum
509 996 968 1053 intermitteretur.
1003 998 1201 1053 Eadem
1232 1002 1459 1069 epistula
1488 1018 1627 1072 pene

89 1088 326 1161 persuadet
353 1086 579 1142 Pisanos
594 1087 703 1157 jam
731 1098 859 1144 tunc
890 1089 1050 1146 fuisse
1080 1094 1159 1147 sui
1184 1094 1335 1159 juris,
1368 1096 1628 1163 potuisse-

88 1197 166 1249 que
189 1194 275 1249 pro
304 1179 530 1233 arbitrio
558 1181 707 1249 pacis
734 1179 930 1236 foedera
963 1182 1099 1238 inire
1127 1192 1222 1237 a'ut
1250 1184 1447 1238 bellum
1488 1186 1623 1239 indi-

87 1288 194 1330 cere.
233 1272 300 1325 De
329 1284 516 1323 eorum
541 1270 873 1326 dromonibus
900 1272 969 1324 ad
1007 1274 1371 1344 egrediendum
1390 1275 1506 1344 jam
1530 1292 1625 1343 pa-

87 1368 181 1421 rntis
216 1362 403 1418 ibidem
442 1362 503 1417 S.
542 1362 833 1432 Gregorius
861 1366 1105 1420 meminit
1138 1384 1151 1419 :
1182 1367 1325 1421 unde
1366 1367 1624 1421 discimus

87 1476 154 1514 eos
176 1457 295 1513 mari
326 1456 491 1511 fuisse
514 1464 894 1527 prmpotentes.
928 1456 1155 1514 Eosdem
1186 1458 1258 1513 ad
1288 1474 1471 1528 pacem
1501 1476 1623 1513 cum

90 1549 296 1605 llomanis
322 1547 610 1603 iucundam
636 1548 882 1604 hortatus
911 1549 1086 1604 fuerat
1104 1566 1344 1605 summus
1360 1551 1621 1621 pontifex,

89 1646 210 1698 misso
249 1643 450 1710 legato;
474 1642 573 1695 sed
619 1642 865 1697 obtinere
892 1642 1023 1698 nihil
1068 1644 1265 1713 potuit,
1295 1643 1441 1712 quod
1490 1660 1625 1697 nun-

87 1734 276 1788 tiandum
305 1734 514 1803 putavit
544 1734 804 1788 exarcho.

136 1847 178 1901 8.
208 1847 361 1901 Paulo
397 1853 559 1901 antea
608 1845 1006 1914 Theodericus,
1037 1846 1368 1902 Francorum
1420 1862 1537 1911 rex,
1569 1845 1622 1900 in

90 1936 357 2005 llmgundia,
387 1936 612 1991 miserat
640 1936 848 2001 legatos
889 1936 955 1992 ad
984 1936 1177 2008 papam
1209 1939 1441 1994 illustres
1460 1938 1623 1994 ’viros

90 2029 387 2098 Burgoaldum
430 2037 487 2083 et
510 2029 988 2097 Varmaricarium,
1018 2041 1076 2085 ut
1123 2046 1189 2085 eo
1238 2031 1483 2098 adjutore
1529 2048 1621 2101 pa-

87 2136 170 2174 cem
192 2133 298 2171 cum
329 2118 662 2188 imperatore
687 2135 751 2175 ac
781 2121 1049 2189 republica
1082 2121 1322 2175 Romana
1353 2120 1529 2177 facere.
1558 2139 1623 2177 ac

88 2211 272 2264 stabilire
298 2216 494 2279 posset.
532 2209 797 2264 Laudavit
834 2211 950 2277 ejus
978 2212 1257 2266 consilium
1292 2212 1623 2280 sapientissi-

90 2316 172 2353 mus
195 2308 347 2367 pater,
374 2315 710 2370 operamque
739 2316 889 2354 suam
933 2301 998 2354 ad
1030 2301 1081 2356 id
1121 2302 1480 2371 praestandum
1515 2302 1625 2367 pol-

91 2395 218 2445 licitus
243 2401 316 2445 est
344 2390 483 2460 (Lib.
514 2408 632 2451 xru.
657 2409 737 2463 ep.
775 2392 851 2462 '7).
876 2390 1126 2447 Fortasse
1152 2394 1262 2459 jam
1294 2394 1623 2449 dissidebant

89 2484 162 2534 duo
202 2482 395 2546 fratres,
430 2480 875 2548 Theodebertus,
924 2483 1390 2540 Austrasianorum
1421 2500 1536 2548 rex,
1568 2494 1625 2539 et

89 2577 409 2639 Theodericus,
440 2576 531 2641 qui
581 2577 874 2646 prudenter
918 2578 1206 2632 amicitiam
1254 2578 1619 2632 Romanorum

88 2669 319 2723 amh'ebat.
362 2667 609 2724 Favebat
656 2669 779 2723 huic
824 2668 1178 2725 Brunr’childis
1224 2672 1362 2732 avia,
1414 2670 1619 2729 infensa

90 2758 403 2813 Tliendeberto
428 2758 639 2826 nepoti,
661 2759 751 2828 qui
784 2759 1002 2812 tandem
1035 2760 1228 2829 duplici
1261 2760 1445 2828 ιιι-ωηο
1475 2759 1623 2815 fusus

91 2850 370 2917 fugatusque,
403 2865 431 2903 a
475 2851 591 2905 suis
623 2851 832 2906 occisus
870 2858 952 2905 est
990 2852 1209 2906 victoris
1236 2852 1464 2921 gratiam
1505 2850 1622 2921 ejus

90 2939 221 3006 capite
242 2940 459 2993 mercari
481 2940 815 2995 volentibus.

140 3030 314 3085 [δηιξῶιὶ
335 3032 492 3099 legati
518 3032 656 3100 jussi
679 3034 893 3086 fuerant
919 3047 947 3085 a
979 3032 1318 3088 Bruuichilde
1339 3034 1620 3087 consulere

92 3140 235 3191 pttpztm
270 3126 332 3179 de
356 3098 593 3195 quodam
620 3124 876 3194 episcopo
918 3138 1076 3192 quem
1106 3123 1297 3192 capitis
1339 3121 1618 3178 infirmitas
1648 3098 1692 3159 Ο

94 3215 402 3269 mlniinistrare
447 3230 609 3270 suum
658 3214 891 3269 olliciu-n
944 3229 1052 3267 non
1100 3214 1331 3268 sinebat.
1378 3216 1621 3269 Alienata

95 3312 214 3356 mente
238 3303 386 3358 luisse
423 3305 574 3359 hunc
602 3304 913 3373 episcopum
944 3306 1102 3358 docet
1150 3320 1248 3359 nos
1277 3306 1502 3375 epistola
1550 3308 1616 3358 ad

95 3393 307 3449 Etherium
322 3395 731 3464 Lugdunensem
762 3410 825 3450 ea
843 3395 909 3449 de
937 3410 996 3450 re
1025 3396 1241 3465 rcripta,
1259 3398 1310 3451 in
1332 3413 1435 3465 qua
1456 3400 1531 3453 sic
1553 3399 1619 3452 ad

92 3487 377 3550 ipsestionem
399 3487 734 3554 propositam
756 3486 1048 3556 respondet
1070 3506 1082 3539 :
1111 3487 1245 3552 Quia
1264 3490 1458 3543 vivente
1484 3492 1621 3560 epis-

92 3594 183 3644 (Ope
199 3595 331 3648 quem
351 3578 412 3632 ab
429 3580 600 3650 ofﬁcio
622 3596 714 3634 suo
738 3581 1020 3634 necessitas
1040 3580 1360 3650 infirmitatis
1389 3596 1491 3634 non
1514 3582 1615 3634 cri-

95 3685 175 3721 tuen
192 3670 396 3738 abducit,
424 3674 593 3727 alium
622 3672 735 3727 loco
764 3672 900 3743 ejus,
932 3672 1036 3726 nisi
1058 3681 1330 3725 recusante
1366 3688 1445 3737 eo,
1476 3671 1623 3725 nulla

93 3761 183 3813 sinit
218 3765 340 3817 ratio
386 3765 654 3829 ordinari,
685 3764 733 3818 si
758 3765 1034 3818 intervalla
1062 3764 1387 3835 aegritudinis
1435 3765 1624 3818 habere

92 3863 144 3903 est
179 3855 353 3919 solitus,
378 3858 493 3926 ipse
539 3856 665 3909 data
693 3857 935 3925 petitione
979 3871 1083 3909 non
1109 3872 1163 3908 se
1188 3856 1405 3908 ulterius
1434 3856 1504 3908 ad
1530 3856 1625 3908 hoc

92 3944 392 4009 ministerium,
414 3947 791 4003 intellectualia
812 3963 993 4016 nempe
1006 3946 1178 4016 officia
1208 3944 1525 3999 subvertente
1543 3947 1626 3999 in-

92 4036 315 4103 firmitate,
344 4057 494 4109 posse
527 4041 753 4111 fateatur
776 4054 1068 4109 assurgere,
1111 4046 1159 4090 ct
1197 4038 1357 4090 alium
1392 4038 1502 4090 loco
1532 4054 1625 4093 suo

92 4138 253 4196 expetat
288 4132 655 4186 ordinandum.
701 4128 813 4195 Quo
849 4132 1021 4201 facta,
1063 4129 1293 4183 omnium
1330 4128 1627 4182 solemniler

92 4220 303 4277 electione.
335 4225 465 4277 alter
494 4224 581 4293 qui
632 4223 818 4293 dignus
861 4222 1014 4293 fuerit
1061 4220 1331 4291 episcopus
1359 4235 1627 4272 consecre-

93 4321 189 4366 tur:
214 4316 279 4369 sic
305 4325 468 4370 tamen
500 4324 557 4369 ut
595 4331 855 4386 quousque
884 4314 1116 4366 eumdem
1142 4313 1432 4381 episcopum
1457 4311 1510 4363 in
1532 4309 1628 4363 hoc

93 4404 240 4459 iaculo
277 4408 375 4460 rita
404 4408 648 4472 tenuerit,
679 4414 911 4475 sumptus
938 4405 982 4457 ei
1031 4402 1188 4455 debiti
1229 4407 1290 4453 de
1314 4400 1493 4452 eadem
1525 4397 1623 4451 Ec—

1731 457 2047 527 prehendat,
2096 462 2167 515 ad
2220 463 2532 519 destinatum
2566 468 2801 522 ordinem
2830 486 2931 524 non
2961 472 3113 526 aliter
3137 474 3241 528 nisi
3267 483 3318 530 te

1728 553 2004 608 ordinante
2033 567 2295 624 perveniat
2317 556 2457 626 (Lib.
2486 575 2600 623 xm,
2623 577 2705 631 ep.
2731 559 2807 628 5).

1800 644 2092 700 Consultus
2120 648 2187 701 ab
2216 649 2405 702 eadem
2434 652 2620 719 regina
2649 651 2707 708 S.
2738 652 3031 722 Gregorius
3052 655 3121 711 de
3160 656 3316 723 biga-

1729 753 1818 790 mo
1848 756 1916 792 an
1946 740 2017 793 ad
2044 758 2249 795 sacrant
2280 744 2511 798 ordinem
2541 756 2710 815 posset
2736 749 3009 815 accedere,
3038 750 3315 817 respondit

1727 827 1779 881 id
1799 828 1948 896 juxta
1973 833 2286 886 canonicam
2314 835 2552 902 regulam
2583 839 2801 892 minime
2825 839 2939 894 fieri
2963 839 3179 895 debere.
3209 840 3315 893 Po-
3368 896 3377 909 κ

1728 919 1945 973 stulanti
1972 931 2153 975 autem
2182 930 2239 974 ut
2281 924 2571 993 privilegiis
2602 929 2811 983 munire
2856 930 3170 998 dignaretur
3198 948 3317 985 mo-

1730 1010 2022 1065 nasterium
2060 1013 2117 1067 S.
2165 1013 2379 1069 Martini
2420 1017 2473 1070 in
2514 1018 2771 1074 suburbio
2822 1021 3311 1089 Augustodunenei.

1728 1101 1872 1156 aliud
1898 1105 2282 1158 monasterium
2314 1107 2627 1161 ancillarum
2662 1110 2786 1177 Dei,
2817 1120 2873 1164 et
2915 1114 3311 1170 xenodochium

1727 1208 1846 1261 quae
1875 1192 1928 1246 in
1955 1192 2145 1247 eadem
2176 1195 2309 1249 urbe
2337 1198 2698 1253 construenda
2720 1214 3019 1268 curaverat,
3040 1205 3269 1261 libenter
3291 1218 3312 1245 ἰ

1726 1283 1913 1337 annuit
1940 1284 2061 1353 pius
2086 1283 2353 1341 Pontifex.

1797 1374 1849 1428 9.
1882 1374 2104 1429 Gratum
2130 1392 2188 1432 se
2220 1376 2475 1433 facturam
2503 1379 2912 1449 vigilantissimo
2942 1385 3106 1439 totius
3128 1384 3314 1441 Eccle-

1725 1466 1818 1520 βίω
1846 1467 2046 1534 pastori
2078 1469 2279 1537 putavit
2307 1470 2513 1537 regina,
2542 1471 2713 1541 ipsum
2740 1473 2973 1540 rogando
2996 1484 3053 1529 ut
3082 1476 3312 1539 legatum

1726 1557 1964 1611 mitteret
2014 1558 2064 1611 in
2097 1558 2327 1627 Gallias,
2376 1562 2465 1629 qui
2509 1564 2649 1632 facta
2698 1565 2917 1634 synodo,
2968 1576 3153 1620 cuncta
3200 1585 3315 1637 qua:

1726 1655 1908 1701 contra
1954 1650 2336 1703 secretissimos
2378 1668 2600 1706 canones
2643 1655 3095 1723 perpetrabantur,
3142 1667 3317 1727 posset

1657 1740 1701 1797 B
1731 1740 2007 1808 corrigere.
2032 1739 2161 1792 Nam
2193 1740 2244 1793 id
2277 1741 2376 1810 ipsi
2408 1743 2640 1796 maxime
2666 1743 2716 1796 in
2746 1753 2876 1797 γυῑο
2898 1755 3033 1811 erat,
3060 1761 3115 1799 ut
3146 1748 3313 1816 liquet

1722 1842 1788 1881 ex
1821 1836 1900 1883 tot
1940 1830 2182 1899 epistol‘s
2225 1847 2365 1900 quas
2388 1848 2450 1885 ea
2494 1833 2560 1887 de
2608 1850 2665 1887 re
2707 1836 3075 1905 superioribus
3104 1838 3128 1875 ιι
3157 1841 3313 1895 annis

1720 1919 2010 1988 scripserat
2037 1921 2104 1974 ad
2144 1921 2389 1975 eamdem
2432 1924 2692 1991 reginam,
2726 1939 2880 1993 rcges
2927 1935 2982 1979 et
3025 1927 3312 1998 episcopos

1721 2008 2011 2065 Galliarum
2037 2027 2196 2080 quam
2235 2014 2515 2083 plurimos.
2568 2013 2754 2083 itaque
2811 2014 3120 2083 Gregorius.
3176 2020 3311 2075 actis

1722 2101 1923 2169 regina:
1963 2102 2169 2169 gratiis,
2197 2104 2483 2171 respondet
2513 2112 2638 2172 apto
2670 2115 2910 2174 tempore
2940 2123 2997 2160 se
3023 2109 3308 2163 missurum

1722 2194 1954 2263 aliquem
1985 2195 2075 2263 qui
2105 2195 2366 2265 synodum
2398 2206 2648 2263 cogeret,
2679 2196 2902 2265 eju~que
2933 2200 3015 2266 pia
3047 2200 3308 2255 desideria

1721 2301 1780 2340 se
1809 2287 2149 2357 impleturum
2180 2288 2451 2357 pollicitus
2478 2298 2579 2342 est.
2606 2288 2758 2345 Nulla
2804 2298 2980 2345 tamen
3012 2302 3197 2346 coacta
3228 2302 3311 2348 est

1721 2380 1959 2450 synolus
1988 2381 2038 2433 in
2089 2378 2275 2435 Galliis
2302 2380 2393 2449 qui
2442 2380 2573 2434 cieri
2620 2381 2937 2447 corruptelis
2984 2382 3307 2450 mederetur,

1723 2472 1825 2525 nisi
1868 2480 1989 2539 post
2013 2488 2182 2526 annos
2225 2472 2334 2525 fere
2358 2472 2610 2539 triginta,
2641 2473 2888 2528 civilibus
2916 2474 3070 2531 bellis
3111 2477 3308 2531 bonum

1722 2562 1827 2616 hoc
1852 2576 1987 2628 Opus
2018 2562 2451 2631 impedientibus.

1794 2652 1880 2706 10.
1914 2653 1986 2705 De
2035 2654 2371 2708 resarcienda
2421 2655 2471 2708 in
2519 2652 2668 2708 Italia
2729 2654 2978 2711 Ecclesia:
3024 2656 3304 2725 disciplina

1723 2740 1983 2808 majorem
2016 2741 2192 2795 adhuc
2232 2743 2643 2799 sollicitudinem
2685 2747 2908 2811 gerebat
2944 2747 3310 2803 sanctissimus

1721 2842 1894 2902 pater.
1922 2832 1996 2885 De
2020 2833 2329 2887 amovendis
2354 2849 2382 2885 a
2416 2833 2755 2887 sacerdotum
2784 2835 3119 2903 aliorumque
3147 2837 3307 2891 clerio

1722 2942 1909 2980 corum
1941 2926 2295 2980 contubernio
2334 2926 2646 2981 mulieribus
2686 2928 2957 2981 extraneis
2984 2928 3196 2998 scripsit
3241 2930 3310 2983 ad

1722 3018 2106 3091 Chrysantum,
2136 3018 2484 3086 Spoletanum
2514 3020 2711 3088 episcol
2736 3036 2844 3086 um,
2870 3029 2925 3075 et
2953 3020 3023 3074 ad
3052 3022 3310 3091 plurimos

1724 3112 1859 3166 alios
1910 3110 2046 3181 (Lib.
2074 3127 2184 3175 xm,
2215 3128 2329 3180 epp.
2364 3111 2431 3163 36
2460 3120 2513 3163 et
2539 3109 2666 3175 55);
2697 3120 2857 3180 atque.
2909 3112 2974 3165 ad
3030 3113 3080 3166 id
3131 3111 3310 3185 Optati

1723 3203 2025 3259 defensoris
2048 3219 2268 3271 operam
2298 3203 2558 3257 adhibuit.
2593 3202 2851 3273 Pszecepit
2880 3205 3164 3261 Anthemio
3186 3209 3313 3261 sub-

1722 3294 1954 3349 diacono
2005 3303 2061 3347 ut
2087 3293 2392 3363 Campania:
2440 3295 2723 3364 episcopos
2750 3297 3315 3361 convocaret,‘admo-

1725 3395 1986 3453 neretque
2032 3385 2194 3441 officii
2227 3387 2331 3453 sui,
2360 3387 2513 3454 cujus
2543 3388 2887 3444 immemores
2913 3405 3033 3445 esse
3063 3390 3316 3445 videban-

1725 3487 1813 3533 tur
1842 3479 2004 3552 (lbid.
2024 3520 2038 3541 .
2072 3498 2189 3550 epp.
2218 3480 2287 3533 27
2318 3490 2372 3536 et
2394 3479 2508 3549 26).
2539 3479 2596 3535 Si
2634 3496 2763 3536 vero
2792 3481 2911 3551 quis
2940 3491 3127 3552 postea
3148 3484 3315 3537 semel

1723 3570 2031 3625 admonitus
2076 3571 2353 3639 negligens
2404 3571 2677 3626 exstiterit
2720 3587 2784 3625 ac
2834 3572 3161 3639 desidiosus,
3198 3575 3317 3629 vult

1723 3672 1783 3717 ut
1813 3662 2036 3717 Romam
2067 3662 2479 3726 transmittatur,
2521 3663 2812 3718 districtius
2837 3665 3157 3733 puniendus.
3190 3665 3317 3721 Pas-

1725 3754 1938 3809 chasius
1965 3754 2251 3823 episcopus
2275 3767 2384 3821 prie
2408 3753 2616 3807 eteteris
2636 3753 2749 3807 otio
2772 3761 2988 3821 torpere
3010 3751 3316 3816 ferebatur;

1726 3844 1866 3898 unde
1903 3843 2056 3912 jubet
2090 3841 2380 3896 Anthemio
2409 3849 2467 3894 ut
2506 3856 2628 3894 eum
2670 3839 2738 3894 de
2776 3840 3098 3910 negligentia
3131 3856 3315 3896 coram

1725 3936 1941 3991 selectis
1977 3933 2199 3989 testibus
2227 3932 2501 4001 corripiat.
2534 3930 2589 3985 Si
2623 3946 2753 3985 vero
2793 3931 3050 3987 desidiam
3087 3948 3194 3987 non
3223 3947 3321 3988 ex-

1727 4030 1926 4094 cutiat,
1958 4027 2185 4081 Romam
2229 4024 2517 4079 transmitti
2568 4024 2815 4094 praecipit
2865 4025 3106 4082 severius
3156 4026 3320 4081 casti-

1764 4119 1979 4174 andum.

1764 4135 1979 4174 anuum.

1727 4135 1760 4190 Β
1800 4210 1884 4264 ll.
1919 4209 1975 4263 In
1997 4206 2252 4264 Ecclesiae
2282 4205 2540 4260 Romanae
2585 4203 2861 4260 actoribus
2889 4212 2941 4258 et
2972 4206 3320 4262 conductori-

1733 4304 1836 4357 bus
1884 4300 2098 4356 fraudes
2126 4313 2316 4353 omnes
2345 4312 2450 4351 non
2491 4295 2654 4365 modo
2683 4295 3012 4365 vindicabat,
3042 4297 3136 4351 sed
3159 4298 3319 4352 etiam

1730 4395 1924 4450 damna
1975 4406 2162 4447 ecrum
2205 4389 2480 4444 fraudibus
2518 4387 2726 4444 colonis
2776 4387 2922 4441 illata
2975 4389 3322 4446 resarciebat.

93 4494 215 4547 clesia
233 4496 601 4550 ministrentur.
634 4468 918 4548 'Enim'vcro
940 4492 985 4547 si
1012 4493 1153 4545 nullo
1181 4500 1410 4558 tempore
1437 4488 1506 4541 ad
1536 4504 1623 4542 sa-
1659 4468 1698 4523 θ
1730 4484 1867 4540 Hinc
1913 4481 2146 4537 laudavit
2196 4479 2580 4534 Pantaleonem
2637 4477 2945 4548 patrimonii
2996 4477 3321 4548 Syracusani

94 4597 155 4634 me
173 4586 287 4637 redit
312 4587 498 4639 mentis
527 4586 766 4654 cilicium.
800 4599 1018 4653 persona
1047 4581 1217 4648 ﬁdelis
1256 4596 1317 4632 ac
1360 4579 1477 4633 vita:
1501 4594 1628 4648 pro-

95 4670 238 4728 babilis
263 4685 335 4729 est
356 4676 617 4746 eligenda,
650 4689 765 4745 qua:
792 4674 859 4725 ad
886 4673 1112 4742 regimen
1155 4668 1409 4723 Ecclesia:
1442 4669 1627 4721 idonea

94 4766 218 4828 possit
241 4768 475 4832 existere,
507 4778 657 4837 atque
695 4766 758 4819 de
796 4767 1092 4818 animarum
1117 4764 1340 4815 utilitate
1381 4763 1628 4832 cogitare,

95 4853 300 4923 inquietos
326 4858 415 4911 sub
437 4858 726 4928 disciplina:
746 4857 944 4910 vinculo
972 4856 1345 4924 constringere,
1367 4853 1635 4906 ecclesias-

98 4947 275 5003 ticarum
300 4968 466 5005 rerum
494 4967 671 5003 curam
699 4964 891 5020 gerere,
923 4958 969 5000 et
995 4958 1252 5000 maturum
1283 4954 1433 5014 atque
1460 4946 1633 5014 effica-

96 5055 179 5092 cem
201 5056 249 5093 se
267 5042 317 5095 in
343 5043 579 5096 omnibus
601 5041 859 5095 exhibere.
887 5038 986 5102 Qui
1014 5039 1167 5091 etiam
1197 5038 1241 5091 si
1262 5039 1523 5107 episcopo,
1546 5037 1633 5106 qui

98 5146 203 5185 nunc
244 5142 489 5203 aegrotat,
515 5140 771 5202 superstes
815 5129 1101 5197 exstiterit,
1133 5129 1246 5183 loco
1286 5129 1398 5199 ejus
1450 5127 1633 5180 debeat

99 5223 364 5275 (anteet..ri.
386 5222 754 5276 Ordinationes
781 5236 899 5273 vero
927 5218 1337 5289 presbyterorum
1365 5218 1442 5271 vel
1469 5217 1638 5269 diaco-

101 5324 270 5377 norum,
292 5328 375 5365 seu
402 5314 611 5367 alterius
634 5312 833 5367 ordinis
851 5352 867 5378 ,
894 5311 938 5364 si
964 5312 1078 5381 ﬁeri
1105 5312 1159 5364 in
1194 5310 1375 5364 eadem
1403 5308 1639 5362 Ecclesia

101 5416 224 5454 t'Cltttt
241 5407 535 5473 pOposcerit,
559 5405 877 5475 fraternitati
900 5411 1002 5457 tua:
1022 5405 1220 5457 noveris
1242 5402 1637 5456 reservandum:

104 5504 307 5555 quatenus
334 5499 375 5550 si
408 5507 504 5551 true
531 5506 606 5551 est
635 5496 940 5560 diaeccseos,
967 5495 1030 5547 de
1059 5496 1171 5564 ejus
1199 5495 1285 5563 qui
1321 5492 1389 5545 ad
1423 5493 1518 5545 hoc
1546 5492 1640 5544 eli-

106 5585 209 5649 gitur
231 5589 343 5653 vita,
373 5590 625 5655 moribus,
656 5597 871 5659 ortuque
898 5592 1184 5661 perquiras.
1215 5586 1281 5640 Et
1300 5589 1343 5641 si
1372 5586 1641 5657 placuerit,

162 5732 178 5753 ³
201 5720 402 5777 Exstant
430 5725 536 5781 hsce
566 5725 841 5796 privilegia
868 5726 919 5778 in
943 5740 1065 5795 epp.
1099 5724 1150 5789 8,
1183 5720 1234 5787 9,
1262 5721 1344 5773 lt).

1729 4583 2021 4634 rectorem.
2073 4570 2217 4642 quod
2270 4569 2513 4639 fregisset
2538 4568 2798 4633 mod'um,
2828 4583 2936 4637 quo
2988 4569 3166 4622 coloni
3218 4569 3326 4624 fru-

1733 4677 1913 4722 menta
1936 4665 2065 4719 dare
2090 4662 2578 4733 cumpellebanlur,
2598 4660 2723 4728 quia
2754 4658 2987 4713 debitam
3015 4674 3320 4716 mensuram

1736 4760 2067 4823 excedebat;
2114 4756 2382 4826 jussitque
2429 4752 2710 4823 pecuniam
2759 4766 2829 4806 ex
2886 4749 3085 4818 injusto
3138 4752 3321 4806 modio

1740 4861 2051 4921 perceptam
2107 4845 2312 4901 colonis
2359 4842 2764 4913 pauperioribus
2808 4850 3022 4897 secreto
3069 4842 3320 4898 distribui

1713 4980 1717 4986 -
1741 4942 1882 5014 (Lib.
1906 4955 2018 5004 xm,
2049 4954 2132 5007 ep.
2156 4934 2271 5003 54).

1808 5031 1895 5085 12.
1926 5031 2083 5085 Certe
2103 5042 2263 5096 quam
2288 5024 2494 5078 alienus
2521 5031 2664 5078 esset
2691 5023 2758 5077 ab
2780 5022 3091 5077 invadendis
3119 5038 3325 5093 paupr-

1739 5140 1858 5177 rum
1887 5120 2060 5181 bonis,
2090 5116 2283 5188 probat
2325 5115 2442 5182 ejus
2485 5114 2717 5169 studium
2774 5112 3092 5167 incredibile
3141 5113 3193 5170 in
3247 5114 3323 5166 fa-

1740 5212 1929 5270 cienda
1956 5211 2317 5278 eleemosyna.
2348 5205 2440 5260 Sic
2468 5203 2775 5274 expostulat
2796 5216 2918 5256 cum
2957 5200 3171 5256 Iuliano
3207 5202 3325 5256 viro

1742 5302 1932 5360 illustri
1984 5301 2053 5353 ob
2090 5296 2475 5365 dissimulatam
2524 5309 2595 5349 ex
2641 5291 2963 5347 verecundia
3017 5290 3252 5360 inopiam
3305 5310 3319 5346 :

1742 5395 1946 5451 Certum
1979 5400 2074 5457 est,
2098 5388 2296 5457 inquit,
2328 5385 2447 5457 quia
2471 5386 2636 5437 minus
2666 5391 2871 5436 amatur
2901 5384 2987 5455 qui
3016 5385 3182 5437 adhuc
3207 5401 3323 5439 eru-

1744 5487 1984 5541 bescitur.
2011 5483 2172 5550 Atque
2200 5474 2497 5532 omnimodo
2524 5472 2859 5527 contristatus
2882 5491 3015 5539 sum,
3041 5475 3160 5547 quia
3181 5492 3263 5530 me
3292 5494 3323 5530 α

1742 5577 1883 5633 vobis
1927 5572 2150 5641 comperi
2193 5569 2363 5624 minus
2411 5584 2563 5640 quam
2610 5566 2968 5638 testimauerim
3013 5569 3207 5625 amari.
3255 5569 3322 5626 In

1811 5714 1838 5753 ι»
1865 5712 2094 5767 Maxime
2119 5722 2261 5763 anno
2288 5704 2631 5778 pontificatus
2656 5705 2735 5762 sui
2765 5689 2931 5763 nono.
