3976 6306
663 255 771 312 4Ξῦ

1125 250 1184 307 8.
1210 248 1554 325 ,ΟΠΕΟΟΒΙΙ
1594 245 1806 302 MAGNI
1849 243 2035 310 VITA,
2081 241 2169 296 EX
2212 240 2377 297 EJUS
2419 238 2730 296 SCRIPTIS
2773 235 3173 295 ADORNATA.
3217 239 3346 294 LIB.
3394 239 3486 295 ιν.
3827 250 3900 308 λεδ

663 367 762 422 hoc
809 372 984 418 autem
1025 363 1175 418 valde
1215 378 1296 416 me
1343 359 1640 425 continetis,
1688 358 1733 411 si
1779 355 2030 410 mercedis
2078 370 2261 408 causas
2288 357 2339 414 Λ
2367 351 2692 422 cxplodens,
2722 351 2874 421 cujus
2921 361 3172 407 auctores
3215 352 3532 410 Antichristi
3578 357 3901 426 [ii-adiutores

662 458 826 526 302
873 455 1001 510 mihi
1052 452 1261 507 assidue
1302 447 1649 521 providendas
1698 445 1925 499 studiose
1976 442 2252 516 requiritis.

666 550 780 604 Nec
807 550 944 604 vobis
971 547 1116 600 debet
1143 561 1254 599 esse
1292 541 1610 596 verecundia:
1647 540 1696 592 ei
1717 538 1914 610 aliquid
1943 537 2008 591 de
2038 537 2258 590 eleemo-

663 643 806 711 syrtis
857 642 1151 705 importune
1180 635 1366 694 dicere,
1401 647 1549 701 quem
1596 637 1798 684 constat
1830 645 1931 682 non
1982 643 2066 680 res
2111 641 2252 689 suas,

662 732 755 785 sed
775 731 844 784 ad
871 727 1296 796 dispensandum,
1330 739 1410 776 res
1439 738 1722 791 pauperum
1750 719 1956 772 ltabere.
1985 717 2064 770 De
2086 717 2256 769 causis

662 827 832 890 itaque
854 819 1102 874 mercedis
1133 815 1270 885 apud
1301 815 1594 882 episcopum
1621 812 1778 866 libere
1808 827 1960 880 agere
1988 806 2252 870 debuistis,

661 913 862 965 etiamsi
892 925 1058 962 meum
1101 908 1331 958 animum
1360 904 1529 976 qualis
1559 903 1614 956 in
1649 919 1826 955 amore
1853 909 2020 953 vestro
2064 899 2256 952 existe-

661 993 736 1054 ret
765 999 1049 1053 nesciretis.
1090 996 1367 1066 Postquam
1396 995 1532 1047 enim
1574 1002 1623 1046 et
1662 1009 1756 1046 nos
1786 992 1997 1045 omnino
2031 989 2255 1060 gloriam

659 1102 882 1145 vestram
922 1089 1220 1158 diligimus,
1252 1095 1300 1140 et
1351 1085 1731 1154 dispensatoris
1774 1083 1944 1136 locum
1985 1081 2039 1134 in
2084 1079 2253 1145 rebus,

661 1186 790 1237 sicut
815 1183 980 1249 scitis,
1004 1195 1286 1251 pauperum
1311 1191 1567 1240 tenemus;
1588 1184 1777 1238 uestra,
1805 1175 1988 1243 fateor,
2009 1187 2254 1225 verecun-

661 1279 750 1330 a'ia
777 1276 925 1330 valde
954 1273 1262 1328 arcusabilis
1292 1272 1409 1342 fuit.
1453 1267 1619 1332 Quam
1647 1268 1763 1320 ideo
1794 1275 1866 1319 tot
1895 1264 2058 1318 verbis
2087 1265 2256 1318 incre-

661 1368 836 1438 pando
864 1368 1124 1437 insequor,
1149 1371 1204 1416 ut
1235 1363 1367 1415 hanc
1396 1378 1426 1414 a
1448 1357 1600 1414 corde
1639 1366 1805 1412 vestro
1837 1356 2067 1426 funditus
2089 1357 2256 1425 repel-

662 1460 767 1513 lum
791 1459 928 1526 (Lib.
962 1475 1084 1518 xm,
1109 1473 1190 1523 ep.
1226 1453 1338 1523 l9).
1369 1451 1443 1506 Ex
1486 1451 1713 1521 epistola
1745 1449 1812 1503 ad
1859 1447 2252 1502 Pantaleonem

661 1553 914 1608 discimus
935 1548 1379 1620 patrimoniorum
1406 1553 1644 1599 rectores
1671 1541 1811 1612 apud
1837 1539 2255 1595 sacratissimum

663 1660 862 1714 corpus
890 1644 1032 1698 beati
1063 1640 1203 1695 Petri
1225 1637 1597 1709 jusjurandum
1633 1636 1760 1690 olim
1788 1634 2103 1704 prtubuisse.

733 1733 868 1789 Cum
895 1731 1115 1803 pr0pria
1143 1729 1474 1785 auctoritate
1495 1725 1837 1797 imperatoris
1857 1724 2132 1779 ministros
2155 1723 2258 1793 pri-
2287 1741 2335 1802 Β

657 1835 908 1881 vatorum
940 1823 1118 1890 bonis,
1147 1820 1394 1875 utilitatis
1419 1819 1646 1889 publica:
1675 1816 1912 1881 nomine,
1935 1813 2252 1869 insidiantes

658 1932 915 1975 coercere
939 1931 1043 1970 non
1066 1921 1268 1984 posset,
1293 1912 1362 1967 de
1401 1927 1590 1967 eorum
1617 1909 1771 1964 malis
1794 1907 2000 1962 artibus
2022 1916 2078 1961 et
2104 1906 2252 1976 rapi-

660 2011 741 2066 nis
767 2009 1054 2064 certiorem
1093 2005 1209 2060 fieri
1239 2005 1536 2072 Augustum
1563 2002 1805 2057 curabat.
1840 1999 1954 2056 lloc
1981 2014 2124 2054 anno
2153 1997 2252 2052 ad-

659 2100 870 2156 monuit
897 2097 1263 2152 Rustir-ianam
1281 2094 1561 2164 patriciam
1581 2091 1792 2145 veniese
1815 2089 2042 2144 Romam
2058 2103 2252 2158 quem-

659 2194 786 2248 dam
837 2191 1126 2250 Beatorem,
1155 2189 1242 2255 qui
1271 2202 1330 2240 se
1361 2185 1613 2240 comitem
1642 2184 1972 2253 privatarum
2019 2170 2249 2242 dicebat,

659 2292 716 2338 et
751 2283 917 2337 multa
949 2280 1132 2349 inique
1180 2277 1401 2345 agebat,
1438 2274 1671 2329 maxime
1699 2271 1960 2326 adversus
1991 2271 2161 2338 ipsam
2199 2277 2252 2322 et

660 2374 778 2442 ejus
818 2381 1038 2440 neptes,
1070 2369 1276 2424 scilicet
1300 2376 1326 2404 ει
1354 2365 1680 2420 Antoninum
1711 2372 1764 2418 et
1793 2363 2114 2426 Barbaram,
2147 2359 2253 2414 Ve-

663 2463 831 2518 nantii
865 2461 1034 2524 ﬁlias,
1067 2461 1134 2515 de
1163 2458 1357 2528 quibus
1381 2456 1532 2511 alibi.

737 2554 825 2608 13.
854 2542 967 2608 lioc
1010 2565 1152 2606 anno
1179 2557 1394 2604 mortuo
1419 2546 1658 2612 Victore,
1693 2543 2076 2598 Panormitano
2105 2542 2251 2612 epis-

657 2661 836 2715 copo,
867 2642 1194 2703 Venantius,
1245 2637 1506 2709 patricius
1555 2635 1993 2701 Panormitanus,
2039 2633 2177 2687 alius
2221 2648 2252 2688 a

660 2737 1003 2808 Syracusano
1059 2730 1411 2796 exmonacho,
1435 2728 1502 2784 de
1551 2727 1703 2797 cujus
1739 2736 1914 2782 morte
1954 2727 2064 2795 jam
2110 2725 2250 2780 dixi-

661 2844 799 2893 mus,
830 2825 1086 2881 Urbicum
1134 2823 1382 2878 abbatem
1420 2819 1732 2876 monasterii
1765 2819 1821 2873 S.
1867 2818 2136 2875 ﬂertnetis
2163 2834 2256 2875 cu-

667 2919 808 2973 ravit
825 2917 947 2985 eligi
968 2917 1016 2970 in
1035 2913 1193 2983 hujus
1213 2913 1358 2968 urbis
1370 2909 1971 2982 episcopu'ni.Laudavit
1983 2911 2120 2965 hanc
2142 2911 2252 2965 ele-

660 3009 894 3064 ctionem
923 3007 981 3061 S.
1021 3005 1332 3073 Gregorius,
1361 3002 1505 3072 quod
1533 3001 1787 3057 Urbicum
1821 3011 2004 3057 nosset
2039 3002 2254 3072 vigilan-

2360 444 2617 512 appellat,
2662 444 2750 514 qui
2795 444 3032 507 veniens,
3068 442 3272 511 inquit,
3319 444 3456 497 diem
3488 443 3763 503 Sabbatum
3788 462 3902 512 atque

2360 533 2690 589 Dominicum
2720 532 2783 587 ab
2808 535 2948 588 omni
2979 535 3135 604 faciet
3163 551 3316 604 opere
3343 535 3615 588 custodiri.
3648 536 3814 605 liilem,
3836 513 3901 598 aui

2359 623 2449 677 alii
2468 625 2695 694 perversi
2723 625 2972 687 homines,
3006 624 3392 693 pitedicabant,
3427 625 3701 682 Dominico
3721 629 3798 686 die
3822 637 3902 689 uul-

2358 715 2468 769 lum
2494 715 2693 770 debere
2720 715 2907 770 lavari.
2939 714 3011 768 Et
3031 715 3258 786 quidem,
3288 717 3484 785 inquit,
3508 719 3554 771 si
3575 736 3665 787 pro
3686 721 3797 775 luxu
3813 730 3903 779 ani.

2358 807 2430 860 mi
2469 817 2619 877 atque
2656 806 2918 877 voluptate
2961 808 3074 877 quis
3121 806 3286 860 lavari
3314 808 3535 875 appetit,
3567 811 3658 863 hoc
3701 812 3802 881 ﬁeri
3835 833 3901 870 me

2359 899 2555 970 reliquo
2585 900 2808 970 quolibet
2829 899 2917 952 die
2948 899 3295 953 concedimus.
3327 899 3393 953 Si
3421 909 3594 954 autem
3621 919 3708 970 pro
3727 912 3902 962 necessi-

2361 999 2466 1045 tate
2483 993 2735 1062 corporis,
2769 992 2862 1047 hoc
2892 1008 2985 1046 nec
3011 990 3406 1046 Dominicorum
3432 991 3517 1046 die
3541 993 3847 1063 prohibemus.

2961 1108 3189 1166 CAPUT
3220 1109 3362 1164 Vill.
3433 1111 3435 1113 ’

2361 1219 2642 1292 Αηςυμημ
2668 1221 3000 1292 l..Gregorius
3041 1223 3192 1292 mittit
3215 1220 3532 1292 defensorem
3570 1226 3623 1292 _in
3648 1225 3880 1288 Hispaniam

2424 1291 2475 1331 ut
2495 1284 2647 1339 iudex
2688 1286 2746 1332 sit
2771 1271 3026 1332 causarum
3051 1285 3268 1343 episc0p.
3290 1283 3536 1331 Judicium
3562 1271 3899 1340 insatiabili

2420 1347 2565 1416 suris.
2586 1371 2651 1416 -Σ
2666 1345 2711 1392 2.
2740 1345 2911 1416 Eidem
2911 1344 3145 1416 “injungit
3170 1357 3288 1405 papa
3316 1347 3643 1416 visitationem
3670 1358 3898 1405 monasterii

2422 1407 2593 1456 insulae
2619 1407 2877 1468 Caprariae.
2911 1407 3260 1468 Ejusdemipro
3283 1406 3394 1453 aliis
3436 1413 3733 1460 Incitasteriis
3753 1413 3894 1462 sollici.

2429 1469 2560 1517 tudo.
2585 1496 2648 1505 —
2668 1467 2712 1517 5.
2742 1469 2864 1526 Quid
2891 1469 3116 1518 statuerit
3137 1467 3199 1515 de
3225 1469 3458 1529 epiSCOpO
3489 1469 3642 1517 Missis.
3663 1477 3896 1523 Sacriﬁcium

2425 1531 2490 1577 ob
2513 1530 2844 1597 inﬁrmitatem
2869 1531 3246 1597 intermittente.
3262 1528 3530 1597 ’-__-_i._l’ro
3553 1545 3669 1597 pace
3687 1535 3795 1583 inter
3812 1540 3894 1597 epi-

2423 1605 2597 1658 scopos
2623 1591 2919 1658 concilianda
2945 1605 3088 1658 quam
3104 1591 3258 1658 fuerit
3272 1589 3635 1658 sollieitus.+5.
3652 1594 3697 1644 S.
3718 1589 3894 1658 Gregorii

2428 1656 2485 1700 ad
2510 1652 2894 1702 'I‘heodelindam
2934 1655 3154 1710 reginam
3181 1652 3388 1713 epistola
3434 1659 3486 1701 ιιι
3509 1652 3895 1707 nmnuscula.;tt.

2429 1715 2593 1766 Ultimi
2620 1719 2674 1765 S.
2695 1714 2921 1773 Gregorii
2947 1715 3140 1762 labores
3166 1727 3252 1772 pro
3270 1713 3507 1764 Ecclesia.
3535 1718 3654 1772 Quid
3676 1721 3895 1771 consulenti

2427 1780 2660 1844 episcopo
2695 1776 2998 1844 Messauensi
3026 1775 3354 1844 responderit.
3381 1801 3444 1844 —_
3465 1777 3510 1825 7.
3537 1775 3726 1844 Consilia
3747 1782 3798 1844 sit
3819 1787 3894 1844 ipso

2421 1837 2586 1887 amicis
2607 1840 2734 1887 data.
2765 1837 2881 1896 Ejus
2903 1839 3082 1886 obitus.
3109 1837 3396 1898 Sepultum.
3410 1837 3560 1888 Sacer
3578 1840 3739 1891 cultus.
3757 1837 3896 1893 Trans-

2416 1901 2642 1950 lationes.
2673 1899 2787 1960 (An.
2810 1898 2901 1948 605
2928 1905 2980 1948 et
2999 1897 3137 1960 604.)

2427 2006 2480 2061 1.
2509 2005 2587 2060 Ex
2642 2003 2940 2060 editissima
2987 2001 3243 2058 Ecclesia:
3295 2002 3516 2072 specula
3559 2002 3615 2059 S.
3661 2003 3893 2074 Gregorius

2354 2095 2694 2166 conspiciens
2723 2097 2962 2149 turbatas
3006 2093 3392 2163 Hispaniarum
3430 2093 3715 2161 Ecclesias,
3740 2097 3799 2150 ob
3835 2098 3893 2151 iti-

2349 2188 2551 2258 justam
2581 2186 2880 2258 presbyteri
2911 2193 2967 2239 et
3007 2183 3368 2253 quorumdam
3412 2185 3758 2255 episcoporum
3783 2187 3890 2257 deje-

2355 2280 2611 2344 ctionem,
2636 2294 2703 2333 eo
2731 2277 2876 2332 misit
2894 2274 3156 2332 Joannem
3181 2275 3548 2344 defensorem,
3571 2277 3676 2345 qui,
3703 2279 3891 2333 auctori-

2359 2381 2471 2428 tate
2518 2373 2619 2426 sibi
2651 2386 2680 2425 a
2733 2385 2944 2426 summo
2993 2369 3253 2425 Pomifice
3306 2371 3570 2439 delegata,
3595 2371 3736 2439 judcx
3783 2375 3887 2426 sedit

2355 2462 2496 2518 inter
2526 2461 2898 2532 presbyterum
2921 2460 3322 2530 episcoposque
3348 2462 3454 2515 vim
3485 2476 3689 2530 passos,
3717 2470 3764 2515 et
3787 2464 3886 2518 alios

2353 2553 2445 2622 qui
2474 2561 2568 2606 aut
2598 2552 2743 2621 ipsos
2773 2550 2972 2618 iniuste
2997 2551 3312 2619 dejecerant
3340 2559 3433 2604 aut
3459 2566 3636 2606 eorum
3660 2552 3792 2606 sedes
3826 2552 3884 2606 in-

2356 2651 2607 2698 vaserant
2640 2651 2734 2697 aut
2775 2658 2966 2697 eorum
3017 2641 3298 2696 invasores
3349 2641 3674 2708 ordiuaraut,
3719 2657 3884 2697 necnon

2355 2736 2497 2792 inter
2541 2736 2834 2805 gloriosum
2881 2733 3247 2798 Comitiolum,
3302 2733 3548 2802 Bzcticm,
3597 2743 3648 2788 ut
3697 2748 3779 2804 par
3820 2741 3882 2788 est

2355 2828 2596 2892 credere,
2647 2827 2956 2898 praelectum
2981 2866 2996 2890 ,
3036 2841 3143 2894 quo
3187 2825 3490 2894 praesertim
3535 2837 3735 2880 auctore
3772 2832 3883 2879 tanta

2356 2919 2494 2973 mala
2537 2919 2638 2973 hac
2685 2921 2736 2973 in
2770 2918 3044 2988 provincia
3076 2926 3388 2988 perpetrata
3417 2925 3559 2973 sunt.
3595 2915 3787 2972 Joannis
3807 2916 3880 2970 de-

2357 3010 2584 3066 lensoris
2627 3010 2881 3079 legationi
2935 3009 3277 3064 occasionem
3309 3008 3458 3064 dedit
3499 3006 3734 3075 Januarii,
3759 3007 3882 3063 lisia-

659 3111 783 3164 tem,
832 3099 1112 3153 sollicitum
1157 3104 1205 3150 et
1245 3096 1436 3148 dit-inte
1486 3092 1773 3161 Scriptura:
1816 3092 2064 3152 scientia,
2115 3091 2254 3163 quod
2280 3117 2324 3177 ρ
2357 3101 2520 3156 citani
2573 3100 2852 3170 episcopi,
2904 3101 3080 3170 petitio
3128 3115 3222 3155 seu
3263 3099 3479 3155 libellus
3527 3100 3732 3171 supplex
3771 3115 3881 3170 papa:

659 3194 885 3247 maxime
931 3193 984 3243 in
1038 3187 1391 3243 sacerdotibus
1445 3188 1736 3257 eligendum
1788 3194 1883 3250 est,
1939 3185 2249 3238 institutum.

661 3287 910 3352 Quietem
965 3291 1142 3336 tamen
1192 3280 1349 3349 hujus
1377 3279 1586 3332 abbatis
1629 3277 1848 3331 turbare
1875 3275 2049 3331 uoluit
2075 3291 2213 3346 papa
2233 3316 2250 3339 ,

659 3395 743 3443 ne,
773 3393 888 3431 eum
928 3373 996 3428 ad
1024 3375 1213 3427 altiora
1243 3369 1602 3442 producendo,
1627 3370 1881 3422 minorem
1927 3369 2098 3438 seipso
2139 3368 2253 3439 ﬁeri

661 3471 879 3522 missum
903 3468 957 3520 in
987 3464 1224 3535 ﬂuctibus
1252 3462 1595 3532 compelleret.
1628 3461 1653 3499 δ
1687 3458 1913 3515 Urbicus
1947 3468 2064 3514 erat
2100 3459 2254 3528 quasi

662 3561 940 3631 praefectus
966 3566 1060 3612 aut
1106 3556 1425 3627 praepositus
1465 3553 1732 3624 generalis
1778 3552 2018 3607 omnium
2063 3567 2254 3606 mona-

659 3651 948 3707 steriorum
996 3648 1049 3702 in
1097 3647 1309 3712 Sicilia,
1342 3645 1420 3699 uti
1456 3645 1566 3714 jam
1617 3642 2057 3708 observavimus;
2109 3640 2253 3709 quod

661 3741 889 3796 fortasse
915 3740 968 3794 in
1013 3753 1175 3794 causa
1225 3735 1407 3791 fuitut
1452 3750 1577 3791 eum
1609 3749 1639 3787 a
1668 3733 1759 3788 tali
1809 3733 2145 3803 praefectura,
2197 3741 2255 3786 ut

661 3834 813 3886 fieret
835 3830 1144 3900 episcopus,
1185 3825 1423 3882 amoveri
1457 3841 1562 3882 non
1608 3826 1680 3881 sit
1709 3839 1902 3894 passus
1936 3823 2248 3893 Gregorius.

659 3919 1098 3976 l’anormitanam
1138 3917 1323 3974 sedem
1371 3917 1606 3973 obtinuit
1659 3914 1932 3981 Joannes,
1976 3930 2134 3984 quem
2190 3913 2248 3968 S.

662 4013 953 4083 Gregorius
992 4010 1202 4066 monuit
1228 4009 1297 4064 de
1326 4007 1586 4064 reditibus
1622 4006 1880 4062 Ecclesiae
1917 4013 2164 4076 quartam
2196 4005 2250 4059 in

661 4107 871 4170 integro
904 4101 1210 4171 portionem
1239 4114 1337 4154 suo
1369 4098 1517 4153 clero
1560 4098 1817 4164 tribuere,
1849 4105 1905 4152 et
1929 4097 2252 4152 tabularium

659 4194 940 4247 instituere
986 4191 1076 4260 qui
1129 4189 1352 4258 singulis
1408 4188 1619 4243 clericis
1672 4188 1852 4243 debita
1906 4187 2253 4245 distribueret

656 4283 810 4350 juxta
859 4282 1096 4335 tabulam
1142 4295 1238 4334 seu
1284 4279 1623 4332 matriculam
1673 4277 1813 4349 (Lib.
1855 4294 1980 4342 xm,
2008 4295 2091 4344 ep.
2134 4277 2249 4344 44).

660 4374 842 4429 Eidem
873 4370 1068 4426 eximia
1099 4370 1300 4440 praebet
1330 4377 1597 4439 praecepta
1625 4369 1689 4421 ad
1713 4368 1972 4437 optimam
2001 4367 2252 4423 Ecclesia:

2359 3193 2590 3255 oblatus,
2615 3209 2723 3262 quo
2749 3191 3077 3261 querebatur
3113 3207 3278 3246 unum
3312 3206 3344 3246 e
3370 3192 3478 3248 suis
3514 3191 3804 3262 presbyteris
3826 3194 3874 3244 ab

2359 3281 2536 3338 cilicio
2557 3298 2655 3336 suo
2677 3289 2939 3346 amotum,
2963 3288 3017 3335 et
3039 3282 3090 3334 in
3119 3282 3371 3336 exsilium
3400 3281 3717 3352 deportatum
3739 3282 3878 3336 fuisse.

2357 3373 2416 3426 In
2445 3378 2634 3427 eodem
2665 3373 2804 3426 haud
2831 3373 2993 3427 dubie
3041 3373 3224 3427 libello
3251 3373 3324 3428 de
3351 3374 3507 3429 simili
3537 3389 3730 3444 quoque
3762 3389 3878 3442 ptem

2357 3466 2459 3522 sibi
2500 3466 2699 3520 inflicta
2729 3473 3058 3535 conquestus
3105 3479 3182 3520 εει
3229 3465 3534 3521 Januarius.
3563 3466 3701 3522 Alius
3737 3466 3880 3520 incerti

2357 3557 2463 3612 loci
2511 3558 2797 3627 episcopus
2823 3557 3040 3611 nomine
3088 3556 3401 3626 Stephanus
3427 3573 3544 3613 cum
3572 3557 3795 3612 Januario
3815 3555 3880 3609 de-

2356 3647 2565 3717 positus
2589 3655 2645 3702 et
2670 3647 2722 3700 in
2746 3647 2993 3700 exsilium
3013 3645 3239 3714 eiectus,
3261 3647 3331 3701 ad
3360 3656 3590 3702 sanctam
3614 3661 3799 3715 quoque
3820 3659 3881 3699 se-

2357 3739 2478 3794 dem
2521 3738 2908 3807 appellaverat.
2934 3737 3006 3792 Ut
3032 3738 3087 3793 in
3117 3739 3199 3793 his
3225 3739 3597 3809 episcoporum
3629 3746 3680 3792 et
3705 3736 3879 3806 presby-

2357 3837 2597 3883 terorum
2636 3828 2816 3883 causis
2845 3836 2993 3883 recte
3029 3831 3359 3884 sententiam
3388 3828 3546 3884 ferret
3567 3827 3790 3888 Joannes,
3814 3825 3879 3877 de-

2354 3920 2436 3975 dit
2463 3921 2560 3989 ipsi
2593 3936 2733 3990 papa
2762 3920 2960 3990 duplex
3000 3921 3299 3991 capitulare
3335 3938 3427 3977 seu
3456 3919 3877 3980 commonitorium,

2354 4023 2585 4077 quorum
2617 4023 2782 4063 unum
2810 4009 3110 4078 praescribit
3153 4009 3413 4078 quidquid
3457 4010 3594 4062 facto
3619 4022 3740 4075 Opus
3763 4005 3818 4058 sit
3839 4004 3875 4056 in

2355 4099 2438 4155 his
2462 4100 2644 4154 litibus
2691 4107 2803 4154 tum
2850 4100 3178 4155 instruendis
3218 4108 3335 4156 tum
3375 4100 3662 4170 judicandis
3694 4098 3873 4151 alterum

2355 4192 2597 4247 continet
2624 4191 2770 4260 leges
2796 4192 3102 4262 imperiales
3129 4193 3197 4247 de
3225 4193 3542 4248 clericorum
3581 4190 3874 4244 immunitate.

2351 4280 2410 4337 In
2438 4284 2705 4338 sententia
2735 4282 2960 4339 Joannis
2986 4284 3312 4351 defensoris,
3345 4300 3502 4355 quem
3542 4297 3715 4338 omnes
3737 4288 3874 4350 partes

2355 4388 2452 4443 pro
2479 4373 2718 4442 legitimo
2747 4389 2846 4429 suo
2869 4375 3053 4444 judice
3083 4385 3442 4444 agnoverunt,
3477 4373 3612 4428 nulla
3641 4373 3692 4425 lit
3715 4366 3872 4423 mentio

659 4463 1123 4533 gubernationem.
1152 4461 1233 4514 Ad
1263 4458 1524 4514 Joannem
1554 4458 1771 4529 pallium
1811 4459 1921 4527 jam
1952 4458 2112 4528 paulo
2151 4473 2248 4512 an-
2273 4491 2325 4551 Β
2353 4463 2616 4534 Stephani
2657 4466 2895 4536 episcopi
2923 4475 2978 4521 et
3007 4468 3305 4538 presbyteri
3336 4466 3645 4527 Malacitani,
3669 4462 3750 4517 sed
3786 4470 3873 4511 tan-

585 4557 596 4565 ’
661 4572 748 4615 tea
777 4559 953 4613 fuerat
973 4557 1216 4611 missum.
1248 4554 1305 4608 In
1331 4553 1559 4624 epistola
1585 4567 1690 4622 qua
1720 4552 2088 4607 sanctissimus
2110 4566 2244 4621 pon-

663 4654 790 4708 tifex
827 4666 1018 4707 recens
1053 4647 1357 4704 ordinatum
1390 4645 1703 4716 episcopum
1728 4643 1849 4713 jure
1871 4642 2050 4697 utendi
2081 4641 2245 4713 pallio

660 4745 901 4810 donavit,
936 4742 1014 4796 ait
1047 4755 1170 4795 eum
1192 4736 1545 4808 speculatoris
1570 4733 1823 4789 Ecclesia:
1853 4731 2245 4787 Panormitam:

659 4826 892 4891 ofﬁcium
912 4830 1248 4902 suscepisse;
1282 4841 1478 4884 nomen
1518 4823 1758 4896 episcopi
1783 4823 1954 4895 probe
1975 4821 2243 4892 interpre-

663 4936 803 4980 tatus
830 4922 1016 4997 (Ibid.,
1047 4938 1130 4992 ep.
1157 4917 1273 4989 37).

731 5034 818 5088 M.
845 5032 1007 5088 Certe
1039 5031 1438 5100 speculatorem
1468 5025 1790 5082 indefessum
1819 5038 1884 5078 ac
1911 5022 2248 5092 vigilantissi-

661 5144 806 5184 mum
829 5140 949 5181 sese
969 5123 1233 5196 probabat
1252 5118 1702 5191 ipseGregorius,
1719 5115 1932 5171 assidue
1949 5115 2243 5183 excubans,

661 5220 790 5274 licet
809 5215 1136 5288 gravissimis
1161 5212 1364 5267 morbis
1403 5209 1771 5270 decumberet,
1799 5215 1856 5261 ut
1881 5222 1910 5261 a
1934 5219 2095 5275 grege
2122 5221 2244 5270 suo,

661 5307 917 5378 quidquid
962 5305 1266 5359 immineret
1289 5301 1415 5356 mali
1461 5311 1689 5354 arceret.
1727 5296 1879 5353 Unde
1923 5311 2044 5351 cutu
2093 5295 2247 5350 intel-

662 5398 881 5454 lexisset
907 5396 1168 5468 quosdam
1211 5394 1264 5448 in
1296 5393 1410 5462 ipsa
1436 5390 1568 5444 urbe
1600 5388 1769 5443 Roma
1814 5385 2052 5456 perversi
2083 5384 2240 5454 spiri-

665 5498 751 5545 tus
775 5487 1020 5545 homines
1045 5485 1132 5541 die
1174 5483 1394 5540 Sabbati
1439 5481 1636 5550 aliquid
1664 5477 1877 5549 Operari
1927 5475 2244 5546 prohibere;

663 5582 729 5633 ad
757 5580 900 5635 cives
927 5576 1200 5632 Romanos
1229 5573 1468 5645 scripsit,
1492 5570 1776 5627 Judaicum
1818 5568 1963 5624 hunc
2003 5580 2247 5624 errorem

737 5747 761 5771 ι·
796 5733 870 5786 ita
893 5736 1183 5798 auguratur
1201 5727 1483 5784 Baronius.

2353 4564 2464 4610 tum
2493 4555 2760 4621 Januarii,
2793 4557 3032 4626 episcOpi
3063 4557 3220 4627 hujus
3250 4559 3424 4623 urbis,
3455 4557 3540 4626 qui
3577 4557 3667 4609 Ili'c
3691 4545 3870 4604 solemni

2347 4645 2554 4715 judicio
2583 4645 2682 4700 fuit
2708 4645 2961 4702 Ecclesiae
2993 4663 3105 4702 sua:
3141 4648 3422 4703 restitutus
3449 4666 3462 4700 :
3495 4645 3715 4707 Nullam,
3739 4637 3870 4706 inquit

2349 4737 2608 4804 Joannes,
2630 4739 2687 4792 in
2714 4739 2970 4793 antedicto
2992 4738 3248 4794 Januario
3278 4741 3480 4809 culpam
3505 4752 3612 4808 qua:
3636 4731 3792 4787 exsilio
3813 4725 3870 4780 vel

2352 4829 2669 4900 depositione
2685 4831 2846 4900 digna
2860 4841 2991 4884 esset
3013 4832 3209 4900 puniri,
3239 4831 3330 4883 sed
3358 4831 3520 4899 magis
3545 4827 3678 4880 illum
3701 4823 3868 4891 ejectum

2352 4921 2416 4974 de
2442 4920 2682 4975 Ecclesia
2716 4922 2962 4976 ualenter
2989 4922 3184 4979 inveni.
3217 4921 3262 4974 Ε
3269 4933 3284 4975 ι
3320 4923 3476 4991 303
3501 4929 3774 4990 quamquam
3797 4910 3866 4960 litt-

2339 5013 2571 5081 jusntodi
2613 5014 2948 5066 temeritatem
2985 5013 3154 5083 legum
3193 5029 3408 5067 censura
3444 5005 3781 5062 districtissime
3810 5000 3864 5066 fe-

2346 5105 2471 5168 riat,
2491 5120 2586 5173 ego
2617 5114 2784 5158 tamen
2809 5104 2976 5174 legum
2999 5106 3222 5174 vigorem
3251 5102 3556 5157 sacerdotali
3578 5092 3864 5153 moderatione

2347 5204 2658 5265 temperans,
2683 5196 2866 5250 mediis
2887 5196 3234 5250 sacrosanctis
3259 5193 3566 5263 Erangeliis,
3587 5185 3743 5260 quibus
3761 5193 3862 5249 μναῖ·

2344 5285 2572 5338 sentibus
2621 5284 2684 5338 ab
2723 5286 2871 5339 initio
2915 5286 2970 5338 in
3015 5285 3111 5340 Itoc
3151 5286 3382 5357 cognitor
3425 5280 3582 5336 resedi
3607 5272 3792 5350 judicio,
3816 5282 3860 5318 εα

2346 5389 2461 5446 qua
2487 5383 2670 5429 contra
2697 5392 2811 5430 eum
2835 5385 3028 5430 statuta
3074 5387 3224 5441 sunt,
3253 5377 3369 5432 licet
3401 5375 3516 5445 jure
3555 5386 3646 5424 non
3681 5366 3858 5418 teneant,

2349 5485 2438 5522 nec
2454 5468 2676 5539 alicujus
2694 5469 2796 5523 sint
2814 5471 3082 5534 momenti,
3101 5472 3155 5524 in
3154 5472 3300 5542 justa
3318 5480 3485 5521 tamen
3513 5477 3558 5518 et
3579 5460 3761 5528 inﬁrma
3776 5463 3860 5505 65“

2347 5563 2649 5632 pronuntio,
2666 5573 2816 5634 atque
2840 5562 2958 5618 illos
2977 5572 3027 5617 et
3041 5540 3165 5618 illos
3184 5568 3485 5617 memoratos
3500 5556 3752 5626 episcopos,
3775 5540 3856 5614 quia

2423 5718 2452 5760 δ
2471 5718 2602 5777 Vide
2618 5719 2892 5779 Mabillon.
2908 5720 3102 5778 Annal.
3121 5719 3318 5778 Bencd.
3343 5717 3430 5773 lib.
3447 5729 3553 5780 vut,
3575 5725 3624 5766 n.
3643 5701 3706 5760 55
3725 5709 3768 5756 cl
3786 5692 3854 5750 59.
