3976 6336
135 333 225 388 457

579 320 634 376 8.
677 318 998 375 GREGORII
1043 320 1252 375 MAGNI
1298 318 1476 383 VITA,
1522 316 1616 373 EX
1658 316 1819 373 EJUS
1860 315 2162 373 SCRIPTIS
2201 314 2592 371 ADORNATA.
2638 313 2763 369 UB.
2810 314 2893 368 ιν.

3273 312 3374 369 458

133 433 397 508 postposita
443 431 852 485 consideratione
903 430 1247 493 sacerdotali,
1294 431 1347 483 in
1391 428 1575 499 fratris
1613 427 1694 480 sui
1724 436 1767 486 Α
1800 427 1977 483 berent
1997 427 2289 497 percipere;
2321 426 2413 481 sed
2442 426 2754 481 admonendi
2786 432 2924 485 sunt,
2956 422 3126 493 inquit
3164 432 3379 478 sanctus

133 522 466 594 prajudicium
509 530 655 589 atque
687 520 1171 573 condemnationem
1198 518 1394 589 injuste
1420 527 1469 569 et
1511 526 1692 570 contra

135 615 214 669 Dei
241 614 471 665 timorem
499 611 679 663 versati
706 620 855 671 sunt,
888 609 1267 669 condemnatis,
1298 608 1353 659 in
1380 604 1694 659 monasterio

131 702 426 773 recipiendos
451 700 520 753 ad
544 700 799 770 agendam
820 701 874 752 in
915 710 1108 769 tempus
1140 697 1495 767 paenitentiam
1523 704 1692 749 statuo

131 805 260 864 atque
289 792 526 846 decerno.
561 790 717 844 Illum
748 807 863 844 vero
892 791 978 859 qni
1015 790 1181 842 locum
1212 786 1455 861 antedicti
1480 785 1697 837 sanctis-

132 902 229 939 simi
255 884 499 943 Januarii
527 891 706 935 contra
726 898 993 934 sacrorum
1015 896 1271 933 canonum
1298 885 1492 930 statuta
1513 875 1695 943 nequi-

135 989 194 1029 ter
218 974 542 1043 pratsumpsit
572 973 815 1025 invadere
843 972 1214 1036 condemnans,
1242 969 1433 1040 privari
1455 966 1699 1020 sacerdo—

134 1070 187 1119 tia
210 1075 251 1118 et
273 1066 333 1117 ab
360 1066 504 1118 omni
519 1063 865 1116 ecclesiastico
888 1062 1068 1116 ordine
1090 1060 1338 1114 removeri
1366 1067 1556 1120 statuo,
1574 1063 1699 1107 utet

132 1162 208 1213 hoc
225 1156 357 1227 quod
374 1156 510 1208 male
524 1164 599 1210 est
616 1155 830 1225 adeptus
857 1156 1082 1218 amittat,
1102 1170 1193 1207 nec
1219 1152 1287 1204 ad
1318 1152 1534 1220 oﬁicium
1562 1149 1699 1218 quod

131 1259 231 1301 ante
263 1247 477 1316 indigne
509 1255 767 1315 gesserat,
800 1255 1103 1298 revertatur.
1142 1242 1490 1310 Scepcdictum
1530 1248 1701 1292 autem

129 1340 489 1394 sanctissimum
519 1339 830 1390 Januarium
846 1340 1140 1407 episcopum
1161 1336 1449 1389 absolutum
1471 1334 1581 1387 loco
1608 1348 1701 1385 suo

131 1434 173 1483 in
182 1428 495 1499 episcopatus
508 1429 675 1499 gradu
689 1427 798 1481 Deo
812 1438 1019 1482 auctore
1031 1429 1209 1481 reverti
1226 1424 1363 1496 (Lib.
1374 1441 1485 1488 xm,
1496 1442 1575 1494 ep.
1586 1422 1700 1491 45).

186 1522 233 1573 2.
251 1519 432 1574 Eidem
450 1519 720 1574 defensori
738 1519 795 1573 S.
816 1517 1111 1589 Gregorius
1132 1520 1183 1571 in
1207 1516 1473 1570 mandatis
1487 1516 1628 1570 dedit
1644 1523 1702 1567 ut

130 1603 490 1659 monastrrium
522 1602 852 1671 Capricanm,
882 1618 974 1656 seu
999 1592 1271 1671 Capraria:
1300 1601 1487 1655 insulze
1531 1614 1702 1669 prope

130 1693 412 1760 llajoricam
444 1693 706 1753 visitaret,
737 1702 793 1746 et
841 1693 1229 1746 monachorum
1259 1700 1545 1760 corruptos
1576 1706 1696 1743 mo-

1795 518 2017 583 Doctor,
2042 528 2099 571 ut
2128 518 2421 571 nullatenus
2444 519 2828 587 pertimescant,
2851 514 2941 568 sed
2970 529 3089 565 cum
3119 512 3260 567 omni
3277 512 3382 581 [ide

1794 620 1843 664 et
1864 611 2137 664 securitate
2161 611 2553 671 communicent,
2577 610 2697 679 quia
2720 606 2970 678 (egritudo
2991 620 3222 673 persona:
3243 604 3382 657 sacri

1797 700 2028 768 mysterii
2063 698 2466 752 benedictionem
2497 714 2589 751 nec
2626 706 2791 750 mutat
2833 712 2925 748 nec
2965 694 3168 762 polluit.
3205 692 3383 747 Voluit

1800 791 2146 844 nihilominus
2173 806 2202 844 a
2232 789 2391 844 Vitali
2421 794 2628 859 snggeri
2657 788 2683 841 .1
2705 788 2931 850 uruario,
2956 795 3013 839 ut
3037 787 3251 855 quoties
3281 785 3379 837 ali—

1797 895 1959 948 quam
1989 882 2213 935 sentiret
2239 882 2539 935 molestiam
2589 896 2691 932 non
2719 878 3054 949 procederet;
3088 892 3155 929 ne
3184 890 3247 930 ex
3282 876 3383 928 hoc

1799 982 1856 1027 et
1895 988 1955 1027 se
1982 973 2362 1042 despicabilem
2404 972 2692 1040 praeberet,
2722 981 2777 1025 et
2821 971 3153 1025 inlirmorum
3193 969 3384 1023 animis

1802 1074 2087 1134 generaret
2111 1066 2441 1119 scandalum.

1876 1156 2088 1210 lnﬁrma
2114 1154 2351 1209 Januarii
2368 1154 2618 1208 valetudo
2638 1154 2690 1206 in
2708 1163 2960 1223 provecta
2987 1161 3171 1221 mtate,
3193 1149 3386 1221 magna

1810 1246 2085 1311 Ecclesiis,
2100 1246 2467 1308 xenodochiis,
2491 1244 2901 1299 “monasteriis
2922 1243 3117 1296 damna
3136 1244 3391 1296 intulerat

1803 1337 1856 1391 in
1889 1336 2157 1390 Sardinia.
2194 1333 2667 1389 Xenodochiorum
2696 1348 2878 1387 curam
2908 1332 3106 1385 habere
3137 1330 3389 1386 Ecclesiae

1802 1428 2123 1481 Caralitana:
2134 1441 2473 1482 (ecunomum
2487 1434 2543 1480 et
2564 1425 3087 1495 archipresbyterum
3105 1422 3220 1492 juss
3245 1434 3263 1476 t
3295 1438 3390 1492 pn-

1804 1533 1890 1588 pa,
1905 1517 1971 1571 de
2000 1518 2264 1585 neglectu,
2288 1516 2333 1570 si
2357 1516 2476 1582 quis
2500 1515 2752 1583 deinceps
2768 1523 2927 1571 esset.
2946 1529 3132 1582 pinnas
3146 1514 3390 1567 daturos.

1872 1608 1927 1661 4.
1960 1607 2202 1676 Gregorii
2232 1607 2645 1661 sollicitudinem
2674 1621 2770 1675 pro
2794 1613 2906 1659 tota
2932 1604 3195 1671 Ecclesia,
3220 1620 3395 1673 neque

1802 1702 2178 1769 ingravescens
2205 1706 2352 1760 aetas,
2384 1713 2560 1764 neque
2588 1695 2786 1749 assidui
2815 1696 3154 1765 acrioresque
3185 1695 3396 1749 labores

130 1799 201 1838 T95
239 1784 551 1838 emendaret
584 1782 721 1855 lL5b~
757 1800 866 1848 1|".
896 1800 976 1853 εΡ·
1009 1781 1121 1853 “3)-
1150 1781 1281 1836 Nam
1332 1783 1403 1835 Ῑῑέι
1446 1796 1699 1852 Ριξινετεθ
1733 1802 1775 1860 Β
1807 1795 1858 1847 in
1886 1792 1999 1845 dies
2022 1791 2216 1853 morbi,
2248 1788 2338 1857 qui
2361 1797 2588 1842 mortem
2622 1787 3049 1856 prteriontiabant
3072 1782 3393 1855 proximam,

130 1890 267 1943 agere
294 1874 640 1942 dicebantur,
671 1884 733 1927 ut
781 1890 888 1927 non
940 1875 1072 1939 Deo,
1104 1874 1198 1927 sed
1246 1873 1471 1942 antiquo
1519 1871 1701 1941 potius

132 1968 278 2031 hosti,
308 1982 366 2021 se
417 1968 656 2021 militare
706 1964 1075 2021 ostenderent.
1129 1967 1219 2021 Sic
1257 1967 1491 2020 studium
1544 1978 1701 2024 Suum

134 2075 215 2125 pro
258 2060 629 2113 conservanda
660 2068 752 2112 aut
803 2059 1143 2113 resarcienda
1188 2059 1483 2112 monastica
1533 2056 1701 2111 disci-

133 2152 257 2220 plina
282 2151 481 2219 ubique
506 2151 917 2205 demonstrabat
942 2150 1310 2206 sanctissimus
1338 2161 1511 2220 pater.
1546 2149 1701 2203 Anno

136 2242 232 2306 ejus
256 2242 604 2311 pontilicatus
643 2241 854 2296 decimo
903 2253 1095 2311 quarto
1145 2242 1386 2308 ineunte,
1419 2241 1517 2310 ipsi
1559 2255 1701 2294 cura:

137 2330 219 2383 fuit
259 2331 548 2399 providere
591 2332 923 2385 monasterio
970 2340 1158 2386 sancto
1190 2347 1280 2385 um
1327 2330 1601 2385 Laurentii
1648 2337 1704 2383 et

139 2420 343 2474 Zenoais
381 2421 433 2474 in
464 2419 729 2474 Caesenati
772 2430 981 2486 castro,
1010 2421 1152 2489 quod
1186 2419 1518 2473 Concordius
1548 2418 1704 2486 hujus

139 2509 223 2562 loci
247 2509 534 2581 episc0pus
576 2510 820 2563 turbarat
848 2509 1042 2577 injusta
1073 2508 1354 2563 Fortunati
1383 2507 1591 2562 abbatis
1618 2506 1707 2561 de-

141 2601 399 2670 positione.
430 2602 521 2656 Ab
547 2601 663 2669 ejus
692 2610 1034 2656 antecessore
1061 2600 1258 2666 Natali,
1289 2600 1524 2655 Caasena:
1565 2600 1707 2668 epis-

140 2707 272 2762 copo,
306 2693 641 2748 Fortunatus
679 2693 959 2749 ordinatus
1000 2692 1174 2747 fuerat
1202 2692 1367 2746 abbas
1396 2690 1552 2759 hujus
1593 2706 1708 2745 mo-

141 2784 366 2851 nasterii;
397 2794 459 2838 et
489 2784 532 2838 si
563 2784 710 2838 nulla
739 2785 1004 2838 existente
1029 2798 1191 2838 causa
1219 2797 1391 2837 novus
1422 2780 1710 2851 episcopus

140 2892 245 2930 eum
272 2877 338 2931 ab
364 2877 476 2932 hoc
516 2884 797 2931 amoverat
840 2876 1039 2940 ollicio,
1082 2874 1356 2943 aliumque
1402 2873 1713 2928 instituerat

144 2967 386 3022 abbatem.
416 2966 755 3022 Fortunatus
794 2967 862 3021 de
898 2982 995 3021 sua
1018 2964 1319 3033 dejectione
1338 2965 1615 3035 querelam
1643 2963 1711 3019 ad

143 3073 383 3113 summum
430 3057 632 3113 detulit
670 3057 1012 3129 pontiﬁcem,
1044 3057 1162 3126 qui,
1194 3057 1439 3126 quamvis
1485 3072 1552 3111 ex
1593 3055 1712 3126 ipso

1803 1889 2097 1954 potuerunt
2144 1880 2492 1943 imminuere;
2526 1878 2756 1932 maxime
2802 1893 2923 1932 cum
2954 1876 3023 1931 de
3069 1892 3205 1946 pace
3232 1880 3392 1931 resti-

1803 1972 2003 2029 tuenda
2030 1974 2170 2026 inter
2186 1970 2469 2041 episcOpos
2490 1971 2765 2038 agebatur.
2798 1969 2951 2035 Quod
2989 1970 3101 2038 ipse
3128 1969 3395 2037 signiﬁcat

1804 2065 1859 2117 in
1884 2061 2114 2132 epistola
2144 2061 2251 2115 hoc
2271 2075 2415 2113 anno
2441 2062 2637 2127 scripta
2665 2076 2679 2112 :
2710 2057 2943 2123 Quoties,
2974 2058 3165 2127 inquit,
3197 2074 3291 2111 nos
3316 2076 3395 2112 eo-

1804 2172 1919 2209 rum
1948 2153 2209 2207 discordia
2246 2154 2415 2205 tristes
2443 2153 2598 2221 facit,
2620 2151 2707 2221 qui
2735 2151 2878 2219 pacis
2899 2151 3264 2219 pra'dicatores
3287 2166 3398 2202 esse

1805 2247 2108 2309 debuerant,
2136 2261 2326 2314 magna
2355 2243 2616 2298 sollicitud
2639 2254 2701 2294 ne
2727 2242 3037 2294 studendum
3057 2250 3152 2303 est,
3167 2253 3221 2293 ut
3242 2241 3395 2311 litigii

1806 2338 1982 2391 ablata
2008 2335 2253 2400 materia,
2284 2333 2354 2385 ad
2375 2333 2704 2386 concordiam
2733 2331 2962 2393 redeant,
2990 2332 3076 2400 qui
3101 2331 3302 2384 diversa
3332 2330 3394 2381 ab

1807 2431 2024 2484 invicem
2068 2428 2331 2482 voluntate
2373 2425 2676 2479 discordant
2722 2422 2862 2492 (Lib.
2908 2439 3017 2485 xw,
3048 2439 3130 2492 ep.
3164 2420 3242 2490 8).
3273 2420 3399 2476 [huc

1809 2523 1886 2577 ait
1931 2520 2219 2576 occasione
2273 2519 2382 2572 litis
2438 2517 2579 2570 inter
2633 2515 2980 2589 AlcySOBCIII,
3027 2512 3309 2584 Corcyra,
3342 2523 3399 2567 et

1806 2612 2092 2679 Joannem,
2117 2610 2290 2665 Eurize
2313 2611 2365 2664 in
2387 2608 2548 2678 Epiro
2570 2608 2904 2677 episcOpum,
2935 2606 3024 2675 qui
3046 2620 3111 2659 ex
3140 2605 3244 2659 hac
3269 2604 3400 2658 urbe

1811 2703 1995 2772 lugere
2022 2711 2241 2757 coactus
2263 2718 2293 2754 a
2336 2701 2586 2756 Barbaris
2614 2716 2719 2755 una
2750 2717 2870 2753 cum
2902 2701 3077 2764 clero,
3110 2699 3400 2766 ablatoque

1809 2810 1996 2849 secum
2024 2793 2198 2849 sancti
2228 2802 2255 2830 ⁸
2286 2794 2475 2847 Donati
2505 2807 2733 2861 corpore
2755 2792 2807 2845 in
2829 2790 3072 2860 Cassiopi
3108 2798 3289 2844 castro
3309 2803 3398 2842 sa—

1812 2903 1934 2943 cras
1955 2888 2075 2942 illas
2096 2885 2348 2956 reliquias
2372 2885 2715 2954 deposuerat,
2732 2883 2943 2951 sibique
2973 2897 3038 2936 ac
3058 2881 3170 2936 suis
3190 2879 3401 2935 clericis

1814 2978 1999 3033 sedem
2030 2978 2239 3041 ﬁxerat,
2269 2981 2541 3029 annuente
2570 2973 2854 3045 Alcysone,
2877 2972 3165 3042 Corcyraeo
3189 2970 3400 3041 episco-

1818 3084 1911 3139 po,
1939 3067 2009 3122 ad
2028 3066 2178 3134 cujus
2205 3064 2479 3120 dimcesim
2509 3063 2817 3134 pertinebat
2843 3069 3098 3117 castrum.
3124 3059 3190 3114 At
3216 3069 3403 3114 contra

143 3150 400 3208 ConcorJii
432 3151 668 3207 diacono
692 3152 942 3207 abbatem
973 3152 1166 3219 injuste
1195 3149 1482 3219 spoliatum
1509 3163 1710 3217 cogno-

1818 3159 2220 3215 ecclesiasticam
2249 3157 2649 3219 ordinationem,
2675 3164 2857 3210 contra
2887 3153 3258 3209 sacerdotalem
3286 3168 3402 3206 mo-

144 3243 303 3309 visset,
326 3244 394 3298 de
433 3244 547 3298 hoc
572 3243 787 3311 negotio
813 3250 993 3296 tamen
1023 3240 1399 3306 Marinianum,
1430 3239 1713 3295 Ravenna-

147 3342 236 3388 tem
277 3335 774 3405 archiepiscopum,
805 3335 972 3389 voluit
999 3334 1301 3403 inquirere,
1331 3334 1472 3404 quia,
1517 3334 1708 3404 inquit,

145 3425 309 3477 cernar
333 3425 389 3478 in
425 3422 664 3494 partibus
693 3422 777 3477 ubi
808 3440 887 3477 res
925 3432 1039 3476 acta
1069 3434 1164 3483 est.
1195 3430 1361 3492 potest
1384 3439 1495 3476 esse
1522 3423 1716 3493 proba-

146 3516 223 3571 tio.
252 3515 314 3570 Et
341 3517 385 3572 si
417 3517 568 3571 nulla
599 3516 769 3569 manif
796 3525 877 3570 sta
906 3532 1065 3570 causa
1093 3516 1443 3586 depositionis
1470 3515 1709 3570 exstitis-

145 3614 231 3671 set,
252 3607 404 3676 jussit
435 3607 793 3662 Fortunamm
822 3608 874 3661 in
907 3608 1185 3676 pristinum
1216 3607 1437 3675 gradum
1466 3605 1710 3672 restitui,

146 3697 504 3770 increparique
549 3701 865 3770 episcopum
911 3699 1003 3767 qui
1056 3699 1358 3753 decessoris
1404 3698 1509 3765 sui,
1557 3698 1717 3752 nullis

145 3800 455 3859 provocatus
494 3791 825 3857 excessibus,
856 3790 1133 3845 destruere
1179 3789 1571 3844 ordinationem
1602 3804 1720 3844 mo-

146 3880 254 3935 litus
272 3883 339 3935 sit
366 3880 516 3951 (Lib.
540 3896 649 3946 xw,
681 3897 761 3951 ep.
788 3878 865 3949 6).

206 3972 275 4027 De
301 3972 629 4042 quibusdam
666 3971 947 4026 abbatibus
974 3969 1419 4025 monasteriorum
1460 3967 1721 4022 Sardiniae

144 4062 339 4131 scripsit
360 4062 557 4117 eodem
588 4062 702 4115 fere
726 4072 965 4132 tempore
992 4062 1048 4116 S.
1081 4060 1371 4127 Gregorius
1400 4058 1465 4113 ad
1490 4058 1719 4113 Vilalem

147 4155 287 4224 hujus
310 4157 503 4212 insulae
528 4154 865 4209 defensorem
884 4198 896 4215 ,
923 4169 1017 4208 eos
1046 4153 1139 4222 qui
1166 4168 1285 4207 cum
1313 4152 1491 4206 adhuc
1527 4151 1580 4204 in
1609 4166 1721 4204 mo-

144 4248 403 4301 naclricoet
423 4247 612 4299 minori
645 4255 815 4299 essent
847 4246 1047 4309 ordine,
1080 4245 1213 4314 lapsi
1244 4244 1476 4308 fuerant,
1510 4243 1720 4298 abbatis

146 4337 364 4392 ofﬁcium
386 4339 666 4407 suscipere
698 4338 917 4391 minime
946 4337 1218 4401 debuisse,
1250 4337 1353 4389 nisi
1374 4336 1583 4389 omnino
1605 4349 1721 4388 cor—

146 4440 270 4483 recta
313 4433 420 4485 vita
459 4441 508 4484 et
538 4431 695 4500 digna
740 4429 1059 4500 prwcedentc
1088 4429 1427 4500 paenitentia;
1456 4427 1550 4481 sed
1596 4427 1721 4495 quia

143 4518 241 4586 jam
279 4522 505 4576 abbates
541 4520 665 4575 faeti
692 4528 879 4585 erant,
910 4520 1079 4573 voluit
1109 4519 1537 4587 sapientEssimus
1564 4515 1726 4571 Pater

147 4622 199 4663 ut
216 4614 278 4667 de
297 4627 489 4668 eorum
512 4613 639 4675 vita,
672 4611 909 4665 moribus
939 4626 1001 4664 ac
1030 4610 1390 4665 sollicitudine
1415 4624 1599 4665 euram
1629 4624 1722 4679 ge-

147 4712 278 4755 reret
300 4702 510 4757 Vitalis.
525 4700 587 4755 Et
611 4701 655 4755 si
678 4713 829 4755 actus
849 4716 1035 4755 eorum
1064 4700 1264 4754 inventi
1278 4710 1464 4754 contra
1492 4700 1727 4755 ofﬁcium

151 4807 247 4846 non
265 4792 510 4857 fuissent,
530 4793 581 4845 in
595 4802 819 4861 accepto
836 4800 1241 4861 perseverarent
1258 4790 1440 4844 ordine
1455 4798 1509 4843 et
1521 4789 1724 4847 ollicio.

150 4882 376 4954 Alioquin
410 4886 641 4949 remotis,
659 4882 849 4951 inquit,
873 4885 943 4936 eis
974 4882 1066 4935 alii
1086 4883 1171 4951 qui
1189 4883 1472 4936 commissis
1489 4882 1585 4937 sibi
1613 4884 1730 4937 ani-

151 4975 320 5029 mabus
348 4977 592 5045 prodesse
617 4976 820 5029 valeant
848 4975 1149 5029 ordinentur
1173 4973 1311 5043 (Lib.
1335 4991 1443 5039 xrv,
1465 4993 1546 5044 ep.
1577 4974 1656 5046 2).

214 5064 266 5117 5.
290 5065 348 5118 in
382 5066 611 5134 epistola
640 5064 706 5119 ad
728 5065 956 5119 Vitalem
986 5079 1049 5118 ea
1088 5064 1154 5119 de
1187 5080 1246 5118 re
1274 5067 1471 5134 scripta
1500 5082 1729 5136 respon-

155 5150 236 5205 det
263 5153 318 5207 S.
350 5154 643 5223 Gregorius
689 5155 970 5224 qumstioni
1018 5155 1304 5224 proposita:
1332 5155 1398 5208 de
1444 5154 1727 5222 Januario,

155 5240 454 5300 Caratitano
483 5246 903 5316 archiepiscopo,
923 5248 1012 5315 qui
1038 5256 1263 5317 tempore
1289 5264 1387 5311 quo
1416 5248 1730 5317 sacri/icium

158 5332 437 5388 celebrabat
460 5346 655 5390 tantam
668 5339 971 5409 frequenter
1016 5339 1309 5408 angustiam
1338 5338 1651 5408 patiebatur,
1674 5350 1730 5392 ut

159 5422 239 5475 vix
264 5436 377 5493 post
397 5426 550 5496 longa
574 5428 847 5480 intervalla
875 5428 943 5479 ad
964 5428 1129 5481 locum
1160 5429 1373 5481 canonis
1402 5429 1571 5482 redire
1600 5431 1732 5483 vale-

162 5525 251 5569 ret.
297 5516 424 5573 lnde
478 5518 659 5572 multis
707 5518 1019 5574 offensionis
1072 5520 1195 5573 data
1249 5521 1494 5585 occasio,
1545 5521 1619 5574 ita
1673 5530 1731 5575 ut

165 5601 478 5677 dubitarent,
504 5611 550 5664 si
572 5610 982 5664 communionem
1008 5610 1071 5664 de
1098 5611 1210 5681 ejus
1237 5610 1624 5665 consecratione
1649 5611 1733 5664 de-

1815 3249 2054 3312 destiam,
2085 3255 2267 3301 contra
2295 3260 2564 3299 sacrorum
2582 3260 2836 3297 canonum
2858 3251 3071 3307 statuta,
3098 3241 3404 3311 praedictum

1816 3348 2041 3394 castrum
2053 3338 2117 3391 de
2128 3335 2776 3410 jurisdictioneAlcysonis
2788 3334 3040 3389 abducere
3055 3351 3118 3387 ac
3134 3352 3241 3388 sua:
3255 3334 3406 3389 moli—

1818 3441 1898 3484 tus
1913 3440 1989 3484 est
2000 3430 2239 3499 potestati
2252 3427 2522 3499 subjicere,
2534 3435 2590 3479 ut
2612 3428 2799 3497 ﬁerent
2819 3426 3197 3498 quodammodo
3209 3425 3406 3480 domini

1816 3523 2055 3591 ubiprius
2067 3521 2290 3591 suscepti
2311 3522 2518 3593 {nerant
2533 3519 2810 3590 peregrini.
2831 3518 2906 3573 De
2931 3519 3141 3586 ingrato
3167 3516 3406 3587 episcopi

1820 3614 2039 3676 animo,
2092 3611 2397 3681 injustaque
2446 3609 2608 3665 castri
2651 3609 3001 3678 usurpatione
3045 3608 3411 3677 expostulavit

1822 3703 2055 3773 Aleyson
2081 3707 2193 3754 tum
2215 3699 2356 3770 apud
2381 3700 2783 3769 imperatorem,
2818 3706 2928 3751 tum
2954 3696 3095 3765 apud
3119 3694 3406 3759 Andream,

1826 3791 2257 3861 Nicopolitanum
2330 3792 2642 3860 episcopum
2675 3826 2692 3851 ,
2751 3787 3032 3855 utriusque
3100 3793 3312 3854 metrop
3354 3785 3412 3838 l;-

1827 3894 1959 3947 tam,
2008 3881 2100 3950 qui
2150 3888 2263 3935 tum
2317 3894 2387 3933 ex
2433 3877 2633 3942 ofﬁcio,
2689 3884 2800 3931 tum
2850 3892 2916 3931 ex
2959 3875 3215 3946 principis
3266 3890 3409 3943 pra:-

1826 3981 1986 4043 cepto
2016 3972 2124 4026 lata
2171 3970 2463 4030 sententia,
2488 3967 2727 4022 decrevit
2767 3965 3007 4034 Cassiopi
3047 3972 3283 4019 castrum
3313 3967 3412 4015 sub

1823 4063 2198 4135 jurisdictione
2234 4060 2597 4131 Corcyritanse
2630 4058 2880 4114 Ecclesia:
2907 4058 3090 4112 debere
3116 4057 3409 4128 persistere.

1829 4154 2229 4227 Metropolitani
2297 4152 2617 4207 sententiam
2698 4150 3072 4221 comprobavit
3143 4165 3302 4219 papa.
3349 4149 3414 4201 lit

1826 4248 2074 4318 quamvis
2111 4246 2485 4305 districtionem
2522 4252 2703 4298 contra
2740 4259 2793 4297 se
2816 4260 2919 4296 non
2962 4242 3217 4296 modicam
3258 4239 3415 4307 hujus

1829 4341 1983 4409 litigii
2031 4339 2187 4409 culpa
2215 4338 2489 4394 videretur
2537 4337 2785 4405 exigere,
2814 4344 3035 4405 propter
3082 4333 3225 4404 quod
3273 4333 3415 4386 mala

1756 4470 1803 4529 υ
1831 4448 1932 4503 pro
1962 4430 2120 4486 bonis
2148 4438 2274 4487 sunt
2304 4429 2547 4484 reddita:
2571 4428 2894 4483 Studendum
2922 4438 3091 4481 tamen
3114 4436 3210 4493 est,
3243 4427 3417 4496 inquit

1829 4522 2276 4579 clementissimus
2305 4522 2486 4587 Pater,
2522 4530 2577 4575 ut
2607 4539 2819 4576 excessu
2857 4522 3145 4591 benignitas
3180 4537 3281 4573 non
3307 4522 3417 4572 vin-

1829 4627 1994 4681 catur,
2028 4633 2121 4670 nec
2140 4614 2270 4671 illud
2294 4614 2428 4685 quod
2454 4615 2715 4668 extraneis
2737 4612 2964 4676 debetur,
2988 4609 3233 4681 fratribus
3263 4610 3417 4661 etiam

1830 4706 2185 4761 necessitatem
2227 4696 2539 4776 patientibus
2577 4703 2915 4773 denegetur...
2953 4706 3152 4768 oportet
3200 4714 3323 4767 ergo
3361 4707 3417 4749 ut

1830 4797 2123 4850 sacerdotes
2163 4794 2239 4849 vel
2276 4794 2441 4847 clerus
2474 4791 2650 4845 Euriaz
2686 4789 2906 4844 civitatis
2946 4788 3010 4840 ab
3042 4787 3259 4856 antefati
3297 4783 3420 4838 Cas-

1833 4887 1965 4956 si0pi
2003 4885 2160 4938 castri
2188 4884 2506 4937 habitatione
2545 4881 2838 4935 nullatenus
2875 4877 3221 4947 repellantur,
3250 4875 3341 4931 sed
3369 4884 3418 4928 et

1837 4975 1971 5029 beati
1988 4976 2184 5030 Donati
2206 4985 2441 5031 sanctum
2463 4990 2524 5027 ac
2545 4972 2835 5026 venerabile
2863 4987 3069 5041 corpus,
3086 4968 3221 5040 quod
3248 4984 3419 5021 secum

1838 5066 2149 5128 detulerunt,
2172 5069 2226 5121 in
2248 5083 2352 5119 una
2376 5066 2710 5118 ecclesiarum
2732 5062 2981 5116 antedicti
3000 5060 3099 5116 loci
3128 5078 3281 5130 quant
3312 5061 3418 5115 ele-

1840 5158 2027 5224 gerint,
2055 5158 2158 5211 sive
2187 5158 2345 5219 intus,
2379 5159 2481 5209 sive
2508 5156 2636 5226 [oris
2658 5154 2882 5208 habeant
2904 5153 3217 5207 recondendi
3248 5152 3419 5207 debita

1825 5247 1950 5302 cum
1980 5248 2305 5301 veneratione
2324 5246 2603 5299 licentiam.
2630 5246 2719 5299 Sic
2748 5255 2918 5298 tamen
2953 5254 3008 5297 ut
3037 5245 3299 5299 dilectioni
3323 5256 3422 5299 tute

1836 5336 1892 5391 in
1926 5337 2074 5407 cujus
2103 5336 2353 5406 parce/tia
2395 5345 2621 5388 castrum
2650 5337 2820 5403 ipsum
2851 5344 2927 5388 est
2959 5336 3204 5403 positum,
3234 5335 3421 5387 emissa

1838 5436 2138 5498 procuretur
2158 5429 2393 5481 cautione
2419 5427 2667 5493 munitio,
2700 5444 2791 5497 per
2816 5443 2968 5498 quam
2992 5428 3259 5496 promittat
3288 5429 3424 5496 epis-

1838 5537 1992 5588 copas
2022 5519 2201 5573 Euriaz
2229 5518 2428 5573 nullam
2457 5518 2555 5572 sibi
2577 5519 2630 5571 in
2650 5535 2709 5574 eo
2739 5526 3062 5587 potestatem,
3094 5518 3291 5571 nullum
3322 5518 3424 5585 pri-

1837 5612 2074 5681 vilegium
2102 5610 2233 5681 fore,
2263 5608 2462 5663 nullam
2490 5609 2925 5680 jarisdictionem,
2951 5608 3146 5661 nullam
3175 5617 3419 5678 tanquam

231 5750 256 5815 ε
290 5745 329 5797 Α
350 5760 451 5815 quo
473 5747 589 5800 haec
608 5747 734 5802 urbs
753 5762 951 5803 nomen
965 5749 1194 5820 accepit,
1216 5755 1549 5819 vocaturque
1568 5749 1732 5805 etiam
1761 5763 1905 5805 nutic
1936 5744 2305 5803 Son-Donato.

435 5842 706 5900 Ρηκοι.
738 5840 997 5900 LXXV.

2951 5835 3022 5899 15
