3976 6302
580 312 606 366 ι
617 309 682 364 59

1049 309 1106 364 S.
1151 307 1478 364 GREGORII
1517 303 1731 361 MAGNI
1773 301 1958 368 VITA,
2003 300 2093 355 EX
2136 299 2296 357 EJUS
2337 304 2644 364 SCRIPTIS
2682 307 3076 362 ADORSATA.
3120 308 3251 364 LIB.
3297 309 3384 365 IV.

3738 314 3848 367 £60

577 420 856 476 cardinalis
895 421 1164 490 episcopus
1201 419 1416 474 ulterius
1453 415 1815 471 auctoritatem
1845 409 2153 483 defendere,
2191 416 2235 472 Α
2265 415 2417 470 laicis
2437 417 2539 472 sibi
2569 419 2815 483 subditis,
2847 419 2989 473 etde
3018 418 3270 476 Ecclesiis
3291 420 3358 476 de
3382 436 3610 491 quarum
3639 425 3851 482 dedica-

577 514 666 566 sed
692 529 818 578 pace
846 512 956 566 Deo
987 513 1213 582 propitio
1239 509 1464 574 reddita,
1491 506 1666 560 ablato
1697 503 1858 574 304
1884 501 2165 557 venerabili

578 605 742 657 sancti
782 603 994 665 Donati,
1022 604 1066 655 si
1117 600 1412 663 maluerint.
1450 613 1686 668 corpore,
1736 596 1805 649 ad
1851 595 2068 664 prOpria
2111 608 2166 646 se

579 697 746 752 modis
791 697 1026 750 omnibus
1057 709 1346 747 reversuros
1379 691 1519 760 (Lib.
1554 707 1663 757 xw,
1687 707 1769 760 ep.
1800 689 1875 760 7).

573 796 577 801 ‘
650 786 784 840 Huic
798 784 1001 854 judicio
1027 800 1135 838 non
1163 784 1345 839 statim
1367 783 1636 851 acquievit
1655 782 1940 851 episcopus
1968 778 2165 845 Eurite,

579 875 672 931 sed
702 875 768 929 ab
810 876 1136 945 imperatore
1182 875 1556 944 subreptitiam
1600 873 1833 929 obtinuit
1873 871 2168 940 jussionem

579 981 684 1032 qua
713 965 764 1019 in
807 974 1044 1020 castrum
1071 965 1319 1036 Cass'opi
1347 979 1564 1020 omnem
1594 964 1696 1019 sibi
1734 962 2039 1017 vindicabat
2068 977 2168 1030 po-

582 1063 854 1112 testatem.
889 1057 942 1112 ld
967 1072 1110 1129 {egre
1139 1057 1262 1112 tulit
1289 1057 1346 1111 S.
1379 1053 1701 1125 Gregorius;
1734 1068 1802 1108 ne
1831 1062 2009 1107 tamen
2041 1066 2172 1106 con-

584 1156 665 1204 tra
694 1145 923 1216 Augusti
945 1154 1275 1217 praeceptum
1304 1154 1400 1200 aut
1442 1144 1496 1198 in
1527 1143 1840 1214 despectum
1882 1141 2048 1211 ipsius
2073 1140 2171 1192 ali-

588 1235 719 1308 quid
765 1235 946 1292 facere
988 1236 1279 1303 videretur,
1311 1235 1442 1290 nulli
1490 1235 1722 1304 partium
1762 1233 1886 1288 data
1927 1247 1993 1286 ex
2038 1231 2175 1300 juris

585 1330 832 1386 formulis
883 1332 1152 1386 sententia
1197 1347 1212 1383 :
1258 1329 1391 1384 satis
1444 1327 1630 1382 habuit
1683 1340 1806 1381 eum
1859 1324 2170 1388 admonere,

590 1418 844 1476 ttonifacii
891 1420 1052 1490 legati
1081 1421 1165 1475 sui
1193 1433 1390 1489 opera,
1429 1418 1498 1472 de
1517 1417 1773 1487 jussionis
1803 1416 1867 1469 ab
1913 1415 2028 1483 ipso
2055 1429 2175 1470 sur-

589 1515 756 1576 repta:
778 1508 1078 1576 iniquitate,
1107 1522 1405 1577 rogareque
1436 1516 1493 1561 ut
1520 1506 1845 1561 contrariam
1864 1507 2036 1567 daret,
2068 1519 2175 1574 qua

591 1599 944 1669 metropolita:
983 1599 1242 1669 judicium
1271 1614 1302 1652 a
1330 1608 1513 1653 sancta
1555 1599 1683 1652 sede
1713 1603 1887 1650 ratum
1934 1596 2174 1650 habitum

588 1690 998 1756 confirmaretur
1039 1689 1178 1762 (Lib.
1225 1707 1348 1756 xw,
1398 1707 1478 1759 ep.
1522 1689 1599 1760 8).
1650 1689 1959 1759 Resipuisse
2003 1686 2176 1742 Euriai

2267 509 2415 563 tione
2429 509 2792 565 dubitabatur.
2809 509 2890 566 Ad
2911 513 3142 584 primum
3155 513 3284 569 dicit
3299 530 3360 569 ea
3377 529 3497 584 quae
3522 516 3734 572 indulsit
3751 519 3855 576 Anc

2266 598 2366 667 glis
2388 600 2762 672 neophytis(L.
2780 617 2852 666 xl,
2875 619 2958 673 ep.
2973 602 3088 674 64),
3109 604 3360 660 nimirum
3377 614 3435 660 ut
3455 607 3854 663 matrimonium

2269 690 2322 743 in
2352 689 2606 758 gradibus
2647 692 2928 760 prohibitis
2965 697 3288 751 contrahere
3317 705 3559 767 possent,
3605 715 3708 754 non
3732 715 3856 755 esse

2269 783 2519 837 omnibus
2535 799 2563 837 a
2585 800 2644 839 se
2663 800 2918 842 concessa
2938 803 2952 852 ;
2973 787 3083 842 imo
3101 805 3199 846 nec
3215 790 3457 861 ipsismet
3473 791 3660 862 Anglis
3670 794 3769 852 nisi
3786 798 3854 850 ad

2271 881 2504 942 tempus,
2551 874 2799 929 videlicet
2838 877 3014 933 donec
3063 879 3118 934 in
3171 880 3250 936 eis
3289 882 3627 940 coalesceret
3667 886 3857 957 religio

2269 963 2593 1020 Christiana.
2648 966 2727 1020 Ad
2770 969 3067 1024 secundum
3110 973 3391 1040 qnmsitum
3423 977 3760 1046 respondet:
3798 979 3858 1033 Si

2271 1053 2459 1119 David,
2510 1072 2687 1127 regum
2727 1059 3070 1130 justissimus,
3113 1063 3167 1116 in
3197 1062 3348 1128 Saul,
3397 1082 3546 1136 quem
3592 1068 3862 1122 constabat

2265 1147 2380 1217 jam
2417 1161 2448 1198 a
2487 1144 2713 1203 Domino
2752 1149 3076 1220 reprobatum
3103 1169 3245 1219 esse,
3276 1171 3488 1208 ntanum
3515 1157 3716 1211 mittere
3755 1175 3861 1211 non

2271 1237 2621 1305 pratsumpsit,
2664 1248 2856 1307 quanto
2895 1243 3060 1312 magis
3100 1245 3382 1298 cavendum
3421 1253 3496 1300 est
3544 1263 3611 1300 ne
3653 1265 3862 1302 manum

2273 1326 2604 1381 detractionis
2646 1338 2732 1382 aut
2769 1331 3188 1402 vituperatiOnis,
3217 1335 3322 1389 sive
3359 1337 3745 1394 indiscretionis
3773 1351 3862 1393 aut

2275 1417 2728 1486 dehonorationis,
2758 1422 2966 1490 quidam
3015 1425 3222 1478 mittant
3262 1428 3318 1480 in
3363 1435 3576 1483 unctum
3617 1428 3860 1499 Domini,

2276 1506 2356 1562 vel
2407 1509 2461 1562 in
2513 1510 2878 1579 praedicatores
2933 1523 3130 1567 senctce
3185 1512 3476 1570 Ecclesiae?
3523 1519 3647 1589 quia
3689 1537 3860 1574 eorum

2275 1600 2479 1654 vexatio
2509 1601 2612 1654 sive
2642 1601 2893 1656 detractio
2915 1604 2983 1656 ad
3011 1603 3269 1660 Christum
3299 1607 3541 1676 pertinet,
3572 1609 3722 1680 cujus
3759 1611 3860 1665 rice

2276 1692 2332 1745 in
2364 1688 2600 1744 Ecclesia
2629 1692 2884 1762 legatione
2907 1696 3212 1765 funguntur.
3248 1694 3397 1751 Unde
3425 1714 3749 1768 summopere
3772 1717 3860 1753 cas

587 1772 900 1846 episcopum
929 1791 1029 1832 nos
1057 1779 1215 1832 docet
1259 1780 1456 1846 scripta
1489 1777 1556 1832 ad
1593 1776 1915 1847 Alcysonem
1949 1776 2178 1846 epistola
2215 1784 2256 1843 Β
2281 1779 2496 1833 vendam
2519 1791 2596 1834 est
2626 1783 2860 1836 omnibus
2887 1783 3157 1853 ﬁdelibus,
3187 1803 3253 1839 ne
3281 1786 3514 1840 clanculo
3545 1798 3639 1841 aut
3670 1789 3862 1858 publice

589 1867 776 1935 (Ibid.,
807 1885 888 1938 ep.
932 1869 1041 1940 15).
1077 1868 1209 1923 Nam
1248 1870 1536 1940 eapitulare
1573 1868 1768 1925 obtulit
1802 1883 1910 1938 quo
1955 1867 2180 1938 supplex

590 1960 808 2029 patebat
854 1976 885 2014 a
927 1959 1281 2032 Corcyritano
1329 1961 1591 2024 antistite,
1635 1968 1694 2014 ut
1740 1959 1794 2014 in
1840 1958 2081 2014 Ecclesia
2119 1957 2176 2012 S.

587 2050 830 2114 Joannis,
867 2051 1006 2105 intra
1035 2059 1272 2106 castrum
1320 2049 1561 2120 Cassiopi
1605 2049 1812 2119 posita,
1848 2048 2063 2104 licentia
2093 2063 2182 2104 re-

589 2141 856 2196 condendi
883 2142 1127 2212 corporis
1173 2141 1316 2197 beati
1363 2141 1554 2195 Donati
1595 2141 1695 2194 sibi
1735 2140 1992 2207 daretur;
2025 2154 2185 2208 para-

593 2247 812 2303 tumque
839 2247 899 2286 se
927 2231 1204 2286 asserebat
1229 2233 1296 2285 a'l
1330 2230 1667 2284 emittendum
1707 2229 2047 2284 munitionem
2077 2242 2182 2297 qua

593 2328 770 2378 locum
799 2323 944 2378 hunc
970 2322 1337 2392 Corcyritanac
1381 2320 1630 2376 dioecesis
1665 2335 1785 2374 esse
1828 2319 1968 2373 ultro
2012 2331 2182 2387 agno-

590 2421 800 2478 sceret,
834 2412 1146 2481 nullumque
1185 2412 1286 2466 sibi
1319 2411 1407 2481 jus
1443 2411 1498 2465 in
1527 2411 1956 2478 illum'unquam
1988 2408 2174 2463 vendi-

591 2515 834 2562 caturum
856 2505 1220 2576 polliceretur.
1250 2504 1572 2576 Alcysonem
1598 2504 1842 2557 hortatus
1861 2512 1946 2556 est
1964 2516 2101 2572 papa
2127 2508 2185 2555 nt

593 2605 814 2667 accepta
843 2597 1096 2652 cautione
1122 2594 1391 2667 postulata
1419 2595 1760 2659 concederet,
1786 2595 2184 2662 sponderetque

595 2700 706 2743 tum
734 2690 992 2760 episcOpo
1013 2687 1192 2743 Euris:
1224 2697 1335 2742 tum
1357 2687 1473 2756 ejus
1493 2687 1723 2749 clericis,
1754 2686 2000 2740 restituta
2023 2699 2179 2754 pace,

591 2800 714 2838 cum
761 2783 830 2838 ad
868 2782 1139 2853 propriam
1192 2781 1370 2836 redire
1425 2781 1612 2834 liceret
1658 2777 1983 2842 Ecclesiam,
2035 2777 2183 2846 ipsos

589 2875 864 2930 auferendi
892 2890 1076 2930 secum
1102 2889 1300 2944 corpus
1339 2871 1510 2927 sancti
1553 2869 1750 2924 Donati
1777 2867 1856 2922 fas
1881 2867 2177 2921 habituros.

657 2965 714 3020 ὕ.
748 2966 922 3021 Burin:
947 2965 1258 3034 episcopum
1289 2963 1358 3017 ad
1387 2959 1664 3034 propriam
1697 2959 1992 3014 Ecclesiam
2023 2957 2182 3011 dese-

590 3057 814 3112 rendam
842 3063 1095 3111 coactum.
1135 3068 1256 3109 esse
1279 3068 1312 3106 a
1357 3046 1565 3106 Sclavis
1593 3058 1686 3104 aut
1709 3048 1972 3103 Avaribus
2007 3047 2182 3117 susp'r

2282 1870 2575 1938 episc0punt
2600 1887 2765 1935 suum,
2790 1873 2846 1925 id
2873 1883 2948 1926 est
2967 1886 3176 1928 unctum
3206 1875 3437 1943 Domini,
3462 1878 3863 1935 detractionibus

2282 1967 2372 2012 aut
2399 1961 2858 2030 vitaperationibus
2885 1964 3159 2020 dilanient.
3186 1967 3264 2021 Ad
3295 1968 3508 2024 tertiam
3538 1985 3670 2026 vero
3704 1972 3862 2025 inter-

2283 2052 2617 2120 rogationem
2656 2055 2733 2109 ait
2763 2073 2776 2108 :
2807 2055 2887 2110 De
2929 2057 3310 2114 dedicationum
3347 2078 3465 2117 vero
3511 2060 3862 2118 Ecclesiarum

2283 2142 2621 2211 dubitatione,
2661 2163 2813 2217 super
2849 2165 2949 2219 qua
2977 2150 3112 2204 inter
3139 2160 3327 2206 caetera
3357 2169 3450 2208 nos
3484 2156 3754 2209 consulere
3781 2172 3864 2209 vo-

2284 2234 2474 2304 luistis,
2501 2237 2596 2291 hoc
2624 2255 2710 2293 vos
2740 2241 2838 2293 rite
2867 2251 3038 2296 tenere
3066 2243 3277 2309 debetis,
3305 2246 3443 2315 quod
3470 2245 3536 2299 ab
3577 2257 3863 2303 antecesso—

2283 2323 2424 2380 ribus
2469 2330 2662 2383 nostris
2709 2330 2960 2385 traditum
2997 2335 3287 2405 accepimus
3314 2352 3333 2388 :
3363 2336 3418 2388 id
3445 2343 3544 2404 est,
3573 2346 3630 2390 ut
3673 2339 3863 2408 quoties

2285 2424 2390 2470 tam
2419 2417 2482 2470 de
2511 2417 2762 2488 b.:ptismo
2802 2421 3092 2495 aliquorum
3136 2425 3213 2478 vel
3258 2426 3687 2495 conﬁrmatione,
3719 2444 3863 2499 quam

2284 2508 2347 2562 de
2374 2511 2704 2565 ecclesiarum
2731 2515 3116 2570 consecratione
3143 2514 3395 2572 dubitatio
3426 2517 3661 2584 habetur,
3698 2528 3752 2572 et
3777 2535 3863 2572 nec

2283 2600 2508 2669 scriptis,
2540 2617 2632 2654 nec
2657 2600 2867 2656 testibus
2905 2604 3040 2657 ratio
3080 2615 3218 2658 certa
3246 2605 3461 2660 habetur
3499 2616 3673 2661 utrum
3703 2608 3865 2678 bapti-

2284 2691 2406 2754 zati,
2439 2691 2517 2744 vel
2543 2692 2856 2762 conﬁrmati,
2886 2695 2991 2748 sive
3027 2695 3255 2751 ecclesia:
3279 2709 3593 2754 consecrata:
3637 2700 3746 2753 sint
3771 2716 3798 2768 :I
3817 2710 3866 2750 ut

2284 2781 2607 2849 baptizentur
2638 2784 2759 2837 tales
2783 2801 2844 2838 ac
2868 2787 3256 2856 conﬁrmentur,
3279 2800 3431 2860 atque
3455 2791 3686 2846 ecclesiie
3712 2808 3868 2845 cano-

2284 2875 2397 2926 nice
2424 2874 2740 2941 dedicentur,
2773 2894 2836 2931 ne
2866 2879 2987 2932 talis
3012 2879 3264 2934 dubitatio
3293 2883 3446 2935 ruina
3468 2883 3713 2953 ﬁdelibus
3733 2884 3829 2952 ﬁat
3852 2901 3866 2935 :

2283 2969 2527 3036 quoniam
2577 2986 2680 3023 non
2729 2983 3045 3026 monstratur
3086 2974 3352 3044 iteratum,
3393 2976 3530 3045 quod
3572 2991 3678 3030 non
3719 2978 3868 3029 certis

2282 3058 2490 3112 indiciis
2511 3061 2798 3114 ostenditur
2823 3066 2919 3116 rite
2940 3076 3224 3133 peractum.

591 3160 801 3216 camur,
830 3159 938 3198 non
966 3158 1095 3198 vero
1116 3158 1146 3196 a
1174 3139 1560 3210 Langobardis,
1590 3154 1715 3193 cum
1754 3139 1948 3208 quibus
1970 3136 2174 3190 nullum

2357 3148 2408 3203 7.
2439 3147 2534 3204 His
2560 3153 2834 3220 responsis
2860 3159 3030 3207 totam
3061 3153 3351 3210 informare
3381 3154 3677 3212 Ecclesiam
3715 3173 3869 3214 cura-

593 3247 722 3292 tunc
747 3234 911 3290 fuisse
931 3234 1128 3289 bellum
1158 3232 1473 3302 conjicimus
1501 3245 1565 3284 ex
1596 3231 1790 3284 litteris
1809 3237 1866 3283 et
1887 3243 2175 3282 munuscu-

593 3333 658 3390 lis
707 3347 752 3400 av
785 3330 845 3385 S.
896 3329 1157 3399 Gregorio
1205 3328 1272 3381 ad
1323 3324 1747 3381 Theodelindam
1793 3323 2033 3392 reginam
2078 3322 2182 3377 hoc

593 3439 737 3479 anno
764 3422 939 3478 missis
968 3420 1107 3494 (Lib.
1135 3436 1242 3485 xw,
1258 3437 1342 3490 ep.
1365 3419 1481 3488 ‘21).
1512 3416 1632 3488 Ipsa
1653 3418 1946 3487 scripserat
1973 3431 2180 3469 summo

594 3513 858 3584 pontilici,
886 3523 948 3569 ut
987 3527 1111 3568 eum
1138 3512 1217 3566 sui
1240 3510 1418 3581 gaudii
1464 3509 1781 3582 participem
1829 3507 2072 3563 alliceret
2112 3507 2181 3562 ob

594 3603 943 3660 Adaloaldum
984 3600 1151 3656 filium
1189 3601 1244 3656 in
1289 3600 1466 3655 lucem
1512 3599 1750 3663 editum,
1785 3612 1946 3666 quem
1975 3597 2030 3651 in
2080 3599 2183 3652 lite

592 3695 856 3751 catholica
907 3692 1167 3764 baptizari
1210 3698 1527 3758 curaverat,
1574 3690 1699 3746 licet
1746 3689 2009 3756 Agilulfus
2057 3703 2179 3752 rex,

595 3785 712 3856 ejus
759 3795 932 3855 pater,
975 3782 1215 3840 nondum
1262 3783 1624 3838 Arianismum
1672 3781 1956 3851 ejurasset.
2010 3779 2180 3849 Regio

593 3890 760 3946 puero
789 3875 1013 3946 ejusque
1040 3873 1213 3930 sorori
1244 3888 1384 3943 papa
1415 3872 1560 3927 misit
1590 3886 1743 3926 sacra
1773 3870 2017 3941 quaedam
2040 3869 2182 3924 dona

591 3976 648 4021 et
686 3967 789 4022 alia
830 3965 1178 4030 munuscula,
1212 3964 1280 4019 de
1326 3965 1517 4034 quibus
1564 3963 1788 4033 legenda
1838 3963 2066 4032 epistola
2115 3963 2180 4015 ad

594 4059 832 4129 reginam
871 4058 1092 4128 scrip:a.
1135 4060 1304 4126 Ipsam
1349 4055 1560 4123 rogavit
1589 4063 1646 4110 ut
1675 4069 1775 4109 suo
1821 4054 2040 4108 nomine
2070 4053 2182 4121 regi

593 4151 806 4221 conjugi
833 4151 902 4206 de
945 4149 1086 4204 facta
1123 4163 1260 4219 pace
1291 4150 1491 4217 gratias
1530 4160 1691 4216 agere
1739 4147 2069 4215 dignaretur,
2102 4154 2184 4198 at-

594 4256 700 4308 que
739 4240 857 4309 ejus
892 4241 1160 4304 animum,
1191 4240 1330 4294 sicut
1363 4247 1748 4303 consueverat,
1800 4238 1865 4290 ad
1898 4251 2086 4306 pacem
2115 4239 2182 4290 de

595 4332 776 4385 futuro
805 4342 1142 4400 provocaret.

664 4420 724 4478 ln
753 4421 940 4476 eadem
982 4421 1236 4490 epistola,
1270 4436 1391 4476 cum
1438 4429 1658 4490 rogatus
1697 4428 1841 4476 esset
1871 4435 1900 4474 a
1931 4419 2180 4475 Theode-

2284 3235 2377 3293 bat
2401 3240 2765 3297 sanctissimus
2793 3241 3010 3310 Ductor,
3030 3260 3129 3299 nec
3155 3246 3221 3300 ab
3241 3246 3596 3303 admonendis
3620 3249 3867 3322 privatim

2284 3327 2494 3395 amicis,
2523 3329 2612 3383 ubi
2655 3344 2686 3384 e
2727 3345 2789 3384 re
2814 3329 3064 3387 Ecclesia:
3101 3349 3221 3389 esse
3265 3335 3568 3404 videbatur,
3599 3338 3866 3392 cessabat.

2285 3417 2596 3476 Gratulatus
2630 3431 2713 3476 est
2757 3422 2920 3479 Paulo
2966 3423 3297 3482 Scholastico
3338 3427 3478 3499 (Lib.
3525 3446 3646 3492 xw,
3676 3448 3768 3500 ep.
3799 3432 3868 3500 1).

2286 3519 2399 3566 tum
2427 3513 2494 3567 de
2523 3514 2687 3583 ipsius
2722 3515 3081 3573 sollicitudine
3112 3519 3163 3573 in
3210 3522 3518 3579 coercendis
3554 3525 3869 3592 puniendis-

2284 3616 2391 3672 que
2430 3602 2724 3670 maleficis,
2769 3615 2880 3661 tum
2910 3607 2977 3662 de
3027 3608 3142 3679 ejus
3188 3609 3310 3665 cum
3342 3609 3550 3679 Leone,
3581 3614 3869 3672 Catanensi

2286 3695 2541 3767 episcopo
2560 3739 2573 3764 ,
2604 3701 3079 3768 reconciliatione;
3110 3713 3163 3758 et
3202 3713 3487 3779 utrumque
3514 3709 3771 3768 hortatus
3796 3722 3867 3768 est

2285 3789 2353 3842 ad
2407 3787 2731 3857 diligendum
2776 3808 2995 3862 pacem,
3046 3794 3436 3868 fovendamque
3491 3802 3864 3862 charitatem:

2284 3890 2549 3948 quatenus
2597 3885 2932 3954 reciprocum
2987 3886 3259 3958 allectum,
3306 3894 3459 3962 quasi
3489 3903 3746 3952 mutuum
3786 3899 3868 3952 ali-

2285 3971 2429 4040 quod
2446 3971 2814 4042 foeneratores,
2830 3994 3042 4048 semper
3065 3981 3130 4034 ab
3147 3982 3375 4039 invicem
3395 3999 3620 4055 possent
3633 3990 3865 4062 exigere.

2355 4064 2592 4121 Audiens
2621 4068 2902 4124 abductam
2950 4087 2980 4126 a
3010 4075 3242 4143 quodam
3271 4079 3439 4134 milite
3465 4079 3718 4138 ancillam
3759 4082 3865 4143 Dei.

2284 4159 2351 4213 de
2379 4167 2529 4214 tanto
2574 4161 2810 4218 facinore
2856 4167 3130 4236 puniendo
3169 4170 3386 4238 scripsit
3424 4171 3493 4226 ad
3541 4171 3861 4234 Guduinum.

2285 4248 2693 4320 Neapolitanum
2715 4254 2927 4321 ducem,
2953 4257 3003 4310 in
3029 4258 3143 4314 htec
3169 4262 3330 4314 verba
3358 4279 3370 4313 :
3399 4259 3525 4316 Cum
3551 4263 3689 4319 inter
3713 4265 3863 4319 nwlta

2283 4342 2418 4398 bona
2447 4362 2561 4416 qua:
2591 4347 2736 4400 nobis
2759 4347 2820 4401 de
2842 4351 3197 4420 magnitudine
3220 4363 3387 4407 vestra
3410 4356 3603 4426 saepius
3628 4358 3865 4411 nuntian-

2288 4441 2390 4496 tur,
2422 4434 2553 4487 illud
2580 4437 2634 4489 in
2659 4438 2797 4490 vobis
2818 4439 2934 4508 plus
2963 4440 3223 4496 laudabile
3244 4443 3447 4498 dicatur
3466 4448 3713 4516 existere,
3737 4451 3862 4520 quod

600 4513 740 4567 linda
769 4512 1100 4583 respondere
1126 4513 1327 4582 scripto
1347 4511 1639 4567 Secundini
1660 4511 1870 4566 abbatis
1893 4528 1992 4583 pro
2015 4513 2182 4567 tribus
2211 4497 2268 4560 Ῑ)
2290 4524 2578 4577 castitatem
2610 4497 2847 4596 diligitis,
2877 4536 2925 4582 et
2957 4529 3314 4600 disciplinam,
3357 4497 3858 4608 sicutﬁdipnur'u‘est.

594 4603 846 4672 capitulis
892 4603 1245 4669 decertantis,
1274 4612 1589 4658 excusatum
1635 4617 1696 4656 se
1723 4602 1908 4656 haberi
1945 4605 2182 4671 postulat

594 4697 665 4749 ob
703 4694 1093 4763 inﬁrmitatem,
1121 4691 1274 4762 cujus
1300 4700 1466 4748 testes
1484 4678 1713 4747 'fuerant
1751 4692 1954 4761 reginae
1979 4692 2177 4760 legati;

594 4784 1030 4856 quandoquidem
1080 4785 1252 4854 ipsum
1307 4783 1643 4839 discedentes
1699 4785 1754 4838 in
1799 4798 2010 4838 summo
2057 4783 2180 4837 vitae

595 4878 836 4947 periculo
865 4892 930 4932 ac
965 4877 1272 4932 discrimine
1301 4877 1646 4946 reliquerant.

663 4970 716 5024 6.
745 4969 930 5038 Neque
953 4977 1130 5023 tamen
1153 4983 1252 5040 pro
1273 4967 1513 5024 Ecclesia
1541 4966 1958 5022 sollicitudinem
1987 4979 2178 5035 gerere

595 5061 902 5117 intermisit.
959 5061 1090 5129 Nam
1145 5061 1337 5117 eodem
1395 5069 1680 5130 tempore,
1743 5075 1865 5113 cum
1931 5067 2179 5114 vacasset

593 5161 809 5220 pastore
837 5153 1172 5206 Anconitana
1195 5149 1453 5217 Ecclesia,
1485 5152 1553 5205 de
1588 5151 1890 5205 ordinando
1919 5150 2176 5219 episcopo

591 5243 680 5311 qui
706 5243 896 5314 dignus
925 5252 1067 5299 esset
1094 5243 1184 5297 diu
1215 5242 1558 5306 deliberavit,
1593 5243 1756 5296 animi
1796 5243 1972 5310 dotes,
2003 5243 2174 5296 virtu-

593 5345 695 5404 tes,
722 5351 902 5391 mores
934 5336 1091 5391 trium
1128 5337 1218 5404 qui
1265 5335 1423 5392 electi
1467 5337 1681 5392 fuerant
1708 5337 1995 5405 explorans
2025 5335 2171 5409 (Lib.

594 5445 697 5493 xiv,
729 5446 809 5498 ep.
841 5428 962 5498 ﬂ);
993 5437 1050 5485 et
1088 5427 1154 5482 ad
1184 5429 1411 5499 plurima
1449 5429 1672 5498 quaesita
1712 5428 1937 5496 Felicis,
1969 5428 2173 5483 Messa-

588 5523 770 5577 nensis
798 5523 1037 5591 episcopi
1065 5522 1395 5591 amplissime
1418 5523 1695 5593 respondit
1725 5521 1912 5594 (Ibid.,
1943 5540 2026 5594 ep.
2059 5522 2171 5590 l7),

539 5662 541 5665 .
589 5613 794 5667 scilicet
827 5615 894 5665 de
933 5613 1414 5679 consanguinitatis
1442 5614 1695 5681 gradibus
1726 5617 1865 5668 intra
1894 5629 2032 5684 quos
2072 5629 2172 5666 nu-

591 5706 718 5757 bem
748 5705 890 5771 licet,
922 5703 986 5758 de
1018 5705 1300 5759 vexatione
1327 5720 1487 5772 quam
1519 5707 1754 5776 episcopi
1778 5707 2120 5777 patiebantur
2141 5723 2171 5761 a

2289 4616 2555 4669 custoditis
2584 4633 2600 4669 :
2629 4619 2757 4672 satis
2793 4620 2968 4675 mirati
2996 4639 3171 4678 sumus
3207 4627 3343 4696 quod
3381 4628 3434 4680 in
3476 4629 3641 4684 milite
3669 4630 3758 4684 illo
3786 4631 3861 4697 qui

2288 4706 2535 4759 ancillam
2562 4705 2659 4760 Dei
2685 4709 2941 4763 diabolica
2985 4713 3319 4785 instigatione
3347 4716 3655 4786 perdiderit,
3692 4721 3834 4773 distri

2287 4796 2515 4848 ctissima
2543 4796 2789 4852 hactenus
2830 4799 3055 4854 vindicta
3101 4804 3241 4874 facta
3281 4822 3386 4860 non
3430 4807 3607 4877 fuerit.
3642 4807 3784 4863 Nam
3817 4817 3860 4862 tt

2285 4886 2510 4940 moribus
2550 4897 2600 4941 et
2646 4889 2862 4943 bonitati
2905 4901 3085 4947 vestra:
3128 4895 3276 4949 valde
3317 4899 3623 4955 conveniens
3654 4903 3770 4971 fuit,
3810 4909 3859 4953 ut

2282 4985 2404 5029 ante
2440 4977 2508 5030 ad
2546 4995 2638 5032 nos
2667 4979 2793 5033 ultio
2843 4997 2994 5052 quam
3047 4993 3355 5052 perpetrata:
3406 4988 3575 5055 culpae
3625 4991 3856 5060 iniquitas

2281 5067 2584 5136 perveniret,
2617 5076 2721 5123 etc.
2776 5067 2880 5121 l‘ro
2922 5073 3154 5127 exat-cllo
3200 5075 3495 5144 sollicitus,
3537 5093 3662 5134 Cum
3709 5082 3857 5138 sciret

2279 5177 2402 5214 eum
2457 5175 2524 5215 ex.
2574 5163 2767 5230 linguae
2816 5166 3200 5221 incontinentia
3250 5184 3312 5223 ea
3361 5184 3506 5240 saepe
3555 5173 3704 5244 loqui
3753 5186 3857 5244 qut:

2279 5270 2455 5308 omnes
2478 5255 2562 5325 qui
2583 5255 2729 5308 illum
2760 5256 3028 5324 amabant,
3057 5258 3127 5311 ad
3149 5260 3450 5317 inimicitias
3479 5263 3623 5318 illius
3644 5264 3856 5319 valerent

2279 5361 2574 5414 provocare,
2601 5345 2665 5398 ad
2694 5348 2976 5416 quemdam
3003 5348 3120 5418 ejus
3150 5352 3465 5409 familiarem
3492 5357 3708 5428 scripsit
3723 5366 3778 5412 ut
3797 5370 3854 5410 ea

2279 5435 2344 5490 de
2366 5451 2424 5489 re
2449 5436 2678 5490 amicum
2710 5452 3058 5495 commonere
3085 5441 3324 5498 studeret
3351 5443 3493 5514 (Lib.
3522 5461 3630 5514 xlv,
3650 5464 3730 5518 ep.
3751 5443 3852 5512 l5).

2349 5527 2403 5580 8.
2443 5525 2538 5581 His
2565 5527 2793 5584 assiduis
2833 5529 3109 5589 laboribus
3151 5550 3255 5590 non
3287 5535 3462 5592 minus
3501 5552 3664 5606 quam
3695 5537 3854 5599 conti-

2279 5619 2400 5672 nuis
2430 5617 2630 5673 morbis
2673 5619 2988 5690 absumptus
3014 5621 3326 5693 Gregotius,
3372 5629 3587 5684 tandem
3619 5629 3684 5684 ad
3711 5637 3852 5698 opta.

2282 5725 2388 5767 tam
2415 5712 2652 5781 quietem
2681 5715 2929 5770 transivit
2962 5732 3016 5771 tv
3049 5717 3170 5773 ldus
3217 5719 3463 5787 Martias,
3497 5738 3641 5778 anno
3676 5721 3853 5776 Phoce
