3976 6300
113 311 198 363 till
1108 304 1193 359 DE
1235 303 1633 366 [MAGINIBUS
1672 307 1728 364 S.
1772 308 2100 367 GREGORII
2141 314 2374 369 MAGNL

3280 322 3382 375 46‘:

108 417 438 491 imperatoris
467 413 721 480 secundo,
750 425 771 449 ο·
806 414 989 470 indict.
1024 431 1126 483 tu,
1158 415 1357 471 Christi
1390 432 1531 471 anno
1562 417 1686 485 004,
1720 427 1765 486 Α
1795 421 1847 475 in
1874 422 2279 480 celeberrimum
2308 426 2366 480 S.
2399 425 2641 482 Medardi
2674 428 2980 483 coenobium
3018 429 3230 499 legendi
3266 430 3379 487 Ma-

105 521 154 567 et
176 508 415 578 sepultus
444 516 524 560 est
554 504 605 557 in
638 515 880 558 extrema
906 505 1114 574 portictt
1146 504 1384 559 basilicae
1414 508 1557 561 beati
1586 508 1687 564 Pe-

108 605 165 658 tti
186 600 415 670 apostoli
443 605 566 651 ante
595 605 749 650 vetus
778 597 1146 650 secretarium.
1187 598 1257 649 lle
1285 596 1366 650 his
1392 612 1455 652 ac
1475 596 1542 652 de
1569 600 1686 665 ejus

102 693 362 764 epitaphio
395 689 655 760 legendus
681 686 916 742 Joannes
943 687 1208 741 Diaconus
1234 685 1374 757 (Lib.
1400 703 1471 748 tv.
1499 706 1546 741 c.
1570 688 1683 760 68),

101 786 179 855 qui
208 784 279 838 ait
316 781 635 836 venerabile
675 780 793 849 ejus
835 794 1033 848 corpus
1062 794 1093 832 a
1132 777 1395 847 Gregorio
1437 778 1503 833 ιν
1547 796 1684 851 papa

105 875 245 945 305
279 872 604 926 translatum
640 879 767 923 ante
812 869 1081 923 novellum
1122 870 1497 938 setretarium,
1548 886 1683 923 con-

101 964 301 1021 suuctis
327 962 629 1023 absidibus,
653 961 751 1014 sub
779 960 935 1012 altari
965 959 1049 1012 sui
1077 960 1311 1014 nominis
1339 960 1683 1027 collocatum,

108 1058 179 1112 ubi
226 1054 347 1122 ejus
392 1051 762 1105 anniversaria
818 1049 1133 1103 solemnitas
1178 1050 1389 1104 cunctis
1436 1050 1681 1104 certatim

101 1146 527 1220 pernoctantibus
568 1141 941 1197 ce‘ebrahatur
970 1138 1160 1210 (Ibid.,
1198 1155 1246 1193 c.
1288 1139 1400 1210 80).
1434 1138 1683 1195 Honores

100 1241 139 1293 ei
161 1237 285 1291 sacri
320 1236 391 1289 ab
435 1234 729 1301 Anglicana
763 1231 997 1285 Ecclesia
1028 1231 1232 1286 decreti
1271 1243 1395 1286 sunt
1425 1232 1477 1285 in
1507 1232 1685 1287 conci-

100 1333 159 1383 lio
186 1327 564 1383 Clovesltovizc
603 1340 691 1378 an.
725 1322 846 1385 747,
878 1339 995 1377 can.
1024 1322 1091 1378 17
1122 1340 1135 1375 :
1170 1322 1240 1376 Ut
1274 1323 1383 1376 dies
1413 1324 1683 1376 natatitius

98 1422 214 1475 beati
240 1433 397 1489 papa:
428 1415 692 1486 Gregorii,
716 1423 764 1467 et
786 1414 893 1466 dies
915 1429 1109 1484 quoque
1131 1411 1468 1482 depositionis
1496 1411 1559 1466 S.
1585 1412 1684 1464 Au-

97 1513 268 1583 gustini
310 1510 549 1578 arcltiep.
596 1508 659 1560 ab
702 1506 964 1572 ontnibus,
1008 1505 1139 1557 sicut
1188 1505 1350 1568 decet,
1396 1504 1681 1573 honoriﬁce

96 1608 407 1662 venerentur;
444 1600 523 1651 ita
550 1606 607 1649 ut
631 1609 841 1666 uterque
866 1596 974 1649 dies
1002 1594 1067 1648 ab
1089 1596 1451 1650 ecclesiasticis
1477 1603 1525 1649 et
1566 1612 1679 1649 mo-

96 1690 443 1746 nasterialibus
501 1692 716 1760 feriatus
764 1689 1032 1741 habeatur.
1085 1686 1201 1741 Non
1238 1702 1269 1740 a
1317 1687 1445 1742 solis
1476 1686 1681 1743 Latinis

1791 512 2042 569 billonius
2083 523 2139 570 et
2176 516 2461 571 Bollandus
2493 518 2722 589 (Stacqu
2757 535 2808 574 tv
2837 519 3056 589 Bened.,
3088 530 3227 593 part.
3251 536 3289 588 ι,
3322 539 3377 593 p.

1790 603 1923 671 583;
1956 605 2201 663 Bottand.
2225 610 2307 663 die
2333 610 2399 663 12
2430 610 2639 683 illam),
2670 613 2763 683 qui
2791 615 2902 682 agit
2921 616 3084 670 etiam
3109 615 3177 670 de
3200 624 3380 670 trans-

1790 698 1901 752 lato
1941 698 2182 767 ejusdem
2222 718 2332 756 san:
2357 703 2395 756 ti
2418 704 2594 776 capite
2622 705 2688 759 ad
2728 708 3113 762 monasterium
3144 707 3203 763 S.
3238 706 3382 763 Petri

1789 789 1894 842 vivi
1924 791 2063 859 apud
2109 790 2377 858 Senonas,
2421 794 2565 850 circa
2611 811 2700 849 an.
2733 795 2862 866 876,
2891 813 2959 853 ex
2988 800 3131 855 dono
3157 799 3385 857 Joannis

1789 895 1958 948 papae,
1992 881 2206 937 favente
2233 883 2428 937 Carolo
2453 882 2643 952 Calvo,
2670 886 2998 943 Francorum
3038 906 3167 961 rege
3204 900 3259 944 et
3288 889 3385 946 im-

1786 978 2068 1038 peratore,
2113 973 2525 1043 postulanteque
2550 974 2811 1045 Ansegiso
2828 1014 2844 1044 ,
2874 978 3268 1035 Senonensium
3291 995 3383 1035 ar-

1785 1058 2157 1129 chiepiscopo.

1855 1150 2131 1205 Staturam
2158 1150 2478 1208 sanatissimi
2508 1151 2803 1219 Pontiﬁcis,
2825 1157 3006 1211 vultus
3029 1158 3376 1225 lineamenta,

1784 1239 2239 1309 capillamentum,
2280 1242 2535 1307 barbam,
2567 1251 2624 1297 et
2669 1258 3006 1312 quaecunque
3043 1246 3112 1300 ad
3150 1246 3380 1302 formam

1784 1338 2026 1397 spectant
2051 1369 2067 1395 ,
2097 1329 2228 1383 satis
2258 1337 2510 1385 accurate
2550 1330 2790 1399 depingit
2841 1329 3080 1388 Joannes
3111 1333 3380 1389 Diaconus

1785 1418 1928 1490 (Lib.
1980 1435 2054 1481 tv,
2098 1435 2144 1472 c.
2196 1418 2310 1491 86).
2355 1422 2425 1474 At
2472 1421 2899 1491 prmstantissimi
2942 1424 3110 1477 animi
3153 1430 3375 1489 statum,

1783 1514 2255 1584 ﬂagrantissimum
2284 1529 2525 1569 amorem
2567 1514 2619 1568 in
2649 1513 2817 1569 Deum
2837 1556 2854 1581 ,
2888 1516 3207 1570 immensam
3248 1531 3375 1587 erga

1784 1604 2087 1671 proximum
2133 1603 2481 1668 eharitatem,
2520 1603 2958 1659 demississimam
2986 1606 3373 1668 humilitatem,

1782 1694 2154 1751 fortitudinem
2186 1696 2466 1751 infractam
2494 1698 2548 1751 in
2577 1698 2838 1763 adversis,
2864 1699 3208 1764 modestiam,
3240 1707 3376 1753 tem-

95 1785 180 1839 coli
222 1783 419 1837 meruit
460 1782 545 1834 vir
594 1780 982 1845 sanctissimus,
1029 1776 1128 1832 sed
1176 1778 1336 1831 etiam
1377 1795 1407 1831 a
1452 1777 1673 1862 Gnecis,
1714 1805 1753 1861 Β
1782 1788 2111 1855 perantiam,
2143 1788 2504 1857 vigilantiam,
2538 1788 2878 1858 prudentiam
2907 1799 3239 1859 delay-asque
3264 1791 3369 1846 vir-

96 1888 302 1941 quorum
332 1871 651 1939 menologio
702 1885 912 1925 sacrum
957 1870 1074 1935 ejus
1121 1883 1317 1923 nomen
1367 1868 1675 1923 inscribitur

97 1964 151 2016 ad
176 1964 309 2017 diem
340 1962 405 2015 ll
458 1961 671 2026 Martii,
699 1974 819 2015 cum
857 1959 1191 2029 amplissimo
1236 1959 1484 2013 eneomio
1531 1958 1677 2028 quod

100 2058 244 2109 relert
271 2055 587 2110 Bollandus.

159 2144 225 2199 De
256 2145 620 2199 translatione
659 2158 931 2198 sacrarum
960 2143 1305 2214 reliquiarum
1341 2142 1400 2199 S.
1427 2143 1672 2214 Gregorii

160 2267 179 2291 η
204 2256 324 2324 Ejus
366 2266 557 2311 tamen
600 2256 805 2327 obitum
838 2255 977 2310 Beda
1018 2257 1300 2327 consignat
1332 2257 1520 2312 indict.
1553 2273 1667 2325 vui,

97 2343 232 2398 quem
259 2337 485 2383 secutus
510 2336 592 2382 est
622 2326 818 2381 Paulus
860 2327 1123 2382 Diaconus
1148 2326 1201 2381 in
1249 2327 1485 2383 Historia
1528 2328 1668 2382 Lati-

1778 1887 1920 1933 tutes
1949 1894 2067 1947 quae
2106 1878 2423 1948 Gregorium
2457 1890 2701 1935 nostrum
2732 1882 2979 1936 certatim
3019 1890 3370 1948 ornaverunt,

1777 1968 1897 2036 quis
1926 1968 2230 2022 describere
2261 1968 2473 2023 valeat?
2504 1967 2573 2025 Ut
2615 1970 2758 2025 enim
2808 1986 2929 2026 cum
2959 1972 3018 2027 8.
3058 1972 3372 2029 Hildefonso

1778 2058 1985 2126 loquar,
2027 2056 2162 2110 Vicit
2197 2059 2475 2112 sanctitate
2502 2060 2803 2122 Antonium,
2836 2063 3124 2134 eloquentia
3147 2061 3369 2135 Cypria-

1776 2166 1919 2215 num,
1945 2151 2203 2217 sapientia
2228 2149 2728 2223 Augustinum(Lib.
2754 2152 2818 2207 de
2844 2154 2977 2208 Viris
3000 2153 3204 2210 Illustr.
3223 2170 3271 2211 c.
3290 2155 3368 2226 1).

1780 2258 1933 2328 gob.;
1972 2267 2028 2312 at
2057 2268 2282 2328 uterque
2324 2259 2540 2325 fallitur,
2574 2271 2631 2316 ut
2649 2264 2843 2333 probat
2884 2264 3086 2321 Baron.
3125 2268 3192 2321 ad
3230 2267 3374 2323 hunc

1781 2346 1871 2382 an.

108 2453 3359 2479 mw

561 2540 1193 2646 IMAGINES
1272 2542 1661 2646 BEATI
1741 2543 2361 2649 GREGOBII
2436 2544 2867 2655 MAGNI

1364 2724 1645 2785 EJUSQUE
1682 2727 2025 2779 PARENTUM
2037 2769 2050 2789 ,

192 2834 236 2891 A
265 2830 523 2890 Joanne
552 2827 1183 2922 diacono‘descriptaa
1215 2827 1325 2922 lib.
1361 2845 1420 2920 tv
1455 2829 1519 2887 in
1553 2829 1834 2922 ejusdem
1861 2831 2073 2922 ξειῃοιί
2105 2833 2442 2922 Vi_t_a,_c_ap.
2470 2835 2547 2896 83
2575 2844 2636 2899 et
2661 2835 2764 2911 8's,
2798 2846 2857 2899 et
2893 2840 2975 2901 ab
3004 2842 3250 2922 Angela

795 2907 1027 2977 Rocca,
1059 2907 1391 2984 apostolici
1429 2910 1697 2969 sacrarii
1732 2911 2056 2988 prtefecto,
2090 2907 2263 2973 notis
2286 2907 2644 2977 illustrataa.

284 3119 450 3189 312
483 3114 560 3168 De
580 3114 804 3184 imagine
834 3111 895 3165 Β.
927 3111 1185 3182 Gregorii,
1217 3127 1333 3181 cap.
1366 3110 1456 3165 84.

161 3210 211 3263 lu
249 3224 272 3245 ι*
304 3206 607 3263 absidicula
646 3202 935 3272 Gregorius
982 3201 1035 3254 iu
1088 3210 1206 3255 rota
1252 3216 1450 3272 gypsca
1498 3200 1675 3271 pictus

108 3302 396 3367 tetenditur,
435 3306 645 3356 statura
686 3296 830 3365 justa
874 3304 927 3351 et
973 3295 1111 3349 bene
1149 3294 1410 3359 formata,
1445 3292 1582 3349 facie
1610 3292 1678 3347 de

108 3404 315 3463 paternae
345 3390 512 3446 faciei
551 3386 916 3457 longitudine,
947 3394 1001 3439 et
1039 3396 1280 3438 materna
1325 3382 1675 3449 rotunditate,

112 3489 172 3539 ita
209 3486 377 3540 medie
423 3491 763 3551 temperata,
797 3494 854 3534 ut.
896 3496 1019 3535 cum
1065 3477 1394 3532 rotunditate
1446 3476 1676 3545 quadam

108 3578 465 3635 decentissime
501 3574 749 3633 videatur
786 3588 904 3627 esse
953 3572 1215 3635 deducta;
1245 3570 1408 3624 barba
1451 3576 1677 3637 paterno

110 3685 233 3722 more
254 3666 527 3727 subfulva,
560 3660 615 3717 et
640 3660 847 3715 modica
875 3676 892 3727 ;
916 3660 990 3716 ita
1024 3659 1310 3723 calvaster,
1338 3664 1395 3711 ut
1420 3659 1471 3710 in
1500 3656 1677 3711 medio

106 3765 256 3819 fronte
291 3761 559 3834 gemellos
588 3758 869 3814 cincinnos
898 3755 1203 3811 rarusculos
1228 3755 1445 3821 habeat,
1476 3763 1530 3808 et
1553 3754 1681 3809 dex-

108 3864 311 3911 trorsum
356 3850 631 3917 reﬂexos;
664 3864 864 3903 corona
902 3847 1131 3901 rotunda
1153 3887 1168 3914 ,
1199 3853 1255 3900 et
1279 3846 1516 3915 spatiosa
1539 3886 1553 3909 ,
1587 3860 1679 3900 ca-

106 3948 215 4014 pillo
258 3947 520 4014 subnigro
572 3952 627 3997 et
679 3942 935 3997 decenter
984 3941 1222 4002 intorto,
1274 3939 1373 3993 sub
1424 3939 1678 3993 auricula:

107 4037 314 4092 medium
344 4033 749 4107 propendettte;
782 4030 957 4085 fronte
986 4031 1259 4099 speciosa,
1294 4029 1450 4083 elatis
1478 4038 1533 4082 et
1565 4031 1679 4082 lon-

104 4131 187 4195 gis,
214 4130 305 4187 sed
332 4129 569 4185 exilibus
597 4125 927 4194 superciliis;
958 4123 1129 4178 oculis
1160 4122 1360 4191 pupilla
1387 4121 1539 4174 fulvis
1568 4122 1674 4194 [ΑΙ.

105 4221 289 4294 fut-vis],
321 4238 433 4277 non
464 4218 677 4290 quidem
708 4217 933 4284 magnis,
967 4215 1060 4269 sed
1092 4215 1306 4281 patulis,
1337 4212 1364 4251 ι)
1387 4213 1677 4267 subocula-

105 4310 231 4366 ribus
255 4312 461 4381 plenis;
495 4323 625 4362 naso
646 4323 675 4361 a
699 4307 877 4360 radice
897 4304 1231 4372 vergentium
1260 4302 1674 4369 superciliorum

104 4405 347 4460 subtiliter
374 4405 610 4467 directo,
641 4400 783 4454 circa
811 4397 1043 4451 medium
1074 4396 1287 4461 latiore,
1318 4394 1512 4447 deinde
1542 4408 1670 4460 pau-

1703 3115 1749 3174 ρ
1784 3118 1885 3177 est,
1916 3110 2225 3181 praeferens,
2258 3131 2368 3171 non
2397 3130 2678 3174 coronam.
2708 3120 2786 3175 Ex
2810 3136 2917 3190 quo
2943 3123 3378 3185 manifestissime

1780 3205 2106 3280 declaratur,
2138 3210 2263 3277 quia
2292 3209 2747 3281 Gregorius,dum
2773 3215 2949 3271 adhuc
2971 3216 3197 3283 viveret,
3224 3236 3376 3276 suam

1783 3298 2192 3357 similitudinem
2250 3303 2468 3373 depingi
2525 3304 2814 3360 salubriter
2869 3306 3041 3360 voluit
3088 3325 3102 3360 :
3161 3310 3214 3362 itt
3271 3327 3377 3381 qua

1778 3400 1966 3459 posset
1995 3408 2024 3445 a
2055 3393 2166 3447 suis
2197 3393 2496 3460 monachis,
2530 3411 2635 3449 non
2664 3411 2762 3466 pro
2781 3396 3032 3452 elationis
3062 3397 3255 3467 gloria,
3281 3403 3376 3456 sed

1781 3497 1881 3551 pro
1903 3484 2129 3551 cognitae
2160 3483 2178 3521 ί
2202 3484 2551 3540 districtionis
2570 3487 2781 3543 cautela
2805 3485 3136 3558 frequentius
3158 3491 3372 3548 intueri.

1784 3573 1883 3628 Ubi
1916 3576 2221 3644 hujusmodi
2248 3577 2517 3633 distichon
2542 3580 2658 3649 ipse
2679 3580 2902 3636 dictavit
2930 3600 2942 3635 :

1844 3665 2035 3738 Christe
2062 3678 2255 3738 potens,
2286 3669 2512 3738 Domine,
2542 3673 2690 3738 nostri
2718 3671 2921 3733 largitor
2949 3675 3169 3738 honoris,

1847 3727 2087 3777 Indultnm
2112 3727 2319 3778 ofﬁcium
2344 3733 2483 3780 solita
2503 3727 2701 3793 pietate
2732 3727 2975 3794 guberna.

2030 3815 2190 3884 313
2231 3814 2309 3868 De
2334 3815 2561 3886 imagine
2584 3815 2859 3885 Gordiani,
2890 3834 3005 3891 cap.
3036 3820 3127 3875 85.

1852 3910 1910 3965 in
1961 3913 2281 3967 venerabilis
2326 3923 2350 3960 ε
2392 3918 2703 3971 monasterii
2743 3919 2881 3973 atrio
2928 3919 3080 3989 jussu
3123 3920 3367 3992 Gregorii

1778 3998 1929 4067 juxta
1959 4002 2281 4072 Nymphium
2323 4005 2441 4058 dum
2470 4006 2659 4061 iconiae
2690 4009 2994 4065 veterrima:
3023 4011 3374 4071 artiﬁcialiter

1781 4090 2006 4160 depicta:
2051 4108 2218 4161 usque
2246 4094 2508 4150 hactenus
2538 4097 2803 4153 videntur.
2840 4101 2899 4154 lu
2931 4116 3156 4171 quarum
3205 4104 3373 4161 altera

1780 4184 1968 4238 beatus
2008 4186 2195 4240 Petrus
2234 4189 2510 4256 apostolus
2538 4190 2730 4245 sedens
2760 4194 3110 4263 conspicitur,
3142 4206 3374 4253 stantem

1782 4274 2109 4332 Gordianum
2142 4278 2164 4316 δ
2203 4282 2593 4348 regionariunt,
2626 4284 2877 4340 videlicet
2926 4296 3134 4356 patrem
3163 4288 3375 4361 Grego-

1783 4371 1867 4433 rii,
1901 4388 2059 4425 manu
2104 4369 2324 4428 dextera
2371 4389 2467 4444 per
2506 4375 2782 4431 dexteram
2816 4378 3163 4435 nihilominus
3189 4397 3375 4439 susce-

106 4482 251 4548 lulum
277 4507 533 4557 recurvo,
564 4461 618 4544 ei
640 4490 691 4543 in
723 4496 965 4543 extremo
993 4486 1189 4554 patulis
1220 4484 1442 4538 "aribus
1470 4484 1675 4552 ρηωηί,
1710 4485 1755 4544 D
1782 4461 1944 4530 pisse.
1969 4461 2133 4531 Cujus
2161 4461 2418 4517 Gordiani
2441 4464 2655 4520 habitus
2678 4469 2917 4522 castanei
2942 4470 3140 4525 coloris
3162 4471 3375 4541 planeta

107 4596 279 4651 nente;
310 4600 408 4641 ore
438 4582 626 4643 rubro,
659 4580 851 4635 crassis
890 4588 944 4633 et
971 4577 1303 4633 subdividuis
1326 4577 1498 4638 labiis,
1529 4577 1679 4643 genis

106 4678 432 4746 compositis.
465 4682 651 4727 mento
678 4688 706 4724 a
735 4669 970 4726 conﬁnio
1006 4669 1342 4723 maxillarum
1380 4667 1678 4722 deciltiliter

104 4767 465 4834 prominente;
496 4764 681 4817 colore
708 4772 729 4800 ο
763 4761 1022 4829 aquilino,
1055 4769 1103 4813 et
1138 4758 1297 4812 livido
1322 4757 1428 4830 [AL
1453 4754 1673 4825 vivido}.

105 4857 345 4923 nondum,
392 4856 534 4910 sicut
577 4853 627 4907 ei
676 4866 863 4920 p05tea
910 4852 1153 4917 contig't,
1191 4848 1484 4910 cardiaco;
1526 4845 1673 4897 vultu

103 4951 246 5015 mitis,
279 4952 527 5005 manibus
575 4947 832 5017 pulchris,
867 4947 1122 5001 teretibus
1150 4942 1349 5010 digitis,
1394 4948 1447 4995 et
1485 4940 1674 4993 habili-

103 5039 188 5097 bus
215 5043 278 5096 ad
306 5040 669 5098 scribendum.
698 5039 961 5092 Praeterea
992 5035 1203 5103 planeta
1235 5047 1398 5100 super
1421 5030 1669 5083 daltnati-

104 5144 204 5183 eam
233 5142 506 5196 castanea,
536 5128 883 5196 Evangt‘linm
920 5125 971 5178 iu
1003 5123 1218 5177 sinistra
1239 5161 1255 5187 ,
1284 5123 1474 5175 modus
1499 5120 1675 5175 crucis

106 5222 148 5273 in
176 5224 395 5290 dextra;
425 5224 448 5261 ά
494 5222 659 5292 pallio
690 5218 944 5273 mediocri
985 5232 1012 5270 a
1052 5214 1244 5269 dextro
1293 5212 1542 5267 videlicet
1573 5212 1673 5266 htt—

106 5327 240 5367 mero
266 5314 365 5368 sub
388 5322 607 5383 pectore
630 5325 794 5379 super
821 5307 1161 5363 stomachum
1185 5304 1481 5360 circulatim
1506 5302 1676 5357 dedu-

106 5411 219 5465 cto;
264 5402 459 5457 deinde
499 5416 710 5455 sursum
762 5414 857 5469 per
903 5396 1177 5449 sinistrum
1220 5396 1501 5448 humerum
1551 5402 1676 5462 post

108 5495 293 5557 tergum
340 5492 610 5561 deposito,
640 5490 792 5557 cujus
841 5504 965 5558 pars
1008 5487 1175 5541 altera
1224 5501 1383 5555 super
1426 5485 1674 5540 eumdem

108 5576 365 5635 humerum
397 5582 619 5638 veniens
647 5579 862 5652 propria
894 5576 1213 5633 rectitudine
1235 5617 1253 5644 ,
1283 5590 1390 5629 non
1430 5588 1527 5642 per
1556 5588 1671 5627 tne-

110 5666 236 5723 dium
264 5674 522 5742 corporis,
546 5671 642 5727 sed
672 5684 739 5724 ex
769 5670 940 5724 latere
980 5667 1209 5737 pendet;
1240 5665 1382 5720 circa
1412 5664 1671 5717 verticem

115 5770 223 5815 Vero
253 5778 273 5799 ε
305 5764 492 5818 ιιιδυὶίε
539 5757 943 5817 similitudinem
963 5796 979 5823 ,
1010 5757 1151 5825 quod
1199 5754 1426 5810 viventis
1467 5752 1673 5821 insigne

1782 4567 1882 4621 est,
1917 4560 2014 4614 sub
2052 4562 2267 4629 planetu
2299 4562 2618 4629 dalmatica,
2660 4563 2713 4616 in
2743 4565 2967 4633 pedibus
3004 4563 3018 4601 ί
3053 4567 3252 4635 caligas
3279 4568 3373 4621 ha-

1781 4650 1945 4716 bens,
1990 4660 2196 4705 statura
2233 4653 2424 4721 longa,
2469 4651 2634 4707 facies
2664 4655 2891 4708 deducta
2916 4696 2929 4720 ,
2969 4654 3164 4710 virides
3205 4657 3367 4721 oculi,

1780 4742 1945 4797 barba
1976 4745 2206 4808 modica,
2239 4746 2415 4813 capilli
2446 4745 2724 4811 condensi,
2757 4745 2932 4798 vultus
2957 4747 3154 4813 gravis.

2125 4835 2205 4888 De
2229 4838 2455 4905 imagine
2485 4836 2683 4901 Silviw,
2706 4837 2885 4889 eodem
2914 4853 3031 4905 cap.

1851 4925 1907 4978 lu
1935 4927 2101 4980 altera
2130 4928 2280 4979 icona
2331 4934 2504 4979 mater
2531 4926 2772 4993 Gregorii
2820 4927 3012 4981 sedens
3050 4928 3260 4997 depicta
3290 4940 3371 4986 est

1778 5017 1978 5083 Silvia,
2021 5017 2251 5071 candido
2295 5018 2557 5071 velamine
2604 5032 2635 5069 a
2679 5017 2871 5071 dextro
2915 5018 3142 5073 humero
3194 5020 3372 5077 taliter

1776 5119 1964 5165 eontra
1993 5110 2261 5164 sinistram
2294 5110 2539 5163 revoluto
2568 5115 2838 5175 contecta,
2871 5116 2928 5163 ut
2956 5111 3056 5164 sub
3084 5126 3150 5165 eo
3180 5128 3371 5169 manus

1778 5213 2031 5273 tanquam
2079 5202 2146 5256 de
2188 5202 2399 5271 planeta
2448 5203 2729 5265 subducat,
2764 5207 2817 5254 et
2844 5202 2987 5256 circa
3031 5212 3222 5272 pectus
3263 5207 3363 5260 suh

1781 5297 1903 5365 gula
1932 5294 2149 5348 inferior
2188 5296 2367 5347 tunica
2391 5292 2416 5330 ιι
2449 5291 2836 5362 pseudolactini
2866 5292 3064 5349 coloris
3091 5305 3367 5364 appareat,

1778 5402 1895 5456 quae
1925 5398 2119 5453 magno
2149 5386 2449 5439 sinuamine
2492 5398 2651 5453 super
2687 5382 2855 5452 pedes
2881 5383 3116 5449 deﬂuat;
3162 5384 3370 5443 duabus

1788 5480 1799 5516 ι
1826 5481 1974 5535 zonis
1989 5480 2055 5534 ad
2080 5479 2481 5533 similitudinem
2500 5475 2925 5540 dalmaticarum,
2943 5475 3035 5530 sed
3065 5477 3366 5545 latioribus,

1780 5572 1999 5626 omnino
2029 5570 2276 5624 distincta
2303 5587 2315 5634 ;
2356 5578 2560 5623 statura
2590 5568 2768 5637 plena,
2805 5567 2969 5622 facies
2998 5568 3227 5622 rotunda
3254 5570 3370 5637 qui-

1778 5662 1901 5717 dem
1945 5669 2000 5716 et
2024 5660 2278 5726 candida,
2319 5660 2413 5715 sed
2444 5659 2595 5713 senio
2622 5658 2733 5727 jam
2777 5671 3003 5727 rugosa,
3039 5672 3203 5728 quam
3248 5660 3362 5729 ipsa

1779 5767 1993 5823 quoque
2046 5761 2294 5807 senectus
2359 5750 2771 5821 pulcherrimam
2840 5750 3002 5805 fuisse
3061 5751 3362 5821 signiﬁcat;
