3976 6316
618 288 725 343 ws
1067 319 1082 360 χ

1567 292 1652 346 DE
1695 291 2085 349 IMAGINIBUS
2122 295 2180 350 S.
2223 295 2551 353 GllEGORll
2587 296 2824 353 MAGNl.
3785 300 3875 355 486

612 406 783 463 oculis
820 405 1023 476 glaucis
1052 413 1109 461 et
1135 405 1454 474 grandlbus,
1501 407 1805 476 superciliis
1832 406 2089 473 modicis,
2122 408 2200 462 la-
2229 411 2277 471 A
2305 413 2563 477 retinens,
2594 412 2646 465 in
2669 426 2777 481 quo
2807 411 2910 465 hoc
2936 412 3194 480 scriptum
3223 419 3305 465 est
3330 429 3341 464 :
3382 410 3520 466 Vivit
3546 411 3724 464 animo
3754 427 3875 476 ma,

612 499 769 556 bellis
798 499 1058 559 vcnustis,
1090 498 1238 552 vultu
1271 497 1470 562 hilaris,
1502 496 1679 552 ferens
1707 499 1760 552 in
1789 500 1967 567 capite
1998 508 2199 555 matro-

614 594 791 649 nalem
813 604 851 631 ω
873 593 1084 647 mitram
1113 590 1392 645 candent's
1421 590 1641 644 brandei
1668 592 1888 647 raritate
1917 592 2195 659 niblatam,

610 684 821 739 duobus
864 683 1102 736 dextera:
1143 681 1321 743 digitis
1366 681 1647 748 signaculo
1677 683 1852 737 crucis
1895 699 1955 738 se
1987 685 2200 739 munire

610 776 747 830 velle
774 772 1140 844 prtetcntlens;
1167 771 1219 825 in
1250 771 1465 827 sinistra
1492 788 1622 827 vero
1655 781 1844 843 patens
1883 776 2198 845 psalterium

2300 514 2349 557 et
2378 504 2608 559 laudabit
2635 516 2699 568 te,
2724 514 2773 558 et
2789 505 2992 575 judicia
3017 512 3105 557 tua
3136 504 3454 574 adjuvabunt
3476 521 3576 558 me.
3602 503 3645 556 Α
3671 503 3875 559 dextero

2302 612 2432 650 vero
2461 596 2643 651 cubito
2670 610 2838 663 usque
2869 595 2935 647 ad
2977 594 3249 649 sinistrum
3281 594 3427 648 circa
3456 593 3739 664 scapulas,
3768 610 3877 646 rer-

2300 702 2390 740 sus
2420 685 2714 741 ascendens
2737 684 3051 752 reﬂectitur,
3073 685 3163 753 qui
3196 684 3268 739 ita
3297 700 3357 739 se
3383 685 3583 741 habet:
3615 683 3877 758 Gregmiut

2304 776 2482 831 Silvia:
2509 777 2661 830 matri
2694 778 2835 845 fecit.

612 960 3872 989 ——————-'———-—-—————-——-i———-————-———————-——&————-————-—-————_

1257 1107 2237 1193 OBSERVATIONES
2292 1110 2728 1193 ANGELI
2778 1106 3242 1190 ROCC/E.

679 1400 867 1526 33%,
886 1399 1014 1454 Hac
1048 1395 1291 1477 Joannes.
1332 1386 1757 1477 Diaconusdib."
1777 1409 1861 1458 iv,
1892 1409 2012 1459 cap.
2039 1391 2190 1473 83_et

682 1515 697 1526 .
764 1487 796 1526 e
874 1472 944 1523 ita
966 1469 1027 1523 Β.
1051 1465 1293 1526 Gregom
1319 1465 1514 1526 Magni,
1539 1480 1629 1526 qui
1653 1466 1787 1519 obut
1806 1480 1949 1518 anno
1979 1464 2190 1516 Domum

679 1406 867 1528 33%,
888 1406 1014 1454 Hac
1048 1406 1291 1476 Joannes.
1334 1406 1757 1476 Diaconus.ltn._
1777 1409 1861 1458 iv,
1892 1409 2012 1459 cap.
2039 1406 2190 1473 eaet

608 1473 697 1535 84,
764 1487 796 1526 e
874 1472 944 1523 ita
966 1469 1027 1523 Β.
1051 1465 1293 1535 Gregorii
1319 1465 1514 1533 Magni,
1539 1480 1629 1535 qui
1653 1465 1787 1519 obiit
1806 1480 1949 1518 anno
1979 1464 2190 1535 Domum

609 1532 713 1597 6οἇ
741 1541 826 1596 vel
867 1537 991 1602 605,
1022 1544 1161 1593 teste
1190 1532 1518 1601 Tritheuiio;
1548 1533 1784 1588 Joannes
1826 1550 1958 1589 vero
2001 1532 2190 1587 Diaco-

608 1629 709 1667 nus
732 1611 925 1666 claruit
953 1608 1096 1663 circa
1116 1620 1313 1659 annum
1343 1605 1551 1659 Dimini
1579 1604 1705 1662 870.
1727 1604 1980 1671 Quamvis
2010 1613 2191 1657 autem

608 1684 765 1737 dictae
802 1678 1062 1749 imagines
1101 1691 1133 1731 a
1162 1675 1372 1749 Joanne
1407 1674 1689 1749 descripta:
1732 1674 2082 1749 _non__eodet_n
2137 1673 2190 1726 in

607 1754 728 1808 loco
757 1743 976 1810 essent,
1009 1762 1101 1802 eas
1133 1755 1314 1800 tamen
1361 1747 1465 1799 hoc
1507 1743 1743 1814 disposui
1788 1744 2009 1803 ordine,
2036 1743 2189 1814 juxta

605 1837 766 1891 quem
795 1821 849 1875 in
864 1818 1086 1891 aadicula
1115 1817 1286 1873 sancti
1315 1815 1541 1891 Andreae
1563 1813 1732 1883 pictas
1753 1814 1937 1869 [lenne
1967 1813 2145 1891 inveni
2172 1830 2185 1865 :

606 1884 689 1947 lia:
718 1905 951 1952 namque
988 1889 1130 1943 circa
1179 1894 1452 1941 trecentos
1482 1884 1591 1940 fere
1638 1900 1806 1939 annos
1849 1899 1916 1939 ex
1966 1884 2029 1939 iis
2056 1898 2190 1952 quas

606 1907 689 1947 me
718 1907 951 2014 namtge
988 1907 1130 1943 Circa
1180 1907 1452 1941 trecentos
1483 1907 1591 1940 tere
1638 1907 1806 1939 annos
1849 1907 1916 1939 ex
1968 1907 2029 1939 Its
2056 1907 2187 1952 quas

604 1962 840 2018 Joannes
916 1960 1137 2014 iaconus
1157 1972 1250 2010 sua
1283 1964 1601 2022 tempestate
1629 1956 1683 2009 in
1707 1956 1846 2009 atrio
1875 1954 2187 2009 monasterii

606 2033 877 2088 exstitisse
903 2036 1149 2091 testatur,
1173 2027 1469 2095 desumpta:
1507 2025 1772 2089 videntur,
1806 2039 1835 2078 a
1867 2024 2074 2094 pictore
2103 2031 2189 2077 ta-

606 2119 731 2159 men
762 2118 870 2157 non
899 2099 1030 2155 satis
1050 2098 1244 2168 perito,
1273 2096 1411 2168 sicut
1438 2111 1526 2150 res
1554 2097 1917 2168 minusaptte,
1949 2096 2193 2168 minusve

607 2174 674 2227 ad
704 2181 876 2228 artem
905 2164 1189 2239 pictoriam
1215 2167 1568 2239 pertinentes,
1591 2166 1644 2239 id
1666 2166 1819 2239 nobis
1842 2164 2188 2239 persuadent.

605 2243 814 2297 ldcirco
836 2234 936 2309 ego
956 2234 1614 2309 suasionejudiciosorum
1633 2234 1909 2309 hominum
1935 2234 2189 2309 m_o_nitus,

605 2314 778 2367 dictas
807 2304 1069 2379 imagines
1093 2308 1246 2379 juxta
1278 2306 1677 2379 exactissimam
1722 2304 1941 2361 Joannis
1975 2304 2191 2379 Diacoiii

607 2374 1038 2451 descriptionem
1072 2374 1224 2445 quasi
1272 2376 1523 2451 penicillo
1565 2383 2000 2451 repraesentatas,
2043 2374 2192 2451 omni

605 2467 674 2506 ex
702 2443 855 2514 parte
883 2447 951 2502 ad
988 2443 1170 2501 vivum
1208 2443 1585 2514 exprimendas
1631 2443 1918 2514 diligenter
1959 2443 2141 2497 curavi
2175 2460 2188 2495 :

605 2514 801 2590 quibus
826 2520 990 2574 etiam
1031 2530 1223 2590 magna
1253 2524 1511 2590 exparte
1539 2514 1881 2590 respondent
1912 2514 2048 2590 illae,
2073 2529 2193 2583 qua:

604 2584 726 2645 rudi
757 2604 899 2646 nunc
927 2595 1044 2643 arte
1071 2589 1228 2657 picta:
1250 2585 1303 2639 in
1325 2584 1438 2655 ipsa
1468 2584 2026 2657 cernunturtedicula.

676 2660 922 2728 Quonam
943 2653 1125 2728 autem
1152 2658 1206 2711 in
1236 2653 1564 2728 monasterio
1585 2654 1739 2728 dicta;
1760 2653 2192 2728 imaginespictte

603 2724 824 2795 fuerint,
855 2744 963 2784 non
1008 2726 1139 2782 satis
1165 2734 1397 2788 constat,
1429 2725 1475 2779 si
1504 2726 1667 2795 verba
1710 2724 1931 2780 Joannis
1970 2724 2191 2795 Diaconi

602 2815 725 2871 cap.
757 2793 828 2853 83
876 2795 1588 2871 accura_te_berpendantur.
1620 2794 1733 2871 Ego
1780 2802 1961 2871 autem
2008 2793 2192 2871 Roma;

604 2864 994 2924 monasterium
1026 2866 1155 2921 illud
1178 2864 1297 2920 esse
1325 2865 1512 2931 credo,
1534 2865 1680 2935 quod
1706 2866 1758 2920 in
1782 2865 2025 2935 ejusdem
2049 2864 2190 2919 beati

601 2939 846 3011 Gregorii
882 2936 1089 3011 aedibus
1109 2936 1186 3011 ad
1213 2935 1421 3011 Glirum
1466 2934 1657 2990 Scauri
1701 2950 1889 3011 prope_
1907 2934 2190 3011 ecclesiam

602 3004 981 3065 SS.'Joannis
1024 3013 1079 3061 et
1108 3005 1259 3061 Pauli
1306 3006 1360 3060 in
1408 3007 1669 3060 honorem
1704 3004 1892 3059 sancti
1942 3004 2187 3063 Andreze.

602 3088 742 3135 teste
763 3079 971 3135 Joanne
998 3076 1235 3132 Diacono
1259 3076 1351 3130 lib.
1381 3091 1419 3140 ι,
1448 3090 1569 3143 cap.
1596 3074 1650 3138 6,
1678 3083 1732 3129 et
1754 3076 1843 3128 lib.
1867 3089 1939 3132 vn
1964 3073 2192 3142 chistri

602 3150 776 3204 sancti
810 3147 1054 3215 Gregorii
1084 3161 1171 3215 ep.
1205 3146 1294 3212 15,
1323 3153 1691 3199 constructum
1727 3144 1872 3215 fuit;
1907 3158 2060 3215 cujus
2086 3143 2189 3199 Ec-

603 3219 766 3277 clesia
792 3212 1027 3289 prtesens
1053 3216 1105 3271 in
1121 3212 1348 3289 tempus
1370 3216 1588 3289 nomine
1614 3212 2064 3289 sanctiﬁregorii
2083 3230 2191 3289 _vo-

602 3282 818 3344 citatur'.
842 3288 1007 3355 quue
1035 3301 1103 3340 ex
1124 3300 1189 3340 eo
1210 3282 1352 3355 quod
1374 3300 1493 3354 cap.
1515 3283 1606 3355 95,
1634 3282 1702 3335 96
1717 3291 1772 3338 et
1796 3283 1885 3355 91,
1908 3285 1975 3336 ab
1995 3283 2189 3355 eodem

600 3357 812 3413 Joanne
840 3352 1079 3411 Diacono
1106 3352 1379 3421 scribitur,
1403 3352 1580 3421 colligi
1610 3362 1807 3422 potest.
1840 3352 1954 3407 Huc
1983 3354 2191 3408 accedit

602 3428 750 3496 quod
793 3424 1321 3496 JoannesVDiaconus
1357 3424 1526 3496 dictas
1557 3423 1816 3496 imagines
1861 3423 2186 3496 describere,

602 3492 658 3552 et
686 3497 839 3567 quasi
870 3494 1140 3567 penicillo,
1172 3492 1501 3567 earumdem,
1534 3501 1591 3547 ut
1612 3494 1685 3548 ita
1707 3494 1902 3567 dicam,
1936 3493 2191 3567 minutias

603 3562 720 3645 tam'
736 3562 925 3645 exacte
942 3564 1339 3645 _non_potuisset
1366 3571 1775 3645 repracsentare,
1794 3564 1838 3617 si
1868 3578 1961 3618 eas
1983 3562 2187 3628 Romae,

601 3638 694 3692 ubi
723 3638 889 3691 vitam
926 3635 1177 3707 degebat,
1210 3648 1316 3707 non
1345 3633 1581 3707 vidisset.

674 3707 792 3763 Non
822 3702 1015 3762 desunt
1041 3706 1133 3773 qui
1164 3720 1194 3758 a
1227 3706 1386 3759 beato
1415 3702 1677 3772 Gregorio
1706 3702 1899 3769 Magno
1936 3702 2044 3757 duo
2075 3718 2190 3758 mo-

603 3777 839 3833 nasteria
865 3776 932 3830 ad
961 3772 1171 3829 Clivum
1201 3772 1387 3829 Scauri
1429 3782 1733 3828 constructa
1778 3773 1939 3828 fuisse
1967 3773 2193 3842 opinen-

603 3856 710 3916 tur‘,
740 3846 874 3900 moti
902 3861 972 3916 ex
1000 3845 1091 3916 iis,
1126 3859 1245 3914 qua:
1275 3844 1430 3916 Ιὶῠηι
1452 3845 1503 3897 in
1534 3843 1774 3916 eiusdem
1813 3844 1996 3916 Sancri
2023 3851 2189 3916 iratam

601 3911 819 3988 capuli?
837 3926 890 3972 et
911 3915 1003 3979 58,
1029 3911 1188 3988 lib.th
1212 3929 1333 3984 cap.
1365 3912 1454 3979 45,
1485 3921 1540 3988 et
1564 3913 1655 3967 lib.
1679 3929 1731 3968 tv
1751 3929 1882 3988 _cap.
1910 3913 1997 3967 97.
2028 3911 2194 3988 Joan-

600 3981 698 4043 nes
726 3987 995 4042 Diaconus
1033 3985 1238 4048 scribit,
1268 3981 1562 4054 przesertim
1590 3998 1720 4037 vero
1751 3981 1843 4054 lib.
1875 3999 1909 4037 ιι
1946 3999 2065 4053 cap.
2097 3981 2188 4047 45,

602 4059 656 4112 in
705 4072 814 4127 quo
856 4057 981 4127 ipse
1024 4053 1301 4127 Diaconus
1328 4069 1395 4108 ex
1442 4054 1598 4127 libro,
1631 4054 1724 4127 qu_i
1768 4053 1972 4127 Graece
2002 4058 2191 4127 Auge»

600 4121 818 4194 dicit-ur,
848 4121 1036 4195 Latine
1056 4134 1235 4180 autem
1264 4124 1513 4195 Campus,
1534 4121 1660 4195 rsive
1690 4121 1926 4195 Pratum,
1961 4124 2073 4177 haec
2107 4123 2191 4195 iu-

602 4192 816 4253 venisse
853 4198 966 4249 ait:
996 4194 1051 4248 Is
1085 4198 1299 4263 (nempe
1322 4192 1633 4262 Gregorius)
1661 4192 1870 4261 effectus
1900 4210 2035 4263 papa
2064 4194 2193 4246 mdi-

603 4268 781 4337 ﬂcavit
820 4266 1190 4337 monasterium
1215 4266 1442 4337 virorum
1473 4280 1750 4337 magnam,
1780 4272 1833 4337 et
1868 4264 2007 4337 dqtiit
2038 4279 2190 4337 man-

604 4332 806 4401 datum,
820 4342 877 4387 ut
902 4335 1074 4388 nullus
1094 4335 1461 4403 monachorum
1481 4332 1959 4403 proprittntraliquid
1983 4332 2192 4403 haberet

602 4422 763 4473 usque
788 4405 855 4458 ad
881 4421 1040 4457 unum
1068 4403 1292 4458 obolum.
1327 4402 1453 4457 Haec
1477 4402 1711 4456 Joanm-s
1748 4402 2030 4456 Diaconus.
2057 4402 2189 4457 Cum

604 4472 783 4530 autem
812 4491 843 4529 a
873 4474 1032 4529 beato
1067 4472 1329 4540 Gregorio
1369 4473 1753 4527 monasterium
1785 4488 1943 4525 unum
1985 4473 2049 4526 ad
2079 4473 2190 4527 Cli-

606 4561 727 4599 vum
765 4544 955 4601 Scauri
993 4553 1119 4598 ante
1164 4539 1557 4611 pontificatum,
1602 4551 1815 4597 mortuo
1858 4551 2012 4611 patre
2058 4542 2192 4596 Gor-

585 4616 785 4680 .diano,
808 4613 1127 4670 aediﬁcatum
1150 4612 1313 4668 fuisse
1334 4620 1574 4677 constet;
1597 4612 1845 4672 alterum.
1864 4621 1919 4666 et
1941 4626 2189 4682 maguum

602 4684 839 4767 quidem,
855 4685 906 4767 i_n
919 4684 1231 4767 pontiﬁcatu
1243 4691 1608 4767 constructum
1625 4683 1789 4767 fuisse
1797 4682 1830 4767 ιι
1836 4683 1941 4737 icas
1954 4691 2188 4767 opiner,

2299 1390 2642 1462 Dialogorum
2657 1404 2773 1461 cap.
2789 1390 2889 1462 756,
2908 1391 2942 1444 l.
2968 1406 3021 1444 tv
3039 1390 3244 1462 Dialog.
3261 1406 3382 1462 cap.
3395 1390 3460 1445 21
3482 1399 3539 1462 et
3552 1391 3645 1458 26,
3663 1402 3717 1449 et
3738 1396 3875 1454 alibi.

2369 1461 2475 1515 Sed
2506 1460 2679 1537 nodus
2701 1460 2966 1537 difﬁcilior
2990 1461 3229 1537 redditur
3254 1460 3465 1537 _ab‘ipso
3493 1461 3755 1537 Diacono,
3775 1473 3876 1537 qui,

2298 1532 2390 1607 lib.
2423 1548 2474 1585 tv
2497 1546 2617 1597 cap.
2649 1531 2683 1586 9
2702 1534 2738 1596 ἔ,
2766 1532 2959 1607 eodem
3005 1532 3057 1584 in
3088 1531 3208 1607 loco
3236 1531 3303 1586 de
3330 1534 3663 1607 monasterio
3688 1531 3879 1607 Gre'gO;

2297 1604 2474 1667 riano,
2511 1616 2722 1656 necnon
2749 1601 2816 1655 de
2846 1602 3173 1655 monasterio
3200 1602 3701 1657 sanctimonialium
3714 1601 3875 1663 saticti

2298 1672 2527 1725 Andri-a3
2550 1675 2877 1725 mentionem
2901 1670 3046 1732 facit,
3077 1671 3226 1739 quasi
3252 1688 3415 1727 unum
3442 1670 3602 1726 fuerit
3626 1675 3873 1741 virorum,

2297 1743 2525 1796 alterum
2574 1742 2929 1795 feminarum:
2963 1744 3106 1811 quod
3151 1746 3338 1807 etLam,
3372 1751 3430 1796 ut
3477 1741 3747 1800 Diaconus
3787 1763 3877 1802 ex-

2298 1827 2482 1882 presse
2522 1813 2616 1875 ait,
2664 1812 2844 1867 Glivus
2895 1811 3523 1886 Scauriappellabatur;
3576 1813 3690 1867 lii-ri
3740 1819 3873 1872 enim

2299 1880 2476 1956 potest
2523 1890 2581 1936 ut
2630 1893 2795 1956 YClUS_
2830 1880 3213 1956 monasterium
3256 1880 3422 1936 modo
3467 1880 3875 1956 Grcgorianum,

2296 1953 2459 2007 modo
2484 1954 2655 2007 sancti
2683 1952 2907 2007 Andrea:
2934 1954 3004 2008 ob
3030 1952 3352 2019 assignatam
3384 1952 3652 2007 rationem
3681 1952 3878 2010 nuncii;

2299 2031 2504 2093 patum,
2523 2031 2684 2077 aetate
2710 2021 2930 2093 Joannis
2959 2021 3171 2077 Diaconi
3190 2062 3204 2087 ,
3238 2037 3345 2077 non
3370 2021 3607 2093 virorum
3633 2025 3728 2079 sed
3756 2041 3877 2081 san-

2297 2093 2683 2147 ctimonialium
2714 2093 2870 2146 foret.
2895 2092 3030 2146 Sunt
3057 2093 3259 2146 interea
3284 2092 3375 2160 qui
3403 2092 3683 2147 amiculam
3713 2098 3878 2152 sancti

2296 2163 2525 2235 Andreae
2551 2162 2869 2235 vocitatam,
2893 2162 3060 2235 fuisse
3088 2163 3383 2235 oratorium
3428 2165 3745 2235 monasterii
3774 2171 3878 2235 pri-

2295 2234 2457 2287 mitus
2485 2233 2731 2286 :edilicati
2759 2250 2771 2285 :
2799 2233 3057 2301 majorem
3079 2248 3208 2287 vero
3234 2232 3529 2286 Ecclesiam
3552 2232 3877 2301 monasterio

2295 2317 2583 2373 annexam,
2614 2305 2782 2356 multo
2811 2300 2933 2373 post
2955 2312 3197 2372 tempore
3225 2304 3292 2355 ab
3316 2302 3509 2357 eodem
3535 2300 3800 2371 Gregorio
3826 2308 3876 2360 iu

2294 2388 2393 2446 _s_uo
2434 2372 2682 2446 videlicet
2704 2372 3013 2446 pontiﬁcatu
3044 2380 3406 2446 constructam
3437 2387 3557 2446 esse
3597 2373 3759 2446 315
3786 2392 3877 2431 ve-

2292 2442 2413 2506 lint,
2435 2442 2716 2512 opinantes
2741 2444 2866 2497 illud
2899 2443 3061 2497 fuisse
3080 2442 3399 2506 oratorium,
3424 2442 3492 2512 de
3511 2442 3625 2511 quo
3646 2442 3878 2500 mum-5

2295 2510 2564 2567 Diaconus
2610 2513 2701 2567 lib.
2734 2529 2768 2577 ι,
2801 2528 2922 2583 cap.
2960 2512 3045 2577 1‘2,
3093 2512 3421 2583 mentionem
3464 2510 3610 2583 facit.
3649 2513 3776 2569 Haec
3817 2518 3879 2569 de

2294 2583 2625 2637 monasterio
2646 2592 2702 2636 et
2742 2582 2967 2639 ecclesia
3010 2584 3181 2637 sancti
3211 2582 3438 2636 Andrea:
3484 2597 3551 2638 ac
3576 2582 3720 2638 beati
3751 2583 3880 2640 Gre-

2292 2653 2428 2720 gorii
2459 2653 2587 2706 mihi
2626 2652 2848 2707 dicenda
2878 2653 3195 2708 videbantur
3225 2669 3237 2704 :
3270 2652 3399 2721 quid
3427 2660 3609 2707 autem
3641 2657 3877 2709 sentien-

2295 2721 2423 2795 dum
2452 2723 2544 2791 sit,
2563 2723 2804 2791 judicent
2825 2723 2935 2787 alii,
2961 2725 3257 2779 rationibus
3276 2723 3343 2777 ad
3366 2732 3654 2792 utramque
3674 2734 3878 2795 partem

2293 2792 2576 2858 diligenter
2605 2794 2903 2862 pensitatis.

2364 2863 2605 2929 Quatuor
2635 2864 2836 2918 interea
2863 2864 3006 2918 circa
3035 2862 3382 2932 descriptam,
3405 2872 3460 2917 et
3485 2863 3712 2918 incisam
3742 2865 3879 2920 beati

2292 2931 2534 3001 Gregorii
2588 2933 2761 2998 Magni
2808 2934 3037 3002 elligicm
3080 2934 3351 3003 explicatu
3400 2934 3559 3003 digna
3596 2934 3879 2998 videntur;

2293 3018 2391 3057 cur
2417 3004 2623 3059 scilicet
2656 3005 2830 3071 imago
2860 3005 2972 3071 ipsa
2999 3005 3219 3059 senilem
3258 3011 3473 3058 aetatem
3503 3018 3611 3058 non
3642 3004 3881 3072 referat;

2294 3088 2392 3127 cur
2430 3074 2651 3128 barbata
2695 3075 2797 3139 sit;
2828 3090 2926 3145 cur
2971 3075 3096 3145 item
3150 3073 3355 3141 absque
3403 3075 3666 3145 columbae
3703 3077 3884 3145 specie

2292 3151 2582 3213 appareat,
2616 3158 2737 3197 nam
2772 3144 2984 3208 senior,
3036 3144 3256 3207 abrasa,
3298 3152 3353 3214 et
3392 3143 3657 3214 columbae
3703 3143 3884 3214 specie

2293 3228 2461 3281 prope
2478 3216 2594 3277 ejus
2621 3224 2781 3281 caput
2801 3214 3083 3276 ex~tantis,
3107 3214 3174 3267 ab
3196 3213 3446 3268 omnibus
3466 3213 3681 3283 depingi
3710 3213 3880 3281 solet;

2292 3298 2389 3336 cur
2417 3284 2648 3354 denique
2676 3286 2794 3339 sine
2823 3285 3004 3351 mitra,
3033 3284 3260 3338 autsine
3290 3284 3442 3346 tiara,
3472 3299 3636 3354 quam
3658 3298 3884 3353 regnum

2294 3362 2510 3417 vocant,
2539 3351 2748 3407 etlictus
2776 3361 3047 3408 cernatur.

2365 3420 2654 3494 Gregorius
2684 3424 2903 3491 Magnus
2924 3466 2939 3491 ,
2971 3424 3227 3494 utrnodos
3273 3423 3584 3494 propositos
3611 3423 3883 3480 dissolva-

2296 3508 2435 3562 mus,
2468 3501 2591 3547 dum
2626 3493 2805 3559 levita,
2834 3504 2891 3548 ut
2917 3496 2991 3547 ait
3018 3492 3254 3548 Joannes
3284 3492 3549 3549 Diaconus
3578 3494 3671 3548 lib.
3696 3510 3736 3558 ι,
3766 3512 3882 3562 cap.

2296 3560 2489 3633 μειὸ
2517 3574 2568 3617 et
2596 3562 2686 3627 4’s,
2719 3564 2772 3617 in
2803 3563 3045 3631 ejusdem
3077 3564 3218 3618 beati
3240 3562 3483 3633 Gregorii
3513 3564 3653 3630 Vita,
3683 3566 3806 3619 sive
3829 3560 3880 3621 S.

2299 3630 2362 3686 Β.
2396 3631 2456 3685 Ε.
2491 3633 2777 3689 cardinalis
2805 3630 3064 3689 diaconus
3100 3634 3273 3688 adhuc
3302 3630 3471 3697 foret,
3504 3649 3613 3688 uno
3642 3636 3883 3691 omnium

2293 3717 2581 3769 consensu,
2612 3704 2808 3758 invitus
2839 3712 3038 3769 tamen,
3068 3705 3307 3773 poutil'ex
3335 3712 3570 3763 creatur.
3606 3704 3801 3768 homo,
3832 3718 3882 3760 ut

2295 3773 2602 3845 conjectare
2630 3775 2776 3839 licet,
2801 3791 3063 3828 annorum
3094 3773 3193 3838 46,
3223 3775 3307 3845 vel
3337 3777 3403 3828 ad
3428 3789 3699 3828 summum
3727 3780 3885 3845 quiu-

2333 3844 2651 3912 uagenarius
2688 3861 2701 3897 :
2745 3853 3029 3913 propterea
3099 3844 3243 3911 quod
3321 3859 3463 3898 anno
3518 3845 3686 3913 ipsius
3742 3844 3882 3900 beati

2346 3914 2538 3981 regmii
2588 3914 2929 3982 pontilicatus
2966 3930 3019 3968 tv
3061 3915 3240 3969 nutrix
3287 3915 3404 3983 ejus
3452 3914 3684 3979 vivebat,
3730 3925 3882 3969 utex

2294 3984 2534 4050 ejusdem
2583 3984 2724 4037 beati
2771 3986 3014 4053 Gregorii
3064 3985 3184 4038 libri
3202 3999 3271 4046 ,ιιι
3302 3984 3665 4053 Epistolarum
3697 3986 3885 4041 ultima

2296 4055 2476 4107 videre
2500 4055 2623 4107 licet
2656 4072 2668 4106 :
2698 4063 2916 4108 sanctus
2944 4070 3173 4123 namque
3195 4055 3486 4122 Gregorius
3510 4056 3577 4108 ad
3606 4053 3885 4110 Rusticia-

2294 4140 2416 4177 nam
2467 4124 2742 4191 patriciam
2790 4124 3029 4179 scribens
3075 4127 3149 4178 ait
3191 4123 3496 4178 :Domnam
3542 4141 3661 4178 vero
3710 4126 3882 4191 iltam,

2293 4194 2545 4276 nutricem
2574 4211 2762 4261 meam,
2791 4211 2944 4276 quam
2971 4212 3062 4276 per
3099 4195 3300 4276 litteras
3330 4195 3729 4276 commendatis,
3763 4214 3885 4276 ρηι-

2293 4265 2417 4317 m'no
2442 4265 2621 4333 diligo,
2653 4274 2702 4317 et
2728 4264 2936 4333 gravari
2966 4264 3021 4317 in
3051 4265 3193 4319 nullo
3217 4269 3349 4319 voto.
3382 4264 3507 4319 Haec
3530 4265 3724 4320 beatus
3755 4267 3881 4321 Gre.

2291 4338 2475 4401 gorius
2519 4336 2658 4404 circa
2691 4351 2887 4388 annum
2921 4336 3008 4404 sui
3055 4334 3396 4402 politilicatus
3424 4342 3698 4404 quartum.
3735 4337 3883 4390 Adde

2292 4404 2453 4457 etiam
2482 4403 2628 4473 quod
2671 4404 2860 4459 beatus
2903 4403 3196 4472 Gregorius
3239 4403 3511 4475 nunquam
3541 4404 3611 4460 de
3648 4418 3883 4461 senecta:

2291 4482 2468 4539 aetate,
2517 4489 2636 4542 quae
2681 4476 2900 4529 morbus
2946 4477 3059 4544 ipse
3088 4476 3311 4530 vocitari
3353 4476 3511 4539 solet,
3553 4488 3882 4543 conquestus

2293 4552 2395 4605 est,
2427 4544 2623 4613 quippe
2653 4545 2742 4612 qui
2770 4545 3103 4614 praecipitata
3150 4554 3243 4600 aut
3287 4546 3697 4614 ingravescente
3722 4556 3883 4600 mtate

2295 4629 2401 4667 non
2432 4622 2580 4670 erat:
2606 4616 2701 4669 sed
2730 4624 2936 4669 tantum
2965 4617 3215 4685 podagnc
3245 4631 3309 4670 ac
3327 4616 3587 4670 stomachi
3616 4616 3881 4671 molestiis

2292 4697 2352 4736 se
2380 4685 2650 4738 laborasse
2681 4687 2860 4740 multis
2890 4701 2940 4739 in
2984 4687 3116 4739 locis
3154 4686 3391 4739 narravit
3420 4703 3433 4739 :
3466 4686 3633 4741 immo
3678 4686 3775 4741 lib.
3814 4702 3880 4739 vn

602 4746 706 4811 nisi
752 4746 883 4809 illud
921 4746 1100 4827 ipsum
1121 4794 1147 4827 ,ί
1176 4770 1206 4808 a
1249 4754 1459 4827 Joanne
1506 4752 1741 4827 Diacono
1778 4753 1869 4827 lib.
1916 4769 1951 4817 ι,
1981 4746 2186 4827 cap._6,
2221 4750 2267 4809 ι)
2299 4752 2527 4827 [ivgistri
2556 4754 2741 4827 indici.
2771 4755 2827 4821 9.,
2853 4757 3012 4825 epist.
3038 4755 3089 4819 1,
3121 4758 3261 4809 circa
3290 4771 3489 4810 annum
3514 4771 3625 4810 suae
3653 4746 3881 4810 Ordina-

601 4822 1106 4895 commemoratum‘,
1138 4826 1190 4879 in
1213 4824 1527 4895 ampliorem
1543 4822 1746 4895 _dt-inde
1768 4823 1999 4895 formam
2032 4824 2187 4895 reda.

600 4905 745 4950 ctum
769 4896 1027 4951 dicamus.
1052 4892 1453 4962 Quamvis'item
1481 4909 1511 4947 a
1535 4892 1741 4947 Joanne
1767 4892 2004 4948 Diacono
2036 4893 2128 4946 lib.
2148 4910 2188 4961 ι,

601 4981 723 5036 cap.
755 4965 808 5029 6,
841 4964 1229 5021 monasterium
1260 4982 1293 5036 a
1333 4967 1494 5018 beato
1522 4962 1782 5036 Gregorio
1821 4972 2186 5036 constructum

599 5032 700 5092 sub
730 5037 946 5091 nomine
972 5037 1147 5090 sancti
1185 5035 1443 5097 Andrem,
1476 5043 1532 5087 et
1568 5048 1688 5102 cap.
1721 5032 1788 5085 58
1822 5034 1921 5087 sub
1970 5049 2187 5087 nomine

599 5106 924 5161 venerabilis
973 5106 1149 5160 levitas
1199 5104 1444 5173 Gregorii
1488 5112 1873 5173 nuncupeturp
1901 5112 2187 5172 utrumque

601 5186 778 5231 tamen
809 5191 930 5231 csse
958 5184 1157 5244 potest,
1182 5172 1389 5229 etiamsi
1421 5189 1583 5227 unmn
1602 5181 1821 5244 tantum
1855 5172 2040 5227 Γιιεεςθι
2070 5190 2185 5227 mo-

601 5248 894 5301 nasterium
921 5263 933 5298 :
963 5243 1089 5299 nam
1121 5245 1290 5300 sancti
1330 5245 1553 5298 Andrea:
1584 5243 1687 5297 dici
1715 5243 1890 5307 valet,
1922 5259 2187 5311 quatenus

600 5317 653 5369 iu
685 5316 945 5371 honorem
990 5316 1107 5383 ejus
1146 5316 1507 5380 mdilicatum;
1558 5311 1948 5382 Grcgoriamnu
2001 5323 2181 5367 autem

599 5395 863 5455 quatenus
888 5402 919 5440 a
949 5385 1211 5455 Gregorio
1253 5392 1641 5455 constructum.
1674 5383 1810 5438 Hinc
1847 5383 2093 5451 Pelagius
2120 5384 2181 5455 ll,

600 5453 658 5510 ut
693 5457 887 5525 legitur
916 5457 1010 5511 lib.
1043 5453 1219 5525 t_cap.
1266 5454 1340 5509 52
1375 5453 1601 5525 Joannis
1631 5455 1873 5517 Diaconi,
1906 5461 1960 5507 et
1990 5463 2121 5507 tom.
2163 5454 2184 5508 ι

599 5524 864 5581 Decreta].
896 5525 1063 5596 Epist.
1099 5524 1193 5580 ult.
1227 5526 1292 5579 ad
1322 5525 1538 5596 beatum
1565 5524 1910 5596 Gregorium,
1947 5535 2073 5596 tunc
2104 5526 2181 5578 le-

599 5596 793 5660 vitam,
843 5604 899 5650 et
938 5593 1407 5665 Constantinopoli
1455 5595 1859 5665 apocrisiarium
1904 5593 2176 5665 scribens,

602 5665 1017 5730 monasterium,
1047 5666 1114 5718 ab
1142 5662 1331 5719 eodem
1370 5662 1632 5731 Gregorio
1673 5663 2014 5723 aediﬁcatum.
2045 5662 2180 5717 Gre-

600 5733 882 5800 gorianum
910 5734 1169 5787 nominat.
1202 5734 1345 5788 Idem
1369 5734 1620 5787 scribitur
1641 5748 1671 5787 a
1693 5734 1899 5788 Joanne
1943 5734 2179 5788 Diacono

602 5801 695 5855 lib.
716 5818 902 5871 "cap.
929 5800 999 5855 88
1022 5814 1074 5857 et
1105 5804 1223 5858 aliis
1244 5805 1296 5857 in
1319 5803 1483 5867 locis;
1507 5803 1752 5871 idemque
1780 5804 1970 5872 legitur
2004 5803 2097 5858 lib.
2143 5818 2183 5858 ιι

2295 4823 2473 4887 tionis,
2503 4839 2562 4878 se
2596 4826 2772 4893 potius
2811 4823 3080 4894 ju'xiorcm
3115 4840 3275 4893 quam
3324 4841 3508 4880 senem
3549 4828 3813 4889 ostendit,
3842 4827 3882 4879 si

2297 4894 2456 4947 verba
2499 4896 2615 4963 ejus
2643 4895 2927 4964 diligenter
2955 4898 3351 4949 examinentur.
3384 4896 3531 4950 Dicta
3564 4912 3800 4964 namque
3830 4898 3879 4949 iu

2291 4964 2540 5035 epistola,
2588 4966 2712 5018 dum
2760 4964 3096 5032 Januaiium,
3122 4966 3434 5035 episcopum
3486 4966 3878 5031 Caralitanum,

2291 5034 2560 5088 hominem
2590 5049 2793 5099 senem,
2832 5034 3230 5103 reprehendere
3258 5034 3380 5090 stud
3401 5045 3468 5103 -t,
3498 5036 3878 5103 reprehensio-

2291 5118 2413 5157 nem
2442 5105 2511 5157 ab
2551 5105 2635 5158 illa
2669 5104 2808 5159 beati
2837 5103 2984 5159 Pauli
3007 5105 3238 5175 apostoli
3265 5107 3529 5160 sententia
3562 5103 3582 5160 ι
3609 5106 3877 5161 Ttmothei

2288 5189 2407 5242 cap.
2430 5190 2463 5229 ν
2492 5175 2786 5231 exorditur.
2818 5176 3002 5229 dicens
3034 5194 3046 5227 :
3082 5177 3351 5230 Seuiorem
3389 5193 3455 5230 ne
3492 5176 3876 5245 increpaveris;

2290 5258 2519 5318 eamque
2544 5246 2596 5297 iu
2633 5245 2874 5318 ejusdem
2905 5248 3146 5318 cpistola:
3168 5248 3345 5318 _initio
3374 5246 3782 5318 interpretatur,
3816 5262 3880 5299 ne

2290 5314 2404 5382 ipse
2433 5330 2479 5379 a,
2503 5316 2743 5369 o-tolii-a:
2770 5314 3050 5370 sentcntiae
3095 5316 3349 5385 refragari
3388 5314 3655 5377 videatur,
3696 5319 3880 5370 senio-

2288 5399 2401 5437 rem
2440 5401 2499 5437 se
2539 5386 2954 5453 reprehendens.
2986 5386 3037 5440 Is
3083 5387 3288 5440 nterea
3322 5389 3372 5439 in
3403 5386 3495 5441 lib.
3530 5386 3877 5452 Dialogorum

2286 5469 2361 5517 tu,
2394 5468 2512 5524 cap.
2545 5453 2582 5506 2
2645 5471 2744 5526 sua
2773 5463 3089 5526 tempestate
3121 5456 3249 5526 (hoc
3288 5464 3373 5511 est
3408 5457 3662 5517 inlautili,
3698 5455 3878 5526 velat

2286 5538 2553 5578 summum
2601 5524 2820 5593 puerili,
2871 5524 2927 5579 ut
2965 5524 3231 5595 conjiiéio,
3277 5528 3459 5595 aetate)
3492 5526 3747 5588 Totilam,
3777 5524 3879 5578 Go-

2288 5596 2500 5648 thorum
2529 5608 2743 5663 regem,
2773 5610 2865 5649 vui
2911 5597 2978 5649 ab
3010 5594 3152 5650 Urbe
3196 5596 3447 5651 milliario
3482 5611 3606 5651 cum
3634 5596 3879 5650 exemita

2288 5665 2549 5736 resedisse
2589 5673 2835 5736 testatur.
2860 5664 3036 5720 Totila
3077 5681 3209 5720 vero
3229 5707 3244 5731 ,
3276 5676 3541 5736 occupata
3585 5667 3732 5719 omni
3765 5665 3879 5719 fere

2286 5732 2453 5789 Italiae
2493 5742 2666 5804 parte,
2698 5734 2925 5805 Romam
2952 5751 3050 5805 per
3070 5750 3270 5791 annum
3298 5732 3564 5805 integrum
3594 5737 3879 5789 obsessam

2286 5802 2608 5873 expugnavit
2635 5819 2778 5859 anno
2804 5802 3015 5861 Domi—ni
3038 5805 3162 5872 546,
3186 5821 3325 5862 anno
3354 5806 3388 5861 9
3412 5802 3589 5876 Vigilii
3619 5814 3877 5878 palm:ch
