3976 6336
108 336 195 393 ιςε

1061 327 1150 382 DE
1193 324 1586 383 IMAGINIBUS
1621 327 1677 380 S.
1719 324 2043 384 GREGOPJI
2081 327 2349 386 MAGNIu

3248 330 3353 386 466

110 437 601 514 imperii_Justittiatti
631 438 717 505 l9,
735 436 855 514 fel,
879 444 949 514 ut_
967 437 1056 492 alii
1080 439 1295 514 _volunt,
1318 440 1521 514 aliquot
1548 447 1669 514 post
1698 442 1740 499 Α
1772 441 1891 514 regi
1914 442 2266 510 Francorum,
2293 459 2549 499 coronam
2578 459 2796 499 auream
2819 458 2940 500 cum
2969 442 3355 514 gemmisAdouo

110 506 257 571 annis.
290 510 488 565 Beatus
519 516 697 564 autem
728 506 1017 576 Gregorius
1044 509 1187 563 circa
1217 506 1421 563 annum
1460 506 1668 563 Domini

110 584 189 640 59l
217 582 490 635 Romanus
516 578 758 641 Dontifex
791 578 1145 641 renuntiatus,
1175 594 1315 633 anno
1340 580 1545 633 Domini
1568 578 1673 632 604

110 657 178 710 vel
201 650 301 705 605
328 650 489 706 obiit.
514 648 652 703 Hinc
696 648 941 703 eumdem
972 658 1245 714 sanctum,
1276 658 1334 703 ut
1362 648 1670 717 conjectura

112 740 209 781 mea
247 724 370 787 fert,
401 728 565 791 atque
592 735 660 774 ex
682 719 919 791 ejusdem
950 719 1039 772 lib.
1074 718 1412 791 Dialogorum
1442 735 1516 783 ttt,
1548 734 1668 788 cap.

112 798 155 860 l,
182 792 212 847 5
236 800 286 847 et
318 791 412 859 Η,
454 789 745 858 colligitur,
790 790 1244 858 quinquagenaria
1291 789 1670 860 adsuutmum

110 874 266 925 :rtate,
289 860 355 915 ad
377 860 746 927 pontiﬁcatum
771 859 930 913 fuisse
952 874 1279 926 assumptum
1303 859 1671 912 allirwandttm

113 936 319 990 videtur.
361 930 457 985 Ille
501 932 643 985 enim
684 930 783 984 sub
822 929 1029 982 initiunt
1061 927 1247 982 Totilte
1278 929 1426 995 regni
1466 928 1673 982 duobus

116 1004 334 1058 tidelicet
362 1002 518 1054 annis
548 1002 667 1071 plus
703 1000 945 1071 minusve
985 1006 1108 1052 ante
1159 997 1312 1071 Urbis
1337 998 1672 1071 obsidionem

114 1085 246 1128 natus
274 1068 562 1136 iudieatur,
586 1078 643 1123 ut
669 1085 734 1123 ex
770 1068 901 1122 locis
929 1082 1101 1136 nuper
1147 1069 1324 1124 citatis
1359 1084 1420 1122 ac
1448 1068 1675 1135 diligen-

114 1156 181 1198 ter
206 1142 497 1211 perspectis
544 1141 749 1211 videre
775 1139 926 1211 licetL
948 1140 1026 1191 Ad
1071 1137 1208 1211 hanc
1235 1141 1301 1211 de
1327 1137 1384 1190 Β.
1418 1138 1673 1211 Gregorii

112 1206 265 1279 Magni
310 1206 473 1264 relate
522 1209 842 1264 sententiam
888 1207 1066 1262 Ctesar
1114 1208 1375 1279 Duronius
1414 1208 1468 1261 S.

110 1277 375 1338 cardinalis
395 1281 607 1334 videtur
636 1278 917 1344 accedere,
947 1279 1077 1332 sicut
1103 1293 1168 1331 ex
1194 1278 1255 1331 iis
1276 1293 1397 1346 qum
1426 1286 1557 1330 tom.
1585 1277 1673 1332 Vll

109 1351 375 1407 Annalium
406 1365 512 1403 non
537 1350 711 1403 minus
740 1356 1007 1413 accurate,
1040 1362 1200 1417 quam
1229 1349 1437 1403 erudite
1464 1347 1670 1413 scribit,

108 1422 269 1489 ct‘lligi
299 1428 499 1490 potest.

168 1488 313 1548 Idem'
334 1491 590 1545 barbatus
618 1504 647 1542 a
690 1488 844 1542 nobis
886 1501 1173 1557 expressus
1213 1496 1312 1553 est,
1344 1503 1451 1542 non
1497 1489 1672 1542 solum

103 1563 239 1632 juxta
257 1562 553 1684 picturam,
581 1574 699 1624 qua:
720 1559 773 1612 in
802 1556 1024 1612 tedicula
1052 1556 1107 1612 S.
1136 1558 1362 1611 Andretc
1392 1566 1447 1612 et
1477 1559 1530 1613 in
1558 1574 1675 1613 ora-

106 1636 231 1684 torio
306 1631 405 1684 ulre
454 1628 702 1682 Leoninte
750 1643 917 1684 prone
946 1628 1157 1683 Scalam
1188 1636 1429 1682 sanctam
1460 1643 1672 1682 annexo

106 1628 231 1686 torio
257 1628 405 1685 Aulte
454 1628 702 1682 Leoninte
750 1643 917 1698 prope
946 1628 1157 1683 Scalam
1188 1636 1429 1682 sanctam
1460 1643 1672 1682 annexo

105 1710 283 1762 exstat,
309 1701 403 1754 sed
427 1698 580 1767 juxta
607 1700 768 1753 etiam
799 1699 1274 1753 luculentissitnum
1308 1699 1671 1753 testimonium

104 1771 309 1826 Joannis
339 1770 591 1839 Diaconii,
637 1769 728 1837 qui
774 1768 953 1822 ﬂoruit
993 1769 1206 1823 circiter
1232 1767 1339 1822 265
1369 1769 1523 1823 annis
1550 1778 1673 1839 post

104 1844 291 1896 obitum
339 1839 483 1894 beati
538 1838 822 1906 Gregorii,
869 1854 1071 1900 suaque
1125 1846 1444 1907 tempestate
1498 1838 1672 1895 dictas

105 1913 345 1978 imagines
359 1909 637 1963 hominum
650 1909 955 1978 prospectui
970 1909 1150 1974 fuisse,
1164 1910 1420 1978 scriptum
1436 1909 1669 1978 reliquit.

162 1977 377 2051 Absque
403 1980 607 2051 interea
632 1977 894 2051 columbae
916 1980 1099 2051 rspecie
1128 1994 1157 2032 a
1196 1977 1403 2051 Joanne
1433 1977 1673 2051 Diacono

105 2053 268 2121 imago
290 2048 437 2106 beati
467 2049 710 2121 Gregorii
754 2050 1090 2121 describitur,
1120 2048 1318 2118 quippe
1360 2063 1479 2116 quae
1520 2048 1671 2117 jussu

102 2116 327 2188 ejusdem
357 2120 568 2189 depicta
599 2116 717 2183 fuit,
750 2134 815 2173 eo
838 2118 1043 2173 scilicet
1070 2116 1330 2188 tempore.
1357 2133 1465 2186 quo
1494 2116 1576 2189 (ut
1596 2120 1675 2173 sic

104 2192 339 2257 dixerim)
384 2189 649 2258 apparitio
685 2189 946 2243 columba:
989 2189 1078 2243 illa
1123 2189 1187 2243 ad
1239 2190 1406 2258 ipsius
1434 2198 1597 2258 caput
1641 2204 1673 2243 a

105 2262 251 2316 Petro
298 2257 537 2313 Diacono
583 2258 701 2327 ejus
753 2257 1164 2314 familiarissime
1211 2257 1449 2327 nondum
1496 2257 1673 2313 fuci-at

107 2331 424 2402 promulgata
464 2347 476 2381 :
512 2329 599 2383 hic
616 2326 767 2402 enim
810 2328 1022 2382 nonnisi
1056 2336 1194 2402 post
1237 2329 1381 2383 beati
1426 2326 1672 2396 Gregorii

106 2397 293 2455 obitum
321 2400 524 2454 dictam
572 2397 836 2452 columbae
884 2397 1272 2467 apparitionem
1321 2408 1674 2468 supercaput

104 2470 331 2539 Gregorii
359 2469 646 2523 scribentis
671 2482 731 2522 se
758 2468 950 2539 vidisse
974 2478 1197 2539 testatus
1225 2477 1327 2532 est,
1354 2477 1410 2522 ut
1438 2467 1673 2524 Joannes

105 2536 355 2597 vincet-us
400 2539 492 2592 lib.
526 2554 598 2602 tv,
631 2553 751 2606 cap.
785 2536 853 2590 (i9
883 2546 937 2591 et
967 2537 1065 2604 70,
1099 2538 1280 2592 refert.
1314 2538 1465 2593 Adde
1508 2540 1671 2593 etiam

104 2612 229 2677 quod
258 2609 492 2678 Spiritus
518 2619 734 2663 sanctus
764 2608 816 2661 itt
844 2608 1023 2676 specie
1052 2608 1315 2664 colutnbte
1340 2623 1503 2677 super
1527 2609 1673 2663 beati

102 2679 329 2751 Gregorii
358 2686 544 2751 caput,
569 2678 731 2749 316
755 2678 964 2732 nonni~i
992 2679 1117 2732 dum
1146 2690 1363 2751 sanctus
1392 2678 1590 2751 Doctor
1617 2679 1671 2732 in

103 2746 217 2805 actu'
240 2746 526 2804 scribeLtis
553 2746 986 2818 rép’ra’sentatur,
1020 2756 1156 2803 teste
1176 2746 1381 2818 Joanne
1411 2747 1673 2818 Diacono,

105 2820 299 2890 depingi
328 2819 470 2890 solet
502 2837 515 2871 :
550 2817 730 2890 inquo
756 2818 1004 2890 videlicet
1023 2817 1341 2890 actuipsam
1365 2817 1672 2890 columbam

103 2886 344 2945 ad'beati
401 2887 645 2957 Gregorii
692 2896 853 2957 caput
897 2886 1331 2956 frequentisSinte
1372 2902 1447 2957 se_
1479 2887 1674 2942 vidisse

104 2958 280 3014 Petrus
308 2955 577 3013 Diaconus
600 2955 776 3013 medio
795 2955 1020 3013 solemni
1040 2958 1345 3025 juramento
1364 2955 1672 3025 afﬁrmavit,
1696 3014 1699 3016 ,

103 3031 379 3097 divinoque
426 3028 688 3082 miraculo
741 3027 1059 3097 approbavit
1108 3037 1165 3081 et
1213 3027 1569 3097 confirmavit,
1616 3036 1674 3082 ut

104 3100 271 3171 scribit
290 3096 529 3171 Joannes
550 3096 831 3164 Diaconos,
857 3098 949 3153 lib.
975 3113 1030 3154 tv
1050 3112 1171 3171 cap.
1198 3096 1265 3151 69
1292 3097 1359 3152 de
1387 3096 1507 3152 Vita
1529 3097 1673 3152 beati

106 3168 334 3240 Gregorii
364 3183 539 3240 papm.

162 3235 274 3295 Hoc
303 3235 669 3295 loco—beatum
698 3237 1013 3305 Gregorium
1041 3236 1183 3291 nudo
1209 3236 1387 3306 capite
1415 3235 1675 3305 effingen-

104 3308 210 3363 dum
238 3309 448 3370 curavi,
491 3309 618 3377 q..ia
647 3324 756 3362 non
795 3309 968 3362 solum
1014 3309 1067 3362 in
1103 3308 1326 3362 aedicula
1367 3308 1535 3361 sancti
1563 3306 1675 3360 An-

105 3384 225 3434 tlreze
255 3381 330 3434 ita
380 3380 612 3449 pictum,
663 3393 845 3449 verunt
895 3378 1129 3449 etiama
1177 3377 1385 3449 Joanne
1432 3377 1672 3449 Diacono

103 3462 353 3527 scriptore
373 3447 799 3527 accuratissitno,
823 3447 895 3501 ita
919 3448 1246 3527 descriptum
1268 3448 1464 3527 inveni,
1490 3448 1677 3527 etiam-

101 3516 266 3598 sijant
300 3518 484 3598 inde_a
532 3518 790 3598 Silvestro
836 3532 972 3598 papa
1019 3516 1175 3598 hujus
1205 3517 1437 3587 nominis
1462 3518 1673 3598 primo,

103 3586 310 3643 infulam
366 3589 452 3642 vel
500 3589 715 3643 mitram
767 3586 1157 3656 episcOpalem;
1199 3601 1409 3643 necnon
1459 3586 1673 3653 tiaram,

102 3674 246 3727 quam
280 3658 521 3729 cydarim
550 3667 607 3711 et
631 3659 875 3729 diadema
900 3694 916 3720 ,
948 3657 1031 3710 vel
1074 3671 1331 3729 coronam
1361 3664 1417 3710 et
1451 3670 1675 3729 regnum

103 3726 505 3795 vocant,'fuisse
549 3738 781 3782 constet.
813 3726 907 3780 lla:
934 3742 1196 3796 namque,
1240 3728 1397 3780 mitra
1444 3726 1675 3790 scilicet,

101 3813 187 3867 per
208 3815 373 3870 quam
395 3797 1002 3870 Spiritualisauctoritas
1017 3814 1031 3862 ;
1049 3812 1113 3852 ac
1133 3797 1290 3870 tiara,
1311 3796 1424 3850 sive
1451 3809 1673 3861 corona,

101 3884 187 3991 per
226 3867 397 3938 quam
443 3867 756 3938 temporalis
805 3875 1075 3934 potestas,
1120 3867 1507 3934 significantur,
1539 3872 1677 3919 teste

121 3940 405 3991 nn-centio
455 3937 551 3991 Ill.
590 3952 751 3991 sertn.
782 3937 817 3991 5
857 3937 925 3991 de
960 3936 1369 3991 consectatione
1412 3934 1677 3991 pontificis

121 3934 405 3994 nn-eentio
455 3934 751 4003 Ill,'sertn.
782 3937 817 3991 5
857 3937 925 3991 de
960 3936 1369 3992 consectatione
1412 3934 1677 4003 pontificis

100 4008 334 4073 Maximi,
365 4009 529 4063 beato
558 4008 818 4062 Silvestro
846 4006 984 4061 data:
1002 4016 1148 4072 sunt,
1180 4007 1309 4060 utin
1334 4006 1502 4071 prima
1526 4012 1677 4075 parte

101 4079 327 4143 llecreti,
356 4079 592 4132 distinct.
627 4075 716 4147 96,
748 4092 866 4147 cap.
902 4076 987 4142 M,
1018 4086 1073 4132 et
1114 4077 1254 4147 apud
1298 4075 1504 4147 Theo-.l.
1529 4073 1678 4147 :Bal-

99 4166 221 4205 sant.
252 4151 313 4204 in
341 4148 637 4204 Not‘nocan.
663 4144 855 4210 Photii,
885 4148 964 4200 tit.
1000 4152 1048 4203 ὃ.
1077 4144 1195 4216 cap.
1232 4146 1294 4213 1,
1322 4146 1504 4199 videre
1531 4144 1674 4198 licet.

99 4219 223 4275 llinc
250 4220 470 4273 Platina
499 4219 551 4271 in
576 4221 623 4272 b-
645 4218 716 4271 ati
746 4217 991 4271 Silvestri
1022 4217 1140 4270 Vita
1165 4220 1232 4271 de
1271 4216 1430 4283 hujus
1467 4216 1678 4283 generis

98 4292 443 4345 concessione
466 4304 529 4342 ac
555 4288 844 4342 donatione
874 4289 1348 4342 luculentissimam
1372 4285 1499 4339 facit
1528 4301 1681 4338 men-

101 4360 317 4414 tionem.
347 4359 423 4413 De
452 4360 612 4412 mitra
639 4373 769 4412 vero
799 4373 902 4426 qua
927 4374 1053 4412 usus
1074 4368 1157 4412 est
1182 4359 1373 4412 beatus
1400 4355 1679 4426 Silvesler,

100 4429 145 4482 lu
192 4430 443 4499 [ingenii
469 4427 534 4481 IV
567 4426 686 4481 Vita
731 4425 874 4481 idem
922 4426 1128 4499 Iflatina
1172 4428 1405 4495 loquitur
1448 4426 1589 4499 hunc
1626 4425 1680 4478 itt

99 4495 307 4553 modum
351 4498 665 4569 :Eugcnius
712 4497 1167 4553 sanctiSilvestri
1217 4499 1423 4569 mitram
1462 4495 1682 4548 Romam

98 4572 346 4625 Avenione
375 4566 603 4622 delatam
621 4607 638 4634 ,
667 4570 882 4637 ipsemet
908 4584 936 4622 e
978 4569 1225 4622 Vaticana
1268 4568 1335 4620 ad
1367 4566 1680 4637 Lateranum

98 4642 286 4693 detulit.
321 4640 451 4695 llazc
488 4636 719 4693 Platina.
752 4637 903 4693 Nunc
924 4646 1104 4693 autem
1133 4637 1391 4693 medietas
1416 4636 1678 4704 ejusdem,

99 4720 183 4763 aut
207 4711 434 4765 alterius
463 4710 636 4763 mitia:
664 4709 805 4763 beati
834 4709 1076 4763 SthCSU‘i
1113 4711 1177 4763 ad
1208 4717 1453 4763 sanctum
1498 4706 1680 4759 Marti-

100 4798 215 4833 ιιυιιι
262 4782 317 4835 in
349 4779 627 4834 Montibus
656 4778 794 4832 inter
839 4778 1087 4847 reliquias
1124 4777 1445 4833 custoditur.
1478 4776 1562 4847 De
1582 4791 1678 4830 sua

100 4851 254 4918 ipsius
284 4850 445 4904 mitra
479 4851 706 4918 ipsemet
732 4845 1031 4918 Gregorius,
1051 4847 1422 4903 Nazianzenus
1456 4847 1509 4900 in
1538 4845 1684 4918 Apo-_

104 4900 327 4987 t'ogetico
358 4919 394 4972 5
439 4900 744 4975 sermonem
781 4900 1466 4973 ‘ts'at."na".;;it;s'aio
1509 4900 1681 4971 salicti

102 4992 364 5045 Ambrosii
395 4988 673 5043 Ennodius
702 4989 755 5042 in
784 5005 882 5043 suo
909 4987 1328 5059 Epigrammate,
1355 5002 1505 5044 more
1547 5000 1681 5055 poe-

105 5063 224 5125 tico,
255 5061 360 5114 sub
380 5069 646 5114 sertorum
672 5061 889 5114 nomine
916 5061 1080 5114 verba
1100 5058 1247 5114 facit.
1271 5058 1529 5112 Medietas
1555 5069 1685 5109 vero

106 5131 269 5184 mitrm
301 5131 447 5184 beati
488 5130 729 5184 Silvestri
760 5129 1062 5187 holoserica
1101 5146 1208 5184 non
1253 5128 1470 5192 villosa,
1502 5126 1687 5180 viridis

103 5202 297 5255 eoloris
322 5209 425 5264 est,
458 5201 639 5267 inqua
666 5201 836 5254 beata:
856 5200 1036 5254 Maria:
1063 5215 1278 5270 semper
1302 5197 1532 5270 Virginis
1552 5197 1686 5270 intaf

101 5286 161 5335 go
186 5270 383 5325 Filium
423 5272 475 5324 in
506 5272 710 5339 gtentio
737 5271 1015 5341 gestantis,
1048 5286 1144 5325 acu
1169 5267 1309 5341 (rudi
1339 5268 1515 5341 tamen
1545 5267 1685 5335 arte)

104 5341 234 5407 picta
260 5341 528 5405 cernitur,
561 5341 796 5408 pUCI'UltS
826 5340 982 5395 alatis
1008 5356 1071 5395 ac
1109 5340 1335 5395 stellulis
1355 5340 1685 5408 circumspe-

102 5421 201 5464 cta.
223 5410 392 5465 Usum
413 5410 593 5478 itaque
614 5411 786 5464 mitra:
807 5410 1231 5478 antiquissimum
1253 5419 1378 5464 ante
1397 5408 1540 5461 beati
1559 5408 1685 5460 Gre-

102 5484 225 5547 gorii
257 5481 438 5547 Magni
467 5481 836 5545 pontificatum
861 5479 1023 5534 fuisse
1041 5481 1415 5548 ambigendum
1445 5493 1553 5532 non
1577 5485 1679 5530 est.

168 5552 426 5617 Quamvis
454 5560 635 5605 autem
676 5550 994 5605 diadematis
1036 5549 1120 5604 vel
1146 5564 1361 5605 coronae
1397 5550 1511 5603 sive
1538 5548 1686 5617 tiarte

106 5615 428 5742 maneatis
473 5620 735 5689 originem
787 5620 1097 5688 Sigebertus
1151 5621 1217 5674 ad
1266 5635 1437 5674 annos
1473 5615 1686 5671 Domini

142 5688 165 5700 ’³
207 5731 222 5742 .
254 5702 313 5742 et
340 5691 624 5742 Aimoinus
651 5692 767 5742 sive
796 5689 1074 5742 Anuonius
1113 5691 1403 5742 monachus
1429 5689 1481 5742 in
1504 5686 1686 5742 Histo-

142 5688 222 5753 ω.
254 5702 313 5746 et
340 5686 624 5745 Aimoinus
651 5692 767 5747 sive
796 5686 1074 5744 Annonius
1113 5691 1403 5747 monachus
1429 5689 1481 5744 in
1504 5686 1689 5742 Histo-

107 5776 184 5840 ria.
206 5761 540 5840 Francorum
563 5802 580 5830 ,
611 5762 701 5840 lib.
733 5776 771 5825 ι,
790 5774 921 5840 cap.
1051 5800 1067 5825 ,
1093 5759 1366 5816 Clodoveo
1397 5767 1688 5840 acceptam

104 5834 363 5898 scierant,
376 5828 617 5892 dicentes
636 5828 975 5891 Anastasium
992 5830 1371 5903 imperatorem
1391 5828 1689 5898 Clodovco,

1775 512 2003 585 misisse,
2034 528 2261 583 eamque
2289 514 2481 571 deinde
2502 531 2530 568 a
2561 514 2834 571 Clodoveo
2863 514 2963 585 ipsi
2976 511 3173 585 sancto
3195 511 3353 585 Petro

1776 583 1917 655 ultro
1955 584 2189 655 oblatam
2220 586 2419 655 velint,
2454 587 2552 653 legi
2603 596 2779 641 tamen
2829 583 2970 655 apud
3017 583 3355 655 Anastasium

1774 651 2243 734 Bibliptltccarium
2270 695 2285 718 ,
2317 666 2371 708 et
2403 651 3151 734 Plat—inat113ncomplttresque
3179 653 3315 734 alios
3338 694 3354 719 ,

1774 722 1864 790 qui
1896 721 2128 778 Annales
2158 724 2521 779 Romanorum
2549 721 3104 794 pontiﬁcum'scriptis
3135 723 3349 794 maudtr

1775 801 1929 865 runt,
1963 794 2157 865 multos
2186 810 2252 847 cx
2282 790 2672 864 antiquioribus
2709 790 3047 865 pontificibus
3076 803 3201 848 ante
3224 790 3348 845 Clo-

1773 860 2002 935 doveutn
2026 864 2185 917 fuisse
2206 860 2514 927 coronatos,
2541 860 2822 935 papali'que
2850 865 3136 935 insignitus
3153 877 3354 935 corona

1774 930 1887 984 sive
1926 932 2271 1006 tiarapquam
2312 930 3056 1006 regnnm'vulgo'appellant.
3084 932 3218 987 lllud
3258 948 3355 1006 au-

1775 1006 1884 1072 tent
1912 1002 2049 1054 scitu
2078 1002 2293 1066 (lignum
2323 1004 2554 1068 videtur,
2585 1002 2725 1072 quad
2756 1002 2889 1058 tiara
2920 1006 3089 1059 tribus
3117 1003 3352 1065 coronis,

1774 1069 1975 1142 regiam
2006 1072 2231 1142 scilicet,
2265 1069 2682 1142 imperatoriam,
2717 1084 2772 1129 et
2790 1074 3210 1142 sacerdotalem,
3239 1072 3355 1140 ple-

1775 1139 1981 1193 nariam
2014 1141 2265 1195 videlicet
2292 1139 2353 1194 et
2377 1144 2733 1196 tntivcrsalem
2766 1144 2926 1197 totius
2947 1143 3093 1197 orbis
3117 1139 3355 1211 potesta-

1778 1218 1881 1279 tetn
1911 1212 2433 1279 reprmsenlantibus.
2463 1211 2736 1278 devorata,
2774 1213 2983 1265 nonnisi
3019 1212 3129 1279 jam
3174 1211 3295 1265 inde
3322 1228 3352 1263 a

1775 1278 2051 1334 Bonifatio
2084 1279 2213 1343 Vill,
2242 1297 2308 1335 ex
2335 1281 2661 1335 nobilissima
2689 1281 2945 1347 Cajetana
2966 1278 3352 1344 fainilia,usum

1776 1352 1980 1419 recepit
2011 1369 2023 1403 :
2056 1360 2181 1405 ante
2207 1353 2347 1406 enim
2381 1351 2568 1404 tiaram
2600 1367 2703 1405 una
2736 1359 2941 1405 tantum
2967 1365 3167 1404 corona
3204 1350 3353 1419 idem

1776 1417 2030 1492 implicite
2060 1423 2385 1492 compreben
2410 1425 2550 1475 lente
2593 1436 2659 1475 eo
2706 1437 2876 1492 usuue
2904 1427 3151 1492 ornatam
3192 1417 3356 1492 fuisse

1775 1487 1975 1556 inveni,
2008 1499 2065 1544 ut
2093 1487 2279 1546 videre
2308 1500 2389 1545 est
2432 1492 2483 1545 in
2516 1487 2903 1558 antiquissimis
2929 1489 3174 1552 ntusivis,
3205 1496 3262 1543 et
3302 1487 3355 1540 itt

1775 1561 2013 1615 omnium
2045 1560 2408 1615 Romanorum
2432 1561 2743 1631 pontificum
2772 1561 3035 1627 iconibus,
3057 1574 3175 1631 qua:
3194 1558 3358 1631 aeneis

1777 1630 1915 1753 apis
1961 1632 2139 1686 incisae
2185 1628 2496 1687 cernuntur.
2537 1633 2675 1685 Ante
2718 1632 2877 1699 igitur
2928 1629 3070 1685 beati
3110 1628 3356 1696 Gregorii

1832 1701 1950 1753 agni
1980 1702 2384 1753 pontificatum.
2418 1704 2591 1753 mium
2630 1717 2694 1753 ac
2734 1704 2882 1753 tiam
2919 1715 3048 1753 usus
3087 1700 3354 1753 exstabat.

1832 1701 1950 1768 agni
1980 1702 2384 1770 pontificatum,
2418 1704 2591 1755 "litim
2630 1717 2694 1755 ac
2734 1704 2882 1755 tiarm
2919 1715 3048 1755 usus
3087 1700 3354 1770 exstabat,

1775 1769 2058 1841 orntinein,
2075 1782 2133 1825 ut
2154 1772 2491 1828 ethnicorum
2508 1773 2677 1841 pileos
2693 1788 2753 1825 ac
2775 1773 2959 1825 mitras
2981 1769 3351 1841 posthabeam,

1776 1855 1804 1893 a
1833 1839 2180 1895 Testamento
2196 1841 2379 1897 Veteri
2412 1838 2644 1896 trahens.
2672 1842 2801 1896 Nam
2833 1844 2883 1896 itt
2926 1838 3018 1896 lib.
3064 1838 3233 1893 Exodi
3260 1855 3353 1903 xx,

1775 1926 1902 1965 xxix
1930 1922 1984 1966 et
2014 1927 2176 1965 xxxix
2194 1953 2208 1978 ,
2242 1912 2409 1966 Levit.
2440 1928 2531 1966 vttt
2559 1921 2614 1965 et
2640 1929 2727 1967 xvr
2745 1954 2759 1979 ,
2785 1911 2978 1965 Ezech.
3006 1926 3118 1973 xxi,
3151 1908 3357 1963 Zacha-

1773 1980 1865 2034 ritc
1892 1997 1972 2048 ιιι,
1999 1991 2054 2035 et
2099 1983 2151 2035 itt
2180 1982 2298 2037 aliis
2326 1982 2616 2051 Scriptura:
2642 1998 2809 2036 sacrae
2841 1983 2970 2036 locis
2994 1981 3061 2034 de
3090 1980 3245 2051 mitra
3270 1994 3356 2031 sa-

1774 2051 2066 2115 cerdotali,
2101 2066 2309 2124 necnon
2337 2053 2405 2124 de
2448 2049 2630 2124 cydari
2662 2068 2726 2106 ac
2761 2054 2896 2124 _tiara
2930 2049 3242 2124 _pontiticali
3268 2064 3358 2102 ex-

1772 2135 2013 2188 pressam
2031 2121 2355 2177 mentionem
2379 2121 2571 2176 lactant
2602 2122 2915 2175 invenimus.
2930 2122 3154 2175 Beatum
3177 2129 3354 2172 tamen

1773 2190 2088 2259 Gregorium
2116 2191 2220 2246 ltoc
2241 2191 2362 2245 loco
2384 2192 2525 2245 nudo
2550 2192 2727 2261 capite
2753 2193 2822 2244 ad
2844 2192 3022 2245 vivum
3048 2190 3357 2261 exprimen-

1774 2258 1903 2315 dum
1928 2261 2109 2315 curavi
2156 2277 2262 2315 non
2309 2262 2453 2330 quod
2499 2258 2916 2331 cjtts'tempme,
2946 2270 3001 2315 et
3029 2268 3153 2313 ante
3191 2258 3357 2331 ipsius

1775 2331 2163 2402 pontiﬁcatum,
2194 2327 2363 2384 mitrae
2393 2346 2458 2385 ac
2487 2327 2635 2385 tiarte
2660 2327 2786 2402 usus
2818 2348 2922 2384 non
2949 2337 3091 2402 esset
3116 2345 3132 2395 ;
3160 2327 3259 2402 sed
3285 2329 3356 2402 ob

1773 2396 2011 2455 rationes
2052 2402 2203 2455 initio
2245 2401 2541 2468 assignatas
2589 2402 2641 2456 id
2682 2401 2982 2455 faciendum
3030 2400 3202 2453 visum
3232 2396 3351 2450 fuit.

1774 2469 1900 2525 Haec
1938 2470 2006 2524 de
2052 2471 2371 2539 imaginibus
2417 2486 2447 2524 a
2497 2471 2705 2526 Joanne
2748 2472 2984 2525 Diacono
3023 2468 3352 2535 descriptis:

1773 2556 1916 2595 nunc
1960 2538 2221 2609 reliquum
2252 2549 2335 2596 est
2365 2550 2424 2595 ut
2469 2544 2751 2597 nonnullas
2795 2556 2958 2596 voces
2997 2538 3357 2609 subobscuras

1774 2625 1838 2664 ac
1866 2626 1953 2663 res
1998 2608 2268 2665 inteliectu
2312 2612 2656 2666 subtlillicilrs
2699 2613 2751 2665 in
2788 2611 3023 2677 ipsarum
3064 2608 3355 2677 imaginum

1773 2680 2224 2750 descriptionibus
2247 2682 2665 2750 comprehensas
2693 2682 3042 2750 explicemus.

1847 2759 1874 2787 ⁸
1907 2747 2100 2821 Beatus
2127 2747 2418 2821 Gregorius
2464 2751 2703 2819 Magnus,
2749 2747 3007 2821 pontifex.
3034 2755 3270 2815 creatus,
3300 2747 3355 2801 in

1774 2834 1936 2891 parva
1967 2820 2195 2891 quadam
2226 2820 2433 2885 abside,
2460 2836 2619 2886 quam
2649 2821 2866 2875 fornicis
2894 2827 3232 2891 curvaturam
3258 2832 3357 2891 ap-

1776 2886 2060 2960 pellamus,
2094 2890 2233 2943 intra
2263 2901 2433 2943 rotant
2457 2905 2729 2960 gypseam,
2761 2898 2876 2944 arte
2902 2888 3107 2943 scilicet
3134 2886 3356 2957 plastica

1776 2968 2134 3015 constructam
2173 2960 2349 3029 pictus
2378 2962 2489 3013 fuit.

1847 3030 1875 3069 δ
1904 3025 2253 3085 Subocttlai'ia
2308 3030 2489 3098 plena,
2529 3030 2631 3085 hoc
2672 3037 2755 3084 est
2798 3036 3003 3096 partem
3033 3025 3357 3098 illam,qu

1775 3100 1961 3155 subest
1988 3100 2184 3163 oculis,
2218 3097 2428 3168 plenam
2451 3142 2465 3163 ,
2494 3100 2607 3154 sive
2638 3098 2992 3167 turgidulam,
3014 3097 3357 3168 subdividuaﬁ-

1699 3179 1748 3243 ο
1776 3185 1883 3252 que
1921 3169 2057 3224 labia
2077 3210 2093 3233 ,
2125 3166 2794 3252 aliquantillum(videlicet
2832 3170 2920 3252 _(ut
2962 3169 3035 3249 ita
3064 3166 3262 3252 dicam)
3290 3167 3365 3220 ab
3446 3226 3459 3239 ,

1778 3236 2004 3295 invicem
2024 3236 2292 3310 separata,
2313 3242 2502 3295 beatus
2521 3238 2808 3310 Gregorius
2831 3236 3083 3293 habuisse
3103 3253 3133 3291 a
3152 3236 3360 3293 Joanne

1780 3310 2015 3365 Diacono
2042 3309 2313 3363 scribitur.

1848 3382 2004 3451 317
2041 3390 2061 3416 ε
2088 3379 2289 3451 Deinde
2315 3378 2551 3435 colorem
2588 3379 2881 3451 aquilinutn
2910 3387 2966 3451 et
2991 3378 3232 3451 lividum,
3264 3377 3361 3431 sed

1777 3449 1832 3504 in
1854 3446 2133 3505 senectute
2158 3449 2394 3505 colorem
2416 3446 2717 3505 cardiacum
2739 3449 2914 3508 eidem
2937 3448 3100 3503 fuisse
3126 3446 3361 3501 Joannes

1779 3519 2048 3599 Diaconus
2075 3521 2173 3599 ait.
2205 3518 2452 3575 Colorem
2497 3522 2791 3599 aquilinum
2828 3518 2985 3599 apud
3033 3533 3129 3599 eos
3174 3518 3265 3598 qui
3295 3518 3363 3599 de

1777 3591 2049 3645 coloribus
2075 3589 2366 3658 loqttuntur
2408 3607 2515 3645 non
2560 3590 2760 3653 inveni,
2790 3588 2891 3643 nisi
2922 3589 3012 3642 ille
3048 3588 3141 3652 sit,
3172 3588 3265 3656 qui
3293 3588 3362 3640 ab

1778 3661 2013 3713 Antonio
2034 3658 2288 3730 Thylesio
2309 3662 2515 3729 aqui'us
2538 3667 2895 3730 nuncupatur,
2917 3658 3129 3711 dicente
3159 3675 3173 3709 :
3199 3658 3361 3730 Aquit

1777 3730 1883 3783 lum
1912 3737 2103 3783 veteres
2122 3726 2278 3781 'Itunc
2317 3726 2515 3799 fuscum
2543 3726 2774 3799 aucoloi'e
2796 3743 2957 3799 aqua:
2980 3726 3361 3799 vocarunt,’qui

1775 3801 1913 3869 inter
1941 3800 2145 3869 nigrum
2174 3808 2250 3853 est
2278 3796 2325 3852 et
2350 3798 2540 3852 album.
2576 3798 2644 3852 Id
2661 3797 2804 3869 quod
2833 3796 2988 3869 Plato
3017 3798 3171 3849 etiam
3191 3796 3360 3869 docet.

1778 3868 1905 3924 “180
1942 3866 2384 3939 Ttint-sius‘cap.
2416 3868 2450 3921 5
2477 3866 3043 3939 deucoloribus.‘Cut_n
3080 3874 3258 3939 autem
3280 3866 3362 3939 .in

1778 3934 2144 3993 declaratione
2174 3934 2372 3993 coloris
2420 3937 2584 4006 aquili
2621 3938 2711 3990 fiat
2739 3936 2942 3990 mentio
2982 3935 3050 3989 de
3076 3935 3247 4002 fusco,
3270 3934 3362 4003 qui

1778 4009 1921 4064 inter
1949 4008 2157 4074 nigrum
2187 4017 2267 4060 est
2294 4016 2347 4061 et
2377 4008 2590 4075 album,
2620 4007 2945 4074 aquilinum,
2985 4006 3097 4060 sive
3126 4006 3365 4073 aquilum

1778 4082 1848 4133 ab
1877 4093 2029 4147 aqua)
2060 4078 2242 4131 colore
2262 4075 2485 4142 dictum,
2509 4079 2755 4131 eumdem
2778 4075 3031 4147 ferecum
3061 4075 3221 4130 livido
3245 4091 3365 4147 esse

1780 4159 1910 4219 puto
1930 4145 1953 4200 'z
1980 4150 2160 4219 fuscus
2188 4147 2332 4219 enim
2365 4148 2515 4203 calor
2543 4164 2571 4201 a
2596 4147 2757 4201 livido
2772 4146 3017 4219 ,_qni‘est
3046 4148 3199 4219 color
3226 4145 3358 4219 sub-

1779 4215 1951 4288 niger,
1979 4230 2027 4272 et
2079 4217 2379 4288 plumbeus,
2412 4233 2598 4288 parum
2625 4224 2718 4271 aut
2743 4216 2877 4288 nihil
2899 4216 3012 4271 fere
3050 4215 3253 4288 distare
3282 4216 3365 4269 vi-

1779 4285 1953 4352 detur,
1978 4289 2063 4343 vel
2082 4285 2156 4341 'ad
2185 4285 2674 4358 lividum'proxime
2695 4286 2929 4358 accedit,
2951 4301 3071 4358 cum
3102 4301 3133 4339 a
3156 4285 3365 4340 Joanne

1780 4360 2022 4415 Diacono
2059 4357 2325 4427 aquilinus
2354 4356 2505 4413 color
2534 4374 2656 4411 cum
2679 4357 2843 4411 livido
2880 4356 3259 4427 coniungatur,
3297 4372 3365 4411 ex

1780 4430 1975 4498 quibus
2002 4426 2153 4483 colar
2177 4428 2356 4483 fuscus
2386 4430 2727 4498 componitur
2751 4446 2764 4481 :
2788 4427 2900 4497 qui,
2924 4426 3176 4497 'l‘bylesio
3203 4434 3366 4498 _teste,

1784 4496 1891 4555 non
1922 4506 2004 4554 est
2032 4499 2295 4565 insuavis,
2316 4496 2556 4568 atque-in
2580 4496 3066 4568 homine’persmpe
3096 4496 3364 4568 laudatur.

1716 4550 1758 4606 ο
1784 4550 1977 4624 re;th
1992 4550 2293 4632 tamen;
2319 4550 2403 4624 ’ἆέ
2422 4550 2642 4625 "eam;
2657 4550 2858 4637 sauia
2874 4550 3032 4637 nunc
3048 4550 3136 4621 ait
3163 4566 3215 4620 in
3249 4550 3367 4621 mo;

1786 4639 1959 4711 dunt:
2004 4640 2220 4711 Aquilus
2257 4641 2404 4711 color
2443 4650 2521 4693 est
2566 4641 2851 4711 fuscus,“
2897 4636 3159 4711 subniger,
3196 4653 3229 4688 a
3268 4653 3367 4711 quo

1785 4709 1961 4780 aquila
1997 4707 2138 4762 dicta
2175 4725 2286 4763 esse
2321 4709 2539 4769 videtur.
2566 4707 2816 4778 'quamvis
2850 4723 2966 4780 eam
3012 4707 3079 4780 ab_
3115 4713 3263 4759 acute
3289 4707 3368 4758 vi.

1786 4774 1953 4833 dendo
1980 4780 2171 4833 dictam
2205 4781 2382 4833 velint.
2416 4774 2629 4850 Aquilus
2653 4788 2824 4850 autem
2848 4776 2995 4850 color
3025 4774 3091 4829 ab
3129 4790 3266 4843 aqua
3291 4784 3369 4850 est

1786 4852 2078 4904 nominatus
2114 4866 2132 4902 :
2163 4866 2285 4902 nam
2330 4866 2444 4903 cum
2472 4846 2669 4917 antiqui
2698 4848 2828 4903 duos
2858 4848 3066 4901 omnino
3103 4846 3368 4917 naturales

1785 4922 1982 4974 colores
2011 4929 2240 4985 nossent,
2276 4920 2481 4990 nigrum
2522 4915 2716 4973 scilicet
2742 4926 2793 4972 et
2813 4917 3014 4990 album,
3041 4915 3370 4990 interveniret

1786 5002 1955 5043 autem
1981 4990 2025 5043 is
2054 5006 2269 5061 quoque,
2300 4984 2384 5061 qui
2406 4992 2480 5043 ita
2502 4990 2678 5061 neutri
2705 4987 2892 5061 similis
2919 4995 3015 5061 est,
3036 4997 3092 5039 ut
3112 4995 3281 5038 tamen
3296 4984 3368 5061 _ab

1784 5069 2000 5128 utroque
2018 5054 2379 5129 praptlietatém
2404 5059 2598 5121 trahat,
2620 5058 2943 5126 potissimum
2962 5056 3202 5129 alloquar,
3222 5054 3369 5125 cujus

1786 5125 2026 5183 incertus
2051 5125 2127 5182 est
2155 5130 2317 5191 color,
2348 5146 2464 5182 eum
2496 5125 2971 5183 denominaverunt.
3002 5125 3127 5180 Haec
3159 5125 3368 5190 Festus,

1788 5200 1875 5254 cui
1915 5197 2175 5253 Junianus
2211 5200 2525 5268 Sipontinus
2551 5200 2603 5252 in
2636 5197 3062 5268 commentariis,
3092 5193 3370 5268 Hugnitio,

1790 5269 2002 5338 Papias,
2041 5279 2097 5322 et
2116 5269 2206 5322 alii
2235 5264 2617 5324 assentiuntur.
2642 5266 2697 5321 Si
2722 5274 2901 5338 autem
2917 5266 3078 5338 color
3105 5264 3373 5338 aquilinus

1790 5334 2054 5407 ab'aquila
2084 5339 2310 5401 dicatur,
2335 5338 2512 5393 fulvus
2534 5338 2686 5407 color
2707 5335 2928 5405 intelligi
2950 5344 3149 5406 potest.
3180 5334 3374 5402 Aquila

1789 5405 1939 5463 enim
1963 5408 2089 5462 fulvi
2120 5409 2317 5463 coloris
2345 5418 2447 5463 est.
2480 5408 2615 5463 Hinc
2642 5405 2862 5461 Ovidius
2883 5405 2976 5461 lib.
3004 5422 3036 5460 v
3068 5406 3373 5473 Fastorum,

1792 5479 2050 5548 aquilam,
2092 5494 2245 5535 avem
2292 5479 2488 5533 fulvam
2518 5477 2781 5548 appellat;
2804 5484 2870 5548 _et
2911 5475 3238 5533 Claudianus
3266 5474 3375 5548 _ful-

1792 5544 1917 5602 vum
1945 5544 2092 5604 Jovis
2119 5550 2441 5617 armigerum
2470 5544 2763 5616 nuncupat.
2800 5544 2904 5604 Par
2946 5550 3188 5605 colorem
3215 5545 3376 5616 igitur

1794 5619 2089 5687 aquilinmn
2128 5628 2184 5674 et
2211 5619 2462 5683 lividum,
2494 5618 2578 5673 vel
2608 5619 2848 5673 colorem
2889 5618 3124 5687 luscum,
3154 5617 3376 5673 vequl-

1793 5704 1925 5765 vum
1962 5689 2182 5765 intelligi
2210 5704 2371 5765 posse
2399 5688 2610 5765 opingr.
2639 5689 2871 5765 Aequis
2903 5690 3108 5765 fulvum
3136 5689 3376 5765 colorem

1796 5760 1965 5840 multa
1986 5746 2399 5841 jac_ta‘t:tt,'et_ut_
2422 5746 2495 5817 ait
2521 5746 2946 5841 Tltylesiu'scap.
2977 5759 3075 5828 11,
3102 5759 3375 5841 ευςίειιδιτ

1797 5844 1922 5888 cum
1948 5831 2221 5903 inprimis,
2240 5831 2437 5891 deinde
2476 5831 2927 5902 aurum,stellte,
2961 5846 3145 5899 arena,
3181 5831 3392 5894 leo,.es
