3976 6362
133 311 234 366 ὅδε)

1132 302 1225 360 DE
1263 301 1654 360 IMAGINIBUS
1693 301 1748 357 S.
1792 301 2116 360 GREGORII
2157 303 2391 362 MAGNI.

3297 309 3400 364 470

126 420 378 479 Ecclesia
407 418 551 487 pingi
581 425 637 471 et
663 415 834 486 sculpi
861 426 1293 490 consueverunt:
1321 430 1448 490 nam_
1472 431 1570 490 per
1597 414 1717 490 ﬁgu-
1747 418 1794 477 Α
1824 415 2144 490 habentibus
2160 433 2400 490 annexa,
2445 419 2499 490 in
2537 418 2732 488 quibus
2770 436 2798 473 a
2828 421 3056 476 dl’acono
3094 421 3278 490 egenis
3306 436 3398 475 ne-

132 509 240 546 ram
262 485 598 560 splucricgim,
621 502 741 557 quae
762 485 999 560 ninnium
1016 488 1308 554 ﬁgurarum
1332 485 1716 560 perfectissima

131 572 232 623 est,
277 556 666 631 perfectissima
705 572 892 610 eorum
932 556 1056 631 vita
1084 556 1483 631 qupzlammodo
1531 556 1718 609 adum-

133 626 334 686 bratu'ri
364 629 482 683 Non
526 628 721 682 desunt
761 635 939 680 autem
970 627 1058 694 qui
1093 626 1254 679 velint
1283 627 1513 680 solarem
1557 642 1716 680 coro-

135 717 255 754 nam
275 714 438 768 super
475 699 649 768 capita
675 708 1002 768 sanctorum,
1029 704 1083 748 et
1099 697 1470 768 apostolorum
1496 711 1719 768 praiser-

134 772 249 832 tim,
281 765 427 838 pingi
457 778 511 821 ct
540 765 708 835 Eculpi
753 767 985 838 solitam,
1021 780 1086 819 ex
1119 781 1185 838 eo
1223 765 1366 838 quod
1413 765 1584 819 Abdia
1621 765 1721 817 Ba-

134 835 550 910 bylonico’teste
579 838 672 910 lib.
702 852 735 890 v
767 835 907 910 l‘list.
927 836 1253 910 apostolicae,
1275 836 1363 889 lux
1391 844 1537 910 tanta
1561 850 1721 910 super

130 905 391 964 Joannem
423 908 726 977 apostolum
757 907 1262 977 moribnmlum‘per
1292 922 1451 959 unam
1483 906 1593 958 fere
1625 905 1721 977 ho-

134 995 247 1033 ram
278 973 545 1048 apparuit,
579 985 635 1048 ut
683 975 858 1030 nullus
886 992 1004 1028 eam
1048 974 1292 1030 sulTerret
1324 985 1590 1048 nsi-cetus.
1629 973 1720 1048 lit—

134 1044 366 1117 eumque
395 1062 524 1101 vero
570 1047 670 1117 sit,
726 1061 981 1117 coronam
1016 1053 1192 1100 tamen
1237 1045 1438 1099 sanctis
1485 1045 1537 1117 in
1583 1044 1721 1117 ciclo

131 1113 359 1186 gloriam
385 1115 725 1182 consecutis,
757 1116 874 1170 aliis
900 1125 1078 1169 autem
1109 1118 1159 1169 in
1185 1116 1284 1170 bac
1308 1114 1516 1186 mortali
1547 1113 1721 1186 adhuc

133 1183 243 1243 vita
268 1188 746 1253 conunorantibus,
769 1186 1002 1238 tabn'am
1031 1186 1348 1254 quadratam
1370 1201 1398 1238 a
1425 1183 1721 1254 pictoribus

134 1269 192 1312 et
214 1257 578 1327 sculptoribus
601 1252 781 1323 ellingi
805 1252 1176 1320 solitam,'boc
1200 1259 1390 1310 saltem
1419 1252 1537 1308 loco
1559 1252 1724 1321 expli-

133 1343 284 1385 CZSSC
305 1337 389 1380 sat
417 1336 518 1379 ρει.

210 1397 229 1436 ί
290 1396 524 1468 Cagnitaz
591 1396 930 1468 districtionis
988 1395 1211 1468 cautela.
1266 1394 1578 1468 Districtio,
1620 1393 1721 1468 _vel

133 1464 438 1530 destrictio,
469 1482 574 1520 vox
603 1474 683 1520 est
713 1465 780 1519 ab
821 1465 1198 1520 ccclesia~ticis
1237 1465 1586 1532 scriptoribus
1614 1464 1720 1518 fre-

136 1547 373 1606 quenter
402 1547 687 1606 usurpata;
723 1544 800 1599 et,
829 1537 966 1606 sicut
994 1551 1060 1588 ex
1093 1535 1308 1589 Placido
1334 1535 1718 1606 Grammatice,

135 1604 276 1676 apud
305 1606 552 1660 Fulvium
583 1605 856 1671 Ursinum,
885 1605 1056 1676 virum
1085 1605 1500 1660 eruditissimum
1521 1619 1624 1676 ,_ac
1653 1604 1723 1676 de

134 1674 294 1732 bonis
322 1676 514 1730 litteris
555 1677 758 1743 optime
788 1675 1057 1736 meritum,
1106 1685 1404 1734 asservato,
1438 1677 1488 1728 iu
1519 1674 1724 1729 Glossis

135 1747 429 1816 colligitur,
459 1746 801 1800 severitatem
831 1744 1397 1816 signiﬁcat.Placidus
1425 1747 1566 1798 enim
1597 1744 1673 1797 ait
1705 1761 1716 1796 :

139 1815 236 1871 Est
257 1794 429 1870 litum;
465 1816 755 1881 destrictus,
781 1794 1028 1883 attentus,
1061 1815 1136 1868 vel
1162 1831 1384 1876 severus,
1415 1831 1477 1867 ac
1505 1831 1609 1868 non
1637 1830 1724 1867 κο-
1757 1794 1800 1853 θ

135 1889 276 1941 Intus
296 1898 343 1940 et
367 1887 516 1940 lenis.
547 1885 603 1939 In
631 1885 771 1940 hunc
793 1901 1007 1940 sensum
1040 1886 1106 1940 ab
1128 1885 1438 1945 Innocentio
1459 1885 1522 1938 lll
1553 1885 1726 1939 distri-

135 1959 248 2012 ctio
264 1957 451 2026 judicii
482 1957 621 2010 libro
649 1956 822 2024 primo
853 1955 1005 2026 Myst.
1033 1955 1222 2018 Missa),
1255 1972 1306 2010 c.
1338 1955 1424 2018 65,
1457 1963 1511 2008 et
1540 1971 1571 2008 a
1600 1952 1725 2026 Gre-

138 2025 298 2092 gorio
340 2027 471 2082 ultio
499 2034 548 2079 et
591 2025 1173 2080 emendatio’districta
1219 2033 1594 2094 nuncupatur;
1623 2025 1727 2079 hoc

137 2107 322 2153 autem
353 2098 471 2152 loco
501 2095 889 2150 districtionem
914 2112 1012 2165 pro
1042 2105 1189 2150 arcta
1219 2098 1328 2148 vita
1371 2096 1507 2148 smui
1529 2095 1728 2148 debere

145 2177 300 2235 puto.
330 2167 484 2232 Hinc,
518 2176 574 2219 ut
602 2167 677 2219 ait
701 2165 935 2220 Joannes
957 2165 1241 2229 Diaconus,
1269 2167 1558 2235 imaginem
1575 2179 1726 2235 suam

144 2234 334 2292 beatus
359 2235 646 2305 Gregorius
671 2236 956 2291 salubriter
982 2235 1196 2303 depingi
1226 2236 1414 2302 voluit,
1445 2243 1502 2288 ut
1543 2234 1728 2288 Mona—

71 2311 90 2330 ’
144 2307 233 2364 chi
264 2324 361 2378 per
387 2309 557 2377 ipsam
582 2307 869 2378 imaginem
898 2323 1002 2360 non
1034 2322 1133 2378 pro
1159 2307 1304 2378 inani
1329 2305 1524 2378 gl’oria,
1553 2305 1727 2378 s_e_d_i_n

141 2374 300 2434 suam
339 2374 583 2447 ipsorum
606 2377 870 2444 salutem,
900 2374 1168 2444 cognitam
1200 2376 1342 2430 beati
1375 2374 1616 2447 Gregorii
1644 2374 1730 2428 di-

143 2446 503 2512 strictionem,
538 2446 587 2501 id
613 2455 695 2502 est
715 2456 918 2502 arctam
944 2450 1108 2499 vitam
1141 2447 1192 2500 in
1227 2446 1540 2499 memoriam
1571 2460 1728 2500 revo-

140 2527 354 2585 carent,
372 2519 679 2584 dictamque
701 2518 863 2570 vitam
893 2518 1248 2585 imitarentur,
1272 2515 1398 2570 dum
1421 2516 1543 2569 loco
1563 2514 1730 2584 ipsius

143 2584 431 2656 imaginem
468 2587 798 2656 frequentius
826 2587 1179 2640 intuerentur.
1205 2584 1404 2639 Intueri
1425 2593 1604 2640 autem
1628 2585 1733 2639 hoc

139 2661 267 2714 loco
296 2675 327 2712 a
351 2656 560 2712 Joanne
592 2657 827 2711 Diacono
851 2657 1059 2726 passive
1088 2658 1334 2710 sumitur.

217 2738 243 2776 ε
283 2728 633 2798 Νγιιιιιιιζομιιι
677 2743 771 2796 pro
814 2727 1029 2798 lavacro
1071 2734 1127 2781 ct
1157 2727 1355 2798 laute,
1397 2739 1603 2798 necnon
1633 2740 1732 2795 pro

145 2794 346 2855 balneo
370 2794 512 2868 apud
541 2794 790 2868 Plinium,
816 2794 1294 2868 Julium_Gapitol.,
1323 2794 1647 2868 Joseplium,
1678 2804 1734 2847 et

145 2870 284 2924 alios
307 2866 446 2923 sumi
468 2868 626 2930 solet,
659 2882 690 2921 a
719 2867 958 2936 Nympha
992 2866 1196 2921 dictmu
1231 2884 1242 2918 :
1278 2866 1400 2933 quia
1430 2867 1626 2919 ethnici
1651 2868 1732 2918 lu-

146 2940 304 2993 minis
324 2939 568 2994 veritatis
592 2935 870 3004 echrtes,
886 2935 1157 3007 Nymphas
1183 2951 1453 3007 aquarum
1465 2936 1596 3007 deas
1613 2950 1736 3007 esse

147 3018 427 3077 putarunt.
453 3007 600 3061 Adde
629 3008 811 3072 etiam,
835 3005 978 3076 quod
1006 3016 1216 3060 veteres
1236 3006 1407 3060 Gnaei
1435 3005 1732 3077 Nympham

144 3077 416 3142 dicebant,
443 3093 602 3148 quam
648 3093 747 3132 nos
793 3077 1090 3131 nmtatione
1120 3077 1273 3148 unius
1316 3077 1526 3148 littera),
1554 3077 1734 3148 Lym-

150 3151 308 3236 phaui
331 3189 348 3212 ,
379 3149 433 3204 id
462 3146 557 3236 est
584 3163 778 3236 aqupm
800 3189 814 3212 ,
844 3163 1116 3236 vocamus.
1159 3146 1505 3236 Ny‘inphteum
1527 3146 1733 3225 .itaque
1759 3175 1804 3236 Ο

149 3222 253 3275 hoc
295 3220 418 3276 loco
449 3219 534 3273 vel
565 3234 662 3287 pio
692 3219 942 3287 lavacro,
975 3216 1187 3287 vel_pio
1209 3215 1374 3270 ’fontc
1402 3215 1538 3287 sumi
1576 3231 1737 3284 posse

151 3299 280 3357 puto
307 3308 320 3343 :
355 3289 424 3344 de
458 3285 578 3358 quo
607 3288 755 3342 l'onte
789 3286 1024 3342 Joannes
1071 3285 1356 3354 Diaconos,
1387 3286 1480 3340 lib.
1511 3301 1582 3349 tv,
1607 3301 1729 3356 cap.

151 3361 238 3425 97,
273 3360 534 3430 loquitur.

219 3431 245 3468 ιι
274 3427 608 3495 Gordianus,
667 3429 808 3484 beati
853 3427 1094 3495 Gregorii
1137 3435 1309 3497 pater,
1342 3427 1676 3497 regionarius
1704 3442 1735 3482 a

150 3501 307 3557 Joan.
360 3499 596 3554 Diacono
644 3509 984 3566 nuncupatur
1022 3515 1033 3550 :
1071 3496 1228 3568 quem
1276 3498 1520 3566 quamvis
1567 3496 1737 3552 virum

152 3571 578 3627 ecclesiasticum
609 3569 797 3623 nullibi
826 3568 986 3622 fuisse
1015 3568 1327 3632 invenerim,
1355 3576 1532 3622 vestes
1558 3575 1740 3622 tamen

150 3646 193 3697 si
217 3648 553 3712 spectentur,
579 3648 635 3695 et
655 3639 819 3712 verba
847 3637 1066 3712 Joannis
1089 3638 1308 3712 Diaconi
1336 3645 1742 3712 accn_rate_p_er-

153 3708 479 3780 pendantur,
509 3723 634 3780 eum
655 3708 1088 3780 Eciclcsiasticum
1131 3708 1299 3761 virum
1329 3708 1550 3780 omnino
1577 3708 1744 3780 fuisse

153 3776 302 3837 dicas
330 3787 573 3850 oportet.
606 3778 912 3850 [legionarii
962 3793 1178 3843 nomen,
1207 3793 1258 3832 -a
1307 3777 1614 3850 regionibus
1658 3776 1741 3831 di-

153 3861 300 3906 ctum
321 3892 338 3917 ,
369 3846 608 3904 'notariis
647 3849 994 3918 quibusdam,
1044 3863 1254 3918 necnon
1293 3846 1664 3918 defensoribus
1689 3855 1746 3900 et

153 3922 434 3985 diaconis,
464 3920 578 3974 dari
609 3917 837 3974 solebat.
868 3918 1073 3973 Notarii
1101 3917 1388 3984 regionarti
1433 3925 1592 3971 erant
1619 3932 1747 3988 pro-

157 3991 434 4056 tonotarii,
475 3991 541 4044 ad
575 4006 712 4059 quos
757 3997 908 4057 gesta
947 3989 1570 4059 prmsertimmartyrum
1607 3985 1744 4042 scri-

155 4065 286 4116 bere
307 4057 632 4130 pertinebat.
661 4059 980 4130 Defensores
1002 4057 1398 4130 r_cgi0narii,_ad
1421 4057 1748 4130 variaspro-

155 4126 362 4186 viucias
391 4131 664 4192 destinati,
699 4139 757 4184 ut
793 4129 981 4184 scribit
1006 4127 1242 4182 Joannes
1271 4127 1559 4192 Diaconos,
1590 4126 1684 4182 lib.
1712 4143 1749 4182 ιι

155 4204 222 4257 de
250 4201 402 4256 beati
429 4200 676 4268 Gregorii
717 4199 858 4266 Vita,
887 4216 1008 4267 cap.
1040 4198 1131 4265 55,
1152 4199 1294 4254 circa
1325 4199 1409 4266 pia
1453 4198 1749 4267 praesertim

157 4287 324 4341 opera
357 4273 734 4336 versabantur,
767 4280 826 4324 ut
863 4269 1110 4324 videlicet
1140 4271 1341 4341 legata,
1373 4269 1438 4341 ad
1474 4268 1592 4341 pias
1619 4283 1750 4322 cau-

157 4339 244 4400 sas
273 4341 490 4422 relicta,
517 4341 1007 4422 inueleemosynaip'
1023 4339 1346 4422 pauperibps
1368 4339 1754 4422 distribuerenf

162 4425 269 4480 tur,
295 4412 441 4467 sicut
468 4427 532 4466 ex
567 4411 658 4466 lib.
684 4427 734 4465 tv
762 4407 919 4480 epist.
947 4407 1097 4480 Zl’et
1135 4409 1224 4473 25,
1257 4409 1347 4464 lib.
1377 4425 1451 4480 χιι
1484 4424 1570 4478 ep.
1601 4407 1670 4480 66
1697 4416 1756 4463 et

164 4479 258 4536 lib.
288 4498 345 4537 xi
367 4497 455 4552 ep.
481 4482 545 4536 21
589 4481 731 4552 beati
781 4479 1023 4549 Gregorii
1051 4480 1340 4552 colligitur.
1373 4479 1587 4552 Horum
1624 4479 1752 4532 item

1821 487 2055 558 cessaria
2093 487 2656 544 sulmiinistrabaqur.
2686 490 2763 544 Ad
2809 492 2947 545 hanc
2988 506 3102 546 rem
3133 487 3398 558 praestan-

1821 557 1942 628 dam
1972 557 2072 611 viri
2103 573 2294 624 graves
2322 575 2386 614 ac
2426 560 2662 627 religiosi
2705 576 2734 614 a
2763 562 2920 614 beato
2945 557 3209 628 Gregorio
3238 560 3396 614 elec1i

1821 626 2038 698 [uerunt
2066 629 2354 698 privilegiis
2383 626 2638 698 insigniti,
2668 640 2727 684 ut
2758 630 2948 698 legitur
2976 626 3117 694 apud
3137 627 3399 686 Joannem

1823 697 2137 776 _Dia_c0pum,
2179 699 2355 776 lib._u,
2386 697 2503 769 cap.
2537 698 2622 765 5|,
2657 700 2707 776 in
2733 697 2972 776 ejusdem
3005 699 3153 755 Vita.
3183 699 3260 753 Ex
3283 699 3398 776 cpl-

1824 767 1963 846 legio
1992 768 2171 846 itaque
2197 767 2538 846 defensorum
2558 810 2573 836 ,
2604 771 2693 838 qui
2723 767 2789 846 cit
2829 771 3019 825 ordine
3047 784 3266 846 quoque
3291 769 3401 824 cle-

1823 837 2078 899 ricorum,
2117 837 2378 893 Panvinio
2409 849 2566 904 teste,
2608 837 2976 904 sumebantur,
3002 837 3087 896 vel
3117 837 3188 894 ei
3214 839 3401 894 diaco-

1823 922 2014 978 norum
2038 909 2284 974 collegio,
2309 911 2352 963 si
2375 910 2476 964 hac
2499 911 2550 962 in
2574 925 2631 964 re
2652 910 2959 978 conjectare
2981 911 3160 974 liceat,
3182 909 3401 964 Gordia-

1826 992 1949 1029 num
1977 976 2140 1031 luisse
2193 994 2336 1040 reor,
2367 976 2767 1035 ecclesiasticis
2794 980 3144 1046 indumentis,
3175 979 3282 1034 hoc
3318 988 3402 1034 cst

1825 1047 2110 1099 dalmatica
2138 1056 2192 1100 et
2222 1050 2456 1112 pEaneta,
2485 1049 2770 1114 diligenter
2798 1051 3153 1105 consideratis
3177 1067 3190 1102 ε
3216 1049 3400 1103 diaco-

1827 1116 2111 1191 nns'onim
2161 1133 2267 1169 non
2318 1117 2488 1191 solum
2533 1119 2904 1191 dalmaticam,
2931 1137 3050 1191 qua:
3091 1121 3148 1191 ei
3187 1120 3401 1188 proprie

1824 1185 2096 1256 convenit,
2119 1196 2330 1247 gestare
2356 1188 2526 1251 solet;
2553 1188 2668 1250 sed,
2694 1197 2752 1240 ut
2785 1185 2969 1242 scribit
3003 1185 3398 1256 Alcuin'usﬂib.

1823 1255 1892 1309 de
1916 1255 2086 1308 Divin.
2117 1256 2266 1309 Olﬁc.
2302 1271 2422 1324 cap.
2455 1257 2522 1310 de
2549 1257 3026 1324 signiﬁcationibus
3052 1255 3402 1312 vestimento-

1824 1341 1962 1390 rum,
1991 1326 2227 1395 casulam
2258 1326 2405 1389 itetn,
2447 1342 2606 1395 quam
2636 1327 2936 1381 Amalarius
2957 1327 3279 1380 Fmtunatus
3309 1328 3401 1380 lib.

1825 1410 1863 1449 ιι
1892 1396 1958 1449 de
2002 1394 2390 1451 Ecclesiasticis
2437 1394 2657 1460 Olliciis,
2689 1411 2808 1464 cap.
2853 1397 2942 1462 19,
2971 1397 3292 1464 generaliter
3334 1397 3401 1448 ad

1825 1480 2016 1536 omnes
2041 1466 2266 1520 clericos
2292 1467 2562 1536 pertinere
2584 1468 2659 1520 ait
2691 1485 2702 1519 :
2736 1465 2802 1520 ad
2832 1467 2988 1520 linem
3011 1476 3190 1520 autent
3218 1465 3406 1536 prmia-

1827 1535 1988 1589 tionis
2007 1535 2058 1589 in
2086 1538 2258 1605 ipsum
2285 1535 2352 1590 de
2378 1536 2567 1592 ofﬁciis
2597 1553 2732 1606 opus
2755 1538 3010 1603 ostendit,
3050 1538 3265 1606 quando
3291 1535 3403 1588 dia-

1825 1621 1993 1660 conus
2019 1608 2197 1662 casula
2246 1607 2314 1660 sit
2344 1607 2662 1670 induendos,
2691 1607 2906 1674 quando
2944 1623 3072 1662 vero
3109 1606 3406 1660 exuendtts.

1904 1674 1918 1713 ί
1966 1675 2082 1730 Huc
2122 1677 2331 1731 accedit
2371 1678 2517 1746 quod
2547 1693 2576 1731 a
2603 1677 2810 1732 Joanne
2847 1677 3080 1732 Diacouo
3109 1676 3409 1732 Gordianus

1826 1745 2024 1814 caligas
2050 1747 2102 1800 in
2142 1748 2368 1816 pedibus
2394 1745 2606 1815 gestare
2627 1748 2820 1802 dicitur
2843 1766 2854 1800 :
2887 1763 2982 1817 per
3010 1748 3211 1815 caligas
3231 1759 3407 1800 autem

1829 1817 2036 1870 nonnisi
2086 1817 2326 1871 sandalia
2374 1818 2716 1885 intelligenda
2748 1829 2912 1872 sunt:
2947 1833 3054 1873 non
3095 1819 3238 1872 enim
3279 1831 3408 1870 veto

1825 1902 1854 1939 a
1877 1886 2068 1958 lsimzle
2090 1896 2192 1952 est,
2221 1896 2277 1941 ut
2305 1903 2402 1958 per
2429 1888 2646 1956 caligas,
2675 1888 2922 1942 tibiarum
2945 1896 3312 1958 tegumentum
3338 1888 3410 1958 in-

1825 1957 1990 2025 telligi
2019 1965 2202 2026 queat,
2233 1959 2358 2027 quia
2387 1957 2545 2025 hujus
2572 1958 2783 2025 generis
2812 1957 3176 2025 tegumentum
3226 1958 3278 2010 in
3325 1957 3408 2024 pi-

1826 2034 1978 2081 ctura
2010 2043 2108 2098 nec
2131 2027 2265 2094 ﬁeri,
2297 2043 2397 2082 nec
2426 2028 2591 2082 videri
2622 2035 2801 2098 potest
2830 2030 2899 2082 ob
2927 2036 3132 2082 vestem
3155 2027 3222 2081 ad
3247 2027 3408 2098 pedes

1827 2111 1995 2168 usque
2021 2097 2330 2152 demissam.
2356 2098 2554 2165 Caliga:
2584 2096 2764 2168 itaque
2792 2114 2892 2167 pro
2921 2098 3176 2168 sandaliis
3204 2111 3234 2150 a
3254 2096 3408 2168 Joan-

1829 2181 1896 2220 ne
1941 2165 2180 2221 Diacono
2223 2175 2526 2222 sumuntur.
2559 2165 2695 2221 lluic
2734 2165 2864 2222 sane
2893 2168 2972 2222 rei
3013 2165 3157 2222 favet
3195 2167 3409 2235 vulgata

1829 2235 2124 2308 Bibliorum
2152 2236 2339 2308 editio,
2370 2252 2489 2304 qua:
2515 2254 2612 2308 pro
2635 2238 2890 2292 sandaliis
2918 2237 3115 2308 caligas
3141 2238 3410 2308 vcrlit,_ut

1830 2307 2011 2362 videre
2039 2313 2122 2361 est
2151 2307 2326 2361 locum
2359 2306 2764 2362 illum—Actuutn
2790 2323 2860 2362 xu
2892 2309 2942 2362 in
2970 2306 3075 2375 quo
3101 2307 3292 2361 beatus
3322 2306 3412 2359 l’e-

1832 2387 1944 2430 trus
1972 2376 2210 2432 sandalia
2239 2377 2339 2432 sibi
2369 2377 2636 2446 subligare
2661 2381 2729 2432 ab
2749 2378 2939 2446 angelo
2961 2378 3140 2444 jussus
3160 2386 3242 2431 est
3270 2375 3415 2446 hisce

1829 2447 2054 2518 verbis;
2103 2447 2464 2518 Prazcingere,
2512 2444 2562 2501 et
2608 2448 2784 2502 calcea
2825 2444 2876 2501 ie
2910 2448 3107 2518 caligas
3144 2455 3280 2518 tuas.
3309 2444 3414 2500 Pro

1831 2515 2185 2590 quodAGrteca
2225 2515 2392 2590 editio
2433 2519 2614 2590 habet,
2647 2522 2935 2590 περίζωσαι
2963 2515 3324 2590 κσξὶῗύπόδησαρι
3351 2519 3416 2590 τά

1831 2587 2071 2659 σανδάλιά
2098 2609 2214 2659 acu,
2250 2588 2352 2642 boc
2369 2597 2470 2653 est,
2507 2587 2849 2659 I’rwcingere,
2872 2597 2922 2642 et
2948 2589 3150 2658 subliga
3177 2587 3416 2659 sandatia

1834 2664 1942 2710 tua.
1975 2654 2151 2710 Latini
2179 2666 2357 2712 tamen
2389 2654 2731 2713 recentiores
2745 2674 2842 2726 pro
2861 2654 3114 2714 sandaliis
3152 2672 3256 2714 nou
3284 2657 3415 2712 cali-

1833 2741 1962 2792 gas.
2011 2727 2106 2781 sed
2157 2727 2342 2798 soleas
2382 2736 2597 2782 vertunt
2628 2747 2642 2780 :
2678 2730 2801 2798 quia
2829 2729 3011 2798 caliga:
3039 2743 3135 2797 pro
3165 2727 3416 2798 tibiarum

1835 2798 1998 2850 etiam
2025 2797 2374 2865 operimentis
2404 2798 2541 2851 sumi
2562 2796 2754 2852 solent.
2788 2796 2984 2852 Beatus
3013 2796 3192 2852 autem
3222 2796 3416 2851 Hiero-

1838 2881 2029 2936 nymus
2057 2867 2328 2935 explicans
2371 2883 2437 2920 xx
2481 2868 2625 2921 Isaia:
2668 2875 2847 2936 caput,
2878 2870 3266 2934 calceamenta,
3295 2882 3420 2920 san-

1836 2936 1976 3007 dalia
2004 2945 2060 2990 et
2083 2937 2278 3007 caligas
2307 2952 2405 3006 pro
2435 2937 2622 2992 eodem
2654 2939 2864 2991 videtur
2896 2939 3142 3007 accipere
3182 2954 3278 3000 per
3305 2937 3420 2992 lucc

1836 3006 1999 3079 verba
2033 3024 2046 3058 :
2076 3005 2334 3079 Depositis
2362 3008 2576 3079 (inquit)
2604 3007 2982 3079 calceamentis,
3008 3005 3122 3079 ante
3143 3025 3174 3060 a
3196 3007 3418 3079 septua-

1837 3077 2002 3146 ginta,
2036 3077 2300 3148 sandalio,
2331 3078 2386 3131 id
2432 3087 2507 3131 est
2555 3078 2738 3148 caliga:
2775 3077 3041 3146 vocantur,
3088 3086 3196 3148 etc.
3225 3077 3420 3146 Caliga:

1839 3147 1969 3200 item
2001 3161 2098 3215 pro
2131 3147 2325 3202 calceis
2350 3163 2378 3200 a
2407 3148 2565 3201 beato
2594 3147 2856 3216 Gregorio
2884 3147 2966 3201 Ma
2975 3164 3098 3212 suo,
3125 3147 3219 3201 lib.
3249 3164 3266 3203 ι
3293 3162 3416 3216 cap.

1839 3217 1872 3270 ὁ
1899 3225 1952 3270 et
1979 3217 2068 3271 lib.
2110 3233 2168 3271 ιιι
2196 3233 2316 3287 cap.
2346 3217 2418 3271 “26
2444 3217 2785 3285 DialogOrum
2807 3227 3124 3283 sumuntur;
3151 3219 3318 3272 inuno
3337 3231 3422 3270 se-

1838 3287 2014 3341 cundo
2042 3287 2162 3340 loco
2186 3306 2197 3336 ι
2218 3289 2351 3342 itato
2372 3288 2437 3340 de
2459 3288 2749 3356 caligarum
2774 3288 3036 3355 corrigis,
3062 3303 3181 3356 qua:
3205 3287 3422 3356 calceis,

1839 3374 1946 3412 non
1993 3356 2263 3411 tibialibus
2300 3355 2653 3422 conveniunt,
2706 3360 3035 3412 mentionem
3080 3355 3225 3411 facit.
3270 3355 3424 3411 Adde

1840 3429 2003 3484 etiam
2048 3428 2204 3498 quod
2245 3427 2374 3482 illud
2425 3427 2674 3492 Actuum,
2717 3425 3002 3498 Calcea_te
3047 3427 3241 3498 caligas
3288 3436 3423 3498 tuac,

1841 3497 2058 3552 nonnisi
2085 3496 2172 3552 ad
2205 3500 2368 3566 pedes
2409 3506 2464 3552 et
2512 3498 2578 3551 ad
2609 3501 2819 3554 calceos
2852 3496 3038 3553 referri
3067 3496 3266 3567 potest,
3298 3497 3422 3564 quia

1841 3569 2086 3623 calceare
2115 3567 2190 3622 nil
2218 3567 2359 3623 aliud
2385 3584 2545 3637 quam
2595 3569 2807 3624 calceos
2851 3568 3092 3633 induere,
3139 3567 3424 3636 signiﬁcat.

1844 3637 1979 3693 l‘linc
2024 3637 2165 3706 apud
2209 3637 2526 3692 Suetonium
2556 3638 2610 3693 in
2652 3637 3001 3706 Vespasiano,
3029 3639 3153 3707 equi
3181 3640 3266 3691 vel
3294 3637 3424 3691 muli

1844 3707 2073 3762 calceari
2099 3707 2372 3772 dicuntur,
2401 3722 2521 3762 cum
2547 3709 2712 3776 pedes
2755 3723 2941 3762 eorum
2978 3708 3235 3761 adversus
3263 3722 3422 3762 saxo-

1844 3794 1964 3832 rum
1985 3778 2234 3844 injnriam
2265 3775 2622 3842 ferramentis,
2652 3794 2747 3832 seu
2774 3777 2937 3833 soleis
2960 3775 3147 3832 ferreis
3177 3777 3424 3830 muniun-

1848 3859 1954 3918 ριν.
1984 3847 2086 3902 Per
2113 3848 2312 3916 caligas
2351 3847 2539 3918 igitur,
2559 3863 2693 3915 quas
2722 3848 2887 3918 etiam
2926 3847 3179 3918 Isidorus,
3211 3847 3303 3900 lib.
3338 3861 3427 3900 nx

1849 3916 2309 3993 Etymoiogiarum
2333 3933 2456 3985 cap.
2481 3916 2568 3982 54,
2586 3918 2732 3993 inter
2741 3916 3231 3993 calceamentorum
3244 3930 3426 3993 gene—

1849 3986 2152 4042 ra'vidétur
2185 4002 2487 4050 numerare,
2519 3996 2574 4041 et
2598 4003 2628 4041 a
2654 3988 2838 4057 caligis
2865 3986 3192 4057 caligariqu
3225 3987 3428 4057 dictum

1848 4067 2022 4128 putat,
2041 4058 2280 4128 sandalia
2303 4057 2693 4127 intelliguntur.
2713 4056 2844 4128 Nam
2866 4056 3426 4128 Isidoruscaligarium

1852 4127 1958 4182 non
1973 4144 2003 4182 a
2024 4128 2161 4183 callo
2178 4127 2395 4196 pedum,
2411 4131 2504 4182 sed
2520 4143 2550 4181 a
2571 4143 2708 4182 voce
2729 4127 2940 4196 Graeca,
2955 4127 3090 4193 calo,
3107 4127 3158 4181 id
3171 4138 3252 4181 est
3266 4127 3432 4194 ligno,

1850 4199 1995 4268 quod
2022 4197 2194 4253 Graeci
2222 4204 2278 4252 τὸ
2308 4200 2455 4253 ita?on
2481 4197 2697 4261 dicunt,
2737 4205 3103 4266 nuncupatum
3133 4198 3388 4266 opinatur
3416 4214 3427 4248 :

1855 4269 1996 4324 unde
2023 4269 2386 4338 calopodium,
2416 4268 2836 4322 calceamentnm
2867 4268 3102 4337 ligneum
3118 4268 3203 4322 vel
3225 4281 3434 4338 soccus.

1854 4339 1959 4395 Per
1986 4337 2186 4406 caligas
2213 4339 2396 4406 itaque
2424 4338 2622 4393 rectius
2651 4338 2893 4394 sandalia
2914 4378 2930 4402 ,
2978 4353 3141 4407 quam
3182 4337 3434 4392 tibiarum

1855 4410 2189 4478 operimenta
2223 4409 2566 4479 intelligenda
2611 4418 2758 4463 sunt.
2809 4407 2967 4479 Quod
2997 4417 3198 4479 autem
3225 4407 3438 4479 diaconi

1856 4476 2113 4536 sandaliis
2139 4476 2502 4534 interdum'uti
2524 4481 2923 4544 consueverint,
2945 4477 3191 4546 Albinus,
3214 4477 3327 4533 sive
3344 4476 3438 4531 Al-

163 4547 418 4608 oﬂicium'
430 4560 548 4606 erat
577 4551 643 4606 de
662 4547 1036 4621 episcoporum
1058 4550 1366 4604 excessibus
1393 4548 1754 4618 Cognitionem
1785 4553 1829 4610 D
1855 4551 2046 4606 cuinus
2076 4551 2129 4604 in
2160 4550 2255 4605 lib.
2283 4549 2351 4604 de
2375 4550 2572 4604 Divinis
2595 4547 2968 4621 Olliciis,cap_.
2994 4548 3062 4604 de
3090 4547 3439 4621 signiﬁcatio-

163 4639 230 4677 ac
273 4622 524 4678 notitiam
555 4623 859 4689 suscipere,
894 4622 1276 4689 regularesque
1310 4635 1563 4690 perverse
1591 4633 1756 4687 agen-

165 4703 248 4748 tes
290 4693 586 4761 corrigere.
622 4691 716 4745 His
744 4692 908 4747 etiam
955 4690 1346 4761 defensoribus,
1380 4699 1438 4761 ut
1470 4690 1756 4761 Panvinius

164 4780 234 4818 ex
263 4759 469 4831 Pelagii
499 4762 728 4832 epistola
767 4762 822 4817 in
861 4761 1038 4830 capite
1063 4761 1129 4814 de
1161 4759 1472 4832 Primicerio
1499 4760 1756 4815 Defenso-

166 4849 284 4887 rum
316 4831 425 4900 ait,
453 4831 850 4888 conveniebant
893 4846 1175 4886 causarum
1226 4831 1583 4898 cognitiones,
1623 4847 1751 4885 con-

169 4904 484 4967 ventiones,
525 4911 708 4968 actus,
751 4902 962 4972 publica
988 4901 1188 4972 litigia,
1219 4910 1274 4956 ct
1314 4900 1758 4972 qumcuttquepvel

167 4973 540 5097 ecclesiastica
568 4970 844 5040 instituta,
889 4972 977 5027 vel
1021 4971 1440 5041 supplicantium
1467 4970 1760 5027 necessitas

167 5054 288 5097 post
351 5059 383 5096 a
424 5059 453 5096 a
487 5082 501 5097 .

167 5051 501 5114 postulabat.

243 5114 470 5168 Diaconi
501 5113 810 5182 regionarii,
841 5121 899 5168 ut
933 5112 1312 5180 subdiaconos,
1353 5127 1490 5182 quos
1519 5113 1569 5166 in
1591 5110 1760 5182 Regi;

168 5185 464 5254 strobeati
486 5179 756 5252 Gregorii,
787 5183 881 5238 lib.
913 5199 1005 5239 vui
1035 5184 1192 5253 epist.
1226 5179 1403 5249 5,1ib.
1435 5199 1487 5237 ιιι
1515 5181 1675 5254 epist.
1697 5179 1767 5234 20

170 5264 224 5308 et
251 5251 347 5320 30,
371 5254 555 5324 vidfre
579 5262 684 5320 est,
708 5251 1134 5324 prastermittam,
1155 5266 1361 5324 septem
1379 5255 1530 5324 juxta
1549 5251 1766 5324 septem

175 5327 430 5393 regiones
459 5321 617 5380 Urbis
653 5319 830 5392 erant,
863 5333 921 5379 ut
947 5325 1140 5392 legitur
1169 5319 1230 5379 in
1252 5319 1452 5378 Ordine
1481 5319 1641 5376 Rom}
1670 5319 1768 5374 Vel

172 5395 370 5464 singuli
393 5393 604 5450 duabus
624 5411 688 5450 ex
712 5395 1116 5464 quatuordecim
1141 5395 1450 5462 regionibus
1472 5400 1768 5464 prmerant;

174 5465 374 5520 deinde
411 5463 820 5535 quatuordectm
862 5463 1018 5533 juxta
1065 5463 1484 5534 quatuordecim
1523 5464 1768 5535 regiones

180 5535 344 5603 320
371 5533 594 5589 fuerunt
627 5535 879 5598 instituti,
913 5542 969 5588 et
997 5533 1450 5602 ita’vocabantur,
1481 5534 1626 5603 quod
1653 5533 1768 5587 sino

177 5603 424 5670 guﬁtrum
467 5603 628 5661 Urbis
667 5607 975 5674 regionum,
1019 5612 1156 5674 teste
1184 5604 1466 5668 Panvinio,
1511 5603 1771 5674 diaconiis

181 5675 264 5729 vel
293 5675 650 5732 xenodocbiis
677 5673 1086 5746 praeesscntJli
1126 5691 1358 5746 namque
1378 5675 1658 5730 viduarum
1690 5673 1771 5746 in-

183 5747 305 5813 opia
348 5745 731 5812 laborantium,
779 5755 831 5800 et
874 5745 1195 5815 pupillorum
1238 5745 1468 5801 ministri
1506 5754 1688 5811 erant,
1718 5745 1771 5798 in

185 5816 410 5886 publicis
458 5830 756 5887 pauperum
801 5815 1071 5884 :lomibus,
1097 5816 1337 5874 oratoria
1373 5825 1430 5874 et
1452 5817 1647 5874 sacella
1671 5815 1774 5872 sibi

1857 4622 2014 4676 nibus
2034 4621 2496 4683 vestimentorum,
2524 4627 2581 4674 et
2609 4617 3254 4674 Amalarius‘Fortunatus
3282 4617 3376 4672 lib.
3405 4633 3441 4671 ιι

1857 4693 1926 4763 de
1945 4690 2091 4747 Eccl.
2120 4690 2310 4763 ofﬁciis
2330 4707 2450 4763 cap.
2475 4689 2566 4756 25,
2589 4689 2759 4763 etaiii
2776 4699 2961 4763 aperte
2988 4685 3251 4763 fatentur;
3277 4687 3441 4740 immo

1859 4762 2084 4832 etiama
2110 4757 2438 4832 presbyteris
2484 4769 2549 4832 et,
2583 4757 2928 4832 subdiaconis
2963 4757 3203 4832 sandalia
3232 4764 3440 4832 gestata

1859 4832 1989 4887 olim
2014 4826 2178 4886 fuisse
2197 4826 2438 4896 narrant,
2460 4829 2553 4886 sed
2573 4830 2690 4884 sine
2709 4829 2979 4898 ligamine,
3001 4827 3070 4898 ad
3088 4826 3446 4898 dill‘erentiaui

1860 4904 2239 4972 episcoporum
2268 4910 2326 4958 et
2350 4902 2724 4965 diaconorum,
2747 4897 2913 4972 quiin
2935 4897 3188 4954 sandaliis
3214 4897 3443 4972 ligamen

1862 4969 2151 5028 habebant.
2185 4970 2438 5037 Quamvis
2462 4980 2644 5025 autem
2673 4969 3034 5024 sandaliorum
3058 4969 3287 5033 gestatio
3314 4974 3446 5021 tcm-

1866 5057 1998 5112 pore
2026 5042 2171 5112 beati
2217 5040 2463 5112 Gregorii
2507 5039 2684 5112 Magni
2711 5037 2956 5112 diacgnis
2983 5039 3148 5092 vetita
3177 5038 3340 5112 {pisse
3363 5037 3445 5112 vio

1866 5106 2074 5175 deatur,
2105 5111 2198 5166 lib.
2230 5128 2303 5166 vu
2331 5106 2562 5181 Registrj
2601 5106 2760 5181 epist.
2804 5107 2874 5162 ‘28
2921 5117 2977 5181 ot
3014 5123 3135 5181 can.
3185 5106 3443 5181 Pervenit,

1868 5182 1993 5235 dist.
2028 5181 2117 5246 93,
2151 5182 2293 5236 idem
2320 5177 2497 5236 tamen
2519 5177 2813 5247 Gregorius
2859 5177 3048 5233 eadem
3100 5179 3152 5232 in
3200 5177 3448 5247 cpistola.

1869 5249 2234 5307 sandaliorum
2278 5266 2432 5306 usum
2473 5250 2715 5306 diaconis
2745 5249 2999 5304 Ecclesiae
3037 5248 3394 5304 Messaniensis
3421 5266 3450 5300 a

1871 5321 2355 5390 przedecessoribus
2381 5321 2489 5376 suis
2520 5335 2838 5376 concessum
2855 5319 2981 5373 olim
3013 5316 3176 5374 fuisse
3205 5325 3448 5390 testatur.

1872 5387 2123 5447 Saudalia
2166 5408 2296 5447 vero
2343 5391 2475 5445 inibi
2522 5391 2769 5460 compagi
2808 5389 3189 5460 appellantur:
3223 5389 3292 5442 ab
3337 5387 3454 5460 aliis

1874 5477 2004 5518 vero
2029 5461 2572 5532 oompagiarvocitari
2612 5457 2806 5532 salem.
2842 5457 3027 5532 *Hodie
3070 5476 3198 5532 vero
3245 5457 3454 5532 nonnisi

1875 5547 2114 5588 summus
2153 5528 2426 5602 pontifex,
2476 5531 2714 5600 episcOpi
2743 5540 2800 5584 et
2840 5531 3136 5602 presbyteri
3159 5528 3456 5602 cardinales

1877 5602 2132 5657 sandaliis
2155 5599 2229 5657 uti
2252 5603 2446 5667 solent,
2483 5599 2605 5672 quin
2629 5599 2876 5672 veterum
2901 5599 3155 5657 sandaliis
3182 5599 3464 5672 dissimilia

1877 5679 2002 5728 sunt
2026 5690 2040 5727 :
2074 5689 2137 5728 ea
2163 5673 2306 5728 enim
2328 5669 2516 5728 subter
2537 5671 2751 5742 pedem,
2781 5672 3040 5740 integram
3071 5673 3274 5742 soleam
3293 5669 3457 5726 liabe-

1878 5745 2028 5809 bant,
2051 5759 2211 5816 supra
2231 5759 2360 5799 vero
2379 5740 2584 5816 corium
2613 5741 2962 5816 fenestratum
2988 5757 3082 5798 seu
3105 5740 3454 5816 perforatum,

1884 5815 1987 5872 hoc
2006 5812 2136 5873 sane
2163 5816 2404 5887 symbolo
2435 5815 2576 5886 quod
2607 5813 2768 5884 pedes
2795 5812 3168 5886 episcoporum
3194 5821 3248 5869 ct
3275 5812 3454 5866 diaco.
