3976 6302
544 262 641 319 ΠΙ

542 393 758 440 notum,
804 390 898 431 νου
988 390 1361 430 medicatorum
1393 390 1643 438 (quorqu
1688 390 1922 423 omculm
1955 390 2117 422 cuum

544 445 788 503 diaronls
802 455 917 501 erat
938 390 1360 511 demandatum),
1380 441 1565 511 subter
1585 438 1844 492 deberent
1863 453 1978 492 esse
2005 453 2123 491 mu-

543 519 661 578 niti,
687 535 753 571 ne
774 516 998 571 terrenis
1026 513 1302 567 affectibus
1323 509 1699 580 polluerentur
1718 525 1738 580 :7
1759 523 1969 563 sursum
1996 523 2123 562 vero

543 588 733 655 aperti,
758 596 1021 655 quatrnus
1044 577 1420 655 praedicatores
1444 578 1511 655 ad
1538 577 1781 655 ciete-tia
1796 592 2127 655 Cognosce-n—

542 647 629 717 da,
662 647 892 733 _nec'non
935 647 1301 733 adnnysnteria
1330 648 1617 733 rfyeIanda
1657 658 1712 702 et
1923 647 2124 733 prtedi:

541 726 734 789 canda,
767 725 899 777 tales
922 734 974 776 et
1006 717 1103 790 ipsi
1135 722 1329 773 forent.
1359 717 1529 790 Hujus
1568 719 1779 790 generis
1807 717 2007 783 caligas
2034 726 2128 771 aut

540 788 775 847 sandalia
798 788 1051 845 Gordiani
1085 790 1247 843 fui~so
1290 789 1598 855 conject-ire
1631 788 1788 841 licet:
1825 789 1906 840 sin
1943 801 2123 854 secus,

541 865 669 919 nihil
696 872 808 917 erat
832 861 974 931 quod
1001 860 1236 913 Joannes
1262 859 1524 931 Diaconus
1540 858 1607 912 de
1628 857 2001 931 communibus
2021 860 2123 909 cal-

533 933 828 986 ceamentis
843 927 912 985 ita
927 946 1180 999 expresse
1192 939 1245 982 et
1258 930 1533 997 insigniter
1545 931 1874 999 mentionem
1891 927 2123 981 fecisset.

610 1002 721 1056 lloe
767 1004 887 1055 loco
932 997 1108 1055 facere
1154 1016 1261 1053 non
1297 1014 1535 1069 possum,
1568 1001 1695 1067 quin
1726 997 1975 1060 admirer,
2003 1011 2125 1069 cum

536 1071 768 1126 Joanne;
820 1073 1117 1135 Diaconos,
1168 1070 1258 1138 qui
1299 1066 1474 1124 dictas
1508 1066 1769 1135 imagines
1806 1075 1996 1120 exacte
2024 1066 2121 1119 de-

534 1142 783 1209 scripsit,
834 1150 891 1194 ut
921 1144 1115 1196 multas
1168 1140 1477 1194 earumdem
1531 1138 1797 1209 minutias
1846 1151 2128 1209 expresse-

537 1206 915 1275 rit;'sandalia
960 1210 1215 1264 Gordiani
1255 1210 1720 1273 conimemorarit,
1768 1207 1837 1261 de
1871 1206 2126 1261 sandaliis

537 1292 715 1335 autem
744 1282 887 1335 beati
917 1281 1161 1347 Gregorii
1188 1280 1386 1332 nullam
1414 1280 1627 1347 penitus
1659 1277 1857 1347 fecerit
1890 1276 2123 1347 mentio-

538 1369 680 1404 nem.
731 1352 976 1417 Quonam
1022 1345 1200 1403 autem
1248 1345 1579 1402 modo'liunc
1606 1347 1800 1417 nodum
1828 1345 2125 1401 dissolvere

535 1414 995 1490 queant,'ignoro,
1046 1421 1144 1490 nisi
1174 1419 1224 1472 id
1254 1418 1545 1490 memerita
1576 1418 1725 1485 lapsu
1761 1414 1974 1490 factum
2005 1430 2125 1490 esse

537 1486 741 1546 dicam.
768 1486 902 1544 lline
929 1490 1097 1543 ca'cri
1128 1489 1269 1541 beati
1301 1486 1569 1554 Gregorii,
1602 1502 1727 1539 num
1761 1486 1810 1537 in
1857 1486 2121 1552 superiori

540 1570 692 1629 parte
724 1561 997 1614 fenestrati
1030 1566 1122 1611 aut
1153 1556 1426 1626 perforati,
1459 1571 1667 1609 necnon
1689 1569 1855 1629 _cru_ce
1889 1555 2124 1629 insigniti

536 1624 820 1696 olliiigendi
844 1639 1022 1681 essent
1044 1624 1270 1699 (uthac
1298 1636 1477 1682 nostra
1502 1636 1661 1699 tetate
1684 1624 1794 1699 fieri
1824 1624 1992 1699 solet)
2024 1641 2123 1699 an-

536 1694 935 1775 ceps'profeeto
958 1694 1087 1775 _fu_i';
1115 1706 1419 1775 propterea
1462 1696 1631 1775 quod_
1654 1694 1868 1775 calceos
1895 1696 2040 1775 ip~os
2069 1698 2121 1775 in

534 1764 755 1823 :edienla
800 1770 971 1823 sancti
1012 1764 1249 1821 Anilrete
1288 1776 1478 1820 neutro
1509 1764 1671 1819 modo
1704 1767 1875 1833 p‘ctos
1915 1764 2118 1819 inveni.

536 1840 787 1901 Quamvis
809 1846 985 1891 autem
1015 1837 1283 1906 Josephus
1310 1836 1616 1906 Stephanus
1651 1834 2122 1906 Valentimis,epi-

534 1925 730 1977 seopus
759 1908 885 1963 olim
913 1902 1195 1971 Vestanus,
1226 1924 1368 1961 nunc
1392 1902 1519 1961 vero
1548 1907 1832 1977 episcopus
1856 1902 2120 1977 Oriolen.,

536 1974 775 2032 \‘ir'sane
802 1979 1176 2042 doctissimus,
1207 1978 1257 2031 in
1298 1978 1433 2031 libro
1460 1977 1525 2030 de
1552 1974 1897 2029 Osculatione
1925 1975 2121 2042 pedum

540 2049 763 2102 Romani
810 2049 1092 2112 pontificis,
1125 2064 1245 2117 cap.
1289 2047 1378 2113 18,
1405 2047 1658 2100 adversus
1692 2044 1887 2117 Papirii
1920 2044 2123 2117 Masso-

539 2120 619 2169 nis
647 2118 1015 2182 calliditatem,
1064 2114 1215 2172 usuin
1263 2117 1507 2185 gestandi
1548 2115 1789 2171 sandalia
1823 2114 2122 2182 pontificia,

536 2205 695 2241 cruce
718 2189 985 2253 insignita,
1007 2184 1419 2242 vetustissimum
1442 2186 1602 2239 fuis~'e
1624 2201 1721 2255 per
1743 2184 1973 2251 picturas
1994 2200 2125 2238 con-

535 2260 731 2325 jcrtet;
762 2274 861 2325 ego
892 2267 1095 2325 tamen,
1126 2259 1216 2328 qui
1248 2259 1425 2327 potius
1456 2258 1704 2310 oculatus
1728 2270 1887 2328 quam
1917 2256 2124 2328 auritus

541 2324 693 2382 testis
725 2324 825 2382 hac
854 2328 905 2381 in
938 2342 996 2383 re
1021 2324 1157 2385 esse
1183 2324 1488 2396 cupiebam,
1520 2334 1734 2382 veteres
1763 2324 2121 2396 ecclesiarum

542 2402 721 2451 thura:
748 2398 962 2468 absidrs
1001 2414 1165 2468 opere
1219 2394 1428 2468 niusivo
1480 2398 1792 2468 decoratas,
1841 2394 2125 2462 diligenter

540 2469 878 2538 iret-lustravi.
914 2465 1111 2534 Qua'in
1142 2485 1199 2523 re
1229 2467 1611 2538 perquirenda,
1643 2465 2127 2538 calceossummo-

540 2555 656 2591 rum
688 2533 1000 2607 pontificum
1034 2539 1085 2592 in
1114 2533 1381 2607 superiori
1411 2548 1563 2605 parte
1590 2550 1689 2590 nec
1726 2535 1946 2607 omnino
1970 2533 2122 2607 lene-

537 2632 551 2658 θ
570 2605 876 2671 ιηιόςωυι
901 2605 1222 2689 perforatas,
1252 2623 1350 2662 nec
1375 2608 1730 2689 ntideqiizique
1757 2605 1947 2687 pedem
1979 2606 2127 2689 obte-

537 2687 724 2743 gcntes
740 2675 943 2746 reperi;
969 2694 1089 2729 nam
1114 2676 1483 2731 tantummodo
1506 2678 1555 2730 in
1580 2676 1731 2745 pedis
1753 2675 2018 2746 acumine,
2044 2682 2124 2746 at-

537 2762 642 2813 que
674 2749 724 2800 in
770 2745 1030 2800 calcaneo
1060 2757 1420 2815 tegumentum
1448 2762 1568 2801 cum
1600 2745 1870 2813 ligamine,
1902 2761 1931 2798 a
1978 2745 2125 2799 solea

538 2828 592 2869 ct
618 2836 644 2869 a
680 2817 845 2885 calce
873 2816 940 2869 ad
980 2819 1197 2876 collum,
1230 2826 1285 2871 et
1313 2818 1378 2870 ad
1422 2817 1571 2885 pedis
1596 2831 1843 2878 acumen,
1871 2815 1936 2867 ad
1965 2831 2125 2884 supc-

539 2888 733 2940 riorem
766 2884 973 2941 vid-lic.
997 2896 1016 2940 t
1038 2889 1186 2957 pedis
1212 2884 1431 2957 partem
1448 2886 1690 2949 diducto,
1713 2887 1887 2939 inesse
1902 2885 2123 2957 conspi-

536 2958 703 3020 ritur;
736 2958 956 3025 parvula
984 2956 1142 3012 cruce
1183 2956 1343 3027 supra
1384 2958 1580 3020 digitos
1612 2957 1825 3021 pedum,
1856 2956 2126 3011 tibialibus

536 3035 589 3077 et
612 3027 768 3098 corio
791 3038 1099 3098 coopertos,
1126 3026 1400 3098 impressa,
1426 3026 1728 3098 siveﬁpieta.

611 3094 845 3165 Tametsi
896 3094 1241 3153 Innocentius
1286 3098 1348 3151 Ill
1400 3100 1492 3153 ιιι».
1538 3094 1910 3165 Mysteriorum
1952 3095 2124 3150 Missa:

539 3182 657 3233 cap.
690 3164 834 3234 Siet
860 3166 951 3231 48,
976 3167 1230 3221 ALu'nus
1262 3184 1381 3231 cap.
1414 3169 1482 3221 de
1503 3164 1941 3220 vesiinentorum
1964 3167 2126 3234 signi-

542 3232 912 3298 ﬁcationibus,
958 3238 1258 3290 Amalarius
1298 3237 1621 3290 Fo'tunatus
1668 3235 1761 3288 lib.
1813 3252 1845 3289 ιι
1892 3232 2123 3305 εειιιξῖὃ,

546 3306 797 3358 ltahanus
830 3306 920 3357 lib.
948 3322 961 3358 ι
990 3322 1110 3374 cap.
1138 3306 1232 3373 22,
1266 3306 1355 3358 lvo
1386 3306 1736 3374 Carnotensis
1762 3321 1926 3359 perm.
1958 3307 2028 3359 de
2055 3307 2127 3358 si-

541 3392 608 3437 tu
637 3375 882 3428 licatione
905 3373 1360 3443 indunn-ntorum,
1385 3376 1700 3429 Guillclnnh
1724 3373 2009 3429 Durandus
2033 3376 2125 3431 lib.

541 3461 599 3498 ιιι
625 3460 745 3512 cap.
776 3450 828 3506 8,
859 3444 1159 3512 Stephanus
1184 3446 1450 3501 Durantus
1480 3446 1569 3499 lib.
1601 3461 1655 3509 ιι,
1680 3460 1794 3513 cap.
1828 3446 1882 3512 9,
1927 3454 1982 3498 et
2011 3446 2123 3510 alii,

541 3531 592 3582 q.
618 3516 630 3566 i
660 3516 726 3586 de
755 3516 1008 3586 sandaliis
1040 3516 1200 3569 locu.i
1230 3526 1386 3584 Slllll,
1435 3516 1504 3570 de
1542 3530 1705 3570 eruce
1733 3531 1895 3586 super
1935 3516 2130 3570 calceis

542 3583 825 3652 pontificii~
848 3586 1042 3654 apponi
1067 3586 1221 3638 solita
1244 3603 1347 3639 non
1366 3583 1755 3651 meminerunt;
1790 3583 1925 3639 lianc
1950 3594 2126 3639 tamen

541 3654 983 3709 consucttnlinezn
1039 3658 1315 3723 antiquam
1365 3673 1517 3721 es~e,
1566 3671 1950 3724 nonnunquam
2001 3671 2129 3710 vero

544 3726 742 3778 incuria
773 3726 1034 3795 pictorum
1068 3736 1134 3796 et;
1154 3727 1522 3796 lapicidarum,
1553 3728 1638 3780 vel
1679 3742 1867 3780 eorum
1895 3726 1985 3795 qui
2015 3736 2127 3779 sta-

545 3804 663 3848 tuas
688 3806 744 3848 ιι
774 3794 1014 3865 p‘cturas
1054 3794 1360 3851 elﬁciindas
1406 3798 1684 3859 curabant,
1716 3794 2127 3865 prieteinissam

546 3866 742 3918 iuveni.
774 3866 926 3927 Nam,
962 3876 1017 3919 ut
1046 3868 1113 3919 ab
1140 3868 1527 3935 antiquioribus
1551 3882 1881 3921 summorum
1914 3866 2126 3935 poutili-

542 3950 662 4006 cum
717 3938 1032 4003 imaginibus
1083 3952 1217 4005 quas
1263 3938 1503 3992 invenire
1546 3938 1694 4006 petui
1722 3936 1989 4001 exordiar,
2021 3936 2129 3991 vidi

547 4005 729 4059 Roma:
756 4006 1172 4060 vetustissimam
1201 4008 1445 4061 ecclesiae
1486 4005 1685 4061 sancta:
1733 4007 1953 4067 Agnetis
1984 4007 2130 4060 abs‘-

544 4078 687 4137 dcni,
736 4092 901 4145 opere
950 4077 1299 4131 vermiculato
1346 4079 1489 4133 circa
1528 4093 1727 4131 annum
1776 4077 1985 4129 Domini
2027 4077 2131 4129 iiii

544 4154 881 4211 exornatam,
917 4147 968 4199 in
1000 4161 1102 4215 qua
1134 4146 1420 4211 Honorius,
1454 4148 1611 4213 hujus
1640 4148 1872 4199 nomin's
1902 4146 2127 4215 primus,

544 4215 633 4281 qui
681 4230 890 4269 sacram
939 4218 1109 4269 beata:
1161 4215 1383 4283 Agnetis
1428 4217 1595 4270 tndem
1654 4217 1735 4269 via
1795 4216 2129 4270 Nomentana

545 4285 995 4349 construendam,
1041 4294 1096 4339 et
1136 4288 1376 4341 absidem
1408 4288 1616 4339 mnsivo
1647 4286 2009 4341 decorandam
2036 4303 2131 4339 cn-

548 4355 705 4417 ravit,
739 4363 797 4407 ut
828 4354 1144 4410 Anastasius
1181 4355 1628 4411 Bibliothecarius
1654 4366 1899 4420 testatur,
1930 4365 1986 4411 et
2013 4373 2133 4410 car-

548 4426 689 4476 ini:.a
732 4424 783 4477 in
826 4424 1012 4479 abside
1051 4424 1318 4491 indicant;
1349 4426 1605 4482 sandaliis
1643 4427 1763 4480 alba
1804 4442 1966 4481 cruce
1996 4428 2129 4481 satis

1555 254 1638 312 DE
1680 253 2070 311 IMAGINIBUS
2108 253 2167 308 S.
2214 251 2538 310 GREGORII
2581 253 2816 312 MAGNI.

988 373 1361 430 medicatorum
1393 371 1667 452 (q_u0rum_
1688 368 1922 423 officium
1955 368 2117 422 etiam
2150 369 2192 424 A
2231 366 2476 452 Romani,
2509 384 2717 449 necnon
2744 375 3014 452 martyres
3025 377 3163 448 _uuo,
3192 362 3448 452 sandaliis
3484 362 3820 452 parvula‘ni-

3708 251 3816 301 473’.

2231 437 2310 504 gri
2363 436 2560 491 coloris
2600 454 2760 494 cruce
2804 435 3067 505 insignitis
3112 435 3558 505 conspiciuntur:
3588 448 3824 505 quorum

2230 503 2547 573 pontificum
2577 507 2736 575 alter,
2757 507 2826 561 ad
2849 503 3124 562 dexteram
3156 503 3408 560 videlicet
3437 512 3714 573 postremo
3743 503 3823 559 lo-

2230 590 2295 628 co
2328 576 2518 643 pictus,
2567 585 2650 631 est
2685 577 2922 633 Joannes
2953 576 3039 637 IV,
3071 575 3354 631 ecclesiam
3386 590 3548 628 manu
3580 583 3822 641 gestans,

2230 645 2432 714 quippe
2458 647 2550 715 qui
2579 663 2697 703 eam
2741 648 3156 701 eonstruendam
3205 646 3428 699 curarit.
3472 643 3647 710 Quam
3692 644 3823 697 item

2230 730 2344 767 rem
2375 731 2563 769 versus
2612 718 2846 785 aliquot,
2897 717 2990 785 qui
3036 717 3161 770 inibi
3196 716 3477 785 leguntur,
3505 730 3606 767 nos
3634 722 3825 782 aperte

2230 794 2475 839 monent.
2509 784 2752 840 Pontifex
2784 787 2849 840 ad
2874 784 3140 840 sinistram
3161 792 3439 853 po.~tremo
3470 784 3591 837 loco
3620 785 3826 853 pictus,

2230 853 2537 923 librumque
2567 872 2727 910 manu
2750 869 2958 913 tenens.
2980 865 3041 910 ut
3059 852 3316 909 Pan’vinio
3334 856 3528 923 placet,
3544 852 3827 923 estTheov

2229 925 2416 987 dorus,
2448 922 2673 980 Joannis
2721 942 3035 982 successor:
3068 927 3188 994 qui,
3224 933 3281 978 ut
3310 922 3450 978 idem
3492 925 3568 976 ait
3619 922 3827 994 Panvi-

2234 994 2373 1060 nius,
2391 996 2670 1049 ecclesiam
2695 994 2938 1059 fortasse,
2975 996 3071 1059 vel,
3090 992 3157 1050 ‘ut
3182 1009 3283 1062 ego
3310 994 3559 1058 arbitror,
3583 992 3823 1047 absidem

2230 1079 2261 1115 a
2293 1062 2500 1119 Joanne
2530 1066 2835 1120 inchoatam
2869 1067 3121 1134 perfecit,
3153 1065 3282 1118 hinc
3312 1064 3364 1117 in
3407 1078 3469 1117 ea
3487 1064 3682 1134 pictus
3706 1078 3829 1120 cer-

2230 1134 2394 1188 nitur.
2420 1136 2528 1189 Cur
2549 1145 2728 1190 autem
2773 1133 2878 1191 hoc
2903 1136 3020 1190 loco
3051 1134 3345 1189 Venantius
3385 1141 3439 1186 et
3480 1133 3733 1195 Domitio,
3767 1146 3825 1191 et

2232 1212 2384 1256 extra
2448 1206 2687 1260 absidem
2748 1205 2996 1271 Maurus,
3039 1216 3333 1273 martyres,
3386 1218 3604 1257 crucem
3661 1218 3827 1273 super

2231 1273 2484 1345 sandaliis
2514 1284 2727 1342 gestare
2755 1287 3065 1341 cernantur,
3094 1276 3253 1345 322
3284 1276 3493 1345 ignoro,
3525 1273 3629 1327 nisi
3661 1272 3713 1324 id
3736 1291 3825 1329 ar-

2229 1343 2393 1397 bitrio
2414 1345 2673 1414 pictoris,
2704 1348 2788 1399 vel
2816 1345 2882 1399 ad
2911 1343 3127 1401 crucem
3152 1343 3396 1414 Tnartyrii
3426 1352 3827 1411 reprtesentan-

2184 1466 2189 1469 .
2229 1414 2374 1476 dam,
2401 1412 2603 1468 factum
2634 1430 2753 1470 esse
2781 1416 2953 1470 dicam
2988 1434 3001 1467 :
3035 1430 3157 1468 nam
3195 1412 3390 1467 suniini
3421 1421 3632 1466 tantum
3680 1428 3822 1480 pon-

2230 1481 2402 1536 tifices
2446 1484 2589 1539 hunc
2620 1485 2779 1539 ritum
2820 1500 2982 1554 super
3021 1484 3274 1539 sandaliis
3310 1482 3554 1550 gestandi
3602 1499 3822 1554 crucem

2230 1555 2521 1609 observare
2546 1555 2719 1609 solent
2744 1573 2757 1607 :
2792 1556 2842 1609 hi
2871 1552 3011 1609 enim
3032 1554 3098 1607 de
3120 1570 3179 1609 se
3206 1554 3480 1607 humiliter
3503 1568 3566 1606 ac
3588 1552 3824 1609 demisse

2230 1624 2526 1695 sentientes
2558 1642 2571 1677 :
2600 1625 2726 1678 Cum
2754 1642 2930 1680 omnes
2949 1626 3168 1695 populos
3192 1624 3446 1695 communi
3477 1631 3614 1695 voto,
3644 1633 3703 1695 u_t
3729 1623 3826 1677 Jo-

2230 1693 2427 1765 sephus
2455 1693 2780 1763 Stephanus,
2812 1693 2977 1765 episc.
3010 1693 3271 1765 Oriolen.,
3304 1695 3357 1748 in
3386 1693 3524 1765 libro
3563 1693 3631 1765 de
3662 1693 3825 1749 Oscu-

2227 1762 2429 1816 latione
2459 1762 2653 1833 pedum
2681 1762 2905 1821 Romani
2939 1764 3202 1833 pontificis
3225 1779 3329 1818 non
3355 1764 3529 1824 minus
3550 1764 3735 1832 docte,
3764 1774 3825 1819 ut

2224 1833 2426 1895 omnia,
2459 1849 2621 1901 quam
2650 1844 2900 1889 accurate
2929 1851 2993 1889 ac
3018 1836 3103 1901 pie
3131 1850 3251 1904 cap.
3284 1834 3351 1886 i8
3372 1833 3576 1895 scribit,
3603 1834 3675 1904 ad
3703 1851 3825 1890 suos

2224 1903 2380 1974 pedes
2408 1904 2707 1959 adorandos
2735 1922 3017 1974 propensos
3058 1902 3413 1973 agnoscerent,
3454 1904 3594 1974 cruci
3625 1902 3823 1959 Christi

2225 1972 2593 2045 osculationem
2631 1972 2799 2044 potius
2834 1972 2999 2045 quam
3047 1976 3317 2045 sibiiipsis
3343 1983 3541 2026 tantum
3572 1973 3826 2029 honorem

2226 2041 2418 2111 deferri
2462 2041 2784 2109 maluerunt,
2836 2041 2891 2097 sit
2928 2062 3101 2099 omnes
3139 2041 3459 2099 Christianos
3506 2045 3729 2110 benigne
3756 2047 3828 2098 ad

2226 2114 2401 2187 oscula
2429 2116 2614 2181 pedum
2652 2118 2960 2187 exciperent.
2988 2114 3190 2187 Itaque,
3221 2123 3276 2167 ut
3303 2130 3596 2187 expressam
3628 2113 3826 2187 Christi

2226 2183 2502 2245 imaginem
2543 2188 2811 2254 referrent,
2840 2195 2890 2238 et
2921 2183 3212 2240 Saluatoris
3241 2186 3532 2253 passionem
3557 2185 3613 2237 in
3656 2185 3827 2238 homi-

2227 2267 2352 2326 num
2367 2256 2674 2326 memoriam
2696 2256 3006 2326 redigerent,
3030 2273 3232 2309 crucem
3250 2255 3504 2326 sandaliis
3524 2255 3824 2323 aﬂixerunt,

2227 2333 2283 2373 ut
2314 2322 2599 2377 Christiani
2627 2322 2857 2379 homines
2895 2342 2981 2380 eos
3002 2327 3219 2379 honores
3270 2342 3396 2391 quos
3424 2322 3622 2377 debitos
3649 2336 3700 2377 et
3727 2342 3825 2377 ne-

2229 2394 2480 2467 crssarios
2507 2394 2740 2467 ponti/iri
2765 2396 3082 2467 deferebant,
3098 2412 3255 2467 cruce
3278 2404 3567 2467 perspecja,
3590 2394 3825 2467 alacrius

2229 2462 2545 2518 exhiberem.
2592 2462 2718 2521 Haec
2770 2462 3034 2533 Jo‘sephus
3085 2462 3582 2534 StephanusLCur
3638 2466 3829 2532 itaque

2232 2542 2498 2604 martyres
2526 2537 2609 2589 vel
2639 2537 2729 2590 alii
2759 2537 2947 2599 sancti,
2978 2552 3085 2589 non
3109 2533 3390 2604 pontifices
3421 2533 3673 2599 Romani,
3707 2535 3829 2587 cal-

2231 2602 2343 2683 ceis
2368 2619 2531 2685 cruce
2548 2605 2813 2674 insignitis
2832 2602 3186 2685 decorentur,
3234 2620 3339 2685 nep
3369 2607 3498 2685 satis
3525 2606 3828 2685 perspicio,

2233 2672 2334 2744 nisi
2373 2672 2424 2726 id
2469 2675 2532 2727 ad
2564 2691 2627 2729 ea
2657 2672 2773 2744 qua-
2813 2677 2923 2729 dixi
2952 2677 3213 2738 referam;
3240 2675 3323 2728 vel
3355 2674 3423 2729 ob
3452 2672 3826 2743 episcopalem

2231 2740 2463 2815 fortasse
2486 2740 2823 2815 dignitatem,
2856 2762 2961 2814 qua
2984 2755 3245 2815 martyres
3269 2745 3389 2813 ipsi,
3420 2740 3719 2815 Vénantius
3738 2744 3828 2797 vi—

2232 2812 2449 2883 delicet,
2481 2812 2711 2870 Domnio
2736 2826 2791 2870 et
2820 2812 3055 2879 Illaurus,
3090 2812 3303 2869 fuerant
3332 2815 3585 2883 insigniti,
3617 2814 3828 2870 factum

2233 2882 2284 2935 id
2318 2897 2438 2936 esse
2466 2886 2663 2950 dicam,
2693 2894 2751 2940 ut
2777 2902 2886 2955 pra:
2916 2902 2975 2940 se
3004 2887 3105 2940 fert
3130 2886 3370 2955 pallium,
3401 2882 3509 2953 quo
3541 2887 3671 2939 dicti
3701 2885 3827 2953 epi-

2231 2955 2380 3033 scopi
2408 2964 2464 3008 et
2489 2964 2770 3026 martyres,
2803 2957 3108 3033 Gncciiruiii
3135 2958 3510 3033 episcoporum
3536 2972 3710 3022 more,
3733 2972 3831 3009 or-

2234 3026 2343 3096 nati
2371 3036 2666 3096 cernuntur
2697 3045 2711 3079 :
2754 3026 2893 3095 apud
2923 3042 3153 3096 namque
3184 3026 3402 3081 Latinos
3427 3026 3548 3096 jure
3579 3041 3830 3080 commu—

2236 3091 2287 3144 ni
2308 3109 2417 3167 non
2446 3095 2525 3167 isi
2554 3097 2775 3150 summis
2790 3091 3164 3167 pontiﬁcibus,
3204 3095 3521 3165 patriarchis
3549 3102 3605 3149 et
3644 3096 3835 3150 archi-

2233 3163 2609 3237 episcOpis,ex
2632 3163 2840 3220 indultu
2867 3176 3046 3221 autem
3074 3163 3370 3237 apostolico
3394 3166 3664 3237 episcopis
3686 3182 3835 3220 non-

2234 3232 2577 3306 nullispallio
2610 3238 2684 3289 uti
2708 3238 2851 3292 licet.
2877 3238 3029 3292 Sicut
3055 3232 3234 3305 itaque
3263 3232 3500 3306 pallium,
3528 3232 3669 3303 quod
3694 3252 3835 3305 pon-

2234 3303 2360 3376 tifici
2397 3304 2638 3357 ltomano
2669 3308 2719 3359 in
2746 3308 2930 3376 priini~
2961 3303 3233 3369 convenit,
3267 3303 3375 3360 non
3424 3303 3709 3376 episcopo,
3744 3307 3835 3376 cis

2229 3372 2412 3446 datum
2443 3384 2553 3446 est;
2583 3376 2653 3427 ita
2684 3372 2983 3431 et'crueem
3005 3392 3125 3446 qua:
3148 3385 3366 3446 propter
3385 3372 3579 3446 pedum
3610 3372 3837 3431 oscula-

2232 3443 2433 3516 tionem
2467 3445 2516 3516 in
2548 3448 2714 3500 solius
2758 3446 2985 3500 Romani
3025 3443 3295 3516 pontilicis
3343 3443 3593 3501 sandaliis
3623 3448 3833 3515 apponi

2232 3514 2392 3588 solet,
2426 3514 2585 3568 dictis
2614 3519 2936 3588 martyribus
2966 3514 3145 3570 datam
3172 3533 3292 3573 esse
3330 3518 3546 3585 Opinor,
3575 3514 3711 3571 ritus
3742 3516 3837 3569 in-

2233 3585 2379 3656 vt-oti
2410 3587 2618 3656 ratione
2647 3585 2768 3641 sive
2790 3604 2950 3641 causa
2985 3604 3090 3641 non
3120 3596 3425 3656 perSpecta.

2303 3652 2383 3705 Ad
2415 3654 2470 3707 S.
2504 3655 2787 3710 Martinum
2812 3658 2864 3710 in
2894 3652 3164 3712 montibus
3208 3652 3345 3711 inter
3383 3656 3637 3723 reliquias
3678 3657 3833 3711 beati

2232 3723 2447 3796 Martini
2477 3724 2495 3796 l
2525 3740 2676 3796 papa:
2716 3737 2771 3779 et
2810 3730 3060 3796 martyris
3099 3744 3239 3781 anno
3272 3728 3425 3782 Dom.
3473 3725 3575 3779 647
3606 3728 3834 3783 calceus

2232 3793 2286 3865 io
2312 3795 2577 3865 superiori
2610 3806 2762 3865 parte
2800 3793 3140 3862 fenestratus,
3172 3806 3228 3852 et
3260 3798 3312 3850 in
3344 3798 3589 3851 acumine
3616 3807 3831 3851 tantum

2237 3862 2490 3917 obtectus
2512 3862 2661 3931 juxta
2694 3865 2918 3920 formam
2950 3884 3118 3937 nuper
3138 3884 3166 3920 a
3195 3867 3349 3922 nobis
3375 3867 3699 3935 descriptam
3741 3884 3838 3925 as-

2228 3944 2497 3987 servatur.
2530 3936 2806 3990 Acuminis
2834 3936 3035 3990 autem
3063 3938 3211 4006 pedis
3254 3946 3618 4005 tegumentum
3648 3939 3839 3991 coria-

2232 4019 2411 4077 cetim,
2441 4006 2676 4077 c:eruleo
2721 4008 2905 4061 colore
2938 4010 3187 4072 tinetum,
3218 4017 3272 4061 et
3302 4008 3618 4075 quibusdam
3647 4009 3838 4077 operi-

2231 4073 2333 4127 bus
2361 4090 2429 4127 ex
2470 4076 2644 4129 serico
2672 4085 2727 4131 et
2767 4092 2901 4131 auro
2947 4080 3215 4132 contextis
3242 4073 3491 4131 ornatum
3533 4073 3729 4140 exstat,
3766 4079 3824 4131 in

2230 4158 2337 4212 quo
2370 4144 2535 4197 instar
2576 4144 2685 4200 fere
2733 4145 2953 4214 hujusce
3000 4148 3189 4202 littera:
3218 4147 3438 4213 Grati-te,
3478 4146 3545 4211 Χ,
3577 4150 3829 4215 quaedam

2231 4214 2408 4268 crucis
2439 4230 2634 4282 imago,
2666 4226 2725 4270 ut
2762 4216 2832 4269 ita
2862 4216 3056 4281 dicam,
3094 4220 3523 4272 transversaliter
3552 4214 3655 4273 acu
3683 4218 3828 4284 picta

2230 4285 2489 4356 cernitur,
2521 4300 2641 4352 qia:
2666 4296 2916 4341 ornatum
2956 4287 3106 4356 facit,
3136 4298 3191 4343 et
3218 4291 3507 4356 quamdam
3548 4288 3726 4342 crucis
3753 4289 3831 4341 si-

2231 4354 2588 4427 militudini-in
2618 4357 2801 4423 refert,
2832 4366 2890 4411 ut
2918 4356 3053 4411 infra
3079 4354 3346 4427 explicate
3372 4358 3710 4411 ostendetur.
3738 4358 3830 4412 ln-

2233 4431 2315 4476 tcr
2341 4425 2557 4478 easdem
2598 4427 2850 4494 reliquias
2887 4437 3064 4483 exstat
3091 4425 3252 4484 etiam
3283 4432 3497 4482 calceus
3547 4427 3692 4482 beati
3720 4427 3834 4482 Sil-

546 4493 840 4562 enuspicua
873 4495 1133 4570 insignitis
1161 4497 1457 4570 calceatus,
1479 4505 1535 4549 et
1554 4497 1835 4570 ecclesiam
1859 4512 2023 4570 manu
2046 4511 2130 4570 ge-
2166 4514 2209 4570 υ
2236 4494 2397 4570 vestri
2440 4493 2999 4570 primibolosericus,
3034 4500 3190 4553 viridi
3212 4499 3397 4570 colore
3424 4498 3683 4560 imbutus,
3719 4515 3827 4552 non

547 4571 696 4615 stans
721 4573 934 4618 exstare
961 4566 1216 4619 cernitur.
1248 4567 1344 4621 llic
1373 4567 1516 4621 enim
1538 4568 1664 4620 dum
1696 4568 1918 4625 viveret.
1954 4568 2004 4620 in
2037 4569 2131 4619 ab-

548 4634 666 4706 side
692 4634 804 4702 ipsa
833 4636 1005 4703 pictus
1035 4636 1153 4699 fuit,
1181 4637 1318 4690 sicut
1344 4654 1431 4701 ea,
1461 4653 1581 4706 qua:
1618 4638 1847 4691 diximus
1895 4638 1945 4691 id
1977 4638 2132 4691 nobis

549 4703 703 4757 facile
733 4705 1073 4772 persuadent.
1106 4706 1359 4771 Quamvis
1406 4703 1584 4761 autem
1619 4707 1885 4762 Honorius
1912 4708 1930 4761 Ι
1958 4724 2133 4761 crucis

547 4774 755 4844 signum
780 4790 943 4844 super
979 4777 1228 4828 sanzlaliie
1261 4778 1510 4842 gestarit,
1551 4777 1819 4831 Honorius
1859 4791 2035 4832 tamen
2064 4776 2131 4831 lli

549 4850 603 4894 et
646 4842 734 4906 ιν,
778 4842 860 4898 exi
896 4844 1226 4899 nobilissima
1257 4847 1591 4901 Sabellorum
1635 4849 1869 4912 familia,
1914 4863 2129 4901 crucem

553 4914 603 4965 in
634 4914 887 4969 sandaliis
916 4932 1022 4969 non
1044 4916 1263 4971 habent.
1295 4918 1393 4971 ille
1414 4918 1555 4971 enim
1585 4918 1653 4971 ad
1682 4930 1922 4971 sanctam
1952 4917 2132 4970 Bibia—

550 4999 673 5036 tum
699 4985 839 5038 circa
878 5001 1076 5038 annmn
1116 4987 1325 5042 Domini
1374 4987 1509 5041 ηιο
1538 4988 1604 5041 ad
1630 4988 1790 5055 janua
1819 5005 1848 5039 ιι
1891 4988 2133 5042 ecclesia:

552 5055 744 5122 pictus,
766 5055 849 5109 hic
870 5070 998 5109 vero
1028 5056 1078 5108 in
1102 5056 1207 5111 Ara
1230 5060 1349 5113 cmli
1366 5058 1508 5111 circa
1534 5074 1733 5112 annum
1765 5058 1975 5111 homini
1998 5056 2133 5109 1287

550 5140 914 5196 cx_nnarntore
943 5125 1171 5190 effictus,
1219 5128 1399 5181 Romae
1426 5128 1796 5196 conspiciuntu
1832 5166 1845 5180 .

623 5192 678 5245 ιιι
701 5199 941 5264 oratorio
967 5213 1059 5249 seu
1083 5199 1260 5264 potius
1276 5199 1500 5252 ecclesia
1519 5192 1688 5250 sancti
1705 5197 1967 5261 Venantii,
1993 5214 2134 5252 nunc

552 5273 756 5336 sancte
775 5262 954 5336 Maﬁia:
981 5268 1047 5320 ad
1078 5262 1300 5321 Fontem
1329 5276 1652 5335 nuncupata,
1678 5284 1845 5336 prope
1873 5268 2133 5334 Baptiate-

555 5333 829 5406 riumsive
868 5333 1093 5390 Fonteio
1122 5333 1560 5399 Lateranensem,
1592 5333 2133 5406 exstat'absisOpeie

556 5403 825 5477 tesseilato
855 5420 1108 5459 exornata
1130 5448 1143 5469 ,
1188 5409 1238 5461 in
1278 5408 1431 5473 cujus
1459 5408 1680 5469 fornice,
1708 5419 1902 5477 pnulcr
1928 5403 2132 5476 aliquot

553 5473 812 5545 imagines
840 5489 1039 5536 sacras.
1076 5478 1247 5545 pictus
1275 5480 1512 5532 cernitur
1546 5473 1779 5531 Joanne~
1821 5478 1883 5531 ιν
1916 5473 2130 5530 Dalina-

556 5552 630 5601 ιιι,
664 5554 719 5595 ιιι
749 5544 1060 5600 Anastasius
1085 5546 1523 5602 Bibliothecarius
1546 5558 1599 5602 et
1626 5548 1913 5601 Panvinius
1940 5556 2133 5601 testan-

556 5620 662 5673 tur,
694 5626 813 5663 eain
839 5616 1033 5668 struxit
1067 5619 1350 5673 ecclesiam
1373 5619 1515 5671 circa
1546 5635 1743 5672 annum
1775 5619 1982 5671 Domini
2006 5618 2129 5681 659,

554 5682 1148 5759 dictamqueabsidem
1200 5688 1419 5759 picturis
1457 5689 1676 5742 niusivis
1729 5694 1959 5741 ornavit.
1994 5691 2133 5759 Inter

558 5750 691 5802 altas
738 5750 998 5817 imagines
1044 5750 1215 5823 opere
1255 5757 1460 5811 musivo
1488 5758 1679 5827 pictas,
1710 5759 1816 5812 duo
1853 5758 2133 5829 pontifices

2236 4564 2491 4629 VitIOSUS,
2533 4567 2626 4620 sed
2657 4567 2769 4634 jam
2798 4568 2872 4621 ob
2902 4577 3223 4625 vetustatem
3274 4569 3405 4623 satis
3446 4570 3824 4629 decoloratus,

2233 4639 2519 4708 quamdam
2543 4647 2721 4691 tamen
2749 4638 2934 4692 viridis
2959 4640 3175 4704 coloris,
3198 4647 3253 4693 et
3274 4638 3561 4693 ho'oserici
3589 4639 3827 4708 speciem

2235 4705 2502 4769 relerens,
2543 4710 2796 4773 operibus
2837 4710 2964 4763 item
3000 4725 3066 4763 ex
3107 4712 3278 4765 serico
3307 4718 3363 4763 et
3391 4725 3523 4762 auro
3554 4705 3829 4764 contextis

2234 4773 2537 4848 insignitus.
2574 4780 2620 4831 ls
2646 4788 2825 4831 autem
2849 4779 3063 4833 calceus
3107 4781 3337 4848 quadam
3385 4780 3627 4833 caleanei
3674 4789 3827 4847 parte

2234 4844 2305 4897 ob
2333 4845 2549 4918 nimiam
2580 4856 2901 4901 vetustatem
2932 4844 3141 4913 carens,
3168 4866 3274 4904 non
3305 4858 3389 4902 est
3411 4850 3567 4918 juxta
3599 4844 3826 4903 fortnam

2234 4915 2593 4982 antiquiorem
2626 4918 2677 4970 in
2708 4934 2805 4971 usu
2826 4922 2953 4972 oiitn
2997 4919 3256 4985 habitam,
3286 4919 3391 4973 boc
3411 4915 3494 4973 est
3517 4919 3674 4987 juxta
3700 4922 3824 4974 illud

2237 4989 2586 5059 calceainenti
2609 5004 2797 5057 genus,
2825 5003 2932 5056 quo
2961 4989 3089 5043 sola:
3119 4997 3445 5056 ohteguntur
3468 4990 3688 5059 plantae,
3720 5006 3825 5045 tae-

2237 5056 2366 5127 teris
2393 5056 2584 5124 pedum
2622 5056 2871 5127 partibus
2918 5062 3073 5113 nudis
3114 5060 3333 5122 relictis,
3387 5056 3538 5115 ansul
3562 5077 3589 5113 s
3618 5069 3825 5115 tantum

2236 5125 2553 5190 quibusdam
2581 5125 2916 5194 insuperiori
2942 5140 3091 5197 parte
3115 5130 3451 5192 coeuntibus,
3478 5145 3615 5198 quas
3638 5128 3827 5197 ligulas

2238 5208 2450 5261 vocant,
2486 5198 2817 5261 revinctum;
2849 5216 2946 5254 nec
2984 5202 3112 5253 item
3162 5201 3327 5254 instar
3355 5200 3524 5255 calcei
3555 5210 3639 5253 est
3666 5216 3824 5268 quem

2236 5280 2407 5340 nuper
2435 5269 2841 5340 explicavimus,
2871 5270 2963 5323 sed
2995 5281 3078 5323 est
3106 5271 3458 5325 calce-amenti
3484 5286 3680 5340 genus,
3725 5287 3822 5324 co-

2234 5336 2335 5389 riat
2351 5354 2470 5409 eam
2502 5339 2704 5393 babens
2731 5339 2955 5403 soleant,
2989 5356 3197 5393 necnon
3231 5336 3625 5409 tegumeniurn,
3657 5350 3825 5394 totam

2233 5408 2563 5474 superiorem
2590 5409 2743 5480 pedis
2770 5419 2974 5480 partem
3004 5408 3303 5478 obtegens,
3331 5410 3498 5465 instar
3526 5411 3697 5465 calcei
3720 5428 3829 5480 quo

2234 5491 2377 5530 nunc
2419 5495 2608 5532 omnes
2659 5478 3021 5535 indifferenter
3049 5481 3122 5533 uti
3152 5481 3346 5535 solent.
3391 5480 3505 5546 Qua
3556 5498 3622 5534 ex
3672 5478 3752 5536 rei
3778 5485 3827 5535 in

2236 5550 2372 5620 hanc
2399 5550 2721 5601 sententiain
2750 5551 2997 5614 devenio,
3032 5559 3088 5603 ut
3113 5552 3353 5605 calceum
3379 5552 3518 5604 hunc
3539 5552 3609 5603 ah
3630 5567 3699 5605 eo
3721 5569 3825 5620 qu-i

2232 5617 2297 5689 in
2320 5620 2479 5671 rebus
2505 5620 2882 5674 ecclesiasticis
2911 5630 2967 5674 et
2994 5621 3046 5674 in
3082 5622 3441 5674 lunctionibus
3478 5617 3830 5689 quibusdam,

2232 5686 2301 5740 ad
2344 5691 2671 5757 pontiliciam
2704 5692 2997 5755 praesertim
3046 5691 3381 5756 majestateni
3412 5686 3828 5758 exprimendam

2236 5758 2465 5829 idoneis,
2491 5760 2681 5814 beatus
2707 5761 2966 5817 Silvester
2987 5764 3062 5816 uti
3085 5762 3311 5826 solebat,
3338 5760 3555 5817 diflerre
3582 5763 3827 5819 credant.
