3976 6344
189 297 307 352 475

1211 300 1298 356 DE
1338 300 1729 359 IMAGINIBUS
1767 302 1827 359 S.
1870 303 2198 363 GREGORH
2239 306 2478 367 MAGNI.

3362 319 3466 375 478

186 415 453 491 Quamvis
494 423 673 469 autem
725 410 880 491 hujus
906 426 1117 491 generis
1146 414 1566 491 calceamentum
1600 427 1784 474 nostro
1815 420 1859 477 A
1890 418 2012 491 dem
2044 430 2440 491 pervetustam,
2487 437 2696 477 necnon
2741 422 3052 480 Paschalem
3082 424 3103 480 Ι
3133 425 3199 480 ad
3230 440 3470 487 sanctam

186 487 260 540 de
304 501 467 542 cruce
512 494 828 555 argumento
860 484 998 555 haud
1028 485 1248 539 omnino
1274 484 1467 550 faveat,
1500 488 1671 555 ipsum
1706 498 1787 543 ta-

190 573 323 612 men
372 554 624 623 tauquam
655 554 973 608 veneranda:
1022 556 1303 609 vetustatis
1352 554 1782 623 monumentum,

186 638 246 681 et
276 633 576 681 memoratu
605 624 846 694 dignum,
877 623 1163 691 quamdam
1193 624 1322 678 item
1354 627 1526 680 crucis
1555 627 1782 683 formam

188 698 428 750 latenter
446 711 543 764 per
568 694 770 765 aliquot
800 694 1057 765 linearum
1078 694 1781 765 involucrareprarsentans,

191 776 253 818 ut
286 767 419 820 infra
450 763 872 834 explicabimus,
916 763 1130 818 silentio
1152 764 1427 833 praeterire
1455 767 1585 819 mihi
1610 763 1780 823 visum

188 853 303 890 non
344 836 459 895 fuit.

264 906 345 959 Ad
374 914 611 959 sanctam
646 903 946 965 Martinam,
978 903 1030 957 in
1062 903 1202 957 Foro
1230 903 1424 957 Boario
1454 903 1520 957 ad
1544 906 1777 961 radicem

185 976 463 1045 Capitolii,
488 973 850 1045 vetustissima
882 983 1057 1045 exstat
1082 973 1226 1027 absis
1259 982 1499 1041 tempore
1526 973 1781 1030 Domnio-

188 1041 669 1100 nis'circaanuum
704 1043 911 1096 Domini
943 1041 1046 1096 679
1083 1059 1245 1112 opere
1275 1045 1481 1097 n-usivn
1506 1044 1776 1114 insignita,

182 1117 240 1171 iu
266 1132 373 1184 qua
396 1116 499 1168 duo
526 1114 747 1167 Romani
773 1114 1070 1181 pontiﬁces,
1103 1129 1237 1166 unus
1264 1114 1327 1165 ad
1348 1115 1610 1184 dextram,
1642 1116 1780 1170 alter

182 1188 254 1240 ad
286 1183 557 1241 sinistram
588 1185 759 1238 br-atze
796 1184 973 1237 Mariae
993 1198 1209 1251 semper
1238 1184 1472 1251 Virginis
1502 1183 1560 1237 Fi
1585 1185 1691 1238 ium
1720 1187 1774 1242 in

178 1259 310 1310 sinu
339 1255 618 1325 gestantis,
651 1253 836 1321 pallio,
854 1254 1007 1325 juxta
1034 1269 1243 1325 morem
1268 1257 1543 1325 antiquum
1575 1254 1779 1311 forma-

182 1337 264 1387 to,
298 1322 534 1381 décorati
567 1331 877 1378 cernuntur.
909 1323 1059 1377 Hune
1087 1324 1171 1377 vel
1200 1322 1493 1377 Honorium
1524 1324 1772 1392 primum,

180 1398 272 1450 vel
322 1396 637 1463 Gregorium
678 1392 924 1461 Magnum
953 1394 1065 1462 (qui
1112 1402 1237 1447 ante
1280 1392 1629 1449 Domnionem
1660 1395 1774 1451 lue-

176 1467 337 1534 runt)
367 1480 487 1520 esse
509 1464 737 1531 conjicio
765 1480 777 1513 :
812 1476 970 1534 quem
993 1462 1247 1517 sandaiiis
1271 1465 1492 1531 parvula
1523 1465 1657 1532 nigri
1680 1482 1773 1521 eu-

176 1532 498 1589 loris'crure
527 1537 822 1587 calceatum
847 1532 969 1597 vidi,
995 1541 1048 1587 et
1068 1548 1380 1603 properum
1406 1535 1473 1586 ad
1500 1534 1769 1590 sinistram

181 1616 395 1675 partem
428 1604 628 1675 litteras
658 1604 817 1675 hasce
846 1603 1042 1669 legi....
1071 1601 1278 1660 ORIUS
1306 1601 1410 1675 PP.
1444 1614 1651 1658 camerae
1682 1622 1772 1660 no-

177 1672 310 1730 inen
338 1674 531 1728 summi
554 1672 816 1742 pontiﬁcis
840 1675 1114 1742 proprium
1143 1674 1496 1743 complentes,
1521 1675 1771 1743 codapsaa

174 1747 559 1799 desiderantur
587 1761 601 1796 :
634 1743 768 1795 alius
790 1758 916 1796 vero
946 1743 1212 1811 pontifex,
1240 1753 1363 1796 ante
1391 1742 1766 1813 Dournionem,

174 1795 274 1869 die
291 1795 384 1868 Qui
404 1795 642 1867 heroinis
680 1795 882 1883 preprii
914 1795 1354 1868 terminationem,
1376 1814 1573 1868 habere
1599 1795 1772 1870 haud:
1807 1795 1846 1853 Β

173 1900 453 1953 quaquam
481 1882 691 1953 potest.
712 1882 864 1936 Illum
890 1884 1095 1938 interea
1120 1883 1452 1948 Pontiﬁcem,
1476 1885 1567 1952 qui
1594 1896 1771 1942 exstat

174 1958 249 2009 ad
279 1957 451 2009 beata:
492 1954 671 2007 Mariae
698 1969 911 2023 semper
938 1953 1171 2021 Virginis
1193 1954 1459 2021 dextram,
1488 1956 1769 2011 ecclesiam

174 2042 349 2080 manu
378 2032 613 2093 gestans,
645 2025 842 2093 quippe
888 2024 976 2092 qui
1006 2024 1173 2077 ardent
1203 2039 1409 2078 sacram
1451 2037 1771 2081 construen-

174 2096 327 2163 dum,
360 2096 441 2150 vel
464 2096 652 2149 saltem
684 2094 1033 2165 reparandam
1071 2098 1291 2155 curarit,
1321 2096 1480 2165 323
1509 2095 1769 2151 Domnio-

179 2162 319 2219 nem
354 2181 472 2220 e.~se
509 2166 656 2219 dicas
684 2162 918 2232 oportet.
951 2162 1242 2219 Panvinius
1270 2162 1516 2219 etr'arnin
1542 2166 1769 2221 adnota-

177 2238 333 2291 tione
361 2236 426 2290 ad
460 2235 635 2290 Vitam
671 2234 1004 2304 Dunrnionis,
1028 2250 1057 2287 a
1082 2233 1290 2289 Piatina
1320 2235 1664 2304 descriptam,
1693 2244 1769 2291 ait

172 2308 325 2361 hunc
355 2308 407 2361 in
434 2308 652 2359 modum
679 2321 692 2356 :
727 2303 793 2376 ln
822 2306 1032 2374 antiquo
1058 2308 1267 2365 musico.
1302 2306 1439 2376 quod
1464 2303 1541 2359 est
1587 2305 1767 2362 Romae

171 2378 230 2429 in
261 2378 479 2430 ecclesia
499 2385 694 2429 sancta:
724 2375 772 2426 Μ
782 2376 995 2435 artium.
1025 2376 1105 2427 Iu'c
1132 2375 1366 2445 pontifex
1390 2376 1631 2442 Donmio,
1662 2395 1764 2433 non

173 2446 364 2501 Dona;
394 2449 497 2500 sive
528 2446 780 2506 Domum,
805 2446 1098 2515 appellatur
1140 2446 1343 2511 Quibus
1375 2447 1553 2500 verbis
1582 2448 1767 2503 l’anvi-

171 2519 301 2571 nius
329 2517 641 2571 Domuirinis
671 2530 867 2568 nomen
896 2532 955 2568 se
981 2516 1107 2569 inibi
1138 2516 1328 2583 legisse
1351 2525 1535 2585 aperte
1558 2528 1760 2573 narrat.

170 2587 379 2642 Verum
409 2589 531 2655 quia
584 2586 740 2651 hujus
780 2585 1045 2654 pontiﬁcis
1075 2600 1270 2639 nomen
1302 2603 1445 2640 nunc
1473 2603 1539 2641 eo
1567 2589 1618 2642 in
1647 2591 1764 2645 loco

172 2675 286 2711 non
318 2658 529 2725 legitur,
556 2656 758 2711 litteras
780 2656 998 2726 omnino
1020 2657 1262 2725 periisse,
1290 2656 1417 2710 mihi
1440 2672 1633 2726 persua
1655 2666 1760 2722 leo,

166 2731 316 2782 situt
344 2724 395 2781 in
423 2726 654 2799 alterius,
691 2724 956 2799 pontiﬁcis
1006 2724 1224 2799 nomine
1266 2724 1455 2799 aliqua
1499 2742 1564 2781 ex
1611 2740 1763 2799 parte

169 2801 375 2852 factum
405 2797 677 2851 esse‘vidi.
704 2798 882 2861 Quare
910 2795 1045 2850 sient
1073 2796 1345 2864 antiquior
1373 2795 1763 2864 pontifex-san-

165 2869 330 2923 dalis
357 2884 516 2923 cruce
544 2867 808 2937 insignitis
838 2868 1109 2921 calceatus
1144 2866 1408 2937 cier-nitur,
1442 2868 1514 2920 ita
1538 2878 1593 2921 et
1622 2872 1759 2924 alte-

166 2954 293 2992 rum
343 2938 699 2994 recentiorem
739 2936 896 2991 fuisse
924 2936 1250 2992 credendum
1278 2948 1360 2991 est
1391 2955 1405 2990 :
1438 2953 1561 2990 nam
1590 2940 1761 2994 calcei

166 3021 338 3077 opere
363 3007 489 3061 olim
518 3010 722 3062 urusivo
751 3006 896 3070 facti,
927 3023 1067 3061 nunc
1095 3007 1316 3076 collapsi
1337 3016 1461 3061 sunt
1486 3025 1501 3060 :
1530 3023 1759 3077 quorum

166 3079 318 3141 luco,
349 3078 515 3132 calcei
552 3081 668 3132 rudi
697 3086 815 3131 arte
844 3078 970 3145 picti
1000 3079 1119 3131 sine
1142 3092 1306 3132 cruce
1327 3079 1753 3147 conspiciuntur.

1892 486 2187 544 Praxédem
2218 501 2273 544 et
2293 494 2358 545 ad
2387 486 2627 547 sanctam
2657 492 2922 548 Caeciliam
2950 496 3092 550 circa
3124 512 3320 551 annum
3354 486 3465 552 De;

1888 558 2016 611 mini
2044 562 2169 631 807,
2199 570 2253 614 et
2282 563 2599 631 Gregorium
2628 563 2693 617 ιν
2737 566 2804 618 ad
2848 563 2904 619 S.
2936 564 3173 620 Marcum
3203 568 3344 621 circa
3374 584 3471 623 an-

1890 643 2015 680 num
2040 630 2193 684 Doni.
2217 631 2343 691 850.
2366 630 2531 703 opere
2547 634 2751 688 rnusivo
2772 635 2965 703 pictos,
2987 635 3079 690 sed
3093 636 3331 691 sandalia
3353 640 3470 694 sine
3556 673 3561 677 -

1886 713 2044 777 cruce
2064 710 2355 777 gestantes.
2376 701 2430 777 _ld
2448 704 2589 771 quod
2606 719 2714 777 non
2729 701 2843 777 sine
2861 701 3157 777 incuriavel
3178 707 3465 777 pictorum,

1884 768 1969 848 vel
1999 784 2186 823 eorum
2215 772 2306 839 qui
2338 768 2572 839 picturas
2615 774 2894 848 faciendas
2933 768 3212 848 curabant,
3263 768 3463 830 factum

1884 837 2114 905 videtur,
2145 847 2204 893 ut
2233 837 2477 896 cer—nere
2524 852 2607 897 est
2653 845 2705 897 iu
2750 845 2935 900 abside
2989 837 3229 900 ecclesiae
3265 858 3465 901 sanctae

1883 904 2063 985 Marce
2093 904 2241 985 trans
2280 910 2514 985 Tiberim
2550 914 2690 967 circa
2722 930 2917 968 annum
2945 915 3098 969 Dom.
3129 916 3269 969 1145
3295 933 3463 985 Opere

1884 978 2159 1056 tessellato
2181 979 2450 1056 decorata,
2485 982 2535 1035 in
2558 998 2661 1048 qua
2686 993 2876 1056 praeter
2896 986 3027 1056 alias
3049 978 3463 1053 imagines,'Ro-

1881 1049 2025 1124 mani
2079 1049 2380 1124 pontiﬁces,
2414 1049 2854 1124 b_eatus_scilicet
2885 1053 3094 1124 _Petrus
3149 1049 3422 1123 apostrrlus
3443 1099 3460 1124 ,

1879 1115 2736 1193 Cali\tirs,_.lulius,_Cornelius,
2780 1130 2835 1193 et
2883 1115 3222 1193 Innocentius
3243 1125 3317 1188 ll,
3368 1115 3457 1193 qui

1878 1187 2300 1262 Opusmusivum
2318 1186 2614 1262 faciendum
2633 1192 2858 1254 curavit,
2878 1192 3002 1259 picti
3027 1186 3456 1262 conspiciuntur;

1877 1254 1970 1331 sed
1995 1256 2276 1310 Cornelius
2306 1258 2473 1331 solus,
2496 1260 2587 1331 qui
2616 1274 2802 1327 passus
2829 1254 2909 1314 est
2933 1277 3074 1315 anno
3100 1254 3307 1316 Domini
3330 1254 3456 1331 253,

1876 1325 2086 1401 calceos
2122 1341 2285 1381 cruce
2337 1325 2630 1401 insignitus—
2662 1337 2876 1401 gestare
2919 1332 3172 1384 cernitur.
3224 1325 3454 1401 ldipsuni

1875 1395 2224 1466 _conlirmalur
2251 1413 2346 1466 per
2376 1398 2631 1453 Bonifacii
2662 1398 2732 1453 IX
2761 1407 2992 1453 statuam
3018 1395 3373 1454 marmoream
3398 1404 3451 1456 iu

1872 1463 2093 1535 basilica
2123 1463 2292 1522 sancti
2315 1467 2465 1522 Pauli
2488 1480 2841 1535 asservatam,
2863 1483 2912 1523 et
2927 1470 3067 1524 circa
3080 1486 3276 1523 annum
3301 1471 3452 1525 Dom.

1877 1533 2000 1607 Ml
2041 1536 2295 1604 ellictam,
2324 1554 2442 1607 qua:
2473 1540 2683 1594 calcws
2712 1533 2834 1594 sine
2873 1555 3035 1594 cruce
3084 1540 3282 1594 habere
3322 1557 3454 1594 cerr-

1874 1604 2123 1678 spicitur,
2155 1606 2289 1660 alios
2317 1604 2512 1678 tamen
2555 1610 2835 1678 pontiﬁces
2864 1618 2989 1663 ante
3018 1609 3386 1664 Innocentium
3418 1610 3457 1664 ll

1873 1685 1928 1727 et
1958 1675 2287 1730 Bonifacium
2316 1677 2387 1731 1X
2412 1694 2505 1734 san
2528 1675 2648 1733 talia
2676 1696 2780 1733 non
2812 1680 2929 1736 sine
2956 1695 3114 1734 cruce
3134 1689 3345 1745 gestare
3376 1683 3455 1733 vi-

1874 1745 2071 1818 dimus.
2101 1746 2233 1801 Nam
2276 1749 2321 1802 si
2374 1749 2705 1817 antiquiores
2745 1749 3022 1818 pontiﬁces
3057 1752 3269 1804 calceos
3297 1767 3456 1806 cruce

1875 1815 2156 1884 insignitus
2202 1826 2439 1885 gestasse
2480 1815 2711 1884 constet,
2747 1815 3003 1874 eumdem
3042 1821 3203 1873 etiam
3234 1821 3393 1874 ritum
3424 1838 3455 1875 a

1872 1887 2266 1941 recent‘orihus
2287 1888 2628 1942 observatum
2654 1891 2833 1953 fuisse,
2858 1890 3075 1943 fatearis
3103 1905 3325 1946 necesse
3352 1901 3453 1947 est.

1944 1956 2199 2029 Quamvis
2228 1967 2406 2029 autem
2437 1969 2561 2014 ante
2589 1958 2879 2014 Honorium
2909 1959 2960 2023 Ι,
2988 1961 3077 2029 qui
3100 1962 3337 2029 pontifex
3365 1978 3454 2015 re-

1872 2026 2142 2079 nuntiatus
2172 2028 2270 2082 fuit
2295 2029 2437 2082 circa
2467 2045 2664 2084 annum
2703 2031 2854 2083 Dom.
2890 2026 3020 2092 6'22,
3041 2026 3267 2084 et'anno
3291 2030 3445 2085 Dom.

1870 2094 1975 2169 6βὸ
1995 2097 2145 2169 obiit,
2161 2097 2302 2152 hunc
2318 2098 2473 2151 ritum
2485 2100 2552 2153 ob
2567 2101 2776 2154 absiiles
2793 2099 3141 2154 ecclesiarum
3163 2114 3328 2169 opere
3345 2117 3456 2154 nur-

1869 2165 1986 2219 sivo
2014 2167 2314 2231 decoratas,
2346 2178 2403 2221 et
2429 2169 2589 2222 nimia
2637 2178 2903 2223 vetustate
2931 2170 3015 2223 vel
3067 2165 3314 2233 omnino,
3364 2171 3451 2224 vel

1870 2236 2063 2302 majori
2110 2251 2176 2290 ex
2218 2249 2373 2306 parte
2409 2238 2693 2307 collapsas,
2730 2239 2782 2292 in
2815 2255 2912 2292 usu
2945 2239 3186 2293 habitum
3216 2240 3455 2294 invenire

1868 2319 1976 2385 non
2006 2308 2304 2387 potuerim,
2337 2308 2510 2389 ipsum
2535 2318 2712 2363 tamen
2743 2309 3099 2389 antiquiorem
3132 2324 3250 2363 esse
3278 2310 3451 2377 conji-

1869 2376 1975 2441 cio,
2006 2377 2216 2448 etiamsi
2264 2376 2554 2446 scriptores
2602 2387 2707 2431 tam
2756 2379 2957 2446 antiqui
2997 2395 3154 2448 quam
3184 2376 3451 2446 reCerites,

1866 2448 1933 2518 de
1955 2446 2208 2501 sandaliis
2235 2448 2547 2518 loquentes,
2575 2449 2773 2502 nullam
2803 2446 3035 2518 penitus,
3060 2457 3116 2503 ut
3139 2448 3268 2513 dixi,
3301 2465 3454 2501 men--

1868 2516 2069 2589 tionem
2113 2520 2181 2589 de
2221 2534 2381 2573 cruce
2429 2516 2679 2583 fecerint,
2713 2516 2909 2588 quippe
2945 2520 3033 2589 qni
3082 2519 3150 2573 de
3196 2518 3451 2574 sandaliis

1866 2587 2027 2657 324,
2056 2587 2452 2657 episcoporum,
2478 2587 2813 2643 sacerdotum
2832 2598 2885 2643 et
2909 2587 3261 2643 diaconOium
3292 2589 3451 2644 abso-

1866 2654 1979 2726 lute
1999 2654 2255 2726 Sumptis,
2278 2657 2452 2725 deque
2496 2663 2807 2712 eorumdem
2842 2668 3048 2713 tantum
3079 2658 3250 2712 forma
3282 2668 3337 2712 et
3375 2660 3451 2713 si-

1864 2724 2212 2798 gnilicatuiac
2240 2724 2538 2783 ministerio
2582 2729 2741 2782 verba
2790 2730 3052 2797 lecerunt,
3082 2731 3448 2798 praetermisso

1864 2797 1970 2849 ritu
1999 2807 2063 2849 ad
2092 2798 2479 2851 osculationern
2528 2799 2721 2867 pedum
2774 2799 3000 2852 ltomani
3054 2797 3324 2867 pontiﬁcis
3369 2800 3451 2851 in-

1861 2874 2045 2919 Vento.
2079 2867 2233 2932 Quod
2278 2876 2456 2920 autem
2499 2869 2685 2924 hiatus
2728 2868 3017 2935 Gregorius
3046 2869 3267 2937 Magnus
3293 2869 3450 2937 hujus

1862 2936 2073 3001 generis
2116 2938 2374 3001 sandalia,
2424 2938 2527 2993 hoc
2575 2947 2659 2993 est
2691 2940 2903 2993 calceos
2955 2955 3114 2993 cruce
3144 2936 3448 3005 insignitus

1862 3006 2107 3078 gestarit,
2141 3007 2191 3059 id
2212 3006 2368 3078 nobis
2396 3006 2553 3062 facile
2584 3010 2891 3078 persuadet,
2924 3010 3066 3076 quod
3100 3010 3239 3062 inter
3265 3009 3448 3078 ponti-

1865 3077 1913 3124 tir
1934 3088 2083 3130 arum
2113 3077 2255 3131 beati
2286 3076 2528 3145 Gregorii
2550 3078 2725 3142 Magni
2751 3089 2805 3132 et
2825 3077 3046 3132 Honorii
3076 3078 3117 3143 Ι,
3149 3076 3307 3146 quem
3333 3078 3449 3134 cal-

242 3148 626 3227 Ad__basilicarn
657 3149 797 3201 beati
828 3148 1129 3227 l’etri,__SS._
1165 3145 1541 3227 apostolorum
1560 3150 1757 3227 princi-
1787 3167 1829 3227 ρ
1861 3145 1971 3199 ceis
1986 3161 2144 3200 cruce
2164 3149 2369 3227 ornatis
2392 3164 2545 3227 usum
2566 3150 2726 3227 fuisse
2750 3150 2995 3227 vidimus,
3018 3145 3227 3227 nonnisi
3259 3147 3444 3217 viginti

164 3222 277 3289 pis,
320 3219 503 3274 Herum
544 3234 575 3272 a
622 3219 1054 3289 terguroraturii,
1088 3218 1200 3272 sive
1226 3218 1429 3281 sticelli,
1464 3221 1758 3289 velialtaris

165 3288 492 3345 sanctissimi
522 3289 733 3343 Sndarir
780 3288 1075 3343 Salvaturis
1120 3289 1287 3343 nostri
1332 3303 1493 3358 supra
1540 3288 1756 3344 Portam

163 3360 447 3427 Sanctam,
478 3361 544 3413 ad
575 3360 884 3413 interiorem
909 3359 1137 3413 basilica:
1166 3369 1394 3427 parteur,
1426 3368 1602 3413 exstat
1630 3376 1765 3416 ora-7

167 3433 367 3485 torium
398 3445 564 3498 opere
592 3431 798 3484 musivo
826 3430 1035 3497 insigni,
1068 3434 1393 3494 excultoque
1422 3430 1753 3496 decoratum,

164 3516 223 3553 et
254 3506 307 3555 in
350 3501 611 3554 honorem
643 3501 995 3554 iinrnaculatm
1025 3515 1239 3569 semper
1268 3498 1499 3569 Virginis
1544 3502 1610 3553 ad
1660 3502 1754 3555 Dei

161 3572 459 3626 Geuitriris
488 3569 569 3624 aJ
609 3585 751 3623 anne
795 3569 912 3634 Vll,
967 3572 1108 3623 circa
1148 3568 1352 3623 annum
1394 3568 1604 3624 Domini
1654 3571 1757 3624 706

162 3650 559 3707 constructum,
595 3650 652 3693 ut
699 3642 1011 3697 Anastasius
1051 3640 1516 3704 llihliothecarius,
1549 3640 1756 3695 Platina

162 3724 219 3764 ct
253 3710 542 3765 Panvinius
566 3721 854 3775 testantur,
884 3720 937 3763 et
970 3711 1251 3778 inscriptio
1280 3712 1389 3779 ipsa
1418 3710 1582 3779 docet
1609 3712 1758 3766 hisce

161 3782 345 3835 verbis
377 3801 391 3834 :
432 3780 732 3835 JOANNES
771 3779 1087 3835 INDIGNUS
1126 3778 1495 3834 El’lSGOPUS
1534 3780 1751 3834 FECIT.

166 3852 281 3907 lluc
310 3851 520 3905 accitdit
547 3853 691 3921 quod
718 3850 953 3906 Joannes
974 3854 1038 3904 ad
1065 3851 1256 3919 capitis
1286 3859 1492 3916 tergum
1520 3855 1755 3919 quadra-

163 3935 274 3975 tam
307 3923 472 3975 habet
504 3922 756 3987 tabulanr,
785 3936 924 3991 quae,
956 3932 1013 3974 ut
1038 3922 1285 3990 superius
1307 3921 1505 3974 dictum
1536 3931 1639 3983 est,
1669 3923 1755 3975 in-

160 3994 365 4046 dicium
398 4009 463 4044 ra
497 4001 812 4061 tempestate
843 3993 1069 4046 Viventis
1108 4006 1226 4045 βεδε
1264 3991 1422 4053 solet,
1448 3991 1570 4043 dum
1602 3992 1759 4047 ﬁeret

186 4066 375 4117 rictura
428 4064 542 4116 illa.
587 4062 823 4116 Joannes
861 4078 992 4117 vero
1034 4077 1204 4130 prope
1250 4062 1536 4130 imaginem
1585 4062 1756 4117 beatae

219 4136 347 4186 urite
363 4148 576 4201 semper
602 4133 829 4202 Virginis
851 4132 1104 4186 sandaliis
1130 4132 1393 4201 insignitis
1420 4134 1638 4199 parvula
1670 4135 1753 4187 ni-

160 4205 243 4271 gri
272 4204 476 4257 coloris
504 4219 696 4265 cruce,
744 4217 863 4271 qua:
892 4218 955 4256 ex
988 4211 1224 4273 quatuor
1252 4202 1504 4273 lapillulis
1532 4202 1754 4259 musivis

157 4292 225 4328 ci
268 4288 397 4337 stat,
430 4276 667 4327 cernitur
690 4282 983 4328 calceatus.

233 4345 292 4397 lu
337 4343 560 4397 basilica
613 4344 738 4396 item
793 4346 963 4399 sancti
1017 4343 1159 4399 Petri
1207 4353 1384 4399 exstat
1412 4344 1753 4402 simulat-rum

167 4413 370 4467 Urbani
404 4412 469 4466 Vl
500 4432 529 4466 e
580 4429 847 4467 marmore
876 4415 1019 4468 circa
1050 4431 1249 4469 annum
1276 4415 1486 4469 Domini
1517 4416 1655 4469 1589
1675 4420 1755 4473 el-

164 4486 372 4538 licturn.
433 4484 513 4536 Ad
559 4492 802 4540 sanctum
853 4483 1110 4538 Joannem
1155 4486 1207 4539 in
1266 4486 1531 4540 Laterano
1578 4497 1754 4542 ex-tat

164 4555 378 4607 Martini
405 4553 445 4607 V
475 4562 649 4607 statua
674 4554 987 4623 sepulcralis
1015 4571 1163 4609 aenea
1190 4557 1329 4608 circa
1354 4572 1551 4609 annum
1579 4557 1757 4611 Domi-
1788 4544 1834 4600 ί)

144 4626 219 4678 ‘ni
253 4625 412 4679 14⁸51.
445 4623 501 4677 lrr
534 4626 672 4679 atrio
702 4626 1010 4678 monasterii
1048 4626 1105 4679 S.
1143 4625 1441 4679 Salvatoris
1490 4627 1541 4678 iu
1575 4626 1753 4681 Lauro

161 4704 345 4748 statua
401 4694 617 4762 Eugcnii
670 4693 733 4748 IV
783 4711 1084 4749 marmorea
1135 4699 1276 4749 circa
1316 4711 1514 4749 annum
1548 4697 1756 4752 Domini

165 4766 324 4818 HJ.
357 4765 414 4819 ln
466 4765 685 4818 basirita
721 4765 881 4818 etiarn
914 4766 1083 4820 sancti
1115 4765 1255 4820 Petri
1287 4775 1500 4819 exstant
1528 4782 1646 4834 quae
1675 4770 1756 4821 ii.-

164 4838 243 4889 l'ra
275 4839 527 4904 leguntur
554 4845 743 4889 statuae
787 4835 1132 4904 svpulcrales,
1180 4838 1284 4891 hoc
1324 4845 1426 4900 est,
1460 4837 1664 4890 Nicolai
1692 4838 1752 4902 V,

162 4908 310 4962 circa
361 4922 561 4960 annum
612 4905 822 4958 Domini
874 4904 1042 4972 i455;
1088 4907 1281 4959 (Laliin
1326 4905 1410 4969 lll,
1441 4908 1489 4960 in
1539 4908 1754 4974 atriolo,

185 4994 337 5045 impe
364 4979 620 5032 sacellum
651 4976 972 5040 Sixtiauunr,
1006 4975 1175 5041 'l458;
1203 4975 1279 5029 Pii
1306 4976 1370 5042 ll,
1411 4976 1576 5041 “64;
1611 4976 1752 5031 Pau—

233 5047 503 5114 ",1471;
550 5047 686 5101 Sixti
726 5046 813 5105 IV.
862 5045 1029 5111 H84;
1077 5046 1373 5101 Innocentii
1421 5047 1547 5107 Vill,
1584 5047 1748 5111 “9‘2;

169 5120 245 5171 l’ii
268 5118 355 5181 ιιι,
388 5118 544 5171 1505.
590 5116 644 5170 ln
678 5116 906 5170 ecclesia
934 5125 1133 5171 sancta:
1162 5116 1340 5170 Maca:
1369 5133 1527 5185 supra
1557 5117 1755 5173 Miner-

167 5205 287 5242 vam
319 5197 496 5242 exstat
526 5186 719 5241 Leonis
762 5184 809 5238 Χ
857 5186 1200 5241 simulacrum
1248 5184 1565 5255 sepulcrale,
1598 5198 1653 5241 et
1700 5190 1752 5243 in

165 5260 434 5327 Capitolio
460 5268 635 5312 statua
660 5259 785 5310 item
816 5272 1115 5327 marmorea
1138 5257 1281 5312 circa
1311 5273 1507 5310 artuum
1542 5258 1750 5312 Domini

170 5326 326 5385 1531.
376 5329 579 5383 Horum
609 5330 848 5381 omnium
904 5326 1270 5382 Romanorum
1328 5329 1659 5395 pontiﬁcum,
1697 5337 1753 5382 et

170 5401 395 5454 aliorum
423 5401 507 5453 bis
538 5399 913 5458 recentiorum,
947 5398 1049 5452 hoc
1069 5407 1172 5464 est,
1197 5397 1346 5451 Pauli
1379 5397 1461 5459 Ill,
1490 5396 1639 5451 Pauli
1663 5398 1750 5465 lV,

174 5468 243 5521 νει
274 5471 335 5531 V,
360 5468 607 5539 Gregorii
630 5466 746 5521 Xlﬂ
776 5476 832 5519 et
859 5468 992 5539 Sixti
1022 5468 1086 5539 V,
1109 5475 1316 5539 statuas
1346 5469 1451 5521 vidi
1483 5468 1753 5539 calceatas

168 5540 424 5594 sandaliis
453 5536 613 5595 cruce
634 5538 916 5606 insignitis.
950 5537 1069 5592 Vidi
1097 5538 1257 5592 etiam
1306 5539 1442 5592 alios
1482 5536 1753 5594 Romanos

172 5609 450 5677 pontﬁces
479 5624 644 5677 opere
687 5608 960 5662 tessellata
1012 5607 1249 5671 efﬁctos.
1284 5607 1569 5663 llonoriol
1612 5610 1753 5661 anti-

170 5697 407 5748 quiores,
433 5678 528 5733 sed
559 5688 778 5749 propter
803 5691 1051 5749 magnam
1079 5678 1404 5747 picturarum
1432 5686 1751 5749 vetustatem

170 5747 674 5820 calceoscollapsos
706 5748 898 5820 reperi.
923 5747 1282 5820 C9_ntra_y_e_ro
1300 5748 1406 5820 vidi
1430 5748 1503 5801 ad
1523 5748 1581 5801 ὃ.
1614 5747 1749 5802 Lau-

172 5823 403 5879 rentium
433 5821 486 5877 in
516 5816 717 5877 Lucina
736 5816 934 5891 pictam
961 5816 1097 5874 Sixti
1126 5816 1191 5874 ill
1217 5818 1523 5889 imaginem,
1553 5827 1607 5874 et
1632 5820 1748 5889 qui-

1861 3229 2126 3269 annorum
2148 3222 2379 3286 spatium
2411 3219 2527 3286 plus
2548 3220 2791 3274 nrinusve
2812 3218 3129 3273 intercessit.
3154 3217 3288 3272 Hinc
3318 3235 3447 3272 vero

1860 3287 2102 3357 adsimile
2131 3298 2231 3349 est,
2264 3298 2324 3343 ut
2351 3289 2489 3342 idem
2521 3289 2676 3357 hujus
2703 3289 2916 3355 generis
2935 3287 3174 3341 sandalia
3203 3290 3445 3357 gestandi

1858 3356 1994 3410 ritus
2026 3358 2094 3411 ab
2130 3357 2367 3413 Honorio
2395 3358 2433 3421 Ι,
2463 3359 2553 3427 qui
2577 3356 2710 3412 Obiit
2736 3376 2877 3412 anno
2919 3358 3123 3412 Domini
3153 3356 3259 3410 655
3288 3374 3443 3411 usur-

1860 3436 2039 3494 patus,
2071 3428 2210 3496 apud
2258 3427 2575 3497 Gregoriqu
2608 3428 2855 3497 Dignum
2900 3437 2952 3483 et
2992 3428 3126 3481 alios
3165 3429 3446 3497 pontiﬁces

1858 3497 1975 3569 ejus
1999 3496 2445 3567 praedecessores,
2472 3501 2523 3552 in
2555 3500 2817 3569 frequenti
2852 3514 2944 3552 usu
2978 3496 3266 3553 haberetur
3297 3516 3310 3551 :
3341 3496 3444 3552 Ho-

1858 3567 2044 3621 norius
2060 3585 2292 3638 namque
2312 3571 2534 3638 primus,
2556 3567 2773 3623 natione
2794 3569 3117 3638 Campanus,
3142 3570 3210 3624 ob
3225 3569 3444 3621 brevem

1860 3639 2118 3709 temporis
2156 3639 2628 3709 intercapedinem,
2657 3654 2775 3708 qua:
2805 3640 2944 3693 inter
2970 3639 3279 3709 eorumdem
3309 3654 3445 3706 porr-

1859 3707 2091 3762 tiﬁcatus
2114 3706 2391 3778 interjecta
2418 3720 2535 3764 erat
2564 3706 2867 3762 non‘solum
2898 3709 3070 3778 ipsum
3095 3706 3438 3774 Gregorium,

1856 3780 1949 3844 qui
1968 3793 2108 3832 anno
2130 3780 2334 3833 Domini
2358 3780 2459 3833 till
2482 3780 2583 3841 vel,
2608 3778 2900 3833 secundum
2921 3777 3291 3840 'l‘riihemium,
3315 3777 3440 3842 605,

1859 3862 1926 3901 ex
1957 3849 2056 3901 hac
2086 3849 2190 3903 vita
2215 3850 2462 3914 decessit,
2497 3860 2842 3903 verurnctiam
2867 3848 3163 3914 Pelagium,
3201 3846 3444 3913 Gregorii

1857 3918 2326 3987 prmdecessorem,
2360 3922 2542 3974 videre
2567 3919 2770 3989 pornit;
2798 3918 2961 3972 immo
2988 3918 3131 3986 quod
3161 3932 3254 3972 eos
3288 3918 3442 3972 vide-

1856 3989 1944 4046 rit,
1975 3989 2115 4042 credi
2140 3999 2317 4057 potest
2339 4005 2403 4044 ac
2426 3991 2605 4044 debet.

1928 4058 2058 4112 illud
2103 4069 2360 4129 praeterea
2408 4067 2473 4115 at
2518 4060 2931 4114 vetustissimam
2976 4073 3137 4127 super
3183 4057 3441 4111 sandaliis

1856 4144 2188 4183 summorum
2222 4131 2532 4198 pontiﬁcum
2563 4132 2741 4185 crucis
2783 4130 2989 4197 signum
3025 4129 3267 4198 gestandi
3308 4144 3442 4181 con-

1856 4200 2194 4271 suetudinem
2224 4203 2700 4271 comprobandam,
2731 4202 2869 4255 scitu
2892 4201 3020 4253 satis
3042 4199 3441 4271 dignum__vide--

1857 4277 1966 4332 tur,
1985 4272 2127 4338 quod
2152 4267 2438 4326 Panvinius
2454 4273 2579 4325 dum
2594 4273 2729 4324 vitas
2750 4286 3081 4325 sumrnoruru
3100 4267 3435 4337 pontilicrun.

1856 4344 2091 4393 nondum
2116 4342 2167 4394 in
2190 4342 2362 4396 lucem
2384 4342 2574 4403 eritas,
2600 4342 2983 4404 conscriberet,
3015 4338 3441 4406 eorumdemque

1857 4408 2117 4479 inragines
2158 4412 2226 4466 ad
2259 4412 2435 4466 vivum
2477 4412 2852 4482 expriineudas
2881 4416 3128 4482 curaret,
3165 4410 3227 4482 _iu
3259 4408 3443 4482 abside

1858 4478 2087 4548 quadarn
2129 4482 2492 4537 vetustissimo
2522 4478 2730 4536 rriusivo
2766 4481 3020 4535 decorata
3050 4481 3133 4533 vel
3163 4478 3301 4532 beati
3332 4478 3439 4532 Sil-

1861 4553 2042 4616 vestri,
2068 4553 2152 4608 vel
2173 4553 2394 4607 alterius
2419 4569 2483 4607 ex
2515 4553 2907 4621 antiquioribus
2925 4550 3150 4604 Romani
3175 4549 3443 4621 pontiﬁcis

1860 4621 2144 4689 imaginem
2181 4639 2209 4676 a
2241 4625 2389 4678 calce
2425 4624 2491 4675 ad
2520 4619 2679 4690 caput
2712 4624 3007 4688 integram,
3035 4619 3290 4673 sandaliis
3321 4635 3443 4688 par-

1861 4693 1984 4745 vula
2033 4693 2300 4762 insignitis
2338 4709 2502 4749 cruce
2541 4694 2735 4767 pictam
2777 4692 3007 4767 invenit,
3055 4702 3279 4767 eamque
3303 4699 3442 4767 tan-

1858 4776 2021 4829 quam
2062 4761 2323 4834 perpetua
2370 4761 2627 4834 meritoria
2681 4764 2914 4834 dignam_
2945 4762 3083 4834 inter
3123 4761 3442 4821 insigniores

1857 4830 2195 4887 summorum
2226 4832 2537 4902 pontiﬁcum
2569 4834 2825 4901 imagines
2853 4830 3124 4905 advivum
3160 4841 3441 4905 expressas

1859 4917 2026 4971 penes
2059 4920 2117 4956 se
2145 4900 2407 4969 habebat,
2436 4900 2848 4973 ca‘teris,’quas
2886 4900 3441 4973 pictor_u_m_arbi_tratu

1860 4965 2030 5046 pictas
2050 4965 2406 5044 dijudicahat,
2440 4965 2838 5046 patriams-sis,
2873 4965 3011 5046 sicut
3047 4967 3245 5046 _Svilvius
3273 4965 3442 5046 Apto:

1860 5036 2455 5115 irianusfsanctissiuri'
2494 5043 2552 5096 D.
2587 5042 2662 5115 AN.
2706 5041 2997 5095 Clementis
3048 5036 3160 5090 Vlll
3209 5036 3442 5115 cubiculi

1861 5115 2170 5181 prmfectus,
2203 5114 2443 5184 apprime
2468 5113 2738 5184 eruditus,
2785 5126 3000 5184 necnon
3023 5114 3275 5176 spectata:
3300 5113 3439 5184 inte.

1859 5177 2096 5248 gritatis,
2131 5177 2477 5252 probaturque
2504 5184 2622 5255 l_idei
2654 5182 2734 5255 vir
2762 5180 3039 5255 sttlr'tlilltle
3070 5184 3321 5239 testatur,
3355 5177 3442 5255 di-

1858 5260 2109 5324 Clatttque
2131 5250 2422 5326 imaginem
2453 5268 2483 5306 a
2508 5252 2765 5305 Panvinio
2793 5250 2893 5305 sibi
2916 5250 3444 5326 ostensamprzcscri-

1863 5319 2116 5391 plum—in
2163 5319 2379 5377 modum
2432 5326 2725 5378 calceatam
2772 5336 2892 5375 sese
2938 5319 3135 5373 vicisse
3181 5319 3440 5383 omnino,

1862 5395 2115 5461 nullaque
2145 5394 2479 5448 barsitatione
2498 5393 2747 5446 aﬂirrnat.

1934 5456 2059 5538 Haec
2099 5467 2166 5519 de
2208 5480 2384 5538 cruce_
2410 5479 2571 5538 super
2609 5461 2862 5538 sandaliis
2906 5458 3134 5516 Romani
3174 5456 3444 5538 pontificis

1860 5535 2154 5604 antiquitus
2188 5534 2387 5603 gestari
2412 5529 2737 5604 soiita.Qna
2771 5534 2822 5586 in
2850 5547 2910 5604 re
2936 5540 3191 5604 tanquam
3221 5529 3289 5583 ab
3322 5529 3444 5586 aliis

1860 5600 2099 5675 nondum
2122 5600 2411 5675 explicata,
2444 5605 2572 5675 mihi
2600 5602 2875 5675 immorari
2903 5600 3075 5675 visum
3098 5600 3214 5675 fuit.

1934 5673 1959 5713 ¹ί
1984 5673 2401 5730 TunicaVSilviae
2435 5673 2654 5729 inferior
2686 5673 3076 5730 nseudolactini
3106 5674 3305 5729 coloris
3325 5686 3445 5727 esse

1860 5761 1890 5799 a
1936 5746 2091 5801 Joan.
2136 5748 2374 5801 Diacono
2417 5746 2633 5800 dicitur.
2680 5742 2842 5799 Color
2888 5742 3320 5814 pscndulactiuus
3362 5749 3441 5795 cst

1859 5819 2010 5874 color
2040 5819 2343 5886 exalbidus;
2388 5815 2539 5888 quasi
2579 5814 2765 5872 falsam
2796 5814 3080 5887 quamdam
3120 5814 3441 5874 albedinem,
