3976 6298
582 221 691 275 475

1591 221 1678 275 nr.
1717 216 2108 272 IMAGINIBL‘S
2149 217 2185 271 s
2249 217 2578 273 cneconlt
2619 218 2853 304 itacui.
3744 233 3852 284 ιτσ

580 337 716 409 sive,
745 344 807 392 ut
833 335 1042 408 opinor,
1075 339 1542 408 leucoplueurnﬁid
1572 344 1678 409 est,
1707 335 2162 409 colorem‘quem-
2193 338 2239 397 Α
2269 351 2407 409 cono
2448 336 2499 389 in
2529 336 2632 409 hoc
2661 337 2782 409 loco
2800 375 2832 409 ,_
2847 345 2912 409 _ct
2952 337 3040 392 lib.
3073 356 3132 409 fu
3167 355 3286 409 Cap.
3318 340 3413 406 2i»,
3462 341 3558 399 sed
3597 345 3752 398 etiam
3782 363 3851 405 ex

583 407 706 478 dam
737 422 801 478 ex
826 404 948 462 albo
974 404 1035 478 et
1063 404 1256 478 nigella
1288 404 1544 478 mixtum;
1579 407 1692 478 vel.
1717 404 2161 478 _ut_si6,dixerim.

584 475 892 531 cinericium
923 473 1186 533 referens.
1233 479 1362 532 Nam
1395 477 1582 531 Gra'ce
1609 475 1768 544 ψευδο
1795 473 1983 528 Latine
2011 483 2168 528 sonat

588 545 807 625 (uisum,
831 562 1004 625 eoque
1028 549 1226 602 utimur
1254 548 1304 600 in
1335 545 1752 625 compositione,
1780 545 2166 625 ut_pseudolus,

588 613 640 667 id
670 623 754 669 est
781 613 940 670 falsus
969 632 1182 679 servus;
1215 613 1673 684 pseudographus,
1702 614 1755 668 id
1777 622 1858 667 est
1884 613 2164 684 falsarius;

587 685 1090 754 pseudopropheta,
1133 686 1184 738 id
1218 683 1305 740 est
1347 683 1509 739 lalsus
1547 685 1843 754 propheta,
1885 693 1940 738 et
1974 684 2078 754 alia
2115 683 2166 738 id

586 767 754 825 genus
780 752 1061 825 permulta.
1103 755 1266 809 Color
1294 756 1476 825 itaque
1502 752 1934 825 pseudolactinus
1962 769 2014 825 ag
2034 752 2168 808 falso

586 822 972 896 dictus_lacte,
1027 840 1137 896 per,
1168 826 1308 896 quod
1355 822 1515 896 Joan.
1561 825 1824 896 Diaconos
1863 823 2166 896 albediuem

591 891 1142 963 quamdamﬂintelligi
1186 891 1390 960 'voluit,
1437 893 1702 962 signiﬁtat
1730 894 1920 948 la'sum
1949 893 2166 962 album,

587 959 641 1012 id
665 968 747 1035 est
774 959 1114 1035 exalbidum;
1132 981 1226 1021 seu
1251 959 1586 1032 cinericitim,
1612 964 1910 1020 alhcdinem
1933 959 2167 1035 quodam

585 1030 743 1084 modo
775 1029 1094 1088 imitantem.

666 1099 679 1137 ¹
717 1099 972 1176 Tunicam
1012 1104 1188 1158 Silviae
1216 1105 1560 1176 inferiorem,
1592 1120 1750 1176 quam
1777 1103 2164 1176 pseudolacdni

584 1169 783 1241 coloris
811 1171 974 1227 fuisse
999 1176 1183 1229 scribit
1207 1175 1440 1230 Joannes
1467 1169 1754 1241 Diaconus,
1781 1169 1992 1228 duabus
2015 1175 2164 1228 zonis

584 1239 892 1315 distinctam
934 1244 1030 1298 ait.
1072 1245 1216 1299 Zona
1246 1246 1344 1300 etsi
1382 1247 1596 1315 proprie
1631 1239 1983 1313 proicingulo
2026 1246 2163 1298 sumi

584 1309 754 1376 solet,
787 1311 890 1367 hoc
921 1323 1100 1368 tamen
1130 1317 1248 1384 loco
1276 1330 1372 1384 per
1385 1309 1564 1370 'zonas
1599 1309 1895 1368 a'Diacono
1922 1329 2162 1367 comme-

585 1389 849 1452 moratas,
895 1385 1106 1438 nonnisi
1145 1383 1392 1439 fasciOlas
1421 1385 1675 1452 quisdatn
1719 1384 1944 1436 vestium
1974 1384 2165 1437 mulie-

584 1448 760 1502 brium
789 1454 1183 1524 extretiiitatem
1215 1448 1632 1524 circumquaque
1659 1453 1985 1515 ambientes,
2017 1463 2072 1506 et
2095 1455 2162 1524 ad

584 1530 831 1593 ornatum
855 1522 1186 1593 elaboratas,
1216 1524 1384 1593 accipi
1414 1522 1570 1592 posse
1599 1533 1852 1593 autumo;
1884 1538 1988 1575 una
2017 1523 2159 1577 enim

584 1603 718 1662 anna
742 1590 875 1662 infra
899 1592 1120 1644 alteram
1143 1590 1374 1660 quodni—it
1401 1590 1702 1654 intervallo,
1735 1600 1788 1644 et
1808 1601 2078 1662 ornatum,
2107 1602 2162 1647 et

580 1657 975 1730 distinctionem
1009 1657 1174 1716 iestis
1207 1663 1490 1730 quamdam
1527 1662 1726 1724 reddit;
1777 1662 1848 1714 ita
1895 1657 2074 1730 vero,
2100 1673 2162 1717 ut

579 1725 697 1778 dua:
719 1730 911 1783 tunica!
941 1731 1106 1784 instar
1129 1725 1352 1785 dua-rum
1376 1732 1779 1785 dalmaticarum
1803 1747 1919 1784 esse
1939 1725 2158 1787 videan-

580 1805 694 1868 tvir;
729 1814 848 1851 nam
877 1799 1160 1856 dalmatica
1195 1803 1243 1854 in
1276 1803 1619 1855 extremitate
1651 1817 1748 1868 pro
1777 1815 1968 1855 orna:u
1999 1803 2161 1857 habet

577 1864 799 1920 lambunt
829 1870 1142 1939 quemdam,
1191 1887 1299 1939 quo
1341 1871 1556 1924 lasciola
1589 1864 1703 1925 sive
1746 1886 1880 1925 zona
1917 1872 2058 1939 ipsa,
2093 1873 2160 1926 de

577 1887 799 1920 mnuum
829 1887 1142 1939 quemnam,
1231 1888 1299 1925 no
1341 1887 1556 1924 lasciuia
1589 1887 1703 1925 sive
1746 1887 1880 1925 zona
1917 1887 2058 1939 ipsa,
2093 1887 2158 1926 oe

573 1949 678 2011 qua
722 1947 805 1992 est
832 1954 1009 1993 sermo
1038 1887 1468 2010 apudaoaunem
1512 1941 1832 2002 Diaconttm,
1875 1951 1957 1995 est
1999 1943 2158 2011 paulo

572 2003 762 2079 latior,
810 2017 869 2062 ut
917 2003 1146 2076 ipseniet
1191 2012 1440 2066 al‘liimat.
1494 2011 1611 2067 lluc
1655 2018 1902 2079 spectire
1951 2003 2158 2067 videtur

575 2075 912 2150 illud_,¥quod
941 2075 1177 2136 Isidorus
1205 2082 1296 2135 lib.
1331 2099 1447 2144 xix,
1481 2099 1600 2150 cap.
1634 2075 1702 2132 2:?
1732 2080 2059 2149 Etymolog.,
2091 2083 2158 2136 de

571 2147 878 2224 nominibus
907 2151 1137 2224 vestium
1160 2152 1429 2213 scribens,
1463 2151 1533 2224 de
1551 2147 1852 2224 'segnient'is
1876 2152 1951 2224 ait
1984 2147 2005 2204 ε’
2029 2153 2157 2224 Seg-

569 2226 744 2270 menta
761 2222 902 2292 zonis
923 2220 1244 2292 quibusdam,
1274 2233 1322 2274 et
1341 2223 1486 2292 quasi
1509 2221 1912 2290 prtecisumentis
1935 2220 2123 2276 ornata
2147 2245 2153 2251 ·

569 2299 695 2337 nam
713 2291 996 2362 particulas
1011 2295 1253 2362 cujusque
1275 2291 1508 2346 materia:
1523 2292 1766 2345 abscissa:
1784 2293 2155 2362 prtesegmt'nas

569 2366 773 2410 vocant.
807 2357 931 2412 Hinc
961 2357 1216 2417 Isidorus.

639 2433 678 2462 ιη
727 2425 890 2482 Silvia
940 2430 1149 2484 mitram
1199 2431 1557 2486 matronalem
1613 2430 1890 2486 candentis
1930 2431 2153 2487 brandei

565 2494 1189 2571 raritate‘niblatamgin
1227 2501 1404 2568 capite
1441 2511 1681 2568 gestasse
1734 2501 1908 2571 (teste
1947 2500 2152 2557 Joanne

567 2564 846 2648 iliaconoj
863 2569 1071 2648 legitur.
1101 2569 1257 2648 M_it_ra
1279 2564 1568 2648 utebantur
1591 2564 1870 2648 matrona),
1902 2581 1964 2648 ut
1982 2572 2153 2626 innuit

569 2633 764 2709 Varro
791 2633 888 2709 lib.
919 2633 1014 2709 in:
1035 2639 1102 2693 de
1149 2640 1351 2709 Lirgua
1394 2641 1598 2695 Latina.
1649 2633 1882 2694 Isidorus
1913 2641 2006 2696 lib.
2037 2659 2149 2708 χιχ,

562 2719 685 2772 cap.
707 2705 794 2772 51,
824 2708 930 2782 ait:
959 2707 1124 2762 Mitra
1144 2722 1221 2764 est
1244 2705 1438 2781 ῥὶιειιηι
1462 2710 1766 2782 Phrygium,
1798 2719 1947 2782 caput
1976 2705 2150 2782 ριόιεὲ

559 2789 718 2849 gens,
767 2779 920 2848 quale
960 2790 1036 2832 est
1079 2779 1441 2834 ornamentum
1471 2779 1800 2840 devciarum;
1840 2781 1932 2833 sed
1958 2779 2150 2849 pileum

561 2844 806 2921 virorum‘
833 2859 930 2915 est,
977 2851 1132 2904 mitra
1173 2861 1341 2904 autem
1381 2852 1710 2921 feminarum.
1761 2849 1916 2916 Quod
1958 2844 2146 2907 autem

560 2913 718 2992 mitra
763 2916 834 2971 sit
878 2913 1090 2992 tegmen
1120 2913 1391 2990 quoddam"
1419 2923 1485 2975 ad
1515 2930 1766 2975 ornatum
1785 2913 2000 2987 'capitis
2033 2940 2146 2977 ιιιυ-

559 2981 812 3062 lieb_rem,
862 2981 1107 3044 ex‘lsa‘ae
1136 2981 1253 3062 cap.
1291 3007 1344 3045 ιιι
1373 2999 1584 3062 constat
1606 3010 1628 3062 7:7
1661 2992 1788 3062 quin
1820 2981 1977 3062 mitr_a
2018 2994 2144 3046 viris

2271 405 2500 481 ipsumet
2528 406 2789 481 Gregorio
2817 406 3037 481 Magno.
3071 408 3163 481 lib.
3190 405 3278 476 ni,
3309 405 3464 481 epist.
3496 411 3594 474 50.
3623 425 3736 469 erat
3761 433 3854 470 sn-

2269 474 2536 550 dariolum
2559 475 2757 550 album,
2786 493 2882 550 seu
2909 474 3088 550 velum
3118 474 3358 548 lincunt;
3376 479 3463 535 vel
3488 483 3744 550 sericum,
3785 505 3853 542 ex

2270 558 2378 620 quo
2421 546 2634 620 mitram
2664 545 2857 620 _Silvia:
2903 549 2968 620 ad
3016 561 3266 605 ornatum
3310 545 3500 620 capitis
3544 545 3850 610 contextam

2270 614 2456 688 luisse,
2487 615 2770 688 dicendum
2800 627 2900 672 est.
2933 617 3070 684 Quid
3097 631 3275 674 autem
3304 614 3405 675 vox
3435 622 3548 688 illa,
3579 624 3851 688 niblatam.

2269 685 2486 807 proprie
2512 685 2611 739 sibi
2643 686 2799 752 velit,
2840 688 3080 743 inVenire
3111 707 3216 742 non
3251 693 3429 757 potui;
3461 685 3691 761 eamque
3723 685 3848 750 bar;

2308 769 2454 807 aram
2485 770 2603 807 esse
2623 758 2818 807 credo.
2867 769 3178 807 usnrnatam
3210 760 3314 807 hnc.
3341 761 3461 807 lncn
3492 779 3592 807 nm
3613 803 3626 807 -
3669 766 3848 807 dixiin.

2308 769 2454 833 aram
2485 770 2603 833 esse
2623 758 2818 833 credo,
2867 769 3178 833 usurpatam
3210 760 3314 814 hoc
3340 761 3461 816 loco
3492 758 3628 833 pro,
3669 766 3852 819 distiu-

2270 831 2433 898 ctum,
2468 826 2587 891 vel,
2618 827 2932 898 nubilatam,
2959 826 3011 882 id
3037 837 3120 882 est
3145 832 3298 883 nubis
3321 826 3728 898 instar’l’actam,
3753 851 3851 889 εσυ

2268 895 2447 964 potius
2476 910 2543 950 ex
2569 897 2788 952 raritate
2816 899 2929 952 sive
2957 900 3248 952 subtilitate
3272 901 3550 954 candentis
3587 919 3684 956 seu
3716 895 3851 956 eau-

2269 963 2378 1036 didi
2407 965 2613 1021 linteoli
2642 977 2968 1022 contextam.
3014 969 3140 1036 Vel,
3179 969 3409 1035 niblata,
3439 981 3526 1026 est
3557 989 3660 1025 vox
3692 975 3759 1028 ob
3786 977 3820 1028 li
3847 1009 3850 1013 -

2269 1034 2570 1109 brariorum
2619 1038 2992 1109 oscitationem
3041 1034 3295 1109 corrupta
3337 1034 3453 1109 pro,
3505 1043 3766 1108 nimbata,
3822 1062 3849 1097 a

2269 1106 2474 1182 nimho_
2501 1107 2642 1159 dicta
2683 1125 2696 1160 :
2745 1108 2957 1162 nimbus
2992 1106 3313 1182 enimnon
3336 1106 3511 1182 solum
3553 1122 3632 1166 est
3678 1106 3850 1182 pluvia

2267 1177 2547 1243 repentina
2577 1186 2631 1230 et
2661 1193 2925 1244 praeceps,
2967 1180 3061 1233 sed
3097 1181 3258 1234 etiam
3290 1179 3510 1235 fa-ciola
3550 1177 3852 1238 transversa

2267 1261 2336 1299 ex
2365 1261 2496 1299 auro
2525 1257 2703 1300 assuta
2737 1249 2787 1301 in
2822 1249 3018 1312 linteo,
3047 1250 3192 1314 quod
3223 1259 3304 1304 est
3335 1251 3385 1304 in
3417 1250 3597 1306 fronte
3629 1253 3849 1306 lemina—

2268 1331 2419 1390 rum,
2451 1323 2589 1390 teste
2607 1317 2810 1390 lsiloro
2842 1319 2934 1373 lib.
2966 1335 3059 1374 xix
3088 1318 3578 1390 Etymologiarum,
3612 1339 3731 1390 cap.
3763 1325 3852 1384 5|,

2265 1386 2332 1438 de
2353 1386 2541 1454 capitis
2565 1386 2878 1442 feminarum
2903 1386 3256 1444 ornamentis.
3283 1386 3393 1446 Hac
3419 1407 3570 1456 voce,
3597 1386 3845 1457 nimbata,

2267 1471 2394 1510 usus
2418 1464 2501 1510 est
2528 1457 2747 1512 Plautus
2774 1460 2827 1513 in
2855 1459 3097 1523 Pwuulo,
3127 1460 3310 1515 dicens
3336 1479 3348 1512 :

2419 1567 2525 1625 Quo
2560 1568 2714 1627 magis
2742 1580 2849 1614 eam
2875 1569 3078 1631 aspicim
3103 1574 3235 1618 tanto
3269 1571 3424 1630 magis
3448 1571 3664 1620 nimbata
3689 1581 3778 1633 est,
3802 1582 3850 1620 et

2513 1643 2658 1690 nugae
2685 1643 2824 1678 meas.
2925 1641 2928 1644 '

2335 1720 2541 1795 Lumen
2569 1723 2693 1795 item
2713 1763 2729 1787 ,
2749 1721 2915 1795 _quod
2951 1722 3094 1795 circa
3124 1723 3434 1795 angelorum
3467 1725 3646 1793 capita
3678 1725 3848 1795 pingi-

2265 1801 2380 1857 tur,
2427 1801 2482 1846 ut
2511 1793 2710 1847 ibidem
2747 1791 2983 1848 Isidorus
3011 1791 3120 1858 ait,
3166 1791 3378 1848 nimbus
3423 1791 3692 1862 vocatur,
3729 1791 3847 1851 lieet

2263 1863 2476 1918 nimbus
2505 1863 2595 1934 sit
2627 1863 2864 1934 densitas
2911 1862 3087 1917 nubis.
3136 1862 3247 1934 Dici
3296 1877 3427 1934 ergo
3471 1875 3652 1932 potest
3695 1867 3847 1922 mitra

2261 1933 2542 2004 candentis
2583 1932 2804 1987 brandei
2835 1934 3055 1987 raritate
3100 1933 3335 2004 nimbata
3358 1932 3381 1996 ,⁷
3414 1935 3496 1988 νιιΙ
3537 1937 3663 2004 quia
3695 1938 3848 1991 mitra

2263 2003 2446 2058 nimbo
2474 2012 2591 2058 erat
2621 2012 2830 2067 ornata,
2864 2003 2948 2057 vel
2971 2020 3037 2058 ex
3063 2003 3290 2057 candido
3318 2012 3373 2058 ct
3401 2020 3524 2059 raro
3552 2003 3637 2060 vel
3668 2009 3847 2062 subtili

2260 2075 2526 2128 velamine
2555 2071 2806 2140 fasciata,
2850 2074 2964 2129 sive
3005 2075 3170 2128 instar
3196 2074 3436 2129 candidae
3473 2077 3633 2131 nubis
3677 2080 3847 2132 turbi-

2261 2155 2406 2198 nata.
2441 2143 2566 2198 Haec
2603 2147 2669 2197 ad
2711 2159 2927 2198 sensum
2957 2159 3052 2212 per
3093 2144 3490 2211 conjecturam;
3535 2148 3664 2212 quid
3709 2149 3847 2203 enim

2261 2230 2366 2268 vox
2396 2215 2511 2279 illa,
2545 2215 2771 2280 uibluta,
2802 2230 2921 2284 qua:
2948 2215 2999 2268 in
3028 2216 3276 2268 omnibus
3307 2215 3429 2270 Mss.
3474 2216 3748 2270 Vaticanis
3775 2219 3845 2272 ita

2261 2285 2475 2352 legitur,
2522 2285 2741 2354 proprie
2769 2284 3063 2352 signiticet,
3111 2299 3196 2339 me
3224 2287 3446 2339 omnino
3485 2287 3739 2354 ignorare
3766 2289 3845 2342 la-

2261 2365 2407 2420 teor,
2441 2356 2624 2409 multis
2652 2370 2717 2410 ac
2749 2355 2909 2410 variis
2943 2354 3284 2410 Dictionariis
3312 2371 3477 2424 penes
3506 2372 3592 2410 me
3627 2368 3846 2414 exstan-

2259 2425 2429 2490 tibus,
2479 2440 2689 2481 necnon
2728 2426 3120 2480 recentioribus
3166 2432 3221 2479 (ι
3261 2427 3497 2492 antiquis
3535 2430 3848 2484 auctoribus

2255 2495 2538 2563 dil'genter
2558 2495 2895 2564 conquisitis,
2923 2502 3176 2549 accurate
3208 2497 3565 2561 perlnstratis.
3595 2496 3664 2552 Ut
3686 2508 3847 2554 utres

2255 2579 2374 2622 sese
2405 2567 2618 2632 habeat,
2652 2568 2863 2619 mitram
2903 2566 3047 2619 illam
3079 2565 3144 2618 ad
3171 2575 3419 2620 ornatum
3448 2568 3642 2636 capitis
3667 2584 3698 2622 τι
3733 2585 3845 2622 ina-

2258 2636 2428 2706 tronis
2457 2637 2582 2690 oliui
2605 2637 2802 2702 gestari
2829 2636 3066 2702 solitam,
3095 2651 3162 2690 ex
3187 2636 3458 2691 sudariolo
3484 2641 3723 2706 quodam
3755 2650 3844 2693 aut

2255 2705 2373 2777 velo
2400 2707 2716 2761 tenuissimo
2745 2715 3086 2773 contextam,
3117 2708 3232 2761 sive
3262 2705 3568 2777 fasciatajn,
3610 2712 3696 2762 vel
3731 2718 3844 2763 tur-

2253 2776 2487 2849 binatam
2521 2778 2682 2849 fuisse
2710 2777 2840 2830 mihi
2871 2779 3190 2849 persuadeo,
3221 2787 3276 2849 et
3304 2792 3402 2849 pro
3429 2776 3715 2849 comperto
3747 2780 3842 2832 Ita-

2253 2847 2382 2914 beo,
2410 2849 2547 2902 sicut
2581 2848 2635 2901 in
2671 2845 2903 2915 antiquis
2927 2847 3225 2902 simulacris
3250 2845 3570 2902 feminarum
3601 2865 3842 2903 inarma-

2252 2917 2392 2986 reis,
2433 2933 2552 2984 qua:
2592 2918 2776 2972 Romae
2809 2926 2864 2971 ct
2903 2917 3029 2970 alibi
3069 2917 3263 2986 passim
3294 2928 3620 2985 cernuntur,
3660 2919 3842 2973 videre

2252 2987 2394 3041 licet.
2430 2986 2563 3041 lluic
2589 2987 2832 3042 adsimile
2851 2987 3065 3058 videtur
3085 3003 3205 3042 esse
3227 2987 3375 3054 illud,
3399 2989 3542 3058 quod
3567 2991 3843 3058 reperitur

558 3053 818 3138 probrosa
841 3067 1136 3138 era_t,_utex
1162 3053 1417 3127 Luciano,
1447 3053 1743 3130 Virgilio'iv
1759 3069 1812 3116 et
1832 3075 1884 3114 ix
1902 3059 2140 3130 zEneid.,
2174 3077 2216 3138 ρ
2251 3058 2303 3110 in
2324 3058 2709 3138 stolaquadam
2731 3057 3051 3138 sacerdotali
3074 3053 3431 3138 perantiqua;
3454 3073 3553 3114 acu
3567 3053 3840 3138 insignita

556 3123 790 3199 ct_a_l_iis,
819 3123 996 3199 colligi
1024 3138 1218 3199 potest.

587 3261 598 3272 ο
627 3192 779 3272 Μῇιτει
819 3192 982 3272 igitur
1022 3192 1360 3272 matronalis,
1411 3211 1472 3254 ut
1499 3200 1632 3255 alias
1661 3200 1830 3272 mitra:
1862 3202 2060 3255 formas
2089 3211 2144 3255 et

554 3262 974 3329 signiﬁcationes
1001 3262 1374 3340 posthabeain',
1403 3281 1517 3324 erat
1542 3270 1822 3338 quoddam
1839 3271 2030 3340 capitis
2055 3287 2144 3325 or-

555 3343 866 3410 namentum
897 3339 1186 3410 muliebre;
1225 3341 1386 3410 325
1416 3340 1742 3410 sedrvarias,
1773 3347 1827 3394 et
1866 3339 2140 3395 matrona-

552 3415 697 3479 rtnn,
725 3413 778 3458 et
799 3405 1462 3479 adolescentulartini,'attt
1483 3409 1766 3476 virginum,
1793 3411 1980 3465 mitras
1999 3411 2139 3479 apud

551 3473 730 3551 varias
766 3484 1012 3533 nationes
1052 3473 1461 3551 fuisseiopinor.
1513 3473 1666 3548 Apud
1706 3479 1943 3551 Phryges
1981 3473 2139 3536 mitra

551 3544 865 3620 sumebatur
914 3563 1012 3616 pro
1060 3544 1306 3604 muliebri
1357 3549 1424 3602 ad
1473 3544 1720 3620 ornatum
1771 3544 1964 3620 capitis
2009 3553 2141 3605 ado-

551 3610 966 3688 lescentularuin
998 3633 1234 3683 corona,
1291 3635 1356 3675 ex
1395 3634 1501 3688 qua
1543 3610 1853 3688 pendebant
1879 3620 2134 3688 fasciolas,

547 3697 668 3760 quae
711 3685 889 3760 pbylla
936 3687 1277 3760 dicebantur,
1327 3685 1471 3760 quod
1512 3685 1763 3744 foliorum
1786 3691 1892 3760 “vel
1941 3685 2134 3745 ﬂorum

548 3753 722 3809 instar
746 3753 1132 3827 dépcnderent.
1165 3753 1301 3815 Hinc
1337 3753 1522 3829 Virgil.
1553 3759 1645 3814 lib.
1680 3775 1732 3815 ιι
1761 3758 1979 3816 ᾸΞιιεὶιΙ.
2015 3761 2088 3815 ait
2118 3779 2133 3816 :

669 3867 729 3918 Et
747 3873 921 3920 tunicte
947 3874 1176 3933 manicas,
1203 3879 1255 3921 et
1275 3873 1454 3921 habent
1487 3871 1771 3922 redimicula
1795 3873 1970 3922 mitrae.

545 3960 623 4016 De
653 3963 808 4035 mitra
833 3963 1087 4035 virginali
1114 3979 1421 4018 sermonem
1447 3963 1609 4035 habet
1636 3961 1892 4035 Op'atus,
1924 3964 2133 4035 episco-

543 4048 644 4102 pus
669 4031 1024 4097 Milevitanus,
1060 4034 1150 4087 lib.
1185 4049 1236 4087 γι
1261 4035 1519 4089 adversus
1549 4031 1982 4087 Parmenianunf.

612 4101 795 4157 Judith
834 4103 1058 4158 Helmea
1098 4105 1148 4157 in
1180 4121 1331 4159 sacra
1372 4105 1597 4172 Script.,
1639 4103 1731 4156 lib.
1776 4104 1844 4156 de
1891 4103 2130 4159 Historia

543 4172 784 4240 ejusdem
806 4189 925 4242 cap.
957 4190 1039 4237 Ix,
1072 4175 1285 4228 mitram
1317 4190 1415 4239 pro
1445 4183 1638 4229 ornatu
1665 4173 1858 4241 capitis
1886 4185 2132 4241 gestasse

544 4243 740 4310 legitur
768 4261 783 4297 :
814 4260 974 4314 quam
1005 4244 1212 4298 scilicet
1241 4245 1454 4297 mitram
1490 4243 1728 4314 Lyranus
1756 4243 2003 4297 cucul‘am
2034 4259 2130 4314 ap-

545 4314 708 4381 pellat
730 4313 1074 4374 muliebrem;
1108 4314 1210 4368 hoc
1233 4324 1334 4377 cst,
1365 4322 1422 4366 ut
1446 4329 1547 4381 ego
1578 4313 1923 4381 interpretor,
1943 4313 2127 4368 calan-

546 4385 723 4447 ticam,
749 4384 937 4452 capitis
958 4383 1200 4437 videlicet
1220 4392 1467 4438 ornatum
1489 4383 1834 4448 muliebrem;
1862 4393 2128 4440 nostrates

2254 3127 2338 3182 vel
2365 3129 2601 3197 variata,
2647 3128 2883 3197 etiquasi
2916 3127 3163 3194 penicillo
3193 3129 3365 3197 picta,
3405 3144 3525 3197 qua:
3566 3128 3757 3185 Romze
3787 3133 3840 3186 in

2247 3197 2497 3252 Sacrario
2543 3196 2827 3252 PontiﬁCio
2863 3197 2930 3251 ad
2971 3198 3109 3254 lianc
3155 3196 3325 3266 uSque
3370 3196 3511 3254 diem
3554 3213 3838 3256 asservata

2244 3269 2564 3342 custoditur.
2610 3267 2673 3342 l_n_
2711 3269 2815 3323 hac
2844 3268 2999 3342 _enim
3041 3268 3177 3342 stola
3193 3269 3565 3342 vetustissima
3608 3280 3668 3326 et
3714 3273 3840 3342 pul-

2244 3337 2510 3393 cherrima
2551 3339 2796 3408 quidem,
2842 3338 2984 3393 inter
3021 3338 3151 3392 a'ias
3192 3339 3450 3407 imagines
3489 3355 3674 3396 saevas
3715 3337 3840 3399 itum

2242 3408 2371 3462 inibi
2398 3410 2823 3479 conspiciuntur,
2856 3417 3035 3464 exstat
3062 3408 3230 3463 beata:
3261 3409 3440 3464 Mariae
3467 3426 3684 3479 semper
3709 3411 3840 3467 Vir-

2242 3479 2410 3548 ginis,
2443 3487 2500 3534 et
2527 3477 2618 3534 Dei
2647 3477 2833 3533 Matris
2860 3479 3071 3548 imago,
3094 3479 3253 3548 hujus
3275 3481 3488 3547 generis
3519 3477 3739 3536 mitram
3767 3484 3838 3536 ad

2241 3547 2490 3604 amatum
2521 3549 2713 3618 capitis
2750 3547 2988 3618 gestans.
3025 3547 3184 3605 Circa
3225 3565 3353 3604 vero
3392 3550 3507 3619 ejus
3537 3551 3836 3618 imaginem

2239 3619 2321 3672 lue
2351 3628 2492 3674 nota:
2526 3620 2753 3683 Graue,
2787 3633 2880 3675 MP.
2907 3627 2985 3674 er
3010 3622 3113 3674 hoc
3132 3627 3234 3674 est.
3265 3625 3436 3679 tuan
3460 3629 3608 3686 Θεοῦ,
3637 3621 3692 3675 id
3722 3632 3835 3685 est.

2240 3689 2411 3744 Mater
2447 3689 2576 3754 Dei,
2627 3705 2728 3744 acu
2771 3690 3035 3757 insignita:
3074 3689 3341 3757 leguntur.
3391 3691 3520 3758 Qua:
3565 3707 3698 3746 Sane
3742 3709 3835 3748 res

2239 3773 2485 3832 magnam
2515 3760 2672 3832 nobis
2697 3759 2763 3813 de
2793 3759 2948 3832 mitra
2968 3760 3088 3832 illa,
3120 3761 3464 3832 adornatum
3493 3762 3688 3832 capitis
3708 3778 3834 3817 tuu-

2239 3830 2461 3885 liebrem
2488 3831 2616 3886 olim
2646 3830 2886 3896 inventa,
2915 3829 3073 3886 ﬁdem
3103 3831 3249 3886 facit.

2309 3899 2431 3955 Hch
2468 3904 2534 3956 de
2562 3902 2730 3955 sancti
2755 3897 3032 3968 Gregorii,
3061 3898 3318 3955 Gordiani
3347 3915 3412 3956 ac
3437 3902 3611 3956 beata:
3638 3900 3829 3958 Silvia:

2238 3971 2558 4040 imaginibus
2605 3985 2619 4024 :
2667 3987 2811 4025 nunc
2853 3970 3114 4038 reliquum
3155 3979 3271 4037 est,
3321 3982 3412 4038 ut,
3461 3973 3632 4026 mitra:
3671 3983 3833 4040 parte

2235 4043 2407 4094 sancti
2450 4041 2726 4105 Silvestri,
2771 4049 2828 4095 et
2865 4041 3100 4110 antiquis
3137 4057 3472 4095 summormn
3507 4044 3828 4108 pontiﬁcum

2233 4111 2485 4166 sandaliis
2509 4112 2819 4181 perspectis,
2851 4110 2920 4164 ad
2945 4112 2962 4131 ’
2984 4111 3190 4166 scholia
3217 4112 3270 4164 in
3302 4112 3442 4166 beati
3479 4111 3727 4181 Gregorii
3754 4115 3824 4167 li-

2233 4181 2387 4236 brutn
2405 4181 2880 4238 Sacratae-uterum
2907 4182 3122 4236 tandem
3152 4181 3440 4250 aliquando
3467 4184 3822 4238 accedamus.

2472 4281 2634 4351 326
2664 4279 2739 4334 De
2765 4281 2920 4334 mitra
2945 4281 3113 4334 sancti
3142 4279 3381 4335 Silvestrt'
3407 4299 3577 4354 papa».

2304 4371 2473 4427 Mitra:
2486 4373 2654 4428 sancti
2679 4371 2920 4427 silvestri
2943 4387 3096 4442 papae
3112 4382 3338 4443 partem,
3363 4376 3478 4431 sive
3492 4377 3824 4432 anteriorem

541 4443 721 4508 autem
752 4443 964 4508 cu'l‘liam
991 4453 1280 4524 appellant.
1314 4452 1572 4524 Muliebre
1600 4461 1780 4524 autem
1809 4443 2000 4524 capitis
2028 4470 2122 4524 or-
2156 4445 2202 4504 D
2231 4443 2573 4524 medietatem
2604 4459 2721 4524 ψθῄ
2738 4443 2960 4499 incisam
2990 4443 3064 4524 ad_
3085 4446 3449 4524 venerandam
3478 4447 3819 4524 mitrzepon-

542 4533 854 4595 namentum
877 4524 960 4592 (ut
979 4521 1110 4595 dixi)
1143 4523 1346 4595 varium
1369 4521 1495 4595 fuit._
1516 4523 1702 4595 Turca:
1724 4521 1900 4595 hodie,
1926 4531 1980 4579 et
2003 4523 2122 4595 alia;

539 4593 786 4664 nationes
821 4591 1121 4649 Orientales
1165 4594 1320 4664 pileis
1361 4593 1642 4648 turbinatis
1688 4608 1754 4646 ex
1785 4594 1949 4648 linteo
1973 4594 2122 4648 vela-

539 4663 713 4732 mine,
759 4665 846 4720 νυι
891 4681 956 4719 ex
995 4664 1099 4719 tela
1141 4663 1312 4719 serica
1367 4664 1637 4720 contextis
1677 4671 1937 4718 utuntur:
1969 4679 2120 4719 eum-

536 4733 769 4804 demque
814 4735 928 4790 fere
975 4735 1028 4788 in
1074 4736 1290 4790 modum
1321 4734 1616 4789 Turcarum
1663 4733 1904 4804 tentiam,
1957 4743 2016 4788 ut
2062 4735 2117 4789 in

537 4803 817 4862 Chronicis
859 4805 1131 4871 Turcicis,
1175 4822 1230 4860 ιιι
1283 4813 1447 4874 part.,
1489 4821 1609 4873 cap.
1642 4803 1676 4860 '5
1704 4803 1854 4870 eti,
1906 4805 2114 4871 legitur,

537 4875 695 4943 pileis
735 4876 1018 4931 turbinatis
1057 4885 1111 4930 et
1155 4875 1469 4933 acuminalis
1509 4884 1671 4946 caput
1697 4890 1892 4946 ornare
1920 4876 2114 4929 solent.

539 4946 706 5018 llnjus
725 4949 937 5018 generis
959 4947 1071 5000 fere
1091 4955 1430 5018 ornamento,
1456 4945 1598 5014 pileo
1618 4945 1823 5018 scilicet
1844 4945 2115 5018 turbinato

534 5013 678 5081 quod
726 5013 885 5073 mitra
931 5017 1323 5087 appellabatur,
1372 5013 1630 5070 matronae
1673 5015 1802 5069 olim
1836 5013 2117 5087 Romanae

535 5087 856 5153 utebantur,
905 5083 982 5143 ut'
1007 5088 1182 5141 innuit
1228 5085 1394 5141 Varro
1433 5087 1569 5140 libro
1598 5095 1792 5154 quarto
1819 5085 1884 5138 de
1911 5083 2114 5153 Lingua

535 5155 746 5212 Latina.
800 5157 928 5225 Quae
975 5173 1106 5213 sane
1133 5173 1219 5212 res
1246 5156 1628 5226 comprobatur
1663 5172 1726 5209 ex
1758 5155 1949 5226 statuis
1977 5155 2116 5208 anti-

531 5241 758 5295 quarum
789 5237 1156 5283 matronarum
1179 5225 1514 5292 marmureis;
1547 5241 1663 5296 quae.
1685 5226 1864 5280 multis
1886 5225 1936 5278 in
1963 5226 2110 5296 locis,

530 5305 587 5350 ct
612 5300 906 5366 praesertim
931 5299 1131 5363 Roma),
1162 5298 1225 5352 ad
1249 5298 1387 5351 hanc
1412 5295 1584 5364 usque
1607 5297 1747 5350 diem
1775 5295 2113 5365 conspiciun-

532 5375 637 5422 tur.
669 5367 838 5437 llujns
861 5370 1074 5437 generis
1094 5370 1305 5422 mitram
1333 5367 1610 5422 candentis
1640 5366 1860 5437 brandci
1892 5366 2113 5419 raritate

532 5435 814 5503 niblatam,
861 5435 962 5494 lioc
986 5450 1071 5494 est
1116 5455 1183 5493 ex
1223 5437 1486 5494 candente
1517 5435 1753 5492 brandco
1781 5445 2108 5496 contextam,

528 5505 689 5578 Silvia
745 5520 984 5576 gestasse
1036 5511 1230 5578 legitur
1282 5508 1422 5578 apud
1476 5506 2111 5578 Joannem_Diacunum.

529 5575 854 5646 lit-audeam,
900 5590 958 5634 ut
1003 5575 1270 5650 colligitur
1309 5575 1416 5634 non
1458 5579 1629 5633 solum
1659 5593 1726 5632 ex
1755 5575 1961 5631 Joanne
1991 5577 2113 5632 Dia-

2235 4512 2405 4569 tilicite
2444 4513 2850 4584 antiquitatem,
2888 4514 3175 4570 occasione
3210 4529 3332 4570 sese
3361 4516 3542 4571 oblata
3579 4512 3820 4572 indican-

2228 4585 2349 4638 dam
2381 4590 2482 4654 hoc
2507 4584 2627 4639 loco
2652 4598 2925 4654 apponere
2949 4584 3119 4638 visum
3149 4594 3252 4650 est,
3279 4586 3489 4641 etiamsi
3515 4588 3663 4642 beati
3681 4587 3848 4645 (ἕπε-⁸

2228 4655 2363 4722 gorii
2407 4653 2694 4724 imaginem
2725 4653 2868 4708 nudo
2909 4655 3087 4724 capite
3115 4655 3450 4710 incidendam
3481 4659 3715 4712 curarim
3745 4660 3820 4714 ob

2225 4740 2417 4779 causas
2440 4723 2592 4796 initio
2613 4733 2908 4796 enarratas.
2935 4723 3084 4778 Hanc
3103 4741 3234 4796 vero
3253 4727 3426 4780 mitrte
3446 4737 3652 4796 partem
3680 4729 3820 4784 inter

2226 4809 2409 4850 sacras
2456 4795 2711 4862 reliquias
2739 4793 2806 4847 ad
2834 4804 3080 4848 sanctum
3119 4795 3405 4850 Martinum
3447 4793 3502 4850 in
3542 4800 3819 4854 montibus

2227 4875 2574 4927 asservatam,
2605 4864 2671 4918 ad
2702 4865 2958 4937 amussim
2981 4879 3090 4937 una
3117 4880 3238 4937 cum
3269 4867 3458 4922 litteris
3487 4877 3543 4921 et
3565 4869 3816 4937 imagini-

2224 4937 2322 5008 bus
2371 4943 2758 5008 reprtesentare
2814 4933 3019 5008 studui,
3058 4936 3330 5008 etsigacu
3379 4939 3512 4991 satis
3565 4933 3820 5008 impérite

2224 5005 2765 5078 pictain,prout_illa
2785 5011 2918 5078 aetas
2941 5005 3168 5078 ferebat,
3197 5006 3250 5060 in
3273 5021 3378 5078 qua
3401 5015 3510 5062 tam
3534 5005 3813 5078 sculpendi

2222 5073 2381 5145 quam
2412 5073 2663 5148 pingendi
2693 5073 3066 5148 artesAjamdiu
3112 5073 3319 5148 mendis
3361 5086 3416 5132 et
3444 5073 3668 5148 ineptiis
3691 5094 3808 5135 sca-

2222 5143 2309 5200 nm
2319 5154 2397 5202 tes
2415 5143 2798 5220 deﬂoruerant.
2812 5143 3080 5220 Quamvis
3104 5146 3275 5201 mitrae
3295 5143 3574 5214 medietas,
3601 5164 3721 5220 qua:
3741 5151 3810 5204 ad

2220 5227 2471 5290 sanctum
2493 5215 2780 5290 Martinum
2811 5215 2863 5268 in
2895 5216 3169 5290 montibus
3195 5227 3528 5290 asservatur,
3554 5215 3809 5290 et'quan-

2223 5294 2337 5340 tum
2364 5287 2798 5359 adlatitudinem
2828 5295 2883 5340 et
2912 5285 3252 5359 altitudinem
3287 5287 3461 5358 major
3489 5289 3593 5356 sit,
3635 5285 3808 5359 ipsam

2223 5365 2400 5412 tamen
2438 5357 2492 5412 in
2523 5372 2640 5411 eam
2668 5359 3023 5424 quantitatem
3053 5357 3390 5413 incidendam
3420 5361 3632 5424 curavi,
3653 5357 3725 5414 ἰιι
3754 5360 3807 5414 in

2220 5430 2409 5481 eadem
2446 5427 2651 5495 pagimc
2679 5425 2817 5480 facie
2857 5425 3015 5480 mitra
3054 5442 3175 5482 cum
3211 5429 3408 5483 calceis
3434 5429 3486 5482 in
3516 5444 3639 5484 eam
3677 5429 3808 5483 item

2220 5500 2536 5566 parvitatem
2566 5496 2858 5550 contractis
2886 5498 3451 5566 comprehenderetur.
3485 5498 3644 5554 Mitra
3673 5514 3804 5553 vero

2219 5568 2417 5624 CulOl‘is
2448 5567 2630 5623 viridis
2658 5567 2980 5632 holoserica,
3009 5582 3115 5622 non
3140 5568 3350 5637 villosa,
3379 5567 3680 5640 l’brygiaua
3700 5583 3806 5637 ea,

604 5739 620 5758 '
649 5734 827 5790 Habes
883 5736 983 5790 ista
1032 5734 1238 5790 scholia
1288 5745 1416 5789 tom.
1447 5733 1536 5800 lll,
1594 5734 1696 5789 col.
1751 5731 1872 5790 599.
1926 5737 2082 5800 (tam.
2120 5731 2426 5788 LXXVIII
2457 5732 2604 5801 hujus
2629 5730 3002 5822 .Bibliotltct'te).
