3976 6302
119 309 213 364 iSii
1124 300 1212 354 DE
1249 297 1543 354 TABULIS
1587 295 2031 353 DONARIORUM
2071 295 2495 356 MARMOREIS.
2687 310 2722 337 κ
3295 290 3397 346 638

123 411 392 477 Nonnulli,
428 409 650 466 Grmcos
678 412 870 478 seculi,
900 411 1062 482 332
1088 410 1214 480 quia
1245 410 1316 462 illi
1345 450 1362 482 ,
1390 411 1511 482 me;
1542 407 1629 462 δύο
1658 416 1713 460 et
1740 410 1786 467 Α
1815 405 1979 461 fundo
2006 407 2118 462 sive
2155 406 2301 482 villa,
2351 421 2511 476 quam
2557 403 2928 482 vulgo‘dicunt
2965 401 3392 482 possessionem,

125 490 238 545 τοὺς
287 483 431 554 ἄμῳ
477 483 700 554 dicunt,
746 478 1231 554 hos_duo',*et_l_tos
1259 478 1408 532 ambo
1438 480 1708 532 dixerunt.

129 554 283 610 Ambo
311 549 416 623 pro
447 550 622 607 ambos
650 553 791 621 apud
821 551 968 619 Virg.
997 549 1104 606 ecl.
1136 549 1170 603 6
1195 569 1206 602 :

369 702 410 751 ι
499 655 609 690 nam
628 655 761 704 saepe
784 654 937 692 senex
963 653 1052 702 spe
1074 641 1304 690 carminis
1326 639 1468 687 ambo

418 711 600 751 userat.

418 711 600 752 userat.

128 789 197 844 Ita
241 787 532 854 legendum
578 801 648 842 ex
693 785 968 852 Charisio,
1017 799 1228 839 necnon
1277 798 1345 838 ex
1394 783 1580 839 codice
1609 783 1707 837 Ms.

126 853 487 914 vetustissimo
506 865 562 911 et
602 856 876 924 insigniori
905 896 919 918 ,
971 854 1373 910 characteribtts
1403 853 1712 921 majusculis

125 930 429 995 conscripto
449 967 466 991 ,
498 928 590 995 qui
637 927 689 980 in
718 923 1057 980 bibliotheca
1088 923 1343 978 Vaticana
1383 933 1706 979 a:servatur.

126 999 258 1054 Idem
292 995 551 1066 Virgilius
572 998 626 1050 in
653 996 746 1050 lib.
782 1012 832 1050 tv
860 995 1244 1062 Georgicorum
1271 1011 1284 1047 :

361 1087 550 1137 Verum
576 1089 656 1135 ubi
680 1089 911 1136 duc-teres
932 1088 1037 1135 acie
1063 1085 1372 1134 revocaveris
1393 1084 1552 1132 ambo.

122 1171 189 1224 Ita
216 1170 435 1238 Virgilii
465 1171 612 1224 locus
639 1185 705 1226 ex
738 1168 982 1224 Charisio
1022 1167 1406 1223 emendandus.
1438 1151 1494 1221 lu
1524 1166 1710 1221 codice

123 1237 377 1294 Vaticano
427 1241 618 1308 insigni
663 1255 849 1294 versus
881 1239 966 1293 hic
995 1254 1102 1292 non
1133 1247 1327 1303 exstat,
1368 1238 1492 1308 quia
1517 1237 1572 1308 in
1604 1237 1710 1292 hoc

119 1311 233 1434 lib.P
250 1326 302 1364 tv
310 1309 537 1434 lageorg.
572 1310 778 1380 aliquot
804 1308 1007 1380 pagina:
1035 1308 1428 1363 desiderantur.
1458 1307 1708 1363 Alranius

117 1396 163 1434 tn
233 1394 302 1434 an
393 1396 502 1436 eo:

359 1471 580 1520 Revocas
603 1483 692 1518 nos
714 1470 856 1518 ambo
881 1471 938 1516 ad
968 1469 1207 1531 prmlium.

117 1549 249 1604 idem
284 1549 544 1617 Virgilius
573 1550 667 1605 lib.
700 1565 774 1604 stt
804 1548 1065 1604 IEueidos
1095 1565 1109 1602 :

168 1640 309 1690 Hunc
331 1652 652 1700 congressus,
678 1651 729 1689 et
751 1648 907 1701 tuine;
935 1639 1068 1687 illum
1094 1639 1302 1700 eminus,
1329 1638 1520 1688 eminus
1543 1639 1703 1689 ambo.

114 1722 180 1776 Ita
208 1723 410 1790 legitur
460 1722 512 1775 in
558 1721 745 1776 codice
775 1736 874 1775 ms.
915 1721 1278 1775 vetustissimo
1327 1728 1381 1772 et
1430 1719 1703 1790 insigniori

1821 487 2121 546 usurpatur.
2177 475 2330 532 Unde
2369 471 2669 530 'massarius
2713 477 2869 544 333
2903 474 3000 546 _cui
3051 471 3396 546 totiusvillte

1815 540 1962 601 cura'
1979 547 2261 602 commissi
2289 555 2373 600 ert
2400 540 2755 615 nuncupatur,
2775 540 2856 599 ἶιῐ
2867 544 3039 615 placet
3065 540 3392 615 Huguitioni.

1815 615 1951 670 Hinc
1995 617 2262 672 nonnullis
2307 617 2358 670 in
2409 616 2541 670 locis
2571 611 2766 670 rustica
2797 611 3088 684 possessio,
3135 627 3233 681 pro
3271 611 3398 665 villa
3481 647 3491 655 .

1812 687 1926 740 sive
1956 685 2119 741 fundo
2146 695 2356 755 sumpta
2375 728 2390 753 ,
2420 687 2674 740 massaria
2703 686 2924 740 vocitari
2952 685 3108 739 solet.

1884 755 2010 810 Haec
2037 756 2102 810 de
2128 750 2536 823 glossettiatibus
2579 757 2689 810 sive
2727 755 2944 810 vocibus
2971 764 3210 823 veterum
3242 750 3394 804 Lati-

1813 841 2004 881 norum
2035 822 2296 879 abstrusi.-
2326 827 2379 878 in
2409 835 2634 893 utraque
2666 826 3017 880 Donariorum
3049 822 3229 877 tabula
3257 836 3392 875 eou-

1811 895 2026 964 scriptis
2053 913 2065 946 :
2090 899 2158 948 de
2202 895 2394 949 (uibus
2423 895 2677 949 lectorem
2710 897 2967 949 monitttm
3009 895 3176 956 volui,
3227 901 3285 944 ut
3328 905 3394 944 ne.

1811 964 1930 1017 auis
1977 979 2140 1017 voces
2180 912 2451 1017 obsoletos
2494 979 2590 1017 uer
2633 965 3087 1017 tvnoaranhorum
3134 961 3393 1016 incuriam

1811 961 1935 1035 quis
1977 979 2140 1018 voces
2180 961 2590 1035 obsoletasper
2633 965 3087 1035 typographorum
3134 961 3393 1035 incuriam

1812 1031 2127 1103 impressam
2177 1034 2341 1086 fuisse
2390 1031 2670 1101 opinetur,
2693 1031 2877 1088 'necve
2905 1035 3022 1103 quis
3050 1047 3240 1088 omnes
3278 1031 3397 1084 illas

1811 1102 2159 1172 lapicidarum
2183 1103 2375 1155 menda
2401 1118 2518 1156 esse
2542 1104 2860 1169 Sll~plcclllr.

1880 1171 1953 1224 Ea
1979 1172 2337 1225 Dunariorum
2361 1172 2537 1225 tabula
2567 1186 2684 1238 qua:
2712 1187 2854 1226 nunc
2879 1173 2944 1224 ad
2975 1171 3248 1226 basilicam
3272 1184 3398 1222 san-

1809 1243 1881 1296 cti
1910 1241 2060 1295 Pauli
2084 1250 2277 1304 exstat,
2311 1241 2504 1310 legitur
2533 1243 2692 1294 etiam
2736 1242 2788 1294 in
2819 1241 3064 1307 chistro
3093 1240 3235 1310 beati
3262 1239 3397 1310 Gre-

1807 1313 1945 1380 gorii
1975 1312 2068 1366 lib.
2097 1328 2190 1371 xu.
2224 1309 2383 1380 epist.
2415 1309 2511 1377 l9;
2541 1315 2632 1365 sed
2663 1311 2715 1363 in
2745 1311 2973 1376 epistola
3003 1309 3395 1380 qumRegistro

1807 1378 2006 1437 inserta
2023 1391 2106 1436 est
2127 1378 2383 1436 nonnulla
2411 1382 2784 1435 desiderantur
2808 1398 2821 1432 :
2850 1395 2971 1433 nam
2993 1380 3047 1433 in
3073 1378 3398 1435 salutatione

1807 1453 2083 1522 epistolari
2099 1452 2301 1522 desunt
2323 1452 2433 1505 hinc
2460 1452 2641 1513 verba,
2667 1467 2785 1518 qua:
2808 1452 2858 1504 in
2887 1450 3063 1522 tah_ula
3092 1462 3396 1522 marmorea

1807 1517 2376 1594 ρὶειιιιηξιξηὶεεδρτιδ
2422 1537 2594 1594 servus
2638 1537 2913 1594 servorum
2947 1518 3065 1594 De_i.
3117 1517 3397 1594 Att-ﬁnfflll

1807 1607 1934 1646 vero
1980 1586 2217 1658 epistola:
2247 1586 2408 1644 verba
2451 1592 2563 1644 haec
2588 1609 2601 1642 :
2629 1591 2766 1643 Bene
2831 1591 2963 1644 vale.
2996 1589 3120 1643 Dat.
3149 1588 3255 1658 viij.
3284 1586 3399 1658 Ka-

1805 1662 1946 1715 lend.
1978 1657 2294 1716 Februarias
2319 1702 2334 1726 ,
2367 1659 2504 1727 Imp.
2541 1659 2761 1714 Domino
2793 1658 2844 1712 Ν
2854 1701 2866 1713 .
2901 1659 3081 1713 Fhoca
3113 1657 3227 1711 PP.
3257 1657 3393 1726 Aug.

1808 1747 1944 1786 anno
1974 1731 2220 1798 secundo,
2249 1739 2296 1784 et
2326 1732 2619 1784 consulatus
2645 1731 2754 1800 ejus
2785 1747 2922 1784 anno
2952 1731 3138 1800 primo,
3167 1728 3277 1782 ind.
3309 1743 3398 1780 sea

123 1781 390 1846 Vaticano.
443 1791 822 1871 Teretititts_itt
845 1790 1060 1871 _Andri_a
1088 1798 1194 1844 act.
1227 1804 1411 1871 πρε.
1437 1781 1702 1871 ᾳρῑίιηιιερ
1740 1781 1780 1840 B
1807 1781 2227 1871 ῥῇᾖξαξῇὲέξίἧ
2251 1781 2792 1855 1,5,1};3,3...‘ngre'a;

116 1871 394 1930 opportune
439 1879 528 1916 vos
572 1862 702 1915 volo.
733 1861 809 1914 lla
843 1860 1128 1928 legendum
1177 1876 1245 1913 ex
1290 1859 1564 1925 Charisio;
1612 1859 1703 1914 alii

115 1935 246 2002 enim
278 1931 474 2002 legunt
501 1950 518 2002 εί
538 1931 699 1985 Ambo
729 1942 1051 2002 opportune:
1074 1947 1171 2002 vos,
1192 1930 1322 2002 volo.

177 2001 290 2055 Duo
340 2000 446 2070 pro
493 2001 628 2054 duos
675 2000 822 2055 recte
867 2001 1076 2066 scribit,
1126 2001 1202 2053 ait
1229 2000 1506 2054 Charisius
1536 2000 1628 2055 lib.
1661 2017 1698 2064 t,

115 2072 282 2124 Attius
313 2071 366 2125 in
400 2070 856 2139 Epittausitnache
883 2088 897 2124 :

350 2161 540 2211 llartes
565 2163 711 2210 armis
731 2161 827 2210 duo
852 2174 1141 2222 congressos
1165 2163 1416 2212 crederes.

115 2245 191 2367 Itat
218 2243 519 2326 legendum
569 2258 638 2297 ex
683 2242 947 2299 Charisi'o.
993 2242 1277 2299 Terentius
1322 2245 1376 2299 in
1419 2245 1696 2317 Adelphis,

115 2330 167 2367 ac
195 2353 208 2366 .
238 2329 290 2367 ν.
321 2329 405 2367 sc.
438 2329 501 2365 οε

115 2329 208 2369 aet.
238 2329 290 2378 ν,
321 2329 405 2368 sc.
438 2329 501 2365 ος

345 2404 426 2456 Tu
453 2406 561 2454 illos
583 2405 678 2454 duo
700 2419 786 2467 pro
808 2420 864 2454 re
882 2405 994 2454 olim
1023 2406 1229 2456 tollebas
1252 2415 1356 2456 tua.

117 2487 203 2542 Ubi
232 2487 494 2544 llelenius
523 2488 723 2560 Acron,
748 2488 850 2542 duo
874 2503 971 2560 pro
990 2488 1157 2560 duos.
1190 2487 1267 2543 lta
1298 2490 1492 2560 legitur
1519 2491 1573 2543 itt
1605 2505 1698 2544 co-

114 2560 220 2613 dice
241 2574 341 2614 tns.
367 2558 1087 2625 vetustissimoetinsigniori
1113 2558 1393 2614 Vaticano.
1432 2559 1508 2614 lla
1533 2563 1696 2614 etiam

117 2629 290 2696 legitur
315 2629 370 2682 iit
407 2627 662 2683 Terentio
693 2645 721 2680 a
750 2627 998 2682 Gabriele
1030 2627 1273 2691 Faeruo;
1305 2638 1362 2684 et
1389 2630 1403 2683 i
1431 2645 1461 2684 a
1489 2629 1695 2685 Teren-

116 2699 166 2753 tii
211 2697 359 2753 locus
411 2713 484 2751 ex
531 2698 774 2753 Charisio
829 2710 910 2750 est
964 2699 1348 2752 emendandus.
1400 2699 1589 2754 Cicero
1642 2701 1694 2754 in

118 2767 319 2823 Verrem
367 2767 470 2822 lib.
504 2782 538 2830 1,
573 2775 678 2822 act.
709 2767 780 2818 ἓξ
814 2766 1016 2820 [lorum
1065 2767 1226 2820 Pater
1271 2769 1458 2823 abhinc
1502 2771 1602 2823 duo
1647 2780 1698 2824 et

117 2839 276 2908 viginti
306 2854 485 2908 annos
512 2847 588 2891 est
616 2848 866 2908 mortuus.
895 2838 984 2891 Sic
1013 2838 1290 2905 legebatur
1309 2878 1324 2903 ,
1372 2848 1427 2894 et
1472 2840 1545 2893 ita
1592 2840 1694 2908 legi

118 2907 278 2962 debet.
325 2907 488 2963 Idem
520 2908 584 2960 :id
615 2907 848 2961 Att=cum
882 2908 972 2960 lib.
1005 2924 1074 2971 tv,
1117 2909 1275 2976 epist.
1325 2910 1548 2963 ultima:
1577 2907 1694 2965 Duo

119 2977 400 3049 consulares
426 3017 445 3042 ,
474 2979 560 3048 qui
592 2987 637 3028 te
665 2976 1036 3049 dicerent_._Stc
1080 2978 1386 3049 legendum.
1439 2979 1576 3033 Idem
1627 2983 1692 3033 all

119 3046 171 3113 Q.
203 3049 283 3100 Fr.
314 3048 414 3101 lib.
445 3045 496 3117 ﬁt,
523 3063 609 3114 ep.
641 3050 676 3117 2
701 3065 713 3099 :
739 3046 855 3100 Duo
882 3046 1079 3117 Mysos.
1104 3045 1186 3117 Ita
1205 3048 1508 3115 legendum,
1540 3060 1592 3102 et
1620 3061 1690 3104 ita

118 3117 406 3186 emendavit
442 3116 633 3170 Paulus
663 3116 929 3186 Manutius
949 3116 1018 3170 ex
1046 3117 1139 3171 lib.
1175 3116 1431 3172 Bessario.
1457 3119 1520 3172 is.
1550 3118 1691 3174 Idem

123 3187 198 3241 lib.
241 3186 440 3240 Famit.
474 3202 562 3250 tit,
595 3187 749 3254 epist.
783 3185 816 3237 4
842 3203 854 3238 :
884 3187 996 3240 Duo
1036 3186 1172 3240 enim
1221 3187 1438 3241 duarum
1482 3198 1690 3244 wtatum

120 3255 303 3324 plurimi
351 3258 498 3325 facio
523 3297 537 3320 ,
587 3255 682 3310 Cn.
739 3256 1040 3325 Pompeium
1086 3259 1212 3325 filia:
1248 3275 1499 3323 socerum,
1534 3269 1582 3312 et
1612 3261 1690 3312 Μ.

122 3325 314 3380 Brutum
342 3343 593 3395 generum
622 3335 784 3380 tuum.
816 3326 958 3379 Idem
985 3327 1078 3379 lib.
1113 3342 1202 3389 vn,
1233 3343 1319 3396 ep.
1350 3327 1418 3379 25
1445 3346 1457 3381 :
1493 3329 1695 3382 Prteter

122 3397 205 3448 duo
233 3412 343 3458 nos,
375 3398 608 3466 loquitur
641 3399 741 3450 isto
787 3397 937 3450 modo
985 3413 1154 3466 nemo.
1188 3397 1262 3450 ιω
1293 3397 1510 3465 legitur,
1538 3410 1593 3451 et
1623 3401 1693 3453 ita

120 3466 205 3537 legi
231 3467 413 3521 debet.
432 3465 584 3537 item
616 3466 709 3519 l.b.
736 3466 884 3537 cod.,
914 3467 1072 3537 epist.
1103 3465 1172 3520 9.9
1201 3485 1212 3518 :
1239 3467 1354 3522 Duo
1383 3469 1603 3537 parietes
1633 3470 1697 3522 de

120 3535 277 3588 eadem
305 3535 493 3606 ﬁdelia
525 3537 786 3590 dealbare.
820 3535 966 3589 Ideni
997 3536 1064 3590 de
1090 3537 1336 3590 Amicitia
1365 3535 1392 3589 ε’
1413 3537 1482 3591 Ut
1529 3542 1694 3592 omnis

121 3605 324 3678 {ueritas
374 3605 487 3678 sive
532 3609 670 3678 inter
699 3606 804 3678 duo
820 3645 837 3678 7,
873 3616 961 3658 aut
987 3607 1122 3678 inter
1150 3623 1346 3678 paucos,
1367 3607 1692 3678 jungeretur.

121 3674 382 3745 Sallustius
418 3676 761 3745 historiarum
793 3676 884 3729 lib.
917 3691 970 3729 tv
992 3715 1008 3739 ,
1057 3676 1108 3728 in
1141 3674 1296 3745 epist.
1331 3674 1651 3732 Mithridatis
1680 3697 1691 3730 :

122 3743 248 3817 inter
273 3762 352 3800 me
385 3755 540 3817 atque
569 3744 863 3817 Lucullum,
913 3761 1073 3815 prape
1114 3743 1290 3816 inopia
1319 3763 1498 3799 rursus
1545 3747 1696 3817 ambo

121 3814 325 3886 incessit.
359 3814 531 3886 iVirg.
586 3822 688 3870 ec‘t.
722 3831 754 3870 ν
782 3833 793 3870 :
819 3814 1156 3886 Craterasque
1183 3814 1284 3869 duo
1329 3827 1554 3870 statuant
1582 3816 1695 3870 tibi.

121 3883 184 3956 ita
210 3885 329 3953 legit
357 3883 570 3940 Pierius
600 3886 666 3939 ad
695 3885 910 3941 sibilum
943 3883 1249 3956 evitandum
1275 3903 1288 3937 :
1318 3894 1373 3940 et
1399 3886 1471 3956 ita
1505 3887 1699 3956 legitur

122 3954 164 4006 in
199 3957 380 4010 codice
414 3971 513 4008 ms.
547 3956 938 4020 vetustissimo,
990 3965 1045 4009 et
1091 3955 1367 4023 insigniori
1410 3954 1695 4012 Vaticano.

122 4023 248 4078 Item
276 4026 368 4080 lib.
405 4040 446 4079 tt
474 4023 736 4080 tEneidos
763 4043 776 4078 :

345 4118 403 4166 Si
429 4117 526 4165 duo
552 4126 794 4178 praeterea
819 4115 942 4166 tales
968 4117 1090 4165 Idaea
1117 4116 1311 4167 tulisset

346 4179 509 4229 Terra
535 4184 663 4228 viros

121 4260 185 4332 lla
213 4262 408 4331 legitur
461 4265 514 4318 in
562 4263 747 4320 codice
783 4279 882 4318 ms.
923 4263 1288 4318 vetustissimo
1327 4273 1383 4317 et
1421 4263 1694 4332 insigniori

125 4331 390 4404 Vaticano,
414 4350 525 4404 nec
553 4335 710 4390 aliter
731 4334 834 4403 legi
862 4345 1058 4403 poteSt,
1087 4334 1209 4402 quia
1241 4342 1464 4402 utraque
1491 4331 1697 4404 syllaba

122 4402 166 4454 in
208 4419 358 4470 voce,
391 4403 531 4471 Duo,
564 4414 646 4458 est
693 4402 903 4469 brevis;
940 4412 994 4458 et
1041 4405 1092 4456 in
1127 4405 1299 4471 primo
1331 4405 1450 4458 luco
1492 4402 1574 4456 est
1604 4406 1696 4456 da-

120 4473 296 4546 ctylus,
337 4475 394 4528 in
444 4475 758 4546 quohprima
797 4474 999 4544 syllaba
1028 4473 1184 4543 longa
1230 4483 1330 4538 est,
1381 4475 1585 4528 duabus
1611 4488 1697 4528 se—

120 4545 393 4610 quentibus
425 4544 695 4598 brevibus.

183 4611 487 4684 Priscianus
512 4614 604 4668 lib.
645 4630 719 4668 vu
747 4613 822 4667 ait
846 4632 860 4668 :
882 4611 1106 4684 Oportet
1133 4614 1272 4670 scire
1298 4613 1514 4683 quidem
1557 4627 1692 4667 ana-

121 4677 259 4752 logiae
290 4683 578 4749 rationem,
611 4700 764 4738 usum
795 4677 973 4737 tame'n
1003 4695 1281 4739 auctorum
1317 4677 1495 4752 magis
1521 4700 1691 4736 tentu-

122 4748 226 4822 lari.
257 4752 376 4808 Duo
407 4748 691 4822 praeterea,
721 4763 776 4808 et
805 4752 964 4808 Ambo
994 4755 1345 4818 accusativos,
1394 4748 1691 4807 scentulum

120 4819 247 4891 hanc
274 4819 690 4878 declinationem
720 4823 1017 4891 proferunt,
1058 4822 1267 4889 Ambos,
1313 4832 1368 4878 et
1411 4823 1576 4877 Duos.
1626 4821 1688 4876 Ο.

120 4887 278 4946 Julius
325 4893 605 4949 Romanus
632 4895 687 4948 in
717 4887 897 4964 libello
925 4894 992 4948 de
1023 4887 1282 4962 Analogia
1309 4902 1510 4948 rectam
1541 4894 1694 4964 ponit

106 4975 230 5020 esse
257 4964 668 5017 declinationem
696 4981 708 5015 :
738 4962 849 5018 Hos
879 4964 1000 5017 duo.

186 5029 297 5086 Duo
344 5034 505 5102 igitur
550 5049 646 5102 pro
696 5033 861 5098 duos,
914 5041 968 5086 ct
1011 5032 1161 5086 ambo
1206 5047 1303 5100 pro
1342 5032 1519 5087 ambos
1550 5044 1696 5086 recte

123 5103 289 5176 scribi
315 5118 383 5157 ex
429 5103 677 5176 Charisio
704 5113 779 5176 iet
824 5104 939 5157 aliis
968 5103 1358 5171 probatissimis
1386 5105 1697 5158 auctoribus

126 5169 408 5242 latendum,
437 5173 918 5242 aftirmandumque
948 5169 1050 5227 est.

127 5306 136 5316 υ
186 5239 337 5316 Quod
365 5252 549 5316 autem
570 5242 638 5295 ad
652 5239 1099 5316 orthographiam
1127 5243 1317 5316 attinet
1340 5285 1356 5310 ,
1397 5242 1514 5297 dum
1538 5257 1699 5298 voces

126 5311 367 5382 inprima
408 5312 589 5366 tabula
617 5314 820 5382 absque
849 5311 1141 5382 diphtougo
1175 5315 1442 5380 leguntur,
1471 5329 1695 5382 quarum

128 5378 398 5454 prinia‘est
423 5382 587 5454 dictu)
635 5378 870 5454 quedam,
907 5378 1099 5454 altera
1131 5378 1258 5436 vero
1304 5378 1605 5454 (lceat-iano.
1639 5381 1697 5435 in

127 5450 348 5504 Secunda
374 5467 502 5522 vero
531 5450 730 5506 Tabula
755 5453 944 5522 legitur
973 5453 1172 5522 Fhoca,
1198 5467 1297 5520 pro
1327 5453 1520 5505 Phoca.
1553 5451 1698 5518 Quas

130 5530 246 5572 sane
273 5535 431 5577 voces
456 5521 1044 5590 lapicidarum'mendis
1072 5535 1259 5578 curere
1284 5536 1392 5576 non
1419 5529 1568 5590 puto.

193 5701 366 5759 Hassa
410 5708 556 5764 hisce
585 5710 638 5763 in
671 5709 862 5763 tabulis
906 5724 1014 5764 non
1059 5723 1126 5761 eo
1153 5722 1312 5770 sensu
1351 5721 1460 5775 quo
1501 5707 1694 5762 dicitur

137 5782 297 5829 massa
327 5791 437 5831 auri
463 5787 519 5833 et
547 5781 773 5848 argenti,
806 5788 967 5850 atque
996 5778 1048 5833 id
1094 5791 1263 5848 genus
1290 5777 1422 5842 alia;
1457 5777 1548 5832 sed
1594 5794 1692 5847 pro

1875 1871 2152 1925 Nonnulla:
2201 1874 2325 1922 item
2371 1885 2554 1934 voces,
2587 1878 2664 1930 ut,
2696 1887 2751 1922 ιη
2783 1872 2914 1940 foro,
2944 1883 3043 1938 pro
3072 1882 3201 1940 quo
3223 1868 3277 1920 iii
3309 1875 3392 1918 ta-

1803 1941 1929 1994 bula
1955 1941 2148 2009 legitur
2177 1941 2411 2011 bifurco;
2444 1941 2599 1993 horos
2625 1938 2790 2003 duos,
2825 1956 2920 2009 pro
2962 1941 3137 1992 hortos
3155 1938 3269 2011 _a'uo
3296 1954 3393 2011 po:

1802 2014 1962 2075 sitos;
1991 2005 2044 2064 ia
2074 2020 2169 2075 est,
2205 2005 2300 2078 p'ro
2328 2011 2545 2075 ibidem;
2596 2005 2839 2063 similiter
2875 2019 3022 2078 parte
3063 2005 3396 2078 sinistram!

1803 2091 2023 2148 portam,
2068 2095 2167 2148 pro
2195 2076 2435 2132 similiter
2463 2097 2493 2132 a
2522 2090 2691 2148 porta,
2725 2076 3150 2148 parte'sinistra;
3178 2076 3390 2148 Eugen-j

1802 2145 1902 2220 tis,
1951 2145 2397 2220 pro—Eugenitis;
2437 2145 2840 2220 possessionibus
2887 2149 3184 2220 monasterii
3209 2145 3391 2220 sancti

1801 2217 2030 2282 Edistii,
2090 2217 2198 2289 pro'
2247 2219 2562 2286 possessioni
2617 2218 2915 2271 monasterii
2969 2218 3135 2289 sancti
3183 2217 3393 2289 Aristi;

1800 2290 1976 2344 hortos
1997 2332 2010 2359 .
2044 2287 2141 2358 pro
2172 2290 2380 2351 hortus;
2426 2289 2586 2342 deleri
2615 2290 2779 2359 facias
2807 2303 2870 2340 ac
2898 2288 3127 2358 auterri,
3167 2301 3268 2356 pro
3297 2287 3388 2338 de-

1799 2362 1910 2431 ler_e_
1931 2358 2110 2414 debeat
2138 2376 2198 2412 ac
2228 2362 2451 2431 auferre.

1870 2429 1964 2483 llis
2012 2431 2080 2482 de
2117 2431 2278 2484 rebus
2299 2425 2563 2484 lectorem
2595 2428 2722 2481 item
2755 2425 3014 2481 monitum
3043 2427 3227 2491 volui,
3260 2437 3311 2478 ut
3346 2426 3390 2478 si

1801 2501 1918 2567 quis
1951 2499 2183 2552 tabulam
2215 2514 2566 2553 marmoream
2599 2514 2719 2552 cum
2753 2498 2978 2566 epistola
3025 2496 3273 2565 Registro
3304 2497 3389 2549 itt-

1798 2579 1941 2623 serta
1971 2569 2261 2635 conferret,
2292 2569 2432 2622 hanc
2461 2569 2806 2622 collationem
2835 2567 2886 2620 in
2917 2567 3164 2635 Registro
3195 2567 3382 2635 impri-

1800 2639 1996 2693 mendo
2027 2637 2221 2692 factam
2253 2655 2358 2692 non
2387 2636 2550 2692 fuisse
2579 2638 2713 2691 sciat.
2737 2655 2750 2690 :
2782 2651 3066 2706 propterea
3091 2635 3235 2704 quod
3263 2640 3389 2689 dum

1801 2709 2100 2776 l'legistrum
2133 2707 2270 2778 typis
2300 2707 2661 2778 mandaretur,
2699 2707 2876 2760 tabula
2922 2706 3032 2778 illa.
3067 2706 3302 2778 nondum
3335 2707 3387 2758 in

1798 2773 2080 2832 ecclesiam
2110 2773 2384 2841 translata,
2434 2777 2486 2830 itt
2528 2779 2738 2846 porticu
2786 2777 2956 2846 sancti
2990 2773 3160 2846 Pauli,
3192 2778 3256 2828 ad
3291 2791 3388 2842 pa-

1797 2847 1989 2900 rietem
2020 2846 2177 2900 aliixa
2207 2855 2324 2900 erat
2353 2849 2407 2900 in
2437 2845 2732 2900 editissimo
2765 2846 2883 2900 loco
2912 2845 3037 2908 sita,
3086 2845 3212 2899 hinc
3260 2861 3388 2914 per-

1800 2918 1985 2984 paucis
2015 2925 2070 2970 et
2097 2916 2208 2970 lere
2255 2916 2454 2970 nemini
2506 2924 2631 2968 nota
2659 2933 2671 2967 :
2696 2916 2818 2982 quia
2849 2915 2936 2968 vix
2967 2914 3166 2983 aliquid
3212 2914 3278 2969 de
3324 2930 3386 2967 ea

1798 2986 1902 3055 legi
1932 2994 2167 3055 poterat.
2200 2985 2312 3056 Ego
2338 3001 2467 3040 vero
2497 2987 2620 3056 dum
2650 2985 2851 3056 scholia
2874 2993 2928 3039 et
2955 2984 3059 3038 alia
3089 2985 3140 3038 in
3173 2984 3388 3038 beatum

1798 3054 2114 3125 (iregtiriutn
2144 3071 2173 3110 a
2197 3054 2285 3110 me
2305 3056 2578 3125 elaborata
2606 3055 2657 3108 in
2689 3054 2858 3109 lucem
2885 3056 3090 3125 edenda
3119 3069 3387 3125 curarem,

1798 3123 1940 3180 aliud
1970 3140 2170 3194 agens,
2204 3126 2366 3180 incidi
2417 3125 2468 3179 in
2522 3124 2861 3186 Panvlnium,
2913 3124 3003 3192 qui
3036 3132 3202 3178 totam
3248 3123 3389 3178 hanc

1799 3195 2032 3250 tabulam
2061 3197 2113 3249 in
2137 3196 2324 3250 libello
2348 3195 2413 3250 de
2435 3203 2640 3264 septem
2679 3194 2833 3264 Urbis
2858 3194 3102 3248 ecclesiis
3130 3194 3388 3262 scriptam

1794 3266 2033 3390 Leliquit,
2063 3267 2191 3322 dum
2222 3266 2290 3320 de
2319 3263 2541 3320 basilica
2573 3265 2744 3320 sancti
2776 3263 2921 3318 Petri
2949 3278 3258 3318 sermonem
3287 3265 3388 3316 ha-

1831 3346 1966 3390 eret.

1831 3346 1966 3390 eret.

1867 3405 2044 3471 Quare
2089 3405 2235 3460 omni
2281 3406 2518 3460 adhibita
2551 3405 2824 3473 diligentia
2855 3412 2910 3458 et
2937 3403 3196 3473 industria
3220 3442 3236 3465 ,
3268 3418 3387 3458 eam

1797 3475 2087 3545 qumrendo
2116 3477 2314 3542 inveni,
2347 3471 2727 3544 inventumque
2755 3490 2822 3530 ex
2853 3489 3123 3545 marmore
3163 3471 3390 3528 ﬁdeliter

1797 3544 2063 3614 decerpsi,
2111 3545 2530 3614 decerptamque
2575 3545 2805 3613 denique
2851 3553 3011 3612 atque
3049 3544 3387 3614 impressam,

1797 3615 1883 3741 gl).
1912 3613 2151 3670 ra’t'ones
2200 3613 2356 3670 initio
2407 3613 2704 3683 aSsignatas
2735 3617 2838 3670 hoc
2865 3614 2986 3669 loco
3015 3613 3290 3685 appenere
3319 3613 3389 3667 li-

1835 3692 1930 3737 utt.
3205 3719 3210 3724 .

1835 3692 1930 3737 uit.
3205 3719 3210 3724 .

1870 3753 2154 3825 Reliquum
2201 3764 2285 3809 est
2333 3765 2393 3808 ut
2441 3755 2622 3825 paucis
2668 3753 2996 3822 explicemus
3050 3768 3147 3825 cur
3197 3752 3390 3825 beatus

1798 3821 2087 3891 Gregorius
2109 3823 2332 3892 Magnus
2350 3821 2477 3878 solis
2509 3840 2604 3892 pro
2635 3825 2982 3877 Iuminaribus
3001 3838 3096 3876 seu
3128 3821 3389 3892 lampadi-

1799 3890 2002 3947 bus’in
2050 3890 2308 3947 honorem
2356 3890 2667 3948 sanctorum
2717 3893 3083 3960 apOstolorum
3135 3890 3281 3945 Petri
3334 3901 3390 3946 et

1802 3962 1948 4016 l‘auli
1991 3962 2370 4031 accendendis,
2417 3973 2497 4018 tot
2527 3962 2719 4016 lundos
2765 3970 2821 4015 et
2869 3963 3104 4026 prmdia,
3148 3961 3390 4031 siveftot

1799 4032 2204 4102 persessiones,
2263 4042 2449 4101 totque
2516 4032 2749 4100 denique
2813 4030 3385 4102 olivetareorumdem

1797 4101 2110 4157 Sanctorum
2159 4102 2394 4158 basilicis
2438 4103 2740 4165 dedicarit,
2798 4118 2862 4156 ac
2909 4101 3230 4156 destinarit:
3261 4116 3385 4154 nam

1800 4189 1865 4227 ex
1898 4181 1978 4226 tut
2033 4172 2303 4243 tantisque
2326 4172 2668 4243 prmdiorum,
2702 4180 2757 4226 et
2785 4172 3110 4243 olivetorum
3159 4185 3388 4239 praiser-

1801 4243 1893 4296 titn
1926 4242 2206 4303 reditibus,
2236 4241 2443 4297 nonnisi
2477 4244 2747 4310 ingentem
2771 4241 3073 4311 latnpadum
3103 4256 3388 4294 numerum

1797 4313 1956 4365 dictis
1984 4313 2035 4366 in
2064 4313 2304 4367 ecclesiis
2325 4313 2621 4367 adhibitum
2645 4315 2770 4365 olim
2794 4313 2980 4379 fuisse,
2999 4311 3253 4380 colligere
3269 4327 3390 4380 pos-

1798 4398 2004 4452 sumus.
2064 4382 2120 4435 ld
2186 4383 2329 4452 quod
2376 4386 2593 4451 planum
2648 4378 3136 4452 cuiquegprOlecto
3181 4378 3388 4452 ﬁtgsi

1800 4451 1936 4506 Vitta
1991 4449 2320 4507 summorum
2369 4449 2680 4521 pontiﬁcum
2728 4453 2796 4506 ab
2848 4449 3133 4505 Anastasio
3182 4449 3387 4505 Biblio-

1723 4515 1771 4571 D
1801 4522 2078 4585 thecario,
2112 4532 2168 4575 et
2213 4538 2243 4576 a
2284 4515 2489 4575 Pla'tina
2515 4561 2529 4586 ,
2577 4537 2787 4576 necnon
2843 4521 2995 4575 llisto
3027 4521 3091 4574 ian
3135 4535 3301 4574 sacrae
3357 4536 3387 4574 a

1800 4589 1961 4645 Petro
2013 4592 2192 4646 illailia
2241 4593 2557 4662 conscriptae
2606 4592 2874 4662 legantur.
2929 4591 3061 4644 Nam
3111 4598 3235 4662 post
3279 4589 3388 4662 Sil-

1798 4670 2034 4714 vestrum
2101 4677 2340 4731 papam,
2405 4658 2770 4724 Ciulestinus,
2835 4661 3069 4731 Hilarius
3091 4658 3126 4723 ,⁷
3170 4658 3387 4731 Simpli-

1798 4733 1930 4803 cius,
1979 4729 2332 4803 Symmachus
2379 4741 2436 4786 ct
2477 4731 2949 4803 postAGregoriAum
2995 4729 3243 4803 Magnum
3288 4729 3388 4803 Sa-

1799 4799 2065 4866 binianus,
2105 4803 2217 4866 ejus
2249 4799 2549 4868 successor,
2595 4799 2792 4856 deinde
2821 4800 3112 4865 Honorius,
3153 4799 3384 4868 Agatho,

1800 4872 2086 4940 Grcgoriu:
2127 4871 2188 4938 ll,
2241 4871 2548 4936 Zacharias,
2601 4883 2655 4926 et
2704 4872 2794 4926 alii
2840 4872 2990 4926 varia
3037 4869 3389 4925 candelabro-

1800 4957 1916 4995 rum
1955 4955 2150 5009 genera
2201 4949 2475 5010 argentea,
2523 4943 2688 4997 variis
2733 4942 3036 4996 nominibus
3081 4951 3385 5010 nuncupata

1798 5010 1943 5082 (hoc
1978 5021 2066 5082 est
2110 5027 2362 5074 corona),
2416 5016 2581 5080 phara
2612 5054 2626 5080 ,
2674 5013 2928 5066 canthara
2955 5051 2968 5072 ,
3015 5019 3284 5082 ccrostata
3332 5020 3388 5065 ct

1798 5081 1992 5149 rhetii)
2021 5082 2324 5150 multasque
2363 5083 2476 5135 atni
2519 5092 2573 5136 et
2602 5082 2807 5150 argenti
2849 5082 3009 5135 libras
3055 5096 3152 5150 pr.)
3181 5081 3386 5150 lampa-

1800 5150 1954 5203 dibus
1985 5151 2216 5205 basilicte
2265 5167 2378 5204 sant
2398 5153 2434 5204 ti
2481 5152 2621 5204 Petri
2678 5153 2862 5205 iiomte
2909 5162 3051 5205 nono
3099 5151 3380 5204 dederunt.

1800 5219 1944 5273 Idem
1988 5221 2114 5274 fecit
2150 5221 2531 5276 Constantiaus
2557 5221 2776 5289 Magnus
2801 5223 2954 5288 imp.,
2981 5218 3385 5289 deindeWTheo-

1801 5291 2016 5344 doricus
2043 5307 2132 5345 rex
2158 5292 2255 5345 sub
2283 5290 2584 5351 Hormisda,
2611 5288 3008 5358 Belisariusque
3037 5290 3136 5348 sub
3164 5288 3382 5356 Vigilio,

1803 5362 1893 5428 qui
1925 5362 2102 5431 magni
2150 5363 2304 5430 pretii
2339 5361 2485 5431 varia
2516 5359 2962 5431 candelabrorum
2994 5373 3214 5431 genere,
3242 5358 3384 5411 mul-

1808 5427 1968 5500 taque
2019 5427 2225 5484 auri'et
2283 5430 2489 5498 argenti
2545 5432 2744 5498 pomlo,
2790 5427 3151 5497 imperatoria:
3207 5443 3271 5500 ac
3297 5443 3384 5500 re-

1804 5497 1902 5568 gia:
1944 5504 2232 5571 opulenti-ae
2261 5516 2326 5554 ac
2354 5497 2663 5554 liberalitati
2706 5507 3094 5571 consentanea,
3141 5497 3384 5571 ecciesim

1803 5567 1994 5625 Sancti'
2011 5569 2156 5626 Petri
2186 5578 2347 5639 atque
2374 5571 2500 5623 item
2531 5571 2672 5624 beati
2704 5567 2854 5625 Pauli
2881 5567 3208 5639 obtulerunt.
3245 5567 3377 5621 Pan-

1802 5640 1977 5695 vinius
2014 5642 2080 5694 de
2129 5637 2289 5696 rebus
2325 5640 2558 5709 antiquis
2613 5637 3006 5709 memoralibus
3032 5646 3089 5690 et
3130 5651 3383 5709 praestan-

1803 5710 1873 5762 tia
1903 5710 2137 5765 basilicae
2180 5712 2352 5766 sancti
2379 5706 2520 5768 Peiri
2569 5710 2661 5766 lib.
2695 5726 2726 5762 v
2771 5711 2821 5764 in
2861 5706 3100 5776 ejusdem
3130 5706 3383 5765 'ecclesize

1801 5779 2124 5836 bibliotheca
2139 5790 2429 5848 asservato,
2455 5781 2528 5835 ait
2548 5799 2560 5832 :
2580 5781 2630 5835 Μ
2641 5781 2837 5834 athilda
2862 5779 3136 5837 sanctitate
3150 5779 3380 5838 celi-bris.

3507 29 3776 39 κη’-η·-
3801 25 3850 33 —--I-
