3976 6366
76 345 152 403 139

794 334 1211 393 TESTIMONIA
1251 334 1341 390 ET
1383 333 1632 390 ELOGIA
1677 330 1761 384 DE
1804 330 1860 385 S.
1904 328 2260 386 GREGORIO
2300 328 2555 386 MAGNO.

3213 337 3312 392 ιθο

72 462 269 531 copiam,
294 464 496 528 quanta
536 458 601 512 ad
631 455 830 512 victum
859 455 1232 525 quotidianum
1274 450 1620 523 praebendum
1651 452 1697 510 Α
1724 444 1953 500 ecclesia
1990 445 2163 500 sancti
2203 445 2453 510 martyris
2482 443 2794 511 Clementis,
2836 461 2957 501 cum
2987 448 3313 518 presbyteris

71 554 326 616 sufficeret,
359 550 566 619 reliqua
598 547 833 601 vendidit
862 557 885 581 ίι
925 561 1048 599 cum
1071 545 1217 599 onmi
1245 542 1491 614 praesidio
1521 539 1619 595 do-

72 657 179 704 mus,
208 653 270 694 ac
299 637 626 708 pauperibus
648 633 923 702 erogavit;
954 641 1010 687 et
1024 633 1113 701 qui
1140 640 1267 687 ante
1293 631 1468 687 serico
1489 645 1620 684 con-

71 742 213 787 tectus
239 744 301 783 ac
331 726 556 797 gemmis
584 725 906 779 micantibus
935 722 1125 779 solitus
1152 730 1269 777 erat
1297 736 1395 791 per
1419 718 1621 773 Urbem

71 820 331 892 procedere
355 817 649 880 trabeatus,
678 814 701 849 ¹ν
732 828 877 869 nunc
907 812 994 866 vili
1024 820 1300 867 contectus
1330 811 1526 865 vestitu
1552 808 1622 862 ad

71 910 223 965 altaris
263 907 524 961 Dominici
566 905 923 960 ministerium
968 911 1336 963 consecratur,
1374 914 1395 941 ο
1450 899 1620 969 septi-

71 1015 263 1070 musque
290 1001 449 1054 levita
473 999 539 1052 ad
561 998 883 1067 adjutorium
906 1011 1057 1066 papae
1081 994 1423 1060 adsciscitur;
1447 1000 1623 1047 tanta-

71 1111 151 1165 que
175 1094 218 1148 ei
248 1092 573 1169 abstinentia
606 1091 657 1144 in
684 1089 837 1153 cibis,
865 1088 1138 1157 vigilantia
1170 1087 1223 1141 in
1265 1084 1619 1147 orationibus,

70 1184 331 1240 Strenuitas
378 1184 431 1237 in
456 1181 677 1251 jejuniis
714 1188 861 1249 erat,
892 1186 970 1242 ut,
1019 1178 1284 1233 inlirmato
1321 1175 1620 1242 stomacho,

70 1278 139 1331 vix
159 1275 450 1330 consistere
481 1280 681 1344 posset.
713 1271 931 1326 Litteris
962 1269 1346 1340 grammaticis,
1378 1266 1623 1323 dialecti-

70 1368 245 1434 cisque,
285 1380 351 1419 ac
398 1363 680 1418 rhetoricis
727 1362 802 1416 ita
832 1370 949 1416 erat
987 1360 1280 1427 institutus,
1322 1366 1381 1413 ut
1411 1357 1541 1413 nulli
1568 1356 1624 1411 in

72 1459 187 1513 L'rbe
215 1458 328 1526 ipsa
358 1464 640 1526 putaretur
667 1470 785 1510 esse
812 1454 1102 1509 secundus.

123 1548 265 1601 llunc
313 1547 523 1618 apicem
571 1546 827 1600 attentius
872 1542 1057 1613 fugere
1095 1551 1331 1609 tentans,
1375 1557 1443 1596 ne
1481 1539 1626 1610 quod

70 1640 189 1711 prius
212 1638 508 1707 abjeeerat,
527 1652 739 1691 rursum
762 1636 809 1690 ei
833 1636 885 1689 in
907 1635 1100 1690 saeculo
1121 1634 1187 1689 de
1209 1634 1403 1703 adepto
1422 1634 1628 1687 honore

68 1730 299 1801 jactantia
327 1728 571 1799 quaedam
612 1729 929 1798 subreperet
962 1745 975 1780 :
1023 1727 1163 1781 unde
1207 1726 1404 1779 factum
1436 1733 1539 1791 est,
1570 1732 1629 1778 ut

1721 534 1955 604 regionis
2004 535 2221 589 tertiae:
2262 544 2320 587 ut
2368 533 2438 589 de
2484 534 2708 604 singulis
2755 537 3000 593 ecclesiis
3051 546 3312 597 exeuntes

1720 642 1843 681 cum
1874 627 2121 697 precibus
2152 633 2206 681 et
2253 625 2521 698 lacrymis,
2555 632 2620 681 at
2661 627 2833 682 beate
2872 627 3054 683 Mariae
3097 645 3313 702 semper

1722 720 1953 785 Virginis
1982 717 2269 773 Genitricis
2295 718 2505 774 Domini
2530 718 2622 773 Dei
2655 719 2822 775 nostri
2845 718 2971 776 Jesu
2998 720 3196 776 Christi
3226 724 3315 777 ba-

1721 815 1927 870 silicam
1976 825 2401 880 congregemur,
2447 820 2507 867 ut
2552 813 2621 867 ibi
2668 814 2865 868 diutius
2911 828 3032 868 cum
3071 810 3221 884 ﬂetu,
3249 830 3315 870 ac

1721 905 1922 973 gemitu
1956 902 2183 956 Domino
2212 902 2599 971 supplicantes.
2629 911 2976 972 peccatorum
3006 910 3315 959 nostrorum

1722 995 1936 1052 veniam
1966 992 2267 1063 promereri
2291 992 2585 1047 valeamus.
2620 1010 2640 1044 ι

1794 1088 1918 1142 Haec
1956 1102 2023 1142 eo
2052 1087 2286 1154 dicente,
2328 1088 2668 1156 congregatis
2697 1088 3020 1145 clericorum
3062 1092 3312 1160 catervis,

1702 1172 1955 1250 psallere
1977 1178 2135 1247 jussit
2166 1192 2263 1247 per
2301 1178 2368 1233 tri
2391 1182 2536 1232 tuum
2565 1193 2629 1234 ac
2656 1179 2934 1248 deprecari
2975 1181 3187 1239 Domini
3216 1185 3317 1239 mi-

1724 1269 2089 1327 sericordiam.
2126 1268 2200 1324 De
2230 1268 2361 1322 hora
2390 1281 2610 1338 quoque
2630 1269 2787 1323 tertia
2809 1270 3099 1325 veniebant
3127 1289 3317 1330 omnes

1725 1362 1875 1417 chori
1909 1361 2251 1430 psallentium
2293 1361 2361 1415 ad
2403 1360 2710 1427 ecclesiam,
2740 1360 3039 1417 clamantes
3069 1379 3163 1432 per
3199 1366 3318 1435 pla-

1727 1462 1844 1509 teas
1873 1452 2028 1508 Urbis
2060 1469 2074 1506 ε
2109 1451 2274 1523 Kyrie
2301 1452 2514 1507 eleison.
2541 1450 2829 1507 Asscrebat
2858 1461 3036 1507 autem
3063 1453 3322 1511 diaconus

1729 1555 1933 1611 noster,
1963 1545 2055 1614 qui
2095 1545 2301 1611 aderat,
2335 1543 2387 1598 in
2418 1544 2578 1598 unius
2606 1542 2754 1597 hora:
2780 1543 2975 1614 spatio,
3007 1543 3133 1598 dum
3162 1560 3323 1601 voces

1730 1636 1881 1705 plebs
1910 1635 1976 1690 ad
2016 1635 2303 1691 Dominum
2348 1634 2759 1705 supplicationis
2805 1635 3003 1701 emisit,
3050 1637 3322 1704 oe'oginta

1731 1726 1977 1781 homines
2005 1725 2071 1780 ad
2101 1734 2298 1781 terram
2327 1725 2624 1790 corruisse,
2654 1733 2709 1779 et
2736 1724 2983 1795 spiritum
3013 1725 3318 1783 exhalasse.

71 1823 326 1892 epistolam
350 1822 414 1873 ad
438 1822 816 1889 imperatorem
841 1818 1150 1872 Mauricium
1176 1816 1452 1885 dirigeret,
1476 1815 1628 1883 cujus
1660 1827 1705 1886 Β
1730 1819 1835 1874 Sed
1868 1835 1975 1874 non
2018 1820 2223 1874 destitit
2270 1819 2524 1875 sacerdos
2574 1826 2752 1873 tantus
2784 1818 3074 1887 praedicare
3101 1821 3319 1890 populo,

70 1914 211 1966 litium
251 1928 314 1965 ex
347 1912 563 1965 lavacro
612 1918 801 1965 sancto
844 1915 1189 1978 susceperat,
1239 1904 1529 1975 conjurans
1574 1912 1629 1960 et

70 2006 212 2059 multa
243 2018 403 2073 prece
432 2018 680 2073 poscens,
720 2015 790 2056 ne
815 2015 1048 2070 unquam
1078 2013 1400 2056 consensum
1430 1998 1630 2067 praebe-

68 2105 133 2149 ret
160 2095 390 2165 populis,
416 2102 475 2148 ut
495 2094 637 2148 hunc
658 2092 816 2161 hujus
842 2092 1064 2147 honoris
1091 2090 1261 2159 gloria
1290 2089 1625 2145 sublimaret.

68 2185 153 2239 Sed
179 2184 460 2254 praefectus
481 2182 627 2237 urbis
655 2181 858 2248 Romae,
886 2195 1173 2250 germanus
1197 2178 1335 2249 ejus,
1366 2177 1628 2247 anticipa-

68 2280 125 2331 vit
142 2277 406 2343 nuntium,
429 2283 484 2331 et
503 2278 913 2345 comprehenso,
938 2274 1191 2344 disruptis
1214 2272 1476 2343 epistolis,
1497 2285 1630 2327 con-

67 2384 226 2433 sensu,
259 2382 420 2438 quem
460 2367 689 2437 populus
728 2366 933 2421 fecerat
974 2365 1287 2436 imperatori
1315 2364 1528 2419 direxit.
1559 2364 1631 2417 At

68 2460 139 2515 ille
180 2460 381 2528 gratias
427 2457 538 2514 Deo
582 2473 747 2529 agens
793 2473 893 2529 pro
936 2457 1171 2513 amicitia
1202 2457 1364 2527 ipsius
1391 2455 1627 2520 diaconi,

66 2550 188 2619 quod
212 2549 502 2619 reperisset
526 2550 703 2603 locum
729 2549 949 2604 honoris
968 2548 1103 2617 ejus,
1124 2548 1248 2602 data
1269 2546 1631 2617 praeceptione

67 2643 217 2711 ipsum
243 2641 404 2709 jussit
442 2640 666 2695 institui.
712 2640 951 2711 Cumque
980 2642 1032 2694 in
1061 2641 1165 2695 hoc
1192 2646 1421 2695 restaret
1445 2646 1505 2693 ut
1527 2636 1627 2693 be-

66 2732 406 2796 nedicerctur,
438 2742 493 2786 et
522 2732 637 2786 lues
663 2732 917 2802 populum
952 2730 1277 2796 devastaret,
1310 2730 1529 2785 verbum
1559 2724 1629 2785 ad

67 2824 255 2896 plebem
280 2840 381 2896 pro
409 2824 615 2895 agenda
640 2823 955 2896 ptenitentia
976 2823 1030 2878 in
1059 2824 1203 2879 hunc
1228 2822 1445 2878 modum
1469 2836 1624 2879 exor-

66 2934 139 2974 ωε
157 2926 238 2973 εει
271 2935 287 2973 τ

340 3046 538 3087 ORATIO
563 3044 807 3087 GREGORH
836 3044 982 3083 ΡΛΡΑΞ
1008 3043 1075 3082 AD
1105 3044 1330 3083 PLEBEH.

127 3166 144 3199 ι
174 3145 421 3216 Oportet,
457 3145 647 3199 fratres
669 3143 964 3199 charissimi
991 3184 1007 3210 ,
1038 3151 1095 3196 ut
1120 3141 1323 3210 ﬂagella
1364 3140 1478 3207 Dei,
1520 3147 1623 3195 etc.

68 3237 87 3275 δ
112 3238 358 3304 Proinde,
394 3238 583 3293 fratres
611 3236 929 3299 charissimi,
954 3235 1186 3291 contrito
1217 3233 1399 3298 corde,
1431 3240 1482 3287 et
1509 3248 1631 3287 cor-

66 3332 205 3385 rectis
235 3330 512 3399 operibus,
546 3328 612 3382 ab
634 3329 750 3397 ipso
777 3328 923 3381 feriae
948 3334 1150 3397 quartae
1178 3325 1352 3395 primo
1378 3322 1636 3389 diluculo,

68 3420 120 3473 ad
146 3420 514 3489 septiformem
539 3418 776 3471 litaniam
795 3416 946 3487 juxta
969 3415 1399 3472 distributionem
1416 3413 1637 3469 inferius

68 3510 413 3580 designatam,
458 3510 652 3564 devota
691 3509 760 3563 ad
811 3510 1074 3580 lacrymas
1102 3518 1284 3562 mente
1313 3507 1588 3562 veniamus
1621 3524 1634 3558 :

69 3612 115 3655 ut
157 3604 434 3657 districtus
476 3600 659 3666 judcx,
698 3616 818 3655 cum
857 3599 1041 3668 culpas
1071 3606 1284 3653 nostras
1312 3612 1413 3652 nos
1448 3596 1640 3666 punire

66 3692 493 3752 consideraverit,
527 3690 640 3759 ipse
660 3705 691 3744 a
718 3690 979 3745 sententia
1010 3688 1301 3758 propositae
1344 3686 1638 3741 damnatio-

67 3786 134 3837 nis
159 3793 362 3852 parcat.
405 3783 592 3838 Clerus
622 3783 780 3852 igitur
808 3782 1115 3852 egrediatur
1156 3782 1224 3835 ab
1262 3778 1490 3834 ecclesia
1520 3794 1643 3831 san-

64 3882 262 3926 ctorum
288 3881 585 3943 martyrum
608 3871 814 3927 Cosmae
832 3880 885 3925 ct
902 3870 1163 3935 Damiani,
1182 3885 1302 3924 cum
1321 3867 1645 3939 presbyteris

64 3962 291 4030 regionis
332 3970 530 4026 sextae;
576 3975 766 4016 omnes
792 3975 922 4015 vero
957 3960 1179 4014 abbales
1207 3974 1328 4014 cum
1368 3957 1644 4013 monachis

62 4049 177 4111 suis,
220 4049 296 4102 ab
351 4047 581 4103 ecclesia
629 4054 938 4101 sanctorum
978 4054 1273 4117 martyrum
1320 4044 1559 4100 Gervasii
1590 4052 1646 4098 et

60 4137 325 4195 Prothasii
365 4156 485 4193 cum
533 4139 860 4209 presbyteris
908 4138 1145 4207 regionis
1181 4145 1414 4207 quartae;
1457 4150 1646 4191 omnes

58 4230 342 4284 abbatissae
364 4245 485 4284 cum
516 4229 1021 4297 congregationibus
1048 4230 1180 4295 suis,
1212 4228 1558 4297 egrediantur
1579 4228 1646 4282 ab

59 4321 285 4376 ecclesia
340 4328 650 4375 sanctorum
697 4328 993 4392 martyrum
1041 4319 1335 4374 Marcellini
1385 4328 1441 4374 et
1477 4318 1644 4384 Petri,

60 4426 169 4464 cuin
202 4411 538 4482 presbyteris
567 4412 801 4482 regionis
837 4414 1051 4484 primae;
1094 4426 1284 4469 omnes
1322 4410 1553 4467 infantes
1581 4412 1648 4467 ab

58 4491 285 4556 ecclesia
321 4511 628 4557 sanctorum
670 4512 963 4574 martyrum
992 4501 1212 4558 Joannis
1240 4510 1296 4557 et
1326 4501 1496 4570 Pauli,
1526 4518 1646 4557 cum

58 4595 392 4667 presbyteris
436 4595 670 4664 regionis
713 4596 999 4661 secundae;
1048 4609 1235 4649 omnes
1262 4609 1393 4649 vero
1432 4594 1553 4648 laici
1582 4592 1648 4647 ab

57 4692 287 4744 ecclesia
322 4689 730 4759 protomartyris
758 4687 1016 4759 Stephani
1044 4702 1163 4742 cum
1201 4686 1533 4756 presbyteris
1562 4700 1650 4738 re-

58 4783 224 4846 gioatis
253 4783 547 4850 septimae;
593 4796 783 4836 omnes
825 4780 1079 4835 mulieres
1106 4779 1281 4833 viduae
1316 4778 1383 4832 al)
1423 4775 1651 4832 ecclesia

56 4882 253 4926 sanctae
288 4871 620 4942 Euphemiae,
649 4886 770 4925 cum
800 4868 1128 4940 presbyteris
1159 4868 1390 4935 regionis
1420 4866 1647 4935 quintae;

1732 1925 1800 1965 ne
1829 1910 1896 1965 ab
1948 1911 2196 1965 oratione
2224 1916 2519 1965 cessarent.
2560 1909 2641 1964 Ab
2691 1910 2796 1966 hoc
2843 1912 3008 1965 etiam
3065 1912 3322 1969 diaconus

1730 2010 1915 2056 noster
1939 2002 2194 2071 reliquias
2216 2010 2548 2066 sanctorum,
2572 2008 2632 2055 ut
2651 1999 2900 2065 diximus,
2923 2004 3168 2074 sumpsit,
3194 2003 3322 2059 dum

1730 2092 1908 2147 adhuc
1939 2092 1990 2147 in
2039 2092 2327 2147 diaconatu
2359 2091 2600 2161 degeret.
2632 2090 2873 2161 Cumque
2918 2092 3138 2148 latibula
3184 2094 3323 2163 fugae

1728 2191 2078 2254 praepararet,
2118 2182 2347 2251 capitur,
2399 2181 2649 2244 trahitur,
2699 2189 2755 2237 et
2790 2181 2857 2235 ad
2900 2181 3042 2238 beati
3090 2183 3323 2253 apostoli

1730 2271 1876 2327 Petri
1906 2272 2184 2327 basilicam
2215 2271 2526 2338 deducitur;
2559 2270 2737 2341 ibique
2767 2271 2835 2326 ad
2861 2273 3180 2342 pontificalis
3201 2288 3323 2341 gra-

1730 2364 1819 2417 tiae
1866 2360 2105 2417 oflicium
2138 2368 2487 2417 consecratus
2509 2402 2523 2425 ,
2557 2375 2695 2430 pupa
2742 2359 2868 2415 Urbi
2898 2360 3056 2419 datus
3083 2372 3183 2419 eat.
3216 2365 3323 2420 Sed

1730 2468 1833 2509 nec
1852 2452 2057 2508 destitit
2086 2451 2346 2507 diaconus
2376 2458 2561 2505 noster
2590 2449 2691 2505 nisi
2717 2448 2784 2504 ad
2811 2449 3176 2521 episcOpatum
3207 2454 3323 2521 ejus

1733 2551 1760 2582 ο
1792 2544 1859 2597 de
1888 2549 2047 2612 porto
2078 2541 2297 2606 rediret,
2331 2549 2386 2595 et
2411 2540 2643 2610 qualiter
2669 2538 2951 2595 ordinatus
2975 2539 3153 2610 fuerit,
3186 2557 3321 2612 prae-

1730 2635 1870 2690 senti
1897 2632 2353 2703 contemplatione
2382 2631 2700 2701 suspiceret.

1734 2725 1917 2781 Sancti
1944 2724 2143 2777 Paterii
2178 2722 2289 2793 ejus
2320 2721 2563 2791 discipuli
2613 2721 2837 2792 prolog.,
2872 2720 2962 2774 lib.
3000 2721 3063 2773 de
3103 2719 3315 2777 Testim.

1802 2817 1937 2873 Dum
1978 2816 2133 2870 unius
2170 2814 2343 2869 sancti
2381 2812 2502 2877 viri,
2547 2813 2649 2867 hoc
2697 2822 2780 2867 est
2816 2812 2958 2867 beai
3000 2811 3101 2867 Job
3154 2812 3321 2868 histo-

1730 2906 1868 2964 riam
1893 2904 2153 2961 abstrusis
2187 2904 2562 2975 mystcriorum
2599 2900 2955 2971 opacitatibus
2997 2910 3192 2956 tectam
3216 2902 3316 2957 sub

1731 2997 1925 3068 triplici
1955 3040 1969 3063 ,
1999 2997 2050 3051 id
2090 3004 2173 3052 est
2201 2993 2375 3065 typica
2404 2992 2617 3057 morali,
2644 3000 2807 3060 atque
2834 2991 3086 3047 historica
3111 2992 3319 3048 studuit

1729 3089 2069 3160 expositione
2097 3085 2383 3150 discutere,
2425 3098 2489 3139 ac
2514 3081 2731 3152 repulso
2768 3082 3081 3150 ignorantiae
3108 3082 3311 3147 nubilo,

1660 3203 1705 3264 ρ
1735 3182 1789 3236 in
1818 3186 2004 3252 aperta
2056 3176 2262 3232 cunctis
2316 3175 2437 3229 luce
2482 3172 2678 3228 clarius
2724 3187 2916 3228 serena
2961 3172 3321 3240 patefactione

1740 3278 2044 3325 monstrare
2077 3308 2091 3330 ,
2125 3280 2263 3336 pene
2293 3273 2458 3318 totam
2486 3261 2700 3317 Veteris
2728 3277 2793 3316 ac
2829 3259 2963 3316 Novi
2992 3258 3322 3316 Testamenti

1737 3359 1936 3415 seriem
1964 3369 2141 3412 rerum
2169 3351 2610 3423 explicandarum
2638 3350 2963 3405 necessitate
2989 3356 3075 3405 est
3102 3358 3324 3405 coactus

1739 3462 2033 3520 exponere.

1814 3538 1833 3579 ί
1882 3539 2078 3596 Isidori
2106 3535 2438 3608 Hispalensis
2464 3533 2652 3657 libé7de
2679 3531 2770 3587 Ill.
2801 3528 3003 3587 Eccles.
3039 3531 3258 3603 Script.,

2452 3620 2497 3657 ο.
2604 3642 2618 3657 .

2452 3620 2497 3658 ο.
2530 3620 2618 3657 ΖΙ.

1812 3697 2100 3767 Gregorius
2125 3710 2285 3767 papa,
2316 3694 2572 3750 Romanae
2599 3691 2742 3747 sedis
2770 3689 3079 3760 apostolicae
3108 3690 3325 3759 praesul,

1742 3788 2155 3857 compunctione
2180 3785 2387 3840 timoris
2409 3784 2503 3838 Dei
2531 3783 2740 3851 plenus,
2770 3788 2824 3835 et
2853 3781 3151 3835 humilitate
3178 3796 3326 3835 sum-

1743 3894 1881 3944 mus,
1918 3886 2234 3945 tantumque
2264 3891 2360 3946 per
2383 3873 2606 3943 gratiam
2634 3871 2802 3926 sancti
2832 3869 3061 3938 Spiritus
3089 3868 3328 3925 scientiae

1744 3970 1947 4025 lumine
1992 3965 2267 4037 praeditus,
2299 3972 2359 4019 ut
2390 3979 2493 4018 non
2523 3962 2685 4017 modo
2714 3960 2786 4014 illi
2818 3959 3157 4029 praesentium
3187 3966 3329 4013 tem-

1744 4073 1935 4129 porum
1977 4059 2258 4126 quisquam
2297 4054 2600 4116 doctorum,
2652 4049 2748 4106 sed
2797 4065 2899 4105 nec
2943 4048 2996 4104 in
3045 4049 3332 4119 praeteritis

1748 4148 1960 4220 quidem
1992 4148 2065 4202 illi
2095 4163 2191 4216 par
2221 4144 2376 4201 fuerit
2404 4157 2656 4213 unquam.
2684 4140 2783 4196 llic
2810 4141 2862 4196 in
2884 4139 3226 4210 episcopatus
3248 4140 3331 4194 sui

1749 4237 1971 4294 exordio
2000 4236 2166 4291 edidit
2204 4237 2397 4290 librum
2445 4231 2664 4300 Regulae
2711 4230 2998 4285 Pastoralis
3022 4272 3038 4299 ,
3068 4230 3332 4284 directum

1750 4328 1816 4383 ad
1837 4326 2117 4387 Joannem,
2150 4325 2422 4379 Ravennae
2449 4322 2594 4377 sedis
2614 4321 2947 4392 episcopum.
2973 4317 3031 4373 In
3051 4334 3159 4388 quo
3189 4319 3335 4387 quis-

1751 4435 1856 4490 que
1884 4419 2127 4482 docetur,
2153 4417 2325 4488 qualis
2352 4416 2417 4470 ad
2439 4414 2679 4470 officium
2717 4413 2989 4483 regiminis
3011 4413 3214 4477 veniat,
3248 4414 3333 4466 vel

1756 4511 2004 4583 qualiter,
2039 4510 2161 4564 dum
2213 4508 2441 4573 venerit,
2476 4506 2654 4562 vivere
2694 4504 2780 4559 vel
2826 4504 3024 4559 docere
3066 4504 3340 4572 subjectos

1757 4602 1989 4657 studeat.
2031 4600 2175 4655 ldem
2205 4599 2397 4664 etiam,
2430 4595 2756 4665 efflagitante
2786 4593 3031 4649 Leandro
3060 4594 3339 4663 episcopo,

1758 4695 1949 4749 librum
2000 4690 2142 4746 beati
2190 4688 2291 4744 Job
2338 4688 2563 4758 mystico
2618 4700 2681 4741 ac
2727 4684 2916 4739 morali
2962 4698 3122 4738 sensu
3167 4683 3340 4737 disse-

1759 4784 1885 4847 ruit,
1920 4788 2195 4849 totamque
2242 4777 2535 4849 prOphetiae
2575 4775 2690 4843 ejus
2733 4773 3011 4828 historiam
3043 4770 3096 4825 in
3128 4770 3341 4840 triginta

1760 4875 1995 4942 quinque
2022 4869 2381 4925 voluminibus
2408 4867 2557 4935 largo
2587 4863 2910 4934 eloquentiae
2932 4860 3079 4917 fonte
3107 4860 3342 4930 explica-

56 4976 243 5019 ornues
310 4975 493 5018 autem
556 4963 809 5018 mulieres
845 4962 1145 5032 conjugala:
1196 4960 1537 5028 egrediantur
1588 4960 1653 5012 ab
1686 4980 1732 5037 ι)
1760 4964 1870 5018 vit:
1905 4962 1957 5016 in
1987 4960 2180 5031 quibus
2208 4958 2425 5031 quidem
2462 4963 2663 5026 quanta
2689 4952 2940 5024 mysteria
2969 4961 3342 5007 sacramento-

122 5127 143 5153 ⁸
174 5116 323 5172 llaec
351 5132 456 5170 vox
477 5114 955 5184 Grcgorio'l‘uron.
990 5114 1262 5168 familiaris
1308 5114 1463 5183 (Vide
1484 5113 1656 5184 lib.vt

55 5184 171 5239 bist.
196 5203 254 5243 c.
284 5186 346 5248 4,
369 5187 477 5241 etl.
504 5203 572 5250 Ix,
597 5183 643 5239 e.
669 5184 1068 5254 ‘20).signiﬁcal
1097 5184 1399 5253 pecuniam,
1424 5183 1663 5254 supelle-

54 5258 313 5380 Miller}:2
330 5258 471 5310 bona
520 5253 757 5311 mobilia.
800 5257 934 5311 Vide
972 5264 1127 5308 notas
1166 5254 1232 5309 ad
1272 5254 1361 5307 lib.
1412 5253 1657 5308 SilCl‘olll.

56 5342 156 5380 co.
240 5344 260 5380 ι
320 5364 336 5378 .

56 5329 156 5382 col.
186 5329 336 5380 472.

122 5398 147 5438 δ
177 5398 406 5466 Nempe
451 5397 769 5450 monastico.

124 5483 145 5509 ε
178 5463 425 5523 Nonnisi
457 5476 661 5535 s-ptem
689 5466 931 5531 diaconi,
963 5465 1167 5535 scilicet
1193 5463 1496 5531 regionarii,
1526 5471 1658 5535 tunc

58 5538 104 5591 in
133 5538 397 5594 Ecclesia
421 5534 659 5590 Romana
684 5536 1088 5591 ordinabantur.
1116 5534 1191 5589 De
1216 5535 1320 5588 hoc
1344 5548 1495 5588 more
1521 5534 1658 5587 infra

56 5606 223 5664 fusius
252 5607 498 5662 dicetur.

124 5680 148 5716 ἀ
184 5678 254 5733 Ut
290 5676 448 5732 edita
487 5684 615 5730 sunt
651 5684 762 5730 tum
801 5676 854 5731 in
885 5675 1007 5730 Vita
1036 5682 1259 5730 auctore
1292 5671 1499 5728 Joanne
1534 5671 1660 5725 Dia-

56 5762 218 5815 t‘ono,
252 5758 384 5802 tum
422 5747 487 5798 ad
545 5746 745 5800 calcem
785 5746 978 5815 homil.
1038 5747 1091 5800 in
1144 5744 1346 5812 Evang.
1378 5742 1561 5815 i'l‘otn.
1614 5741 1659 5815 l.

62 5811 301 5875 (Ραιὲοέ.
371 5826 406 5869 ι.
438 5815 718 5884 LXXVI.)
768 5814 898 5878 Ome
928 5831 1058 5872 vero
1085 5811 1333 5888 leguntur
1358 5814 1423 5871 dc
1454 5811 1663 5868 Litania

370 5912 643 5970 PATBOL.
675 5908 931 5969 LXXV.

1765 5116 2061 5187 septiformi
2094 5114 2234 5186 apud
2264 5111 2643 5187 Greg.1:uron.
2676 5109 2763 5187 hic
2791 5104 3101 5187 excutienda
3131 5104 3342 5187 censui-

1766 5176 1905 5253 mus,
1934 5187 2076 5257 quod
2111 5176 2161 5240 in
2192 5187 2273 5240 his
2307 5176 2429 5239 cum
2458 5180 2957 5257 Joanne‘Diacono,
2984 5176 3237 5257 imoncum
3268 5177 3343 5245 ip-

1765 5245 2021 5315 sumet'S.
2047 5256 2305 5324 Gregorio
2329 5269 2435 5307 non
2458 5250 2765 5308 conveniat.
2782 5246 3064 5302 Dissensus
3093 5245 3237 5303 illius
3260 5263 3344 5301 ra-

1768 5331 1968 5385 tionem
1999 5327 2125 5381 alibi
2154 5327 2445 5380 attu'imus.

1844 5410 1868 5436 ε
1910 5397 2057 5452 Becc-
2082 5397 2209 5461 usis,
2239 5396 2304 5449 de
2327 5402 2508 5465 portu;
2532 5391 2772 5465 plerytue
2799 5388 3039 5465 e.liti,_d_e
3055 5396 3226 5465 porta.
3249 5384 3346 5465 Sg-

1764 5468 1983 5538 quimur
2020 5453 2307 5538 editionem
2327 5453 2506 5538 nostri
2534 5453 2593 5515 D.
2639 5453 2961 5538 Theoderici
2990 5453 3233 5538 Ruinart.
3269 5453 3352 5538 De

1765 5525 1915 5610 ῥονιο
1960 5536 2099 5592 forte
2129 5533 2710 5610 significatdiaeonuut
2752 5529 3006 5610 Ecclesiae
3040 5525 3346 5610 :l‘uron._ad

1768 5594 1983 5679 portum
2012 5594 2317 5679 sacrisvcum
2348 5603 2583 5679 reliquiis
2612 5600 2919 5679 deductum,
2952 5597 3231 5679 utdegitur
3253 5594 3350 5679 lib.

1770 5668 1785 5733 ἱ
1812 5680 1880 5734 de
1910 5676 2092 5732 Gloria
2116 5676 2403 5747 Martyrum
2426 5668 2475 5730 c.
2503 5672 2592 5739 85,
2623 5669 2747 5747 inde
2770 5669 2994 5747 rediisse
3015 5668 3267 5747 lintrium,
3296 5673 3355 5720 ut

1771 5748 1827 5804 S.
1859 5747 2105 5814 Gregorii
2127 5740 2520 5802 ordinationem
2548 5740 2778 5814 propriis
2807 5740 2978 5797 oculis
2994 5745 3299 5810 usurparet.

1849 5820 1865 5857 ι
1893 5817 1951 5876 S.
1978 5813 2223 5887 Gregorii
2244 5815 2389 5872 aetati
2412 5829 2611 5887 suppar-
2640 5813 2762 5868 fuit.
2798 5900 2875 5961 16
