3976 6300
664 280 754 336 ιέδῖ
1406 282 1813 339 ΤΕΒΤΙΜΟΝΙΑ
1858 281 1945 336 ET
1988 281 2237 337 ELOGIA

2355 282 2371 335 Ξ
2413 282 2470 337 8.
2522 280 2878 337 οιίιλϐυιιιῡ
2918 280 3178 339 MAGNO.

3830 285 3931 341 49?.

665 412 782 449 rntn
814 394 1142 463 aperiantur,
1172 403 1366 465 quanta
1397 402 1505 448 smt
1534 395 1585 447 in
1615 409 1855 449 amorem
1884 395 2006 449 vitae
2030 401 2245 447 interna:
2279 398 2323 452 Α
2352 392 2565 460 cognati
2588 392 2786 447 virtute
2813 392 3117 447 devotionis
3146 394 3407 450 exercuit.
3437 394 3552 448 Noli
3576 395 3778 451 litatetu
3810 416 3934 453 vero

663 507 873 545 morum
921 499 1211 560 prmcepta,
1265 488 1347 541 vel
1395 495 1594 554 quanta
1647 487 1889 541 clareant
1926 492 2242 541 ornamenta

663 585 974 650 verborum,
1020 596 1178 636 nemo
1206 580 1421 649 sapiens
1448 579 1720 648 explicare
1767 579 1984 643 valebit,
2031 576 2243 632 etiamsi

663 688 850 728 omnes
869 680 1017 727 artus
1049 670 1166 737 ejus
1190 678 1467 724 vertantur
1493 669 1544 722 itt
1576 669 1802 737 linguas.
1830 669 2058 738 Scripsit
2084 669 2244 723 etiam

660 770 716 817 et
744 760 1000 832 quasdam
1028 759 1282 828 epistolas
1302 758 1367 811 ad
1391 758 1704 827 praedictum
1729 758 2050 821 Leandrum,
2076 773 2105 812 e
2126 759 2247 826 qui-

663 854 762 906 bus
814 865 974 904 unam
1023 850 1076 904 in
1125 849 1325 904 eisdem
1378 850 1527 903 libris
1581 849 1683 905 Job
1721 849 1875 904 titulo
1920 849 2248 919 praefationis

659 940 913 996 adnectit.
948 938 1128 994 Altera
1158 939 1397 1008 loquitur
1421 940 1486 995 de
1512 939 1781 995 mersione
1810 940 2164 1010 baptismatis,
2195 941 2247 995 in

659 1048 765 1102 qua
795 1033 936 1087 inter
964 1042 1159 1089 emtera
1188 1033 1258 1087 ita
1288 1034 1547 1103 scriptum
1578 1041 1660 1088 est
1689 1052 1701 1086 :
1735 1052 1752 1084 ‹
1787 1032 2246 1103 Reprehensibilc,

661 1120 855 1189 inquit,
887 1136 1007 1178 esse
1030 1121 1333 1176 nullatenus
1364 1130 1542 1190 potest
1572 1121 1828 1178 infantem
1854 1122 1906 1176 in
1929 1123 2249 1193 baptismate

662 1226 908 1280 mergere
945 1212 1031 1267 vel
1075 1211 1264 1274 semel,
1298 1212 1379 1265 vel
1413 1221 1513 1277 ter,
1543 1212 1756 1280 quando
1800 1211 1853 1265 in
1893 1212 2064 1266 tribus
2108 1226 2251 1265 mer-

662 1302 904 1357 sionibus
934 1318 1191 1371 personar
1229 1318 1283 1355 m
1314 1302 1566 1367 Trinitas,
1601 1312 1655 1357 et
1695 1303 1747 1356 in
1776 1317 1881 1357 una
1912 1310 2091 1371 potest
2117 1301 2249 1357 divi~

665 1390 848 1445 uitatis
884 1392 1225 1460 singularitas
1274 1391 1561 1460 designari.
1596 1412 1615 1443 ι
1647 1392 1838 1446 Fertur
1884 1400 2061 1448 tamen
2110 1393 2248 1448 idem

665 1480 1151 1535 excellentissimus
1177 1480 1277 1544 vir,
1324 1490 1378 1535 ct
1420 1481 1555 1534 alios
1602 1480 1769 1535 libros
1811 1482 2041 1536 morales
2082 1482 2253 1552 scrip-

665 1569 829 1635 sisse,
862 1576 1145 1638 totumque
1194 1578 1398 1625 textum
1435 1579 1667 1640 quatuor
1696 1570 2106 1640 Evangeliorum
2136 1588 2253 1628 ser-

665 1658 1015 1722 mocinando,
1044 1660 1099 1713 in
1130 1660 1343 1729 populis
1371 1661 1714 1730 exposuisse,
1747 1662 2076 1730 incognitum
2106 1664 2250 1718 scili-

2348 482 2492 536 illam
2522 497 2683 550 quam
2708 481 2776 536 ad
2814 484 3068 537 saeculum
3105 485 3391 540 videbatur
3418 486 3643 553 habere,
3678 497 3844 543 totam
3871 496 3933 544 ad

2348 571 2764 627 nanciscendam
2810 587 3060 642 supernae
3122 574 3347 641 gloriam
3397 574 3710 643 dignitatis,
3760 578 3965 634 divinas

2345 664 2517 733 gratia
2554 664 2835 731 largiente,
2871 666 3158 719 convertit.
3194 664 3327 719 Nam
3356 677 3565 720 mutato
3593 676 3817 734 repente
3845 687 3939 725 sa:-

2346 754 2515 808 culari
2543 754 2758 820 habitu,
2788 754 3173 808 monasterium
3200 755 3386 824 petiit,
3415 756 3469 809 in
3504 771 3613 825 quo
3642 763 3791 811 tanta
3821 774 3937 827 pcr-

2347 847 2595 900 fectionis
2624 846 2793 914 gratia
2822 846 2983 914 cmpit
3005 846 3334 911 conversari,
3360 856 3417 901 ut
3444 848 3581 902 sicut
3611 849 3729 918 ipse
3755 862 3934 919 postea

2348 943 2489 987 ront.
2510 935 2641 988 stari
2684 935 2896 989 Solebat
2928 933 3104 988 ﬂendo
3136 934 3388 1005 (Prowm.
3420 935 3507 990 lib.
3543 953 3560 990 ι
3590 937 3784 1007 Dial.),
3830 943 3938 993 ani-

2350 1037 2439 1075 tno
2487 1021 2630 1076 illius
2673 1021 2904 1075 labentia
2966 1030 3157 1076 cuncta
3205 1024 3389 1078 subter
3425 1035 3628 1090 essent,
3672 1034 3730 1079 ut
3783 1028 3937 1082 rebus

2349 1113 2599 1167 omnibus
2617 1127 2738 1180 quae
2764 1112 2877 1166 volt
2892 1120 3051 1165 untur
3078 1113 3373 1177 emineret,
3400 1130 3675 1183 nunquam
3702 1117 3805 1170 nisi
3832 1134 3938 1173 cur

2349 1201 2501 1254 lestia
2551 1202 2791 1269 cogitare
2834 1200 3081 1255 soleret:
3118 1209 3174 1254 ut
3219 1206 3382 1256 etiam
3425 1214 3671 1259 retentus
3714 1221 3939 1274 corpore

2350 1290 2463 1360 ipsa
2490 1291 2601 1360 jam
2641 1290 2821 1344 carnis
2863 1291 3097 1345 claustra
3149 1294 3611 1362 contemplatione
3659 1298 3937 1363 transiret;

2351 1388 2409 1431 ut
2434 1386 2660 1432 mortem
2682 1392 2921 1446 quoque,
2952 1394 3071 1446 qua:
3094 1394 3233 1448 pene
3256 1382 3464 1435 eunetis
3491 1397 3651 1451 pmna
3674 1393 3775 1440 est.
3807 1386 3940 1441 vide-

2350 1467 2477 1521 licet
2532 1474 2589 1520 ut
2644 1466 2942 1534 ingressum
3000 1468 3140 1529 vitm,
3188 1476 3243 1521 et
3293 1468 3493 1524 laboris
3541 1471 3624 1524 sui
3668 1474 3940 1541 ptazmiutn

2354 1564 2582 1610 amaret.
2616 1553 2741 1610 l-lazc
2772 1565 2950 1610 autem
2982 1572 3096 1625 tpse
3124 1557 3191 1612 de
3236 1573 3320 1626 se,
3352 1575 3457 1613 non
3489 1562 3789 1629 profectum
3825 1564 3941 1633 jac-

2350 1645 2516 1698 tando
2541 1644 2819 1710 virtutum,
2848 1643 2943 1699 sed
2976 1643 3226 1701 deﬂendo
3257 1646 3434 1716 potius
3463 1648 3764 1718 defectum,
3784 1667 3941 1723 quem

663 1757 751 1804 εθι
774 1748 927 1803 nobis
956 1764 1112 1818 opus.
1157 1749 1303 1803 Felix
1344 1758 1548 1818 tamen,
1572 1752 1794 1806 nimium
1824 1752 1983 1816 felix,
2012 1752 2103 1821 qui
2136 1769 2250 1808 om-
2282 1765 2325 1822 Β
2352 1734 2452 1789 sibi
2495 1750 2591 1802 per
2621 1751 2805 1790 curant
2838 1738 3159 1805 pastoralem
3210 1738 3498 1795 incurri‘se
3529 1741 3832 1807 videbatur,
3861 1761 3941 1798 re-

664 1838 810 1891 nium
841 1837 1137 1893 studiorum
1168 1838 1284 1907 ejus
1305 1840 1480 1909 potuit
1498 1854 1826 1910 cognoscere
1847 1841 2010 1896 dicta.
2042 1841 2251 1898 lt‘loruit

664 1936 842 1983 autem
873 1927 1132 1983 Mauricio
1155 1929 1501 2000 imperatore,
1534 1929 1775 2001 obiitque
1801 1930 1853 1985 in
1885 1931 2001 2002 ipso
2026 1932 2266 1988 exordio.

664 2010 863 2074 Phocte
886 2019 1113 2074 Romani
1140 2020 1417 2089 principis.

778 2109 1002 2165 Joannis
1036 2110 1256 2165 Diaconi
1284 2110 1319 2165 ι.
1350 2126 1389 2179 t,
1417 2127 1465 2167 c.
1502 2111 1585 2178 l7,
1618 2112 1681 2166 de
1731 2112 1851 2166 Vita
1875 2112 1936 2167 S.
1972 2110 2127 2184 Greg.

732 2199 1026 2269 Gregorius
1060 2214 1090 2253 a
1117 2200 1303 2271 multis
1346 2201 1505 2257 enixe
1550 2209 1791 2271 rogatus,
1836 2202 2179 2270 maximeque
2218 2217 2249 2257 a

666 2288 913 2343 Leandro
944 2262 1551 2361 Hispalensi'episeopo,
1579 2291 1671 2361 qui
1699 2305 1797 2361 pro
1835 2291 2010 2345 causis
2039 2291 2250 2361 Visigo-

665 2379 884 2431 thorum
937 2376 1143 2447 legatus
1197 2378 1386 2434 eodem
1435 2388 1681 2449 tempore
1728 2380 2249 2452 Constantinopolim

663 2478 905 2534 venerat,
948 2469 1258 2540 compulsus
1287 2480 1369 2527 est
1406 2480 1467 2527 ut
1499 2474 1692 2529 librum
1734 2474 1878 2529 beati
1917 2476 2040 2543 Job,
2069 2477 2250 2532 multis

663 2561 959 2615 involutum
984 2563 1272 2631 mysteriis,
1296 2564 1576 2620 enodaret.
1606 2565 1789 2635 Neque
1817 2566 1907 2621 ille
1935 2582 2132 2636 negare
2153 2583 2251 2630 po-

663 2652 766 2707 tuit
803 2669 937 2717 opus
985 2656 1128 2710 auod
1157 2654 1259 2709 sibi
1298 2670 1450 2711 amor
1479 2656 1748 2714 fraternus
1778 2659 1959 2713 multis
1990 2659 2121 2714 utile
2149 2661 2251 2713 im-

661 2746 897 2814 ponebat
934 2744 1203 2813 futurum;
1250 2747 1346 2802 sed
1397 2749 1645 2804 eumdem
1693 2750 1907 2811 librum.
1941 2746 2050 2819 quo
2088 2752 2251 2808 modo

660 2838 807 2913 juxta
851 2838 1085 2895 litteram
1136 2840 1531 2909 intelligendus,
1583 2842 1812 2911 qualiter
1840 2842 1908 2896 ad
1958 2842 2159 2898 Lbristi
2196 2850 2253 2898 et

661 2913 913 2984 Ecclesia:
941 2941 1275 2985 sacramenta
1306 2928 1642 2996 referendus,
1685 2947 1793 3003 quo
1835 2949 1997 2989 sensu
2038 2935 2249 2989 unicui-

661 3035 764 3087 que
794 3021 1028 3077 ﬁdelium
1076 3022 1148 3077 sit
1175 3022 1457 3093 aptandus,
1502 3039 1599 3094 per
1644 3025 1876 3079 trifarias
1921 3026 2252 3095 intelligendi

661 3113 867 3180 species
894 3114 1135 3168 miranda
1164 3116 1374 3171 ratione
1404 3116 1721 3186 perdocuit;
1757 3118 1812 3171 in
1841 3118 2035 3187 quibus
2066 3128 2243 3174 tamen
2275 3130 2323 3193 ο

662 3202 733 3255 ita
757 3202 828 3259 de
858 3205 1143 3261 virtutibus
1168 3206 1418 3275 vitiisque
1444 3206 1718 3274 disseruit,
1756 3216 1813 3262 ut
1842 3223 1949 3262 non
1977 3209 2152 3264 solum
2181 3211 2254 3265 vi-

662 3295 849 3348 deatur
879 3309 941 3349 ea
964 3297 1066 3349 lem
1106 3297 1284 3352 verbis
1315 3312 1607 3368 exponere,
1638 3299 1731 3353 sed
1776 3297 1961 3354 formis
1988 3301 2253 3371 quodam»

664 3382 832 3439 modo
854 3384 1156 3442 visibilibus
1184 3402 1279 3442 seu
1307 3389 1661 3457 palpabilibus
1687 3390 2078 3447 demonstrare.

664 3491 686 3518 ⁸
730 3481 1047 3538 Venerabilis
1091 3484 1244 3540 Beda:
1274 3486 1365 3541 lib.
1413 3504 1449 3542 ιι
1495 3487 1698 3543 Histor.
1748 3487 1892 3543 Eccl.
1932 3492 2099 3562 gentis
2142 3484 2253 3548 An?

1274 3576 1495 3647 glortmt,
1519 3595 1565 3631 ο.
1598 3578 1649 3632 1.

732 3659 888 3717 Anno
930 3663 1218 3720 Dominicae
1246 3665 1638 3725 Incarnationis
1666 3672 2062 3729 sexcentesimo
2095 3673 2253 3743 quin-

661 3760 740 3822 to,
770 3752 965 3809 beatus
990 3770 1126 3825 papa
1148 3754 1455 3827 Gregorius,
1480 3765 1767 3829 postquam
1789 3764 1970 3816 sedem
1998 3762 2252 3818 Romanae

663 3855 719 3901 et
748 3848 1057 3918 apostolica:
1097 3847 1352 3905 Ecclesiae
1394 3850 1647 3907 tredecim
1684 3867 1884 3921 annos,
1914 3870 2125 3911 menses
2153 3871 2249 3912 sex

665 3946 723 3992 et
751 3937 867 3997 dies
896 3938 1083 3993 decem
1113 3939 1496 4009 gloriosissime
1537 3943 1697 4011 rexit,
1729 3944 2010 4003 defunctus
2034 3955 2134 4014 est,
2168 3957 2252 4004 at-

661 4044 768 4099 que
794 4028 863 4084 ad
897 4037 1155 4085 aeternam
1182 4031 1331 4101 regni
1360 4032 1594 4089 caelestis
1622 4034 1803 4090 sedem
1837 4037 2146 4094 translatus.
2174 4039 2249 4095 De

659 4132 768 4186 quo
796 4132 898 4173 nos
937 4120 1211 4185 convenit,
1240 4120 1385 4190 quod
1429 4131 1692 4191 nostram,
1718 4123 1771 4177 id
1801 4132 1886 4179 est
1928 4125 2246 4195 Anglorum,

658 4215 878 4275 gentem
908 4206 974 4261 de
1028 4216 1298 4276 potestate
1345 4209 1560 4267 Satanae
1609 4214 1678 4269 ad
1727 4215 1884 4271 tidem
1914 4217 2111 4274 Christi
2150 4236 2247 4276 sua

661 4296 921 4351 industria
952 4299 1235 4364 convertit,
1260 4300 1507 4357 latiorem
1534 4303 1589 4357 in
1613 4311 1796 4359 nostra
1819 4306 2042 4363 historia
2071 4310 2248 4365 eccle-

661 4386 875 4440 siastica
906 4385 1081 4441 facere
1118 4402 1442 4445 sermonem.
1472 4390 1643 4458 Quem
1672 4402 1821 4450 recte
1867 4407 2110 4453 nostrum
2158 4415 2248 4471 ap-

664 4476 870 4546 pellare
919 4486 1204 4547 possumus
1254 4490 1310 4535 et
1361 4480 1620 4539 debemus
1683 4487 2022 4555 apostolum,
2078 4492 2245 4559 quia,
2281 4498 2325 4553 D

663 4583 786 4622 cutn
817 4569 1047 4640 primum
1077 4570 1131 4624 in
1169 4578 1286 4627 toto
1332 4573 1463 4628 orbe
1509 4582 1723 4643 gereret
1763 4578 2159 4649 pontiﬁcatum,
2194 4591 2249 4637 et

660 4660 935 4714 conversis
953 4659 1266 4728 jamdudum
1289 4663 1354 4716 ad
1382 4663 1536 4718 tidem
1567 4666 1807 4723 veritatis
1835 4677 1979 4724 esset
2000 4671 2249 4739 praelatus

660 4747 714 4801 in
746 4743 1005 4811 Ecclesia,
1036 4758 1271 4803 nostram
1304 4761 1516 4820 gentem
1544 4764 1767 4810 eatenus
1795 4756 1952 4813 idolis
1976 4760 2249 4831 mancipa-

660 4848 772 4893 tam
800 4838 999 4894 Christi
1030 4840 1155 4895 fecit
1185 4842 1474 4898 Ecclesiam
1500 4862 1512 4898 :
1539 4846 1611 4899 ita
1644 4855 1700 4900 ut
1723 4848 2078 4917 apostolicum
2100 4850 2248 4906 illum

662 4931 729 4986 de
758 4946 825 4986 eo
856 4931 1014 4987 liceat
1041 4934 1194 4989 nobis
1221 4936 1461 5005 proferre
1491 4953 1813 5006 sermonem,
1846 4942 1971 5011 quia
2000 4944 2101 4998 etsi
2127 4945 2248 5001 aliis

657 5038 768 5077 non
798 5033 881 5078 est
909 5026 1207 5094 apostolus,
1240 5028 1334 5082 sed
1361 5036 1540 5083 tamen
1568 5031 1723 5086 nobis
1743 5040 1827 5087 est
1855 5050 1867 5085 :
1898 5031 2041 5088 Nam
2068 5036 2249 5106 signa-

658 5112 830 5164 culum
858 5113 1177 5181 apostolatus
1204 5116 1314 5186 ejus
1343 5132 1436 5170 nos
1475 5134 1651 5171 sumus
1679 5121 1731 5172 in
1770 5118 1993 5176 Domino
2026 5123 2093 5194 (1
2125 5123 2246 5180 Cor.

656 5215 733 5267 Ix,
766 5200 843 5271 2).
875 5200 1002 5257 Erat
1029 5213 1209 5259 autem
1238 5208 1456 5261 natione
1484 5209 1789 5276 Romanus,
1821 5226 1887 5265 ex
1933 5222 2086 5282 patre
2110 5214 2248 5269 Gor-

657 5296 839 5361 diano,
876 5310 1043 5365 genus
1064 5313 1094 5350 a
1119 5299 1334 5366 proavis
1362 5316 1469 5355 non
1492 5301 1664 5356 solum
1697 5303 1894 5371 nobile,
1919 5305 2011 5359 sed
2038 5315 2093 5360 et
2123 5308 2250 5362 reli—

656 5386 889 5455 giosum,
917 5386 1135 5444 ducens.
1168 5387 1369 5445 Deinde
1394 5390 1563 5458 Felix,
1588 5392 1830 5461 ejusdem
1859 5395 1999 5451 sedis
2029 5407 2250 5466 aposto-

658 5475 773 5532 lica:
802 5478 1073 5548 quondam
1099 5481 1418 5551 episcopus,
1446 5483 1529 5537 vir
1569 5498 1774 5554 magnae
1801 5487 1985 5556 gloriae
2015 5490 2069 5544 in
2095 5492 2248 5547 Chri-

658 5574 741 5619 sto
768 5574 825 5622 et
854 5564 907 5622 in
938 5567 1190 5635 Ecclesia,
1220 5568 1320 5625 fuit
1347 5571 1463 5641 ejus
1493 5581 1701 5630 atavus.
1728 5573 1837 5632 Sed
1864 5585 1918 5632 et
1948 5578 2062 5649 ipse
2086 5582 2243 5636 nobi-

663 5655 866 5713 litatem
912 5660 1189 5730 religionis
1232 5678 1340 5719 non
1376 5664 1641 5721 minorem
1687 5680 1850 5737 quam
1899 5677 2152 5739 parentes
2189 5682 2246 5728 et

2354 1830 2498 1879 terre
2527 1832 2905 1881 consueverat.
2928 1824 3168 1895 Denique
3199 1838 3440 1896 tempore
3466 1830 3707 1897 quodam
3737 1842 3939 1886 secreto

2350 1930 2475 1970 eum
2528 1916 2758 1972 diacono
2821 1931 2921 1971 suo
2981 1915 3142 1972 Petro
3197 1918 3557 1988 colloquens,
3617 1923 3938 1976 enumeratis

2351 2004 2516 2059 animi
2546 2006 2628 2059 sui
2658 2006 2947 2061 virtutibus
2974 2007 3180 2076 priscis,
3217 2023 3343 2062 mox
3373 2007 3606 2064 dolendo
3629 2010 3934 2079 subjunxit:

2362 2111 2379 2145 ι
2417 2096 2487 2147 At
2527 2109 2668 2148 nunc
2692 2109 2758 2148 ex
2790 2096 3079 2150 occasione
3108 2110 3249 2149 cura:
3276 2097 3562 2165 pastoralis
3612 2100 3937 2152 saecularium

2350 2186 2627 2241 hominum
2672 2188 2889 2256 negotia
2941 2187 3163 2257 patitur,
3222 2195 3278 2243 et
3328 2197 3451 2258 post
3504 2198 3613 2245 tam
3668 2193 3937 2261 pulchram

2350 2275 2546 2344 quietis
2574 2291 2683 2331 sua:
2709 2277 2968 2346 speciem,
3005 2278 3203 2332 terreni
3248 2286 3402 2333 actus
3430 2279 3654 2349 pulvere
3698 2280 3937 2338 findatur.

2350 2365 2593 2436 Cumque
2622 2382 2721 2437 pro
2751 2367 3213 2423 condescensione
3257 2370 3550 2427 multorum
3593 2387 3653 2427 se
3691 2374 3758 2427 ad
3801 2385 3937 2430 exte-

2350 2458 2495 2513 riora
2526 2459 2807 2528 sparserit,
2838 2459 3002 2512 etiam
3025 2474 3147 2513 cum
3178 2459 3435 2515 interiora
3476 2464 3708 2532 appetit,
3748 2465 3813 2517 ad
3840 2466 3937 2519 hxcc

2357 2546 2712 2616 proculdubio
2781 2546 2959 2600 minor
3020 2547 3177 2601 redit.
3233 2545 3517 2618 Perpendo
3570 2550 3758 2619 itaque
3823 2554 3937 2619 quid

2354 2635 2565 2701 tolero,
2598 2635 2875 2705 perpendo
2913 2634 3039 2703 quid
3068 2636 3221 2689 amisi
3255 2653 3269 2701 ;
3312 2636 3547 2709 dumque
3576 2640 3799 2695 intueor
3826 2642 3936 2698 illud

2351 2726 2493 2795 quod
2519 2726 2745 2795 perdidi,
2772 2725 2831 2779 lit
2860 2726 2961 2781 hoc
2985 2727 3198 2795 gravius
3218 2728 3361 2794 quod
3391 2740 3569 2798 porto.
3602 2749 3621 2781 ι
3656 2728 3854 2799 tibia.)

2424 2813 2551 2869 llazc
2580 2814 2797 2885 quidem
2820 2824 3039 2870 sanctus
3069 2816 3149 2869 vir
3179 2832 3245 2871 ex
3286 2832 3493 2887 magna:
3520 2818 3845 2875 butnilitatis
3870 2823 3936 2875 in-

2350 2902 2594 2957 tentione
2639 2901 2884 2969 diccbat,
2921 2904 3014 2957 sed
3057 2920 3154 2959 nos
3197 2906 3423 2961 credere
3468 2907 3624 2963 decet
3672 2910 3807 2964 nihil
3834 2926 3940 2964 eum

2363 2993 2697 3048 monacliicm
2724 2993 3071 3063 perfectionis
3101 2996 3395 3063 perdidisse
3418 3038 3432 3061 ,
3480 2998 3773 3055 occasione
3816 3016 3940 3055 cuzzr

2351 3088 2680 3159 pastoralis;
2724 3089 2835 3144 imo
2872 3089 3140 3158 potiorem
3181 3096 3309 3146 tunc
3333 3091 3624 3161 sumpsisse
3653 3094 3938 3164 profectum

2358 3179 2426 3233 de
2455 3179 2640 3235 labore
2669 3182 3037 3237 conversionis
3069 3185 3393 3250 multorum,
3425 3201 3584 3254 quam
3625 3187 3696 3241 de
3726 3189 3938 3257 propria

2357 3272 2630 3341 quondam
2650 3274 2833 3342 quiete
2853 3276 3221 3330 conversionis
3251 3277 3528 3342 habuerat,
3549 3278 3793 3334 maxime
3816 3280 3939 3350 quod

2357 3370 2414 3417 et
2442 3363 2733 3433 pontiﬁcali
2763 3365 2976 3419 functus
3006 3365 3207 3432 cilicio,
3236 3366 3453 3422 domum
3486 3383 3638 3421 suam
3673 3380 3937 3425 monaste-

2356 3455 2494 3509 rium
2524 3456 2701 3511 facere
2730 3458 2958 3513 curavit.
2991 3457 3059 3511 Et
3087 3458 3212 3512 dum
3250 3459 3483 3529 primum
3515 3459 3582 3514 de
3619 3476 3789 3515 morsa
3823 3462 3938 3515 terio

2358 3546 2678 3616 abstractus,
2708 3547 2775 3602 ad
2825 3548 3180 3603 ministerium
3230 3549 3413 3605 altaris
3454 3550 3765 3616 ordinatus,
3799 3561 3939 3619 atque

2357 3634 2877 3708 Constantinopolim
2926 3639 3305 3707 apocrisiarius
3357 3639 3424 3693 ab
3470 3640 3777 3709 apostolica
3830 3642 3941 3696 sede

2356 3725 2594 3780 directus
2632 3737 2747 3795 est,
2779 3742 2885 3782 non
2918 3737 3092 3783 tamen
3126 3728 3177 3783 in
3226 3738 3441 3783 terreno
3470 3739 3831 3784 conversatus
3858 3747 3940 3800 pa-

2356 3815 2519 3882 latio,
2572 3818 2909 3887 propositum
2965 3819 3089 3873 vita:
3144 3819 3381 3874 cmlcstis
3450 3820 3766 3875 intermisit.
3822 3820 3939 3875 Nam

2356 3907 2620 3974 quosdam
2652 3905 2874 3961 fratrum
2903 3922 2970 3961 ex
2994 3909 3323 3963 monasterio
3347 3924 3466 3973 suo,
3497 3909 3588 3977 qui
3623 3924 3758 3963 eum
3786 3909 3939 3978 gratia

2356 4007 2627 4062 germana:
2665 3996 2942 4052 charitatis
2973 3998 3037 4052 ad
3068 4001 3271 4068 regiam
3300 4001 3483 4055 urbem
3510 4002 3680 4056 secuti
3717 4012 3861 4067 sunt,
3892 4003 3937 4055 in

2360 4091 2717 4138 tutamentum
2766 4087 2931 4156 erepit
2976 4089 3332 4143 observantia:
3382 4089 3644 4157 regularis
3696 4090 3937 4146 habere:

2356 4171 2627 4241 videlicet,
2661 4182 2717 4227 ut
2745 4189 2931 4230 eorum
2962 4191 3176 4244 semper
3205 4178 3473 4247 exemplo,
3508 4179 3648 4234 sicut
3676 4182 3798 4250 ipse
3820 4182 3940 4235 scri-

2356 4262 2453 4324 bit,
2485 4262 2551 4317 ad
2590 4264 2852 4319 orationis
2880 4265 3149 4334 placidum
3181 4267 3329 4322 littus
3365 4268 3519 4336 quasi
3547 4270 3806 4324 aneborm
3827 4271 3939 4324 fune

2355 4349 2784 4419 restringeretur,
2815 4369 2937 4408 cum
2969 4355 3272 4410 incessabili
3303 4372 3584 4411 causarum
3609 4360 3936 4413 saecularium

2357 4435 2589 4505 impu'su
2653 4436 2973 4506 ﬂuctuaret,
3021 4459 3445 4514 concussamque
3504 4447 3685 4501 saeculi
3745 4448 3936 4501 actibus

2352 4532 2585 4578 mentem
2618 4526 2758 4581 inter
2786 4543 2881 4582 eos
2908 4530 3149 4599 quotidie
3178 4546 3275 4602 per
3301 4533 3555 4589 studiose
3583 4534 3833 4591 lectionis
3860 4552 3933 4589 ro-

2353 4610 2572 4665 boraret
2600 4612 2916 4683 alloquium.

2427 4697 2627 4754 Horum
2672 4716 2801 4769 ergo
2838 4707 3114 4761 consort'o
3153 4724 3260 4762 non
3299 4709 3473 4764 solum
3515 4726 3546 4764 a
3588 4712 3819 4765 terrenis
3855 4718 3930 4765 est

2354 4788 2594 4842 munitus
2640 4788 2975 4859 incursibus,
3006 4810 3195 4849 verum
3243 4797 3403 4850 etiam
3447 4799 3514 4851 al
3558 4798 3795 4854 cmlestis
3826 4799 3935 4851 vita

2356 4876 2613 4931 exercitia
2656 4879 2828 4947 magis
2877 4882 3155 4953 magisque
3208 4900 3523 4940 succensus.
3570 4886 3704 4941 Nam
3746 4887 3934 4942 hortati

2354 4972 2480 5017 sunt
2504 4981 2628 5019 eum
2653 4977 2710 5020 ut
2737 4967 2930 5023 librum
2961 4971 3101 5026 beati
3131 4972 3252 5039 Job,
3284 4975 3490 5043 magnis
3520 4976 3820 5031 involutum
3841 4977 3932 5029 ob-

2355 5056 2726 5117 scuritatibus,
2757 5060 2981 5128 mystica
3011 5062 3459 5131 interpretatione
3496 5065 3817 5130 discuteret;
3848 5080 3935 5118 ue-

2357 5159 2463 5213 que
2510 5160 2707 5214 negare
2749 5150 2921 5216 potuit
2960 5165 3097 5219 Opus
3138 5153 3285 5220 quod
3336 5154 3437 5207 sibi
3481 5153 3749 5209 fraternus
3793 5168 3934 5208 amor

2357 5234 2539 5289 multis
2566 5237 2693 5291 utile
2720 5238 2954 5294 futurum
2986 5241 3316 5311 imponebat.
3343 5242 3449 5299 Sed
3474 5246 3722 5300 eumdem
3748 5244 3933 5297 librmn

2357 5324 2629 5389 quomodo
2671 5326 2824 5394 juxta
2876 5328 3108 5383 litteram
3162 5331 3563 5401 intelligendus,
3605 5332 3831 5402 qualiter
3878 5332 3936 5383 ad

2357 5408 2554 5466 Christi
2587 5423 2642 5468 et
2661 5413 2783 5471 Eccl
2794 5417 2913 5471 δεῖτε
2938 5428 3275 5475 sacramenta
3300 5421 3632 5486 referendus,
3656 5437 3763 5491 quo
3785 5434 3937 5475 sensu

2347 5501 2638 5573 unicuique
2669 5501 2906 5560 ﬁdelium
2952 5508 3021 5561 sit
3070 5510 3357 5578 aptandus,
3405 5526 3503 5580 per
3533 5512 3745 5581 triginta
3787 5508 3936 5575 quin-

2346 5604 2455 5658 qne
2495 5592 2663 5649 libros
2700 5597 3055 5665 expositionis
3096 5600 3338 5655 miranda
3386 5596 3598 5656 ratione
3644 5598 3929 5673 perdocuit.

2345 5677 2499 5744 Quod
2525 5681 2777 5741 videlicet
2813 5702 2950 5757 opus
2976 5687 3027 5742 in
3070 5690 3213 5760 regia
3241 5690 3456 5760 quidem
3486 5692 3619 5748 urbe
3644 5688 3929 5761 apocrisia-

734 5757 761 5783 ι
790 5744 996 5803 Floruit
1048 5749 1327 5809 desinente
1371 5766 1495 5808 saec.
1526 5767 1601 5811 vn
1631 5763 1687 5811 et
1734 5753 1843 5815 fere
1873 5773 1971 5830 per
2008 5757 2079 5813 55
2120 5777 2293 5821 annos
2322 5768 2506 5826 saeculi
2535 5786 2644 5833 vm.
