3976 6358
119 375 196 432 ωδ

803 354 1215 412 TESTIMONIA
1256 351 1341 406 ET
1388 348 1637 403 ELOGIA
1683 348 1769 403 DE
1811 346 1868 401 S.
1912 343 2264 401 GREGORIO
2302 344 2558 400 MAGNO.

3224 345 3323 397 494

118 493 203 545 rius
225 474 491 539 inchoavit,
520 469 705 525 Romae
731 478 910 522 autem
938 468 1047 536 jam
1076 467 1246 521 factus
1276 462 1515 535 pontifex
1547 464 1643 517 im-
1674 470 1719 522 Α
1749 460 1891 528 quod
1921 474 2020 514 nec
2046 468 2196 514 tanto
2218 460 2392 528 potuit
2412 459 2656 528 corporis
2683 458 2869 513 dolore
2895 458 3162 526 restringi.
3194 458 3323 514 Nam

117 574 265 649 plevit.
290 565 529 634 Quicum
568 567 712 614 esset
751 557 926 612 adhuc
964 558 1019 611 in
1061 558 1192 610 urbe
1228 556 1373 621 regia
1412 555 1639 623 positus,

119 643 383 721 nascentem
420 650 490 705 ibi
518 662 712 703 novam
756 646 1003 701 haeresim
1051 643 1120 698 de
1157 652 1299 698 statu
1331 650 1526 697 nostrae
1556 655 1642 695 re-

116 742 436 810 surrectionis,
468 738 519 793 in
550 738 689 808 ipso,
716 750 823 805 quo
848 742 1036 788 exorta
1076 740 1178 795 est,
1217 731 1397 796 initio,
1426 730 1647 799 juvante

118 855 165 897 se
185 832 334 904 gratia
360 825 630 884 catholicae
657 821 917 887 veritatis,
960 820 1182 875 attrivit.
1209 820 1267 875 Si
1294 818 1508 888 quidem
1541 816 1647 871 Eu-

118 926 309 1000 tychius,
335 916 571 986 ejusdem
603 912 749 968 urbis
769 912 1073 980 episc0pus,
1105 909 1503 1000 dogmatizabat
1521 921 1647 1000 eor-

120 996 194 1090 pus
214 1020 435 1068 nostrum
460 1008 514 1062 in
544 1006 633 1060 illa
655 1003 1064 1059 resurrectionis
1092 1001 1261 1071 gloria
1284 996 1646 1068 imj‘alpabile,

120 1087 274 1168 ventis,
303 1111 526 1166 aereque
551 1094 797 1150 subtilius
821 1107 941 1148 esse
979 1091 1236 1146 futurum.
1264 1087 1419 1155 Quod
1442 1087 1534 1157 ille
1556 1100 1650 1140 au-

119 1198 253 1258 diens,
282 1198 334 1246 et
356 1187 561 1242 ratione
585 1185 826 1240 veritatis
855 1192 909 1238 et
937 1181 1187 1251 exemplo
1232 1179 1528 1247 Dominicae
1566 1192 1652 1232 re-

121 1279 429 1343 surrectionis
481 1276 729 1348 probavit
772 1275 877 1329 hoc
922 1274 1115 1342 dogma
1165 1271 1481 1327 orthodoxa:
1532 1268 1653 1323 ﬁdei

118 1368 395 1428 omnimodis
428 1380 547 1420 esse
589 1363 937 1419 contrarium.
978 1361 1255 1417 Catholica
1285 1360 1482 1415 etenim
1523 1356 1654 1414 ﬁdes

119 1462 248 1517 liabet
286 1454 427 1526 quod
476 1468 673 1523 corpus
718 1462 958 1507 nostrum
1010 1452 1060 1505 in
1110 1451 1197 1505 illa
1231 1449 1655 1505 immortalitatis

120 1549 253 1619 gloria
283 1545 620 1600 sublimatum
639 1581 656 1608 ,
684 1544 879 1598 subtile
922 1541 1136 1610 quidem
1166 1541 1236 1595 sit
1282 1556 1381 1611 per
1402 1539 1654 1594 eﬁ‘ectum

120 1637 335 1709 spiritalis
358 1634 642 1705 potentiae,
673 1633 767 1688 sed
797 1632 1063 1703 palpabile
1110 1646 1203 1700 per
1230 1631 1510 1686 veritatem
1559 1644 1655 1684 na-

122 1740 240 1790 turai,
261 1726 403 1795 juxta
443 1723 746 1793 exemplum
793 1721 1056 1776 Dominiei
1104 1720 1364 1790 corporis,
1395 1718 1462 1774 de
1489 1733 1596 1788 quo
1623 1733 1655 1773 a

1747 550 1836 603 alii
1864 551 2079 619 quidem
2102 549 2383 618 pontiliees
2407 548 2781 603 construendis
2805 548 3166 618 ornandisque
3192 562 3327 604 auro

1746 640 1832 693 vel
1854 648 2073 708 argento
2094 638 2338 693 ecclesiis
2361 652 2580 704 operam
2604 637 2795 692 dabant
2825 655 2838 691 :
2863 638 2949 692 hic
2977 646 3155 691 autem
3183 646 3328 691 totus

1746 745 1872 798 erga
1903 730 2200 784 animarum
2228 730 2375 783 lucra
2404 729 2648 783 vacabat.
2678 724 2941 796 Quidquid
2971 727 3210 797 pecunia:
3231 727 3328 781 ha-

1748 821 1968 886 buerat,
2003 821 2221 875 sedulus
2247 822 2351 875 hoc
2386 821 2694 890 dispergere
2744 836 2807 875 ac
2847 822 2977 875 dare
3005 821 3329 890 pauperibus

1748 913 1988 977 curabat,
2018 920 2076 965 ut
2088 914 2298 983 justitia
2318 913 2426 982 ejus
2456 922 2683 967 maneret
2706 914 2762 967 in
2782 914 3022 967 swculum
3049 913 3250 981 smculi,
3281 922 3331 967 et

1748 1015 1908 1052 cornu
1937 999 2048 1070 ejus
2075 1000 2396 1053 exaltaretur
2417 1001 2472 1054 in
2502 1002 2669 1072 gloria
2699 1002 2869 1069 (Psal.
2897 1018 3003 1066 cu,
3030 1002 3086 1072 8)
3120 1020 3133 1055 :
3166 1003 3239 1056 ita
3272 1010 3333 1057 ut

1750 1088 1878 1142 illud
1914 1088 2057 1142 beati
2082 1087 2182 1143 Job
2210 1089 2473 1144 veraciter
2494 1091 2673 1143 dicere
2695 1098 2876 1159 posset
2902 1108 2913 1142 :
2940 1092 3091 1145 Auris
3116 1092 3333 1146 audiens

1751 1177 2078 1248 beatiﬁcabat
2105 1195 2203 1244 me,
2234 1188 2283 1231 et
2312 1180 2489 1233 oculus
2518 1179 2693 1233 uidens
2716 1183 3058 1235 testimonium
3086 1184 3334 1239 reddebat

1751 1268 1903 1332 mihi,
1928 1269 2063 1340 quod
2093 1267 2389 1322 liberassem
2420 1285 2698 1339 pauperem
2747 1270 3131 1339 vociferantem,
3160 1282 3209 1325 et
3238 1291 3333 1342 pu-

1752 1359 1931 1429 pillum
1961 1360 2042 1412 cui
2072 1376 2175 1413 non
2200 1370 2333 1413 esset
2363 1359 2590 1430 adjutor.
2616 1359 2909 1414 Benedictio
2938 1363 3153 1430 perituri
3184 1379 3337 1433 super

1753 1467 1834 1503 me
1858 1448 2109 1514 veniebat,
2142 1460 2191 1504 et
2220 1467 2308 1504 cor
2334 1452 2499 1506 vidua:
2528 1452 2819 1505 consolatus
2851 1468 2981 1505 sum.
3014 1451 3226 1507 Iustitia
3256 1455 3339 1507 in-

1754 1542 1906 1596 dutus
1935 1559 2069 1609 sum,
2096 1552 2146 1596 et
2172 1543 2345 1597 vestivi
2372 1560 2452 1596 me
2472 1543 2603 1596 sicut
2624 1545 2921 1599 vestimento
2950 1555 2999 1598 et
3022 1545 3334 1610 diademate,

1747 1634 1945 1704 judicio
1973 1649 2105 1688 meo.
2139 1633 2330 1687 Oculus
2373 1634 2447 1704 fui
2489 1650 2657 1697 cwco,
2700 1644 2748 1687 et
2794 1652 2884 1705 pes
2928 1636 3135 1690 claudo.
3182 1636 3340 1690 Pater

1754 1739 1899 1777 eram
1937 1740 2241 1792 pauperum,
2272 1732 2320 1777 et
2344 1740 2553 1777 causam
2600 1740 2752 1795 quam
2783 1724 3068 1778 nesciebam
3114 1725 3337 1794 diligen-

122 1816 309 1871 ηιοι-ιιιίε
343 1814 599 1869 suscitato
646 1812 776 1866 dicit
825 1812 940 1881 ipse
986 1809 1254 1879 discipulis
1296 1826 1309 1862 :
1345 1806 1567 1877 Palpate
1606 1817 1655 1861 et
1686 1820 1730 1881 Β
1759 1816 1954 1869 tissime
1979 1815 2370 1886 inuestigabam.
2401 1814 2739 1869 Conterebam
2775 1815 2940 1869 molas
2968 1817 3154 1887 iniqui,
3189 1825 3237 1870 et
3278 1818 3341 1870 de

121 1909 252 1964 ridete
268 1908 379 1977 quia
398 1905 612 1976 spiritus
637 1920 844 1957 carnem
868 1911 917 1956 et
946 1918 1064 1956 ossa
1087 1917 1190 1955 non
1219 1900 1390 1967 liabet,
1422 1900 1552 1952 sicut
1578 1914 1661 1952 me

121 2000 267 2055 videtis
300 1996 480 2051 habere
527 1995 677 2068 (Luc.
729 2010 874 2061 xnv,
923 1994 1036 2063 59).
1067 1992 1125 2047 1η
1171 1991 1322 2060 cujus
1364 1990 1662 2047 assertione

123 2087 222 2142 ﬁdei
247 2076 557 2142 venerabilis
600 2084 762 2139 Pater
804 2081 1094 2151 Gregorius
1136 2082 1190 2136 in
1235 2089 1439 2135 tantum
1470 2088 1662 2135 contra

123 2182 388 2229 nascentem
410 2173 657 2228 hmresim
686 2188 877 2227 novam
907 2172 1149 2226 laborare
1176 2170 1471 2238 contendit,
1496 2176 1663 2223 tanta-

123 2280 204 2333 que
228 2266 317 2319 hac
339 2264 611 2328 instantia,
636 2264 858 2333 juvante
878 2264 1038 2319 etiam
1068 2263 1309 2333 piissimo
1340 2263 1674 2331 imperatore.

124 2356 302 2411 Tiberio
326 2354 703 2423 Constantino,
728 2356 1063 2421 comminuit,
1096 2362 1153 2408 ut
1175 2354 1348 2408 nullus
1374 2351 1567 2407 exinde
1594 2351 1664 2406 sit

124 2446 351 2513 inventus,
380 2446 471 2515 qui
505 2445 621 2514 ejus
648 2445 998 2501 resuscitator
1027 2444 1305 2499 existeret.

178 2538 329 2592 Alium
355 2552 575 2606 quoque
601 2537 791 2591 librum
810 2536 1108 2608 composuit
1128 2535 1421 2604 egregium,
1449 2535 1541 2604 qui
1569 2548 1665 2588 vo-

125 2638 246 2681 catur
283 2626 594 2691 Pastoralis,
642 2628 696 2681 in
751 2641 858 2695 quo
899 2624 1177 2680 manifesta
1228 2627 1347 2680 luce
1389 2624 1664 2693 patefecit,

126 2716 267 2785 qualis
303 2716 365 2769 ad
401 2714 659 2771 Ecclesia:
688 2716 923 2784 regimen
952 2715 1171 2783 assumi,
1198 2716 1429 2785 qualiter
1454 2716 1554 2783 ipsi
1581 2730 1667 2770 re-

128 2815 275 2862 ctores
300 2806 475 2862 vivere
493 2848 514 2875 ,
543 2820 648 2875 qua
681 2806 1003 2861 discretione
1047 2806 1280 2874 singulas
1303 2820 1541 2874 quasque
1570 2819 1668 2857 au-

126 2897 347 2952 dientium
392 2897 667 2952 instruere
713 2913 991 2967 personas,
1025 2905 1080 2951 et
1127 2904 1323 2966 quanta
1364 2895 1670 2950 considera-

126 2987 245 3043 tione
281 2989 549 3058 propriam
589 2988 829 3058 quotidie
880 2987 1110 3042 debeant
1156 2986 1495 3051 fragilitatem
1532 3001 1667 3055 pen-

126 3095 237 3135 sare.
271 3079 370 3135 Sed
400 3090 452 3134 et
482 3078 746 3135 Homilias
774 3078 1044 3148 Evangelii
1071 3093 1293 3132 numero
1318 3078 1667 3147 quadraginta

1762 1905 1996 1961 dentibus
2036 1908 2178 1961 illius
2219 1906 2512 1977 auferebam
2551 1909 2780 1977 praedam
2816 1908 2955 1978 (Job.
2989 1925 3145 1973 xxix,
3182 1908 3240 1963 ll
3291 1918 3341 1962 et

1760 1996 1915 2067 seq.).
1938 1996 2004 2051 Et
2032 1997 2191 2069 paulo
2215 2005 2337 2066 post
2362 2014 2377 2050 :
2410 1998 2469 2051 Si
2494 1999 2690 2067 negavi,
2715 1998 2904 2068 inquit,
2929 1999 3062 2070 quod
3082 1997 3339 2064 volebant,

1761 2084 2088 2155 pauperibus,
2112 2096 2161 2139 et
2190 2088 2364 2141 oculos
2391 2087 2558 2140 vidum
2585 2098 2885 2156 exspectare
2905 2089 3021 2158 feci.
3058 2088 3117 2144 Si
3147 2106 3255 2143 com
3288 2091 3342 2142 di

1762 2172 2041 2227 buccellam
2067 2192 2232 2228 meum
2252 2175 2412 2241 solus,
2445 2184 2493 2228 et
2519 2192 2621 2229 non
2655 2177 2874 2230 comedit
2910 2165 3133 2247 pupillus
3160 2194 3227 2232 ea:
3252 2194 3338 2232 ea.

1765 2260 1900 2328 Quia
1938 2267 2001 2317 ab
2044 2266 2269 2335 infantia
2298 2281 2412 2319 mea
2439 2268 2593 2320 crevit
2630 2282 2826 2320 mecum
2865 2268 3157 2334 miseratio,
3190 2278 3239 2322 et
3282 2270 3345 2322 de

1762 2364 1906 2407 utero
1935 2356 2116 2409 matris
2143 2370 2270 2409 mea:
2296 2371 2501 2425 egressa
2532 2365 2607 2409 est
2634 2370 2828 2409 mecum
2851 2356 2990 2426 (Job.
3024 2373 3171 2423 xxxx,
3203 2357 3269 2410 l6
3296 2365 3347 2411 et

1768 2446 1917 2516 ιαμ).

1837 2534 1917 2588 Ad
1943 2534 2094 2603 cujus
2132 2536 2348 2606 pietatis
2374 2544 2428 2590 et
2469 2535 2688 2605 justitite
2733 2552 2868 2607 Opus
2915 2539 3150 2608 pertinet
3181 2540 3347 2594 etiam

1766 2624 1889 2689 hoc,
1932 2626 2075 2694 quod
2116 2637 2358 2681 nostram
2398 2634 2614 2694 gentem
2657 2642 2755 2697 per
2796 2628 3176 2697 praedicatores
3212 2644 3349 2698 quos

1768 2715 1872 2770 huc
1912 2716 2139 2781 direxit,
2191 2718 2258 2771 de
2308 2717 2557 2772 dentibus
2608 2718 2812 2787 antiqui
2869 2718 3039 2774 hostis
3092 2720 3347 2788 eripiens,

1767 2814 1982 2862 aeternae
2007 2807 2269 2864 libertatis
2299 2807 2426 2862 fecit
2452 2823 2573 2862 esse
2598 2809 2936 2878 participem.
2961 2807 3125 2878 Cujus
3148 2810 3269 2863 lidei
3295 2817 3350 2863 et

1768 2897 1927 2952 saluti
1950 2897 2311 2965 congaudens,
2337 2913 2565 2968 quaeque
2590 2899 2746 2968 digna
2767 2898 2924 2953 laude
2944 2897 3347 2966 eommendans,

1770 2989 1885 3059 ipse
1918 2990 2048 3044 dicit
2093 2989 2145 3043 in
2184 2987 2538 3060 Expositione
2587 2991 2729 3044 beati
2768 2989 2867 3044 Job
2897 3007 2909 3043 :
2946 3007 2965 3041 ι
2997 2989 3135 3045 Ecce
3171 2991 3350 3059 lingua

1772 3078 2088 3147 Britanniai,
2122 3094 2240 3147 qua:
2286 3079 2418 3133 nihil
2447 3078 2589 3133 aliud
2618 3087 2845 3135 noverat
2873 3094 3033 3147 quam
3062 3080 3351 3134 barbarum

128 3170 408 3242 composuit,
437 3185 580 3240 quas
610 3171 662 3224 in
694 3170 897 3224 duobus
920 3169 1194 3225 codicibus
1208 3184 1360 3239 azqua
1381 3177 1529 3224 sorte
1556 3167 1669 3223 dis-
1699 3178 1744 3240 ρ
1774 3166 2041 3235 frendere,
2069 3168 2180 3236 jam
2224 3167 2419 3223 dudum
2467 3167 2519 3221 in
2555 3168 2750 3224 divinis
2793 3168 3041 3223 laudibus
3068 3168 3353 3224 Hebraeum

127 3262 271 3317 tinxit.
304 3262 497 3321 Libros
547 3262 708 3317 etiam
760 3262 1104 3329 Dialogorum
1155 3269 1386 3330 quatuor
1429 3260 1667 3329 lecit,in

128 3352 284 3418 quibus
306 3360 491 3422 rogatu
529 3349 696 3418 Petri,
725 3350 939 3405 diaconi
965 3350 1069 3415 sui,
1096 3349 1324 3405 virtutes
1361 3356 1669 3405 sanctorum

126 3454 234 3508 quos
254 3442 301 3495 in
343 3442 488 3496 Italia
537 3441 794 3497 clariores
836 3456 996 3495 nosse
1022 3441 1107 3495 vel
1134 3441 1320 3495 audire
1364 3445 1577 3508 poterat
1606 3438 1672 3492 ad

128 3533 388 3603 exemplum
416 3532 635 3588 vivendi
662 3532 892 3602 posteris
911 3533 1126 3602 collegit
1151 3550 1164 3585 :
1190 3539 1267 3599 ut,
1285 3534 1422 3587 sicut
1443 3531 1497 3586 in
1523 3530 1675 3585 libris

128 3620 492 3692 Expositionum
530 3639 746 3679 suarum
774 3623 964 3691 quibus
1001 3623 1071 3678 sit
1112 3623 1395 3678 virtutibus
1423 3621 1675 3676 insudan-

128 3712 223 3767 dum
265 3715 496 3782 edocuit,
534 3714 607 3768 ita
637 3714 828 3781 etiam,
864 3713 1146 3783 descriptis
1177 3722 1486 3769 sanctorum
1513 3712 1675 3765 mira-

126 3803 258 3873 culis,
285 3820 399 3875 qua:
425 3807 690 3861 virtutum
718 3805 1027 3861 eorurndem
1069 3806 1138 3859 sit
1165 3805 1383 3860 claritas
1420 3802 1674 3860 ostende-

126 3900 206 3947 ret.
232 3893 451 3950 Primam
477 3912 700 3965 quoque
722 3903 778 3952 et
800 3896 1040 3951 ultimam
1065 3895 1357 3950 Ezechielis
1382 3894 1676 3965 prophetia

126 3990 299 4049 partem
318 4023 334 4051 ,
363 4000 483 4055 qua:
539 3984 857 4040 videbantur
883 3984 1224 4040 obscuriores
1242 4025 1256 4053 ,
1289 3999 1386 4054 per
1415 3983 1677 4039 Homilies

125 4072 282 4141 viginti
323 4075 457 4129 duas
486 4074 806 4138 declaravit,
836 4089 901 4129 ac
927 4081 1184 4142 quantum
1224 4073 1359 4127 lucis
1406 4072 1552 4127 intus
1581 4073 1677 4127 ha-

126 4160 284 4227 beant,
316 4163 731 4219 demonstravit.
762 4162 1002 4234 Excepto
1032 4164 1211 4218 libello
1243 4162 1677 4233 ResponsiOnum

124 4266 254 4318 quem
282 4255 348 4308 ad
388 4255 845 4325 interrogationes
870 4254 929 4311 S.
956 4254 1260 4323 Augustini,
1290 4255 1450 4325 primi
1480 4255 1679 4325 Anglo-

126 4357 219 4395 rum
269 4346 531 4416 episcopi,
575 4345 805 4415 scripsit,
848 4354 908 4400 ut
951 4360 1111 4415 supra
1156 4346 1454 4412 docuimus,
1508 4354 1678 4401 totum

124 4431 269 4499 ipsum
299 4437 543 4491 libellum
573 4436 657 4490 bis
687 4435 975 4492 inferentes
1020 4436 1293 4503 historiis;
1323 4437 1504 4493 libello
1544 4452 1679 4506 quo-

1772 3258 1936 3326 ctepit
1959 3257 2181 3310 Alleluia
2201 3272 2474 3312 resonare.
2506 3258 2647 3312 Ecce
2672 3259 2940 3328 quondam
2969 3259 3219 3326 tumidus,
3242 3261 3355 3329 jam

1771 3350 2071 3405 substratus
2105 3358 2415 3405 sanctorum
2454 3349 2676 3419 pedibus
2703 3350 2869 3404 servit
2899 3350 3181 3417 Oceanus;
3214 3351 3357 3420 ejus~

1770 3445 1891 3509 que‘
1907 3441 2168 3496 Barbaros
2208 3442 2475 3509 immites,
2504 3456 2641 3510 quos
2685 3442 2880 3496 terreni
2921 3443 3190 3512 principes
3227 3444 3357 3498 edu-

1772 3546 1923 3586 mare
1952 3533 2324 3602 nequiverant,
2346 3532 2447 3588 hos
2468 3549 2566 3603 pro
2590 3532 2770 3588 divina
2792 3531 3078 3590 formidine
3103 3538 3358 3591 sacerdo-

1772 3629 1886 3676 tum
1916 3637 2012 3677 ora
2055 3622 2386 3692 simplicibus
2422 3623 2601 3678 verbis
2645 3622 2841 3693 ligant;
2876 3634 2932 3677 et
2975 3625 3067 3692 qui
3114 3634 3359 3680 catervas

1774 3712 2127 3783 pugnantium
2177 3712 2418 3767 inﬁdeles
2474 3727 2813 3782 nequaquam
2860 3720 3195 3779 metuerent,
3244 3712 3357 3780 jam

1774 3817 1919 3857 nunc
1966 3801 2151 3857 ﬁdeles
2194 3802 2475 3856 humilium
2522 3802 2729 3871 linguas
2775 3802 2982 3856 timent.
3033 3804 3167 3869 Quia
3214 3817 3356 3857 enim

1774 3890 2044 3961 perceptis
2090 3889 2399 3945 cmlestibus
2427 3890 2639 3956 verbis,
2685 3890 3102 3945 clarescentibus
3144 3906 3361 3961 quoque

1775 3983 2082 4046 miraculis,
2114 3982 2283 4037 virtus
2330 3982 2380 4036 ei
2433 3981 2626 4036 divina:
2672 3982 2995 4050 cognitionis
3042 3983 3356 4050 inlunditur,

1775 4072 2017 4144 ejusdem
2039 4072 2333 4127 divinitatis
2355 4082 2558 4127 terrore
2583 4072 2905 4139 refrenatur,
2933 4081 2992 4127 ut
3021 4088 3181 4140 grave
3201 4088 3364 4142 agere

1777 4173 2000 4227 metuat,
2032 4178 2095 4217 ac
2123 4163 2250 4218 totis
2278 4163 2553 4218 desideriis
2578 4163 2647 4217 ad
2668 4164 2981 4219 aeternitatis
3008 4165 3232 4232 gratiam
3262 4181 3358 4220 ve-

1778 4255 1894 4309 nire
1913 4254 2275 4323 concupiscat.
2316 4272 2334 4305 ι
2367 4252 2508 4324 (Lib.
2548 4269 2713 4317 xxvii,
2740 4271 2793 4307 η.
2817 4252 2929 4321 21.)
2956 4254 3159 4319 Quibus
3184 4254 3363 4309 verbis

1778 4347 1966 4403 beatus
1991 4346 2283 4416 Gregorius
2310 4346 2414 4401 hoc
2440 4359 2656 4414 quoque
2688 4344 2945 4410 declarat,
2974 4345 3117 4414 quod
3157 4345 3213 4399 S.
3247 4345 3360 4400 Au-

1778 4437 2020 4507 gustinus
2048 4443 2103 4491 et
2127 4436 2258 4491 socii
2290 4434 2406 4504 ejus
2427 4450 2533 4489 non
2554 4435 2729 4490 solum
2756 4434 3138 4504 pnedicatione
3164 4436 3360 4490 verbo-

125 4538 209 4590 que
231 4528 502 4597 synodico,
532 4542 690 4597 quem
721 4542 840 4582 cum
871 4527 1137 4598 episcOpis
1164 4527 1327 4581 Italia:
1346 4528 1412 4582 de
1436 4543 1678 4584 necessa-
1705 4534 1756 4595 1)
1781 4546 1918 4598 rum,
1948 4531 2042 4587 sed
2071 4530 2234 4585 etiam
2257 4529 2553 4584 etnlestium
2582 4528 2892 4583 ostensione
2925 4528 3197 4597 signorum
3223 4540 3358 4595 gen-

123 4613 197 4667 riis
221 4615 467 4672 Ecclesia:
498 4618 678 4685 causis
706 4617 1045 4672 utilissimum
1075 4618 1399 4687 composuit,
1437 4627 1493 4673 et
1520 4617 1676 4673 fami-

124 4701 314 4758 liaribus
349 4708 417 4761 ad
446 4707 713 4776 quosdam
743 4708 956 4763 litteris.
988 4708 1141 4775 Quod
1184 4724 1251 4763 eo
1288 4709 1458 4777 magis
1484 4710 1676 4762 mirum

121 4802 213 4860 est,
240 4804 317 4850 tot
337 4812 461 4852 eum
490 4814 558 4852 ac
587 4806 732 4852 tanta
770 4800 1068 4855 concedere
1103 4800 1371 4854 volumina
1402 4799 1641 4869 potuisse
1661 4841 1677 4865 ,

120 4887 239 4952 quod
266 4904 402 4955 pene
444 4890 594 4943 omni
635 4889 933 4959 juventutis
960 4904 1067 4944 suae
1110 4899 1369 4961 tempore,
1400 4898 1457 4944 ut
1500 4891 1679 4946 verbis

122 4974 261 5041 ipsius
284 4977 497 5047 loquar,
517 4980 722 5035 crebris
742 4981 1004 5034 viscerum
1026 4980 1296 5034 doloribus
1317 4982 1675 5046 cruciabatur,

122 5062 246 5120 horis
269 5071 668 5137 momentisque
697 5072 944 5125 omnibus
981 5070 1147 5125 fracta
1193 5072 1451 5126 stomachi
1482 5074 1680 5128 virtute

122 5150 441 5224 lassescebat,
488 5162 648 5214 lentis
674 5161 916 5228 quidem,
958 5162 1051 5215 sed
1084 5170 1261 5216 tamen
1292 5164 1561 5218 continuis
1601 5164 1679 5217 fe-

120 5244 277 5304 bribus
306 5252 621 5306 anhelabat.
669 5252 861 5307 Verum
910 5252 1051 5307 inter
1097 5252 1212 5308 hch
1255 5254 1381 5307 dum
1424 5255 1684 5310 sollicitus

120 5350 342 5406 pensaret
370 5345 526 5412 quia,
551 5343 822 5415 Scriptura
854 5354 1010 5411 teste,
1042 5346 1216 5401 omnis
1246 5344 1384 5400 ﬁlius
1420 5347 1510 5414 qui
1540 5347 1681 5400 reci-

120 5429 238 5494 pitur
261 5430 599 5501 ﬂagellatur,
628 5450 735 5503 quo
782 5434 940 5489 malis
978 5434 1331 5504 przesentibus
1360 5433 1544 5489 durius
1589 5434 1684 5488 de-

121 5522 455 5594 primebatur,
486 5540 558 5581 eo
586 5526 650 5581 de
677 5534 876 5582 acterna
913 5526 1112 5582 certius
1140 5525 1558 5596 praesumptione
1597 5539 1684 5580 rc-

118 5615 354 5681 spirabat.

180 5728 290 5783 ll:cc
319 5728 544 5799 quidem
574 5728 638 5786 de
676 5727 968 5785 immortali
990 5727 1105 5799 ejus
1133 5727 1275 5783 dicta
1305 5725 1413 5782 sint
1445 5724 1680 5793 ingenio,

1782 4632 1891 4678 tem
1922 4622 2215 4690 Anglorum
2255 4622 2322 4675 ad
2349 4620 2675 4691 agnitionem
2703 4619 2942 4674 veritatis
2973 4618 3353 4687 perducebant.

1853 4738 2005 4794 Fecit
2033 4738 2171 4792 inter
2199 4736 2302 4790 alia
2322 4736 2511 4790 beatus
2532 4749 2669 4805 papa
2699 4732 3006 4801 Gregorius,
3034 4738 3092 4784 ut
3113 4730 3166 4784 in
3189 4729 3366 4784 eccle-

1782 4830 1875 4885 siis
1907 4828 2274 4898 apostolornm
2302 4826 2586 4880 beatorum
2613 4823 2756 4878 Petri
2782 4831 2837 4875 et
2865 4821 3015 4875 Pauli
3045 4835 3208 4889 super
3237 4834 3363 4874 cor-

1787 4936 1917 4991 pora
1940 4934 2128 4974 eorum
2154 4917 2327 4971 missae
2347 4916 2767 4971 celebrarentur.
2799 4912 2905 4966 Sed
2932 4920 2987 4966 et
3016 4911 3069 4965 in
3100 4911 3213 4979 ipsa
3235 4910 3364 4964 mis-

1790 5026 1969 5067 sarum
2002 5009 2369 5065 celebratione
2407 5007 2507 5060 tria
2547 5005 2708 5059 verba
2740 5003 2984 5057 maxima:
3022 5000 3368 5070 perfectionis

1786 5102 1945 5171 plena
1972 5098 2330 5169 superadjecit
2359 5115 2371 5148 :
2399 5095 2620 5166 Diesque
2666 5102 2870 5147 nostros
2902 5094 2954 5146 in
2997 5100 3085 5144 tua
3108 5107 3234 5161 pace
3263 5091 3373 5144 dis-

1787 5207 1973 5262 ponas,
2005 5199 2157 5257 atque
2176 5187 2239 5241 ab
2268 5197 2461 5242 (eterna
2484 5185 2817 5239 damnatione
2846 5201 2937 5238 nos
2966 5184 3164 5253 eripiet
3184 5183 3239 5235 in
3265 5183 3370 5236 ele-

1788 5290 1984 5333 ctorum
2018 5288 2223 5332 tuorum
2260 5277 2445 5347 jubeas
2476 5292 2627 5346 grege
2654 5273 2930 5327 numerari.
2981 5272 3139 5326 Rexit
3187 5280 3369 5326 autem

1792 5370 2089 5427 Ecclesium
2120 5367 2451 5437 temporibus
2471 5367 2852 5435 imperatorum
2877 5363 3118 5417 Mauricii
3147 5370 3203 5416 et
3224 5360 3370 5416 Pho-

1789 5462 1945 5518 catis.
1968 5458 2214 5514 Secundo
2243 5468 2422 5513 autem
2469 5456 2708 5526 ejusdem
2742 5454 2994 5510 Phocatis
3027 5470 3169 5509 anno
3199 5464 3376 5507 trans-

1788 5553 1902 5607 iens
1931 5565 1998 5604 ex
2039 5549 2141 5604 hac
2164 5549 2292 5612 vita,
2334 5546 2584 5615 migravit
2624 5546 2691 5599 ad
2731 5560 2936 5607 veram,
2969 5560 3088 5614 quae
3133 5545 3184 5599 in
3222 5544 3375 5607 caelis

1786 5647 1890 5703 est,
1922 5638 2105 5691 vitam.
2132 5637 2386 5706 Sepultus
2405 5651 2535 5691 vero
2560 5644 2642 5689 est
2664 5649 2891 5703 corpore
2921 5636 2972 5687 in
3000 5633 3226 5688 ecclesia
3250 5634 3369 5686 hea-

1790 5728 1857 5783 tri
1881 5725 2028 5782 Petri
2050 5726 2281 5798 apostoli
2305 5734 2431 5782 ante
2457 5727 2830 5797 secretarium,
2857 5728 2942 5781 die
2969 5735 3162 5798 quarto
3187 5723 3373 5779 Iduum
