3976 6302
632 302 729 357 ῐθῗί

1381 288 1799 348 TESTIMONIA
1842 287 1927 341 ET
1967 281 2218 340 ELOGIA
2262 278 2349 334 DE
2389 281 2447 336 S.
2491 279 2848 338 GREGORIO
2885 279 3146 337 MAGNO.

3801 285 3898 341 £96

632 418 939 474 Martiarum
958 458 971 478 ,
1004 408 1327 484 quandoque
1372 423 1423 460 tn
1456 420 1573 474 ipso
1612 419 1732 458 cum
1784 402 1991 457 caeteris
2017 406 2216 453 sancta:
2244 397 2294 453 A
2321 398 2647 465 aggregatis,
2677 396 2777 450 sub
2806 396 3013 453 abbatis
3034 396 3260 466 imperio
3290 403 3509 453 strenue
3536 397 3826 467 militavit,
3851 412 3902 458 et

628 506 879 563 Ecclesim
908 502 1212 575 pastoribus
1250 502 1650 553 resurrecturus
1697 494 1748 547 in
1796 492 1988 561 gloria.
2021 489 2206 557 Scrip-

627 610 849 669 tumque
876 604 959 651 est
987 594 1040 649 in
1069 590 1251 648 tumba
1295 588 1461 657 ipsius
1491 585 1823 655 epitaphium
1862 580 2165 650 hujusmodi
2191 596 2204 633 :

625 691 875 756 Suscipe,
908 696 1077 747 terra,
1109 689 1195 736 tuo
1224 693 1408 748 corpus
1445 678 1507 730 de
1532 688 1746 745 corpore
1772 680 2028 741 sumptum
2049 711 2065 737 ,
2098 679 2204 725 etc.

623 783 701 852 (ut
722 779 860 849 apud
884 776 1045 830 Joan.
1073 773 1222 827 Diae.
1244 770 1335 825 lib.
1366 786 1418 825 tv
1454 769 1602 834 Viae,
1628 786 1675 823 c.
1721 766 1833 837 (i8).
1865 766 1975 822 Nec
1994 766 2208 820 silentio

624 867 991 941 praetereunda
1020 864 1225 935 opinio,
1246 877 1367 932 quae.
1400 861 1467 917 de
1494 860 1653 916 beato
1679 858 1938 928 Gregorio
1967 857 2209 912 tralitio-

623 978 690 1016 ne
721 959 986 1028 majorum
1014 957 1082 1013 ad
1107 970 1209 1012 nos
1234 968 1405 1025 usque
1433 954 1639 1025 perlata
1664 960 1749 1007 est
1772 968 1786 1005 :
1826 965 1931 1020 qua
1959 949 2212 1004 videlicet

623 1068 690 1107 ex
714 1065 875 1105 causa
906 1047 1230 1109 admonitus,
1251 1054 1357 1099 tam
1376 1044 1615 1102 sedulam
1637 1056 1763 1112 erga
1774 1041 1998 1098 salutem
2015 1049 2210 1095 nostra:

623 1144 795 1214 gentis
819 1154 1005 1197 curam
1030 1136 1278 1209 gesserit.
1323 1135 1520 1191 Dicunt
1545 1134 1670 1204 quia
1705 1133 1792 1188 die
1813 1130 2065 1201 quadam,
2088 1143 2210 1183 cum

624 1232 1031 1290 advenientibus
1071 1242 1241 1298 nuper
1270 1224 1681 1291 mercatoribus,
1704 1222 1871 1278 multa
1917 1220 2129 1276 venalia
2157 1220 2209 1275 in

625 1325 800 1378 forum
845 1319 1069 1375 fuissent
1104 1317 1331 1380 collata,
1358 1314 1620 1383 multique
1662 1313 1729 1367 ad
1765 1313 2047 1366 emendum
2079 1324 2210 1364 con-

626 1415 929 1476 ﬂuxissent,
952 1420 1006 1466 et
1033 1410 1207 1479 ipsum
1236 1405 1552 1476 Gregorium
1584 1403 1725 1458 inter
1748 1403 1884 1457 alios
1931 1401 2213 1457 advenisse

627 1520 691 1560 ac
729 1503 925 1558 vidisse
957 1500 1099 1554 inter
1129 1497 1234 1552 alia
1274 1508 1472 1564 pueros
1498 1493 1719 1547 venales
1749 1490 1974 1560 positos,
2003 1489 2213 1545 candidi

625 1595 885 1668 corporis,
944 1607 1008 1648 ac
1072 1588 1279 1645 venusti
1338 1586 1536 1650 vultus,
1599 1584 1915 1654 capillorum
1998 1596 2212 1652 quoque

628 1689 796 1744 forma
848 1683 1083 1753 egregia.
1134 1680 1280 1747 Quos
1325 1693 1447 1734 cum
1503 1676 1787 1747 aspiceret,
1842 1674 2213 1745 interrogavit,

2315 502 2426 541 sua:
2450 487 2746 542 nobilitatis
2766 487 2960 542 lineam
2985 487 3225 543 moribus
3246 487 3457 552 extulit,
3486 488 3671 559 probis
3694 492 3905 548 actibus

2313 578 2609 634 decoravit.
2642 578 2773 633 Nam
2804 578 2894 649 qui
2923 585 3050 633 ante
3080 578 3269 633 sericis
3297 579 3537 634 vestibus
3576 593 3641 634 ac
3678 583 3906 649 gemmis

2313 669 2637 724 micantibus
2666 684 2764 739 per
2794 667 2990 724 Urbem
3020 669 3229 726 solebat
3259 669 3555 738 procedere
3588 672 3900 736 trabeatus,

2314 769 2437 831 post
2457 761 2545 816 vili
2576 769 2858 817 contectus
2886 762 3154 831 tegmine,
3191 761 3531 817 ministrabat
3559 778 3771 834 pauper
3798 765 3904 835 ipse

2313 852 2655 922 pauperibus.
2689 852 2894 919 Quibus
2922 854 3263 909 monasteriis
3298 858 3503 910 tantum
3545 854 3614 909 de
3642 854 3903 911 reditibus

2314 944 2638 1014 prmdiorum
2657 942 2946 1011 delegavit,
2970 951 3228 1012 quantum
3248 950 3429 1013 posset
3445 947 3906 1000 commorantibus

2315 1034 2383 1089 ad
2417 1034 2787 1104 quotidianum
2813 1035 3013 1089 victum
3042 1032 3292 1089 sufficere
3326 1051 3339 1087 :
3372 1034 3577 1103 reliqua
3620 1050 3754 1090 vero
3783 1052 3905 1091 ven-

2313 1124 2467 1191 didit,
2496 1138 2560 1178 ac
2580 1124 2905 1195 pauperibus
2928 1124 3187 1194 erogavit.
3218 1123 3420 1179 Deinde
3444 1134 3670 1181 coactus
3693 1136 3752 1181 et
3779 1129 3907 1181 mul-

2317 1224 2427 1269 tum
2457 1214 2729 1280 renitens,
2762 1213 2933 1270 factus
2965 1212 3122 1269 Urbis
3157 1214 3343 1269 Roma:
3371 1228 3614 1270 summus
3643 1214 3905 1285 pontifex,

2315 1304 2609 1373 Anglorum
2639 1313 2852 1372 gentem
2884 1304 2950 1358 ad
2982 1304 3140 1359 fidem
3169 1305 3434 1360 convertit
3466 1322 3480 1358 :
3511 1304 3735 1360 directis
3763 1306 3906 1361 vide-

2315 1393 2442 1449 licet
2465 1395 2547 1449 sui
2579 1395 2895 1450 monasterii
2923 1396 3223 1461 monachis,
3250 1395 3474 1464 Mellito,
3506 1395 3811 1464 Augustino
3833 1408 3905 1451 at-

2315 1503 2422 1559 que
2443 1487 2670 1553 Joanne,
2697 1497 2899 1543 etcum
2929 1488 3009 1543 eis
3033 1487 3152 1543 aliis
3173 1488 3419 1559 plurimis
3440 1488 3719 1543 fratribus.
3756 1489 3908 1544 Rexit

2316 1586 2497 1633 autem
2530 1578 2915 1647 gloriosissime
2943 1577 3244 1633 Romanam
3273 1576 3573 1634 Ecclesiam
3613 1580 3770 1633 anuis
3802 1594 3907 1643 xm,

2316 1669 2589 1725 mensibus
2616 1684 2708 1725 sex
2731 1711 2748 1737 ,
2779 1677 2837 1726 et
2872 1669 3062 1725 diebus
3091 1669 3304 1725 decem.
3335 1669 3721 1738 Augmentavit
3750 1669 3907 1723 etiam

626 1787 686 1832 ιη
728 1775 894 1840 aiunt,
925 1772 993 1828 de
1038 1785 1141 1842 qua
1188 1770 1409 1839 regione
1455 1767 1541 1821 γει
1604 1775 1744 1821 terra
1799 1773 1980 1823 essent
2033 1765 2213 1831 allati;
2248 1778 2296 1841 Β
2322 1757 2376 1813 in
2417 1759 2731 1830 prmfatione
2769 1757 3043 1815 Canonis:
3074 1756 3299 1829 Diesque
3335 1768 3544 1814 nostros
3583 1759 3640 1814 in
3672 1766 3765 1812 tua
3788 1774 3907 1828 pace

625 1870 933 1935 dictumque
993 1870 1076 1918 est
1123 1859 1267 1931 quod
1315 1859 1382 1915 de
1448 1853 1724 1912 Britannia
1796 1856 1971 1911 insula
2000 1899 2014 1922 ,
2065 1854 2220 1925 cujus

626 1957 817 2015 incola:
872 1953 992 2008 talis
1046 1958 1229 2007 essent
1275 1957 1548 2019 aspectus.
1601 1946 1806 2003 Rursus
1870 1944 2216 2027 interrogavit

625 2058 803 2104 utrum
853 2045 1012 2100 iidem
1078 2042 1305 2097 insulani
1351 2047 1531 2097 essent
1583 2038 1908 2104 Christiani,
1941 2052 2008 2092 an
2056 2050 2214 2107 paga-

634 2142 719 2196 nis
747 2139 923 2193 adhuc
945 2134 1215 2192 erroribus
1236 2141 1418 2188 essent
1448 2132 1726 2203 implicati.
1747 2132 1953 2187 Dictum
1973 2140 2057 2188 cst
2076 2130 2220 2201 quod

627 2238 809 2285 essent
837 2225 1049 2296 pagani.
1086 2222 1157 2278 At
1186 2223 1275 2278 ille
1305 2223 1492 2279 intimo
1521 2238 1589 2277 ex
1614 2223 1775 2279 corde
1815 2221 1973 2290 longa
2002 2223 2220 2278 trahens

631 2321 902 2391 suspiria:
933 2316 1049 2371 Heu
1094 2314 1231 2386 proh
1273 2313 1456 2369 dolor!
1486 2313 1680 2383 inquit,
1710 2311 1855 2384 quod
1897 2320 2007 2368 tam
2055 2312 2217 2368 lucidi

635 2414 815 2469 vultus
853 2409 1094 2466 homines
1141 2406 1485 2461 tenebrarum
1524 2412 1716 2460 auctor
1744 2402 2011 2474 possidet,
2044 2412 2221 2460 tanta-

632 2518 739 2576 que
766 2500 936 2573 gratia
975 2497 1164 2553 frontis
1193 2495 1392 2567 speciei
1422 2505 1657 2551 mentem
1685 2494 1752 2550 ad
1792 2496 2058 2550 internam
2097 2508 2220 2565 gra-

633 2599 764 2652 tiam
788 2607 1011 2649 vacuam
1043 2598 1237 2660 ge‘tat.
1274 2589 1477 2643 Rursus
1509 2588 1860 2659 interrogavit
1890 2587 2033 2657 quod
2075 2596 2220 2645 esset

635 2685 953 2743 vocabulum
1000 2682 1174 2753 gentis
1204 2681 1367 2737 illius.
1399 2679 1738 2751 Responsum
1780 2687 1862 2735 est
1890 2679 2033 2750 quod
2062 2679 2219 2749 Angli

636 2787 979 2834 vocarentur.
1008 2780 1072 2833 At
1104 2778 1193 2833 ille
1228 2797 1240 2831 :
1270 2777 1435 2841 Bene,
1472 2778 1666 2847 inquit,
1696 2792 1817 2831 nam
1841 2782 1894 2831 et
1920 2775 2218 2844 angelicam

635 2873 837 2929 habent
862 2872 1074 2937 faciem,
1103 2880 1159 2927 et
1187 2872 1322 2927 tales
1360 2870 1672 2940 angelorum
1702 2871 1755 2926 in
1784 2869 1933 2926 caelis
1960 2868 2115 2924 decet
2134 2884 2221 2923 es-

639 2984 698 3023 se
725 2968 1052 3025 cobeeredes.
1081 2966 1233 3035 Quod
1264 2965 1426 3021 habet
1461 2980 1655 3021 nomen
1696 2964 1808 3036 ipsa
1839 2961 2111 3033 provincia
2151 2960 2218 3016 de

637 3074 741 3129 qua
764 3059 850 3114 isti
878 3068 1003 3113 sunt
1031 3058 1211 3112 allati?
1242 3057 1577 3127 Responsum
1601 3063 1684 3110 est
1712 3054 1857 3124 quod
1881 3053 2027 3108 Deiri
2054 3067 2215 3107 voca—

2323 1849 2555 1922 dispone.

2789 1961 3072 2033 Ejusdem,
3098 1963 3154 2018 in
3179 1961 3453 2019 Chronico.

2392 2054 2704 2124 Gregorius,
2734 2054 2911 2111 adhuc
2957 2054 3336 2125 apocrisiarius
3384 2055 3639 2109 Romana:
3665 2052 3907 2110 Ecclesia:

2321 2145 2377 2200 in
2409 2143 2911 2216 Constantinopoli,
2954 2144 3122 2201 libros
3162 2144 3382 2214 triginta
3413 2144 3653 2215 quinque
3701 2147 3906 2214 exposi-

2322 2236 2483 2292 tionis
2527 2236 2581 2292 in
2626 2235 2728 2294 Job
2767 2237 3051 2304 condidit;
3103 2245 3267 2308 atque
3286 2234 3605 2308 Eutychium
3633 2276 3650 2303 ,
3676 2236 3905 2307 ejusdem

2322 2329 2471 2384 urbis
2508 2328 2839 2399 episcopum,
2886 2328 2939 2384 in
2990 2327 3095 2384 ﬁde
3137 2336 3336 2385 nostra;
3383 2330 3805 2385 resurrectionis
3829 2345 3906 2382 er-

2320 2433 2488 2483 rasse,
2536 2418 2754 2474 Tiberio
2785 2428 3067 2488 prmsente,
3104 2419 3177 2475 ita
3213 2419 3470 2485 convicit,
3518 2427 3579 2474 ut
3624 2421 3904 2490 imperator

2319 2508 2512 2564 librum
2561 2507 2836 2580 Eutychii,
2863 2523 3026 2578 quem
3070 2509 3137 2565 de
3166 2511 3563 2567 resurrectione
3603 2509 3905 2580 scripserat,

2322 2597 2550 2653 flammis
2576 2598 2802 2653 cremari
2832 2598 3030 2654 debere
3060 2598 3413 2655 deliberaret.

2323 2688 2346 2725 ι)
2381 2689 2647 2744 Hadriani
2679 2705 2829 2760 papa:
2859 2686 2890 2744 I
2915 2689 2984 2742 ad
3012 2691 3276 2761 episcopos
3308 2690 3607 2759 Hispanias,
3637 2700 3771 2749 tam.
3808 2690 3905 2748 ΥΠ

2896 2778 3098 2835 Concil.
3124 2781 3351 2853 p.10f7.

2390 2872 2507 2928 Jam
2536 2890 2686 2930 nunc
2706 2873 3004 2939 videamus,
3034 2874 3163 2944 quid
3184 2873 3250 2930 de
3279 2874 3381 2931 hac
3406 2889 3466 2930 re
3488 2876 3695 2931 sentiat
3725 2877 3909 2948 prado-

2319 2982 2502 3022 ces+or
2518 2975 2699 3022 noster
2714 2966 2901 3022 beatus
2913 2966 3202 3035 Gregorius
3216 2969 3461 3037 egregius
3473 2968 3690 3037 doctor,
3706 2970 3909 3038 sagacis

2318 3055 2486 3112 simus
2512 3056 2656 3111 verbi
2679 3055 2773 3111 Dei
2805 3056 3104 3125 indagator,
3136 3064 3193 3111 et
3219 3057 3541 3112 venerabilis
3565 3058 3755 3113 Pater.
3774 3058 3908 3112 Deni-

645 3158 835 3203 rentur
861 3148 1021 3203 iidem
1036 3146 1414 3217 provinciales.
1443 3146 1507 3200 At
1531 3144 1620 3199 ille
1648 3144 1854 3212 inquit:
1883 3143 2027 3197 Bene
2047 3141 2213 3208 Deiri,
2246 3150 2287 3211 (ζ
2319 3162 2423 3218 que
2477 3146 2531 3201 in
2554 3145 2728 3202 Libris
2767 3145 3055 3201 Moralibus
3077 3157 3265 3203 sancto
3295 3147 3534 3217 repletus
3556 3147 3791 3217 Spiritu,
3814 3158 3908 3203 etc.

641 3239 709 3294 de
731 3238 808 3294 ira
835 3239 1004 3303 eruti,
1040 3246 1093 3292 et
1119 3236 1187 3291 ad
1223 3235 1643 3292 misericordiam
1666 3233 1859 3304 Christi
1883 3234 2077 3289 vocati.
2112 3233 2227 3289 Rex

644 3326 934 3396 provincia:
984 3326 1125 3380 illius
1152 3324 1423 3394 quomodo
1459 3324 1722 3379 vocatur?
1766 3321 2106 3393 Responsum
2147 3332 2229 3379 est

645 3417 789 3486 quod
814 3414 958 3471 tElIe
980 3416 1266 3470 diceretur.
1299 3414 1369 3469 At
1392 3414 1480 3470 ille
1507 3412 1751 3468 alludens
1776 3411 1842 3467 ad
1865 3427 2080 3481 nomen,
2112 3414 2187 3466 ait
2211 3430 2226 3466 :

646 3507 871 3563 Alleluia
893 3507 1105 3562 laudem
1134 3506 1229 3563 Dei
1258 3506 1532 3563 Creatoris
1560 3506 1732 3562 illisin
1756 3505 1994 3576 partibus
2015 3514 2231 3576 oportet

645 3598 869 3654 cantari.
900 3597 1068 3654 Porro
1113 3598 1380 3654 accedens
1430 3598 1498 3653 ad
1540 3596 1847 3669 pontificem
1896 3596 2150 3653 Romanae
2177 3606 2231 3652 et

646 3689 956 3759 apostolicae
1001 3689 1143 3744 sedis
1193 3688 1477 3761 (nondum
1534 3689 1677 3744 enim
1724 3699 1836 3744 erat
1892 3688 2008 3757 ipse
2054 3689 2231 3759 ponti-

643 3782 733 3836 fex
762 3781 949 3852 factus)
982 3780 1191 3851 rogavit
1216 3790 1273 3836 ut
1306 3781 1450 3849 genti
1478 3782 1770 3852 Anglorum
1813 3782 1865 3836 in
1897 3780 2227 3836 Britanniam

644 3872 854 3941 aliquos
882 3872 1029 3926 verbi
1066 3872 1373 3938 ministros,
1403 3886 1501 3941 per
1526 3887 1662 3943 quos
1691 3871 1757 3926 ad
1787 3869 2060 3927 Christum
2091 3886 2227 3927 con-

643 3970 998 4028 verterentur,
1040 3962 1308 4029 mitteret;
1341 3963 1575 4033 seipsum
1610 3970 1855 4033 paratum
1885 3977 2006 4019 esse
2033 3963 2084 4019 in
2126 3963 2232 4019 hoc

643 4066 801 4119 opus,
850 4052 1076 4106 Domino
1119 4060 1485 4122 cooperante,
1535 4052 1947 4122 perﬁciendum,
1972 4054 2018 4109 si
2051 4060 2230 4108 tamen

643 4140 943 4206 apostolico
974 4154 1125 4208 papae
1173 4140 1275 4196 hoc
1314 4148 1373 4195 ut
1410 4140 1563 4196 fieret
1601 4141 1862 4211 placeret.
1910 4141 2063 4209 Quod
2098 4141 2229 4197 dum

643 4229 902 4299 perﬁcere
930 4246 1035 4284 non
1064 4241 1246 4301 posset
1273 4232 1419 4303 (quia
1442 4233 1545 4289 etsi
1566 4232 1805 4303 pontifex
1829 4233 2127 4290 concedere
2153 4233 2228 4289 illi

644 4319 788 4386 quod
818 4320 1049 4388 petierat
1090 4321 1287 4389 voluit,
1334 4338 1439 4376 non
1477 4331 1654 4378 tamen
1685 4324 1829 4378 cives
1859 4323 2118 4393 Romani,
2170 4335 2230 4383 ut

645 4418 753 4462 tam
781 4409 939 4476 longe
965 4410 1031 4463 ab
1061 4409 1201 4465 Urbe
1226 4412 1529 4477 secederet,
1548 4421 1840 4483 potuerunt
1868 4416 2224 4489 permittere),

2444 3251 2466 3279 ε
2501 3239 2770 3294 Hincmari
2804 3240 3125 3305 Rhemensis,
3157 3228 3220 3294 de
3248 3240 3616 3295 Prwdestinat.
3644 3257 3695 3294 ο.
3733 3240 3817 3295 18.

2402 3327 2556 3395 Quod
2579 3330 2714 3383 vidit
2741 3329 2932 3386 beatus
2958 3329 3247 3400 Gregorius
3268 3331 3448 3402 primm
3473 3339 3528 3386 et
3554 3342 3765 3388 sancta:
3786 3332 3909 3385 sedis

2331 3420 2587 3476 Romana:
2618 3430 2839 3477 ornatus
2866 3422 3195 3492 prmcipuus,
3229 3424 3411 3479 dicens
3441 3424 3493 3478 in
3526 3425 3663 3480 libro
3697 3441 3719 3481 ι
3748 3426 3908 3480 Dia'u-

2329 3525 2519 3582 gorum
2546 3530 2559 3566 :
2594 3513 2721 3579 Quae
2742 3515 2996 3584 perennis,
3027 3514 3218 3583 inquit,
3246 3516 3389 3585 regni
3409 3514 3828 3585 prwdestinatio,
3850 3518 3909 3567 ita

2330 3610 2407 3656 est
2434 3602 2497 3656 ab
2524 3604 2877 3671 omnipotente
2909 3602 3016 3659 Deo
3048 3605 3328 3674 disposita,
3360 3615 3415 3659 ut
3443 3605 3513 3658 ad
3548 3606 3647 3660 hoc
3677 3609 3831 3662 electi
3858 3625 3905 3659 ei

2331 3698 2507 3752 labore
2535 3699 2868 3769 perveniant;
2895 3710 3143 3771 quatenus
3169 3699 3479 3770 postulando
3508 3711 3812 3756 mereantur
3837 3719 3905 3755 ac-

2330 3789 2521 3856 cipere,
2550 3788 2687 3861 quod
2708 3790 2773 3843 iis
2794 3791 3119 3858 omnipotens
3146 3789 3281 3845 Deus
3307 3801 3425 3845 ante
3446 3792 3639 3847 swcala
3666 3793 3910 3864 disposuit

2331 3880 2545 3934 donare.
2582 3878 2731 3937 Unde
2759 3890 2833 3947 et,
2865 3880 3001 3938 sicut
3031 3882 3085 3937 in
3113 3881 3287 3938 Gestis
3307 3883 3675 3940 Romanorum
3709 3887 3903 3955 pontifi-

2329 3987 2451 4029 cum
2483 3973 2700 4043 legitur,
2728 3975 2936 4031 arcanis
2962 3986 3427 4033 sacramentorum
3453 3978 3764 4034 cmlestium
3792 3994 3906 4047 aug-

2332 4074 2576 4120 mentare
2600 4067 2836 4121 curavit:
2862 4066 2929 4121 Ut
2954 4068 3064 4121 dies
3094 4068 3352 4135 disponat,
3385 4067 3450 4123 ab
3478 4081 3676 4124 «eterna
3701 4074 3903 4126 damna-

2330 4160 2468 4207 tione
2512 4169 2605 4209 nos
2641 4156 2770 4224 eripi
2816 4164 2864 4209 et
2905 4156 2959 4210 in
3002 4162 3278 4213 electorum
3316 4174 3526 4213 suorum
3554 4158 3751 4228 jabeat
3774 4176 3909 4230 grege

2329 4258 2609 4298 numerari.

2340 4330 2459 4385 Vita
2482 4332 2544 4387 S.
2570 4332 2807 4405 Gregorii
2836 4333 3018 4407 Magni
3037 4353 3129 4406 per
3155 4335 3177 4374 ι’
3202 4336 3467 4393 Simonem
3499 4337 3903 4410 Metapltrastm.

2401 4422 2598 4478 Beatus
2627 4424 2947 4494 Gregorius,
2991 4427 3083 4497 qui
3127 4438 3327 4489 sancta:
3373 4428 3467 4484 Dei
3516 4428 3776 4486 Ecclesia:
3805 4430 3904 4482 Ro-

642 4514 770 4553 mox
801 4506 860 4553 ut
889 4499 1002 4570 ipse
1032 4501 1375 4569 pontificatus
1399 4501 1578 4558 ofﬁcio
1614 4503 1827 4561 functus
1854 4514 1968 4573 est,
2002 4508 2227 4578 perfecit
2255 4523 2305 4582 ι)
2332 4530 2503 4569 manas
2524 4514 2763 4586 pontifex
2787 4514 2913 4585 fuit,
2935 4526 3222 4589 antequam
3248 4518 3401 4574 fieret
3430 4520 3772 4589 patriarcha,
3801 4536 3903 4574 mo-

644 4608 781 4662 opus
821 4593 909 4648 diu
950 4593 1345 4663 desideratum,
1399 4597 1537 4655 alios
1582 4600 1797 4669 quidem
1843 4605 2226 4674 praedicatores

640 4685 890 4750 mittens,
937 4684 1031 4740 sed
1080 4686 1193 4757 ipse
1241 4687 1716 4757 praedicationem,
1768 4703 1826 4748 ut
1854 4694 2223 4769 fructificaret,

639 4775 751 4832 suis
772 4777 1239 4834 exhortationibus
1259 4793 1323 4835 ac
1347 4781 1597 4849 precibus
1624 4782 1901 4853 adjuvans.
1927 4785 2050 4843 Ηίυο
2072 4790 2224 4859 juxta

637 4864 980 4933 opinionem,
1039 4884 1159 4938 qua:
1209 4870 1276 4925 ab
1324 4872 1558 4942 antiquis
1603 4876 1940 4945 accepimus,
1990 4880 2224 4938 historia:

640 4963 838 5013 nostrae
866 4958 1243 5016 ecclesiastica:
1272 4962 1510 5019 inserere
1546 4965 1807 5034 optimum
1848 4968 2111 5026 duximus.

910 5055 1128 5121 Adonis,
1161 5064 1186 5094 ⁸
1214 5058 1588 5129 archiepiscOpi
1624 5060 1951 5117 Viennensis.

712 5140 900 5197 Roma:
938 5142 1206 5216 depositio
1246 5146 1695 5217 sancti‘Gregorii
1724 5167 1906 5221 papzc,
1939 5155 2027 5223 qui
2058 5156 2221 5211 nobili

632 5240 830 5294 genere
855 5268 871 5296 ,
920 5230 1232 5289 liberalibus
1258 5236 1461 5294 artibus
1489 5238 1731 5295 eruditus
1758 5249 1859 5296 est.
1890 5241 2093 5300 Deinde
2122 5246 2219 5301 de-

633 5320 830 5378 functis
871 5327 1211 5396 parentibus,
1258 5343 1353 5383 sex
1401 5329 1453 5383 in
1496 5330 1674 5387 Sicilia
1717 5338 2040 5391 monasteria
2090 5353 2221 5392 con-

632 5420 879 5480 struens,
923 5416 1212 5486 scptimum
1255 5418 1393 5474 intra
1437 5418 1596 5477 Urbis
1625 5438 1809 5480 muros
1832 5428 2131 5486 constituit.
2162 5430 2219 5487 lu

632 5520 741 5571 quo
788 5505 902 5577 ipse
944 5518 1067 5574 post
1106 5510 1420 5566 saecularem
1469 5511 1709 5571 habitum
1749 5517 1927 5575 multis
1971 5520 2220 5579 fratribus

707 5667 728 5729 ξι
763 5658 968 5729 floruit
994 5670 1116 5729 post
1137 5676 1225 5717 an.
1254 5662 1376 5718 850.
1435 5687 1455 5705 ο

705 5725 728 5761 ιι
769 5727 923 5783 Rexit
950 5725 1241 5786 Ecclesiam
1273 5735 1339 5788 ab
1364 5750 1507 5792 anno
1541 5738 1641 5790 77‘2
1661 5739 1724 5795 ad
1754 5755 1842 5797 an.
1868 5742 1993 5799 795.

2327 4607 2531 4661 nachus
2576 4615 2695 4661 erat
2748 4608 2801 4661 in
2857 4610 3186 4665 monasterio
3230 4611 3402 4665 sancti
3430 4608 3661 4667 Andreae
3690 4611 3903 4683 apostoli

2329 4696 2394 4751 ad
2424 4696 2621 4753 clivum
2644 4696 2853 4766 Scauri,
2885 4714 3052 4768 prope
3081 4700 3337 4770 templum
3367 4712 3680 4757 sanctorum
3712 4713 3903 4773 martyc

2328 4803 2445 4843 rum
2470 4786 2693 4843 Joannis
2722 4798 2777 4844 et
2805 4787 2977 4844 Pauli.
3010 4789 3187 4861 Atque
3225 4791 3301 4845 illi
3337 4791 3554 4861 quidem
3586 4793 3905 4848 monasterio

2327 4880 2442 4951 ipse
2469 4891 2727 4951 praeerat.
2759 4880 2983 4936 Matrem
3028 4897 3157 4938 vero
3196 4883 3383 4937 habuit
3417 4883 3633 4939 beatam
3672 4886 3903 4949 Silviam,

2330 4988 2449 5042 qua:
2487 4982 2615 5028 tunc
2651 4972 2801 5040 juxta
2838 4982 3050 5043 portam
3086 4976 3255 5028 sant-ti
3297 4976 3527 5043 apostoli
3554 4974 3707 5032 Pauli
3735 4976 3902 5032 Arcum

2332 5064 2582 5136 patrium,
2610 5062 2700 5133 qui
2724 5062 2868 5119 Cella
2892 5079 3031 5119 nova
3056 5065 3271 5127 dicitur,
3301 5066 3593 5122 incolebat.
3623 5068 3825 5123 Accidit
3851 5077 3901 5120 ut

2327 5169 2447 5209 cum
2472 5153 2523 5208 in
2553 5153 2744 5209 cellula
2774 5154 2889 5224 ipse
2916 5169 3010 5208 sua
3038 5170 3097 5209 se
3119 5157 3251 5211 teret
3279 5164 3332 5211 et
3353 5157 3638 5223 scriberet,
3669 5174 3902 5214 accesse-

2327 5243 2397 5298 rit
2425 5243 2494 5299 ad
2531 5259 2654 5299 eum
2684 5245 2962 5305 mendicus
2991 5262 3123 5304 voce
3152 5250 3380 5319 supplici
3424 5268 3437 5303 :
3486 5250 3741 5307 Miserere
3768 5266 3897 5311 mei,

2328 5336 2605 5406 inquiens,
2634 5352 2791 5394 serve
2830 5338 2925 5395 Dei
2958 5338 3216 5395 Altissimi
3236 5384 3249 5407 ,
3280 5342 3371 5411 qui
3401 5356 3525 5396 cum
3555 5358 3727 5398 essem
3754 5349 3901 5396 navte

2324 5428 2680 5498 gubernator,
2713 5430 3047 5501 naufragium
3088 5430 3220 5499 feci,
3249 5442 3304 5488 et
3327 5434 3503 5490 aliena
3534 5450 3759 5504 meaque
3780 5450 3889 5503 per—

2322 5520 2452 5576 didi.
2486 5520 2553 5575 At
2574 5520 2684 5589 ille,
2706 5523 2782 5576 uti
2808 5522 3070 5592 benignus
3092 5525 3142 5579 in
3165 5540 3448 5597 pauperes,
3482 5540 3546 5584 ac
3566 5542 3692 5586 vere
3710 5525 3894 5584 Christi

2396 5691 2416 5718 ε
2451 5677 2654 5733 Floruit
2681 5679 2858 5735 medio
2886 5684 3084 5737 sccculo
3112 5698 3276 5738 nono.

2394 5750 2419 5786 ιι
2453 5748 2595 5803 Vixit
2626 5750 2845 5808 ineunte
2872 5753 3072 5810 smculo
3101 5753 3329 5810 decimo.
