3976 6336
93 364 183 417 Μ
831 354 1243 411 ΤΕΞΤΙΜΟΝΙΛ
1285 355 1373 410 ΕΤ
1418 353 1670 409 ELOGIA
1715 352 1801 407 DE
1843 351 1901 407 S.
1943 350 2293 407 GREGORIO
2336 350 2599 407 MAGNO.
3245 354 3347 408 498

86 488 288 539 servus,
318 478 514 527 vocato
544 477 895 539 procuratore
928 487 941 523 :
976 469 1072 534 Da,
1106 468 1302 536 inquit,
1326 467 1510 534 frater,
1544 466 1669 521 huic
1699 471 1747 528 Α
1774 475 1830 520 et
1872 464 2015 520 Petti
2061 464 2315 537 principis
2365 464 2731 537 apostolorum
2759 479 3039 521 successor
3067 478 3214 522 esses
3244 482 3259 517 :
3292 476 3349 521 ut

86 580 175 620 sex
204 576 453 617 nummos
482 574 696 614 aureos.
746 559 937 613 Frater
972 566 1151 613 autem
1194 559 1247 613 id
1290 559 1433 628 quod
1475 573 1661 613 servus

89 654 177 708 Dei
205 651 499 721 Gregorius
525 650 896 715 manlaverat,
926 647 1068 715 fecit,
1098 648 1454 718 ntendicoque
1495 664 1659 717 pecu-

86 743 223 797 niam
249 741 417 794 dedit.
451 737 656 793 Eodem
679 754 864 793 rursus
881 737 964 791 die
980 751 1181 807 pauper
1201 736 1341 791 idem
1361 737 1428 790 ad
1446 738 1661 791 beatum

86 830 405 898 Gregorium
434 829 607 895 venit;
638 840 716 895 et,
748 828 1001 883 Miserere
1028 827 1155 893 mei,
1183 828 1549 896 inquit,serve
1569 826 1661 880 Dei

88 920 361 988 Altissimi,
384 921 618 988 quicum
648 920 813 973 multa
843 920 1131 985 amiserim,
1155 934 1342 989 parum
1373 921 1467 975 abs
1491 928 1541 975 te
1571 935 1662 974 ac-

89 1013 218 1082 cepi.
249 1012 454 1067 Beatus
484 1020 663 1067 autem
698 1010 992 1077 Gregorius
1036 1011 1337 1065 ministrum
1375 1026 1529 1065 suum
1567 1015 1665 1063 itc-

88 1118 201 1160 rum
231 1102 480 1164 vocavit,
525 1100 767 1168 dixitque
808 1109 864 1153 ut
912 1115 1007 1153 sex
1037 1101 1164 1153 item
1207 1115 1453 1154 nummos
1490 1100 1663 1153 cidem

92 1191 310 1261 pauperi
361 1200 692 1245 numeraret.
742 1188 820 1245 Ac
865 1191 1030 1245 frater
1061 1191 1274 1262 quidem
1322 1191 1520 1261 paruit.
1558 1190 1664 1245 Sed

94 1296 289 1350 pauper
307 1296 451 1346 cum,
476 1280 711 1349 acceptis
730 1279 1010 1335 duodecim
1035 1281 1282 1347 nummis,
1314 1281 1663 1347 discessisset,

91 1373 151 1426 ad
179 1372 402 1426 beatum
430 1370 747 1438 Gregorium
777 1370 938 1439 paulo
967 1382 1088 1441 post
1121 1372 1281 1427 rediit
1312 1373 1500 1427 eodem
1534 1373 1621 1427 die
1649 1389 1661 1425 :

92 1461 378 1526 Miserere,
411 1460 835 1529 inquiens,,mei,
866 1476 1020 1517 serve
1047 1463 1141 1518 Dei
1171 1463 1425 1519 Altissimi
1444 1506 1460 1533 ,
1490 1473 1544 1518 et
1571 1464 1666 1518 ali-

90 1550 204 1620 quid
245 1566 459 1605 rursum
502 1551 730 1619 elargire
760 1568 775 1605 :
809 1553 1063 1620 quoniam
1110 1568 1357 1625 magnam
1402 1554 1667 1623 jacturam

91 1642 202 1698 feci.
239 1640 600 1697 Procuratore
642 1643 854 1697 tertium
884 1644 1184 1699 accersito:
1220 1647 1326 1712 Da,
1359 1647 1556 1711 frater,
1588 1647 1664 1701 in-

92 1732 219 1800 quit,
252 1731 380 1789 huic
406 1732 628 1801 pauperi
656 1746 750 1786 sex
774 1733 909 1789 alios
936 1749 1202 1790 nnmmos.
1235 1735 1304 1789 At
1329 1735 1416 1791 ille
1443 1751 1669 1805 respon—

1766 570 1953 624 posses
2001 556 2250 611 omnibus
2303 557 2678 625 quodcumque
2723 569 2858 624 opus
2908 552 3047 611 foret
3093 554 3351 617 submitti,-

1763 656 1959 702 strare.
2004 646 2183 713 Unde,
2217 645 2949 716 beatusinquitGregorius,
2999 647 3171 710 nosti,
3222 653 3353 701 tunc

1764 737 2067 801 Dominum,
2101 746 2157 791 ut
2194 750 2294 805 ego
2322 738 2560 807 pontifex
2592 735 2796 802 fierem,
2828 735 3168 791 decrevisse?
3191 734 3348 802 Quia,

1766 827 2064 896 respondit,
2103 841 2220 880 sum
2252 827 2347 882 Dei
2373 828 2595 895 angelus
2626 827 3037 897 omnipotentis,
3071 827 3270 884 idcirco
3300 825 3351 879 id

1769 915 1915 970 novi.
1978 914 2041 968 Et
2070 923 2197 970 tunc
2225 915 2481 970 Dominus
2512 917 2655 970 misit
2696 931 2815 984 me,
2847 924 2905 972 ut
2932 916 3095 970 animi
3122 916 3196 971 tui
3224 930 3350 986 pro-

1767 1005 2004 1074 positum
2038 1004 2412 1073 explorarent,
2462 1014 2516 1060 et
2547 1016 2722 1059 utrum
2764 1007 3097 1061 humanitate
3124 1005 3348 1070 ductus,

1766 1114 1833 1151 an
1888 1097 2254 1153 ostentatione
2294 1099 2500 1153 faceres
2548 1098 2967 1168 elccmosynam.
3003 1100 3121 1165 Quo
3163 1100 3351 1154 beatus

1768 1186 2061 1255 Gregorius
2090 1186 2275 1241 audito
2304 1187 2516 1252 timuit,
2549 1203 2720 1255 neque
2751 1189 2893 1241 enim
2921 1199 3079 1242 antea
3106 1204 3229 1244 eum
3260 1203 3354 1241 an—

1766 1280 1943 1349 gelum
1982 1294 2102 1335 esse
2149 1287 2507 1347 cognoverat;
2560 1286 2614 1333 et
2654 1280 2776 1333 ideo
2815 1294 2935 1333 cum
2968 1280 3057 1333 illo
3101 1290 3350 1348 tanquam

1770 1386 1892 1425 cum
1924 1370 2140 1426 homine
2183 1378 2370 1439 egerat
2418 1377 2474 1424 et
2512 1372 2719 1425 loculus
2748 1369 2941 1424 fuerat.
2992 1369 3134 1423 Dixit
3177 1378 3354 1422 autem

1769 1462 1991 1533 angelus
2010 1461 2075 1515 ad
2096 1461 2313 1515 beatum
2338 1459 2652 1529 Gregorium
2674 1478 2685 1513 ε
2717 1460 2793 1514 Ne
2818 1460 3023 1525 timeas,
3050 1458 3193 1513 misit
3214 1460 3355 1513 enim

1770 1568 1856 1607 me
1885 1553 2025 1607 Drus
2056 1562 2113 1610 ut
2142 1562 2321 1608 tecum
2348 1568 2535 1607 verser
2564 1553 2616 1606 in
2648 1552 2747 1606 hac
2774 1552 2903 1606 vita.
2936 1552 3089 1617 Quod
3119 1552 3209 1606 ille
3237 1567 3357 1606 cum

1770 1644 2037 1712 audisset,
2068 1644 2217 1698 humi
2247 1651 2555 1714 prostratus
2585 1643 2638 1698 in
2669 1642 2859 1698 facient
2889 1658 3069 1708 suam,
3116 1642 3358 1696 adoravit

1770 1732 2055 1789 Dominum
2084 1752 2097 1787 :
2127 1734 2184 1789 Si
2211 1742 2435 1805 propter
2478 1735 2727 1803 exiguam
2761 1737 2926 1798 hanc,
2981 1734 3255 1802 inquiens,
3288 1736 3357 1788 ad

92 1823 216 1876 dens
250 1840 264 1875 :
296 1822 469 1876 Crede
498 1822 649 1883 mihi.
686 1820 866 1887 Pater,
898 1824 1088 1892 inquit,
1121 1839 1188 1878 ne
1211 1839 1346 1878 unus
1373 1824 1589 1893 quidem
1615 1825 1668 1878 in
1701 1837 1747 1896 Β
1778 1824 2191 1893 promerendum
2244 1824 2407 1878 animi
2456 1825 2902 1895 propensionem,
2958 1832 3161 1879 tantum
3204 1826 3356 1878 heni-

92 1926 206 1965 area
271 1911 492 1966 relictus
534 1922 617 1966 est
664 1926 934 1966 nummus.
983 1912 1080 1966 Cui
1110 1913 1301 1968 beatus
1328 1912 1666 1982 Gregorius:

93 1998 280 2054 Nonne
310 1999 453 2054 aliud
479 2000 768 2070 quidquam
801 2001 965 2056 habes
993 2002 1044 2055 in
1076 2005 1465 2073 promptuario,
1495 2012 1553 2059 ut
1579 2020 1672 2058 vas

94 2088 316 2157 aliquod
345 2101 433 2143 aut
479 2090 892 2158 vestimentum,
938 2091 1081 2160 quod
1130 2093 1351 2161 pauperi
1397 2093 1672 2162 largioris?

96 2176 310 2232 Nullum
329 2217 343 2241 ,
376 2181 653 2250 respondit
682 2181 798 2249 ille,
829 2197 920 2236 vas
950 2182 1230 2249 habemus,
1264 2193 1451 2253 praeter
1479 2200 1674 2254 argen—

101 2277 243 2322 teum
285 2270 432 2334 illud,
456 2271 598 2340 quod
613 2286 805 2339 magna
828 2273 1043 2327 domina
1060 2274 1124 2328 de
1145 2289 1297 2329 more
1321 2274 1674 2344 leguminibus

99 2358 314 2429 plenum
349 2360 509 2414 misit.
542 2360 671 2425 Abi,
705 2361 874 2431 inquit
902 2377 1088 2418 servus
1118 2363 1209 2418 Dei
1240 2365 1556 2434 Gregorius,
1587 2374 1668 2419 at-

98 2467 191 2521 que
216 2453 351 2507 illud
384 2455 604 2525 pauperi
633 2457 830 2526 praebe.
862 2457 1048 2514 Frater
1068 2468 1246 2514 autem
1270 2462 1393 2516 fecit
1413 2462 1551 2530 quod
1574 2464 1673 2517 sibi

100 2558 127 2597 a
169 2543 338 2599 beato
366 2543 629 2615 Gregorio
674 2548 981 2603 mandatum
1038 2549 1231 2605 fuerat.
1261 2550 1470 2622 Pauper
1495 2553 1672 2621 igitur,

100 2635 336 2702 acceptis
365 2636 644 2691 duodecim
669 2640 916 2704 nummis,
952 2648 1005 2695 et
1026 2655 1151 2696 vase
1172 2651 1450 2711 argenteo,
1477 2644 1678 2698 d‘sces-

99 2729 180 2782 sit.
222 2728 369 2783 Cum
400 2740 577 2786 autem
607 2730 660 2785 in
692 2732 1028 2787 sanctissima
1073 2742 1125 2789 et
1168 2735 1399 2789 maxima
1442 2736 1535 2791 Dei
1577 2734 1675 2791 Ec-

101 2819 259 2874 ele:ia
301 2823 500 2877 veteris
544 2822 727 2879 Romae
773 2834 986 2879 creatos
1032 2834 1174 2881 esset
1222 2828 1551 2896 patriarcha,
1602 2838 1679 2897 et,

102 2913 553 2976 quemadmodum
585 2916 807 2985 patriart
823 2917 1012 2971 harum
1043 2925 1127 2973 est
1154 2919 1511 2985 consuetudo,
1541 2936 1679 2990 quo—

102 3007 213 3061 dam
248 3008 337 3063 die
359 3008 688 3065 thesaurario
707 3009 1010 3064 mandasset
1032 3019 1089 3064 ut
1114 3010 1394 3065 duodecim
1421 3027 1682 3082 pauperes

104 3100 159 3153 ad
186 3114 437 3152 mensam
467 3114 617 3153 suam
635 3108 979 3163 convocaret,
1009 3100 1097 3170 qui
1127 3115 1309 3155 secum
1332 3103 1677 3171 pranderent,

1772 1915 1988 1982 gnitatis
2038 1916 2307 1970 cumulum
2339 1915 2790 1970 clementissimus
2830 1915 3085 1969 Dominus
3114 1914 3358 1969 declara-

1771 2004 1868 2073 vit,
1896 2013 1953 2060 ut
1976 2005 2224 2074 angelum
2248 2022 2404 2061 suum
2425 2006 2680 2070 mitteret,
2711 2007 2802 2075 qui
2831 2006 2933 2059 mei
2964 2006 3013 2059 in
3041 2015 3359 2075 perpetuum

1771 2104 1955 2151 custos
1981 2105 2151 2161 esset,
2202 2112 2447 2166 quamam
2478 2112 2667 2152 eorum
2718 2096 2894 2152 futura
2922 2107 3004 2152 est
3033 2098 3213 2164 gloria:
3249 2113 3359 2151 ma-

1770 2185 2011 2256 gnitudo,
2044 2187 2135 2255 qui
2166 2187 2432 2241 mandatis
2461 2186 2577 2255 ejus
2604 2186 3082 2255 obtemperabant,
3128 2196 3183 2241 et
3204 2186 3359 2255 justi-

1774 2275 1901 2329 tiam
1956 2276 2173 2330 eolcnt?
2212 2274 2385 2330 Verax
2416 2276 2559 2330 enim
2590 2284 2672 2331 est
2721 2276 2808 2329 ille
2838 2276 2926 2342 qui
2969 2275 3129 2340 dixit,
3159 2274 3361 2344 judicio

1772 2365 2189 2421 miscricordiam
2248 2364 2517 2434 praestari,
2569 2373 2624 2419 et
2665 2364 2774 2419 Deo
2819 2364 3049 2418 fenerari
3102 2379 3223 2418 eum
3271 2364 3360 2431 qui

1774 2457 2026 2527 pauperis
2054 2457 2359 2510 miseretur.
2390 2454 2527 2521 Quin
2559 2455 2717 2509 etiam
2760 2454 2875 2523 ipse
2921 2452 3176 2508 Dominus
3202 2468 3361 2520 ange-

1775 2549 1947 2603 lorum
1974 2588 1989 2613 ,
2049 2548 2139 2616 qui
2196 2548 2383 2602 salutis
2418 2547 2692 2601 hominum
2742 2553 2931 2600 auctor
2960 2552 3059 2608 est,
3091 2560 3185 2599 eos
3213 2544 3301 2612 qui
3334 2560 3363 2598 a

1774 2638 1978 2694 dextris
2014 2648 2172 2692 erunt
2219 2637 2501 2702 collocati,
2544 2638 2623 2692 sic
2650 2636 2991 2705 alloquetur:
3033 2635 3241 2701 Venite,
3275 2634 3361 2688 be-

1778 2729 1969 2784 nedicti
1992 2728 2167 2783 Patris
2188 2729 2306 2793 mei,
2339 2736 2575 2797 paratam
2597 2726 2735 2782 vobis
2753 2743 2783 2779 a
2808 2726 2984 2780 mundi
3008 2727 3364 2780 constitutione

1777 2821 2017 2891 suscipite
2041 2820 2186 2890 regni
2207 2818 2579 2874 Itazreditatem.
2609 2817 2673 2872 Et
2697 2836 2710 2872 :
2738 2817 2944 2871 Esuriri
2963 2818 3118 2882 enim,
3144 2825 3191 2869 et
3220 2817 3364 2869 dedi-

1777 2914 1869 2966 stis
1916 2912 2039 2965 mihi
2087 2911 2418 2965 manducare.
2467 2908 2637 2975 Sitivi,
2688 2919 2735 2961 et
2778 2908 2991 2961 dedistis
3020 2909 3144 2961 milii
3175 2906 3361 2961 bibere.

1779 3001 1980 3073 Hospes
2008 3018 2168 3065 eram,
2199 3010 2246 3055 et
2275 3000 2552 3071 collegistis
2574 3017 2673 3057 me.
2702 2999 2774 3053 Αἰ
2781 3016 2889 3070 ger,
2913 3008 2962 3053 et
2990 3000 3233 3053 visitastis
3263 3016 3360 3053 me.

1782 3090 1989 3157 Nudus,
2020 3098 2069 3144 et
2092 3091 2360 3160 riperuistts
2382 3108 2483 3144 me.
2514 3089 2579 3143 1η
2602 3106 2828 3154 carcere,
2859 3097 2905 3141 et
2933 3089 3137 3143 venistis
3165 3087 3231 3141 ad
3262 3104 3358 3141 me.

106 3194 281 3261 paruit
310 3191 420 3255 ille,
441 3207 504 3245 ac
535 3206 798 3261 pauperes
826 3192 1159 3246 convocavit,
1191 3191 1387 3247 verum
1417 3208 1537 3247 cum
1567 3194 1677 3249 dis-
1706 3192 1752 3253 (ζ
1786 3183 2050 3249 Quatenus
2094 3182 2230 3235 enim
2275 3183 2470 3245 fecistis
2509 3181 2599 3234 uni
2626 3196 2690 3233 ex
2720 3180 2798 3232 his
2839 3177 3084 3249 fratribus
3114 3178 3237 3232 meis
3267 3180 3366 3232 mi-

107 3282 420 3339 cubuissent
474 3298 595 3337 cum
639 3282 981 3352 patriarcha,
1029 3283 1348 3353 deprehensi
1393 3293 1517 3338 sunt
1563 3300 1681 3340 esse

108 3376 385 3432 tredecim.
418 3376 776 3442 Quamobrem
804 3376 1062 3430 accersito
1085 3376 1419 3431 thesaurario
1435 3395 1455 3441 ί
1473 3376 1681 3445 Nonne,

109 3467 301 3535 inquit,
330 3466 580 3521 mandavi
613 3466 706 3521 tibi
744 3474 803 3521 ut
851 3466 1131 3521 duodecim
1163 3469 1419 3523 vocares?
1448 3467 1554 3524 Cur
1584 3469 1683 3536 igi-

111 3566 187 3608 tur
223 3556 492 3611 tredecim
522 3556 729 3612 vocasti
769 3565 963 3627 printer
1008 3558 1325 3612 sententiam
1353 3561 1570 3630 meam?
1594 3559 1687 3613 llis

112 3644 191 3698 ille
220 3645 429 3699 auditis
457 3646 775 3715 perterritus
802 3664 814 3700 :
847 3645 1047 3711 Crede,
1094 3647 1291 3718 inquit,
1323 3649 1486 3715 mihi,
1524 3666 1688 3704 vene-

113 3736 274 3790 rande
300 3735 557 3800 Domine,
588 3735 865 3791 duodecim
890 3744 1045 3801 sunt;
1094 3753 1192 3793 nec
1218 3739 1352 3793 alius
1380 3741 1686 3809 quisquam,

116 3833 304 3892 printer
336 3825 699 3895 patriarcham
719 3865 733 3888 ,
767 3825 1021 3880 tredecim
1050 3826 1200 3881 vidit.
1230 3827 1377 3883 Inter
1416 3830 1689 3897 pranden-

116 3915 233 3969 dum
263 3916 431 3983 igitur
457 3915 758 3984 patriarcha
788 3917 999 3971 tertium
1024 3914 1291 3970 decimum
1316 3916 1459 3970 illum
1482 3924 1691 3985 specta.

119 4007 223 4071 bat,
253 4006 350 4074 qui
378 4005 430 4060 in
453 4021 661 4061 summo
684 4021 904 4061 scamno
930 4007 1260 4062 considebat.
1291 4005 1357 4061 Et
1382 4023 1509 4063 ecce
1533 4008 1695 4063 facies

116 4096 227 4164 ejus
246 4096 430 4152 varias
461 4096 660 4151 formas
680 4099 944 4153 sumebat.
974 4096 1132 4152 Modo
1154 4097 1295 4151 enim
1323 4111 1510 4163 senex,
1534 4099 1694 4152 modo

117 4185 435 4241 adolescens
470 4185 560 4241 ille
592 4184 890 4240 videbatur.
922 4185 1107 4255 itaque
1135 4201 1255 4241 cum
1285 4201 1316 4241 e
1352 4201 1536 4241 mensa
1567 4203 1698 4241 con-

117 4274 513 4340 surrexissent,
536 4273 727 4330 beatus
755 4273 1064 4345 Gregorius,
1096 4275 1315 4343 reliquis
1336 4276 1583 4331 omnibus
1613 4276 1697 4329 di-

117 4367 315 4432 missis,
342 4366 564 4420 tertium
595 4364 864 4421 decimum
895 4366 1063 4430 illum,
1097 4367 1186 4436 qui
1223 4375 1329 4422 tam
1358 4368 1700 4422 admirandus

117 4453 211 4523 ipsi
242 4454 396 4508 visus
424 4452 630 4519 fuerat,
678 4469 839 4508 manu
870 4455 1260 4523 apprehensum
1303 4456 1356 4510 in
1398 4456 1700 4511 cubiculum

1782 3282 1958 3345 nimis,
1991 3280 2114 3334 mihi
2151 3281 2342 3351 fecistis
2389 3276 2602 3349 (Matth.
2652 3289 2772 3331 xxv.
2806 3272 2919 3341 45).
2951 3274 3121 3338 Quam
3151 3272 3366 3340 quidem

1786 3372 1998 3426 beatam
2033 3384 2220 3424 vocem
2250 3368 2450 3424 utinam
2482 3380 2759 3420 audiamus
2788 3380 2884 3417 nos
2910 3377 3097 3417 omnes
3125 3364 3215 3430 qui
3258 3362 3369 3416 ha‘c
3444 3358 3445 3361 “

1785 3463 1870 3520 vel
1901 3461 2145 3531 legimus,
2176 3460 2264 3515 vel
2290 3459 2568 3522 audimus;
2613 3466 2668 3512 et
2704 3472 3096 3526 consequamur
3122 3472 3185 3509 ea
3229 3459 3369 3509 bona

1787 3554 2110 3625 sempiterna
2134 3593 2148 3617 ,
2179 3567 2298 3621 qua:
2337 3550 2546 3621 paravit
2575 3550 2713 3605 Deus
2741 3548 2803 3605 iis
2833 3564 2862 3602 a
2896 3548 3089 3619 quibus
3113 3547 3369 3615 diligitur,

1789 3662 1885 3717 per
1920 3646 2145 3714 gratiam
2174 3654 2334 3714 atque
2363 3643 2755 3697 humanitatem
2785 3640 2993 3696 Domini
3034 3641 3201 3694 nostri
3244 3638 3372 3693 Jesu

1791 3738 2005 3802 Christi,
2038 3737 2123 3793 cui
2151 3737 2321 3805 gloria
2341 3735 2395 3791 in
2424 3734 2617 3790 saecula
2643 3732 2981 3789 smculorum.
3007 3733 3197 3786 Amen.

1793 3829 2444 3903 SigebertiGcmblacensis
2464 3838 2513 3893 ⁸,
2533 3828 2622 3882 lib.
2656 3828 2718 3881 de
2746 3827 2942 3897 Script.
2960 3826 3185 3890 Eccles.,
3209 3843 3255 3879 c.
3281 3825 3368 3878 41.

1869 3920 2179 3990 Gregorius,
2207 3922 2423 3975 natione
2448 3920 2741 3983 Romanus,
2760 3934 2825 3972 ex
2857 3927 3087 3986 prmtore
3117 3916 3359 3982 Urbano,

1794 4012 2089 4069 monachus
2167 4010 2376 4078 abbas,
2465 4009 2724 4079 septimus
2795 4007 3048 4063 Romanae
3122 4006 3373 4059 Ecclesia:

1796 4106 1998 4169 levita,
2083 4102 2462 4173 apocrisiarius
2528 4115 2679 4171 papa:
2746 4098 3000 4153 Romana:
3079 4097 3372 4159 Ecclesiae,

1796 4196 1963 4251 multa
2027 4193 2259 4261 scripsit.
2338 4191 2576 4258 Rogatus
2644 4205 2673 4244 a
2756 4188 3001 4243 Leamlro
3074 4187 3376 4257 llispalensi

1797 4287 2073 4357 episcopo,
2104 4284 2298 4338 librum
2349 4282 2449 4337 Job
2491 4281 2739 4350 exposuit
2769 4279 3067 4348 tripliciter,
3098 4278 3375 4342 historice,

1798 4376 2084 4445 allegorice
2109 4382 2165 4427 et
2191 4372 2466 4427 moraliter
2492 4389 2506 4437 ;
2535 4378 2590 4424 et
2620 4370 2811 4425 librum
2840 4368 3083 4423 dividens
3110 4369 3163 4423 in
3187 4383 3283 4423 sex
3312 4368 3374 4422 Ii-

1800 4468 1951 4533 bros,
1999 4463 2389 4521 consu‘nmavit
2440 4463 2540 4517 hoc
2597 4460 2844 4516 mirabile
2898 4474 3033 4530 opus
3061 4459 3117 4514 in
3166 4460 3379 4528 triginta

116 4545 296 4611 duxit,
329 4550 387 4599 et
414 4544 680 4600 allocutus
715 4553 800 4600 est
837 4544 904 4599 ad
945 4545 1088 4600 hunc
1114 4546 1331 4601 modum
1365 4565 1377 4600 :
1408 4547 1610 4616 Adiuro
1642 4556 1683 4604 te

1796 4559 2031 4632 quinque
2052 4555 2219 4611 libris.
2254 4552 2485 4607 Primam
2510 4561 2565 4606 et
2590 4552 2831 4606 ultimam
2861 4559 3069 4620 partem
3092 4549 3380 4605 Ezechielis

116 4652 210 4704 per
234 4648 488 4704 magnam
514 4635 898 4705 omnipotentis
934 4635 1027 4691 Dei
1065 4637 1346 4700 virtutem,
1396 4649 1454 4694 ut
1491 4642 1702 4702 aperias

118 4726 271 4791 mihi,
299 4725 395 4797 qui
423 4725 520 4789 sis,
544 4733 724 4795 etquo
750 4726 970 4782 nomine
992 4727 1297 4797 appellcris.
1330 4729 1395 4783 Et
1421 4732 1509 4786 ille
1533 4751 1545 4785 :
1572 4734 1700 4800 Cur,

119 4815 315 4886 inquit,
350 4831 546 4871 nomen
578 4831 756 4872 meum
800 4818 1027 4887 qureris,
1068 4818 1211 4888 quod
1241 4829 1323 4874 est
1352 4820 1703 4878 admirabile?

118 4907 225 4976 Ego
264 4922 389 4963 sum
431 4923 635 4978 pauper
670 4908 764 4964 ille
809 4909 899 4977 qui
952 4908 1019 4963 ad
1050 4918 1103 4964 te
1132 4910 1255 4966 veni
1286 4912 1339 4965 in
1369 4913 1701 4969 mansionem

116 4997 294 5053 sancti
360 4997 585 5053 Andreae
638 4999 868 5068 apostoli
922 4999 988 5054 ad
1044 5000 1240 5055 clivum
1309 5001 1521 5070 Scauri,
1578 5021 1700 5060 cum

120 5098 173 5143 tu
204 5088 263 5142 in
292 5087 487 5143 cellula
527 5098 615 5142 tua
642 5088 860 5145 sederes
898 5104 961 5145 ac
987 5091 1280 5158 scriberes,
1320 5094 1403 5149 cui
1429 5094 1707 5150 duodenos

122 5179 318 5233 dedisti
347 5194 615 5244 nummos,
646 5188 701 5235 et
727 5195 843 5245 vas,
873 5181 1015 5250 quod
1046 5181 1139 5236 tibi
1170 5183 1324 5238 beata
1349 5193 1520 5240 mater
1542 5187 1705 5240 Silvia

122 5285 248 5322 cum
295 5268 656 5337 leguminibus
694 5270 933 5324 miserat.
984 5271 1167 5342 itaque
1208 5288 1327 5328 eum
1368 5279 1707 5344 perspicuum

123 5360 293 5415 luerit
321 5370 374 5416 te
402 5360 456 5415 in
484 5360 663 5416 cordis
691 5362 1036 5430 simplicitate
1066 5372 1120 5418 et
1152 5366 1407 5432 patientia
1455 5377 1707 5421 constan-

126 5460 237 5506 tem
288 5452 679 5521 permansisse,
726 5468 791 5507 ex
840 5468 947 5523 quo
978 5454 1064 5509 die
1105 5456 1234 5509 mihi
1283 5457 1394 5511 hzec
1441 5457 1709 5524 tribuisti,

126 5544 411 5599 constituit
434 5542 694 5599 Dominus
725 5553 782 5599 ot
806 5544 1056 5602 Ecclesia:
1081 5557 1281 5603 sanctre
1310 5560 1447 5611 suae,
1480 5565 1578 5619 pro
1605 5565 1710 5618 qua

127 5639 411 5706 proprium
442 5639 607 5695 etiam
648 5640 961 5702 sanguinem
1012 5635 1215 5705 eil'udit,
1263 5642 1503 5710 pontifex
1536 5640 1710 5705 ﬁeres,

204 5760 232 5787 ι
265 5747 471 5805 Obiisse
489 5752 680 5807 dicitur
707 5769 797 5807 an.
823 5753 980 5809 1115.

198 5818 229 5857 λ’
264 5818 379 5877 Non
408 5822 479 5876 ad
505 5821 832 5891 Marianum,
863 5839 957 5879 seu
987 5824 1362 5889 Mra-iniurium,
1395 5823 1487 5879 sed
1518 5824 1583 5877 ad
1613 5823 1711 5878 Sc-

1802 4650 2101 4723 prophetaa,
2132 4661 2250 4718 qua:
2278 4644 2618 4700 obscuriores
2647 4652 2822 4710 erant,
2853 4645 3102 4713 exposuit
3130 4643 3381 4697 homiliti-

1802 4759 1868 4797 co
1897 4755 2167 4797 sermone.
2193 4738 2419 4808 Scripsit
2448 4736 2471 4771 ι’
2504 4735 2573 4789 ad
2601 4735 2896 4790 Marianum
2922 4734 3231 4805 cpi~copum
3258 4748 3383 4801 qua-

1803 4834 2044 4902 draginta
2072 4831 2203 4885 duas
2222 4826 2499 4895 Evangelii
2530 4826 2796 4881 homilias.
2826 4824 2885 4879 In
2921 4824 3077 4879 initio
3108 4823 3382 4893 pontifica-

1802 4933 1890 4978 tus
1931 4922 2016 4978 sui
2065 4919 2278 4988 scripsit
2318 4918 2385 4971 ad
2427 4915 2712 4981 Joannem,
2753 4915 3024 4970 Ravennte
3053 4913 3384 4984 episcopum,

1803 5014 1996 5069 librum
2027 5009 2243 5079 Regula}
2271 5005 2587 5073 Pastoralis;
2614 5007 2805 5060 librum
2836 5005 3197 5074 Dialogorum,
3228 5018 3386 5073 quem

1805 5118 1927 5159 cum
1954 5101 2137 5167 Petro,
2160 5097 2388 5152 diacono
2413 5111 2541 5160 suo,
2570 5094 2638 5149 de
2674 5093 2946 5150 miraculis
2966 5103 3276 5149 sanctorum
3305 5093 3388 5147 sui

1806 5190 2066 5262 temporis
2093 5187 2293 5251 habuit,
2326 5184 2709 5240 Theudelindte
2742 5182 3214 5251 Langobardorum
3246 5184 3389 5251 regi-

1808 5298 1890 5337 na:
1910 5298 2006 5352 pro
2035 5293 2257 5333 munere
2284 5276 2446 5330 misit.
2474 5274 2833 5345 Epistolarum
2863 5281 2943 5327 tot
2972 5274 3136 5327 libros
3165 5274 3392 5342 posteris

1810 5371 2025 5441 reliquit
2048 5380 2179 5438 quot
2207 5381 2376 5420 annos
2406 5366 2457 5418 in
2488 5365 2803 5434 pontificatu
2845 5364 2998 5427 vixit,
3030 5363 3080 5416 id
3109 5371 3191 5416 est
3221 5362 3384 5415 trede-

1811 5465 1914 5519 cim
1954 5473 2005 5516 et
2052 5461 2236 5515 semis.
2277 5457 2502 5525 Scripsit
2532 5464 2585 5509 et
2613 5456 2736 5518 alia,
2768 5470 2887 5522 qua:
2911 5470 2939 5506 a
2970 5455 3224 5509 Romanis
3275 5463 3393 5523 post

1812 5562 2039 5609 mortem
2089 5551 2205 5618 ejus
2250 5548 2530 5603 combusta
2578 5553 2737 5609 sunt;
2767 5545 2855 5612 qui
2905 5553 2959 5598 et
3007 5542 3186 5597 omnia
3230 5556 3391 5611 opera

1814 5647 1930 5713 ejus
1984 5640 2427 5705 combussissent,
2475 5637 2575 5691 nisi
2644 5634 2873 5701 Petrus,
2920 5635 3179 5690 diaconus
3236 5632 3392 5700 eius,

1816 5751 2103 5807 cundinmn
2126 5749 2634 5830 Tauromenitanum
2659 5763 2745 5818 cp.
2771 5747 3035 5804 Cancrum
3061 5747 3309 5803 homilias
3333 5746 3393 5801 40

1819 5831 2026 5877 tantum
2049 5834 2408 5888 agnoscrmus.
