  <div class='ocr_page' id='page_1' title='image "/cluster/home/n/w/nwhite01/storage/ocr_20150623/75/uva.x000827087/262.png"; bbox 0 0 3976 6302; ppageno 0'>
   <div class='ocr_carea' id='block_1_1' title="bbox 143 332 245 388">
    <p class='ocr_par' dir='ltr' id='par_1_1' title="bbox 143 332 245 388">
     <span class='ocr_line' id='line_1_1' title="bbox 143 332 245 388; baseline 0 -1"><span class='ocrx_word' id='word_1_1' title='bbox 143 332 245 388; x_wconf 79' lang='lat'><strong>509</strong></span> 
     </span>
    </p>
   </div>
   <div class='ocr_carea' id='block_1_2' title="bbox 1017 324 2530 384">
    <p class='ocr_par' dir='ltr' id='par_1_2' title="bbox 1017 324 2530 384">
     <span class='ocr_line' id='line_1_2' title="bbox 1017 324 2530 384; baseline -0.001 -1"><span class='ocrx_word' id='word_1_2' title='bbox 1017 326 1260 383; x_wconf 77' lang='lat' dir='ltr'><strong>S.\NCTI</strong></span> <span class='ocrx_word' id='word_1_3' title='bbox 1301 324 1625 383; x_wconf 58' lang='lat' dir='ltr'><strong>GREGORII</strong></span> <span class='ocrx_word' id='word_1_4' title='bbox 1666 324 1879 380; x_wconf 69' lang='lat' dir='ltr'><strong>MAGNI</strong></span> <span class='ocrx_word' id='word_1_5' title='bbox 1920 325 2099 381; x_wconf 87' lang='lat' dir='ltr'><strong>LIBRI</strong></span> <span class='ocrx_word' id='word_1_6' title='bbox 2146 326 2530 384; x_wconf 80' lang='lat' dir='ltr'><strong>MORALIUM.</strong></span> 
     </span>
    </p>
   </div>
   <div class='ocr_carea' id='block_1_3' title="bbox 3306 332 3411 388">
    <p class='ocr_par' dir='ltr' id='par_1_3' title="bbox 3306 332 3411 388">
     <span class='ocr_line' id='line_1_3' title="bbox 3306 332 3411 388; baseline -0.038 0"><span class='ocrx_word' id='word_1_7' title='bbox 3306 332 3411 388; x_wconf 82' lang='lat'><strong>510</strong></span> 
     </span>
    </p>
   </div>
   <div class='ocr_carea' id='block_1_4' title="bbox 142 435 3410 513">
    <p class='ocr_par' dir='ltr' id='par_1_4' title="bbox 142 435 3410 513">
     <span class='ocr_line' id='line_1_4' title="bbox 142 435 3410 513; baseline -0.001 -15"><span class='ocrx_word' id='word_1_8' title='bbox 142 442 425 513; x_wconf 72' lang='lat' dir='ltr'><strong>Scriptum</strong></span> <span class='ocrx_word' id='word_1_9' title='bbox 472 444 682 494; x_wconf 78' lang='lat' dir='ltr'><strong>amator</strong></span> <span class='ocrx_word' id='word_1_10' title='bbox 724 435 1165 493; x_wconf 73' lang='lat' dir='ltr'><strong>ferventissimus.</strong></span> <span class='ocrx_word' id='word_1_11' title='bbox 1220 438 1376 493; x_wconf 83' lang='lat' dir='ltr'><strong>Venit</strong></span> <span class='ocrx_word' id='word_1_12' title='bbox 1425 453 1555 508; x_wconf 86' lang='lat' dir='ltr'><strong>ergo</strong></span> <span class='ocrx_word' id='word_1_13' title='bbox 1614 438 1724 493; x_wconf 81' lang='lat' dir='ltr'><strong>Ro-</strong></span> <span class='ocrx_word' id='word_1_14' title='bbox 1751 444 1798 497; x_wconf 77' lang='grc' dir='ltr'><strong>Α</strong></span> <span class='ocrx_word' id='word_1_15' title='bbox 1825 438 1961 507; x_wconf 89' lang='lat' dir='ltr'><strong>quit,</strong></span> <span class='ocrx_word' id='word_1_16' title='bbox 1989 437 2067 491; x_wconf 88' lang='lat' dir='ltr'><strong>illi</strong></span> <span class='ocrx_word' id='word_1_17' title='bbox 2096 479 2110 503; x_wconf 94' lang='lat'><strong>,</strong></span> <span class='ocrx_word' id='word_1_18' title='bbox 2136 455 2263 509; x_wconf 90' lang='lat' dir='ltr'><strong>quos</strong></span> <span class='ocrx_word' id='word_1_19' title='bbox 2304 439 2670 509; x_wconf 67' lang='lat' dir='ltr'><strong>praecedentes,</strong></span> <span class='ocrx_word' id='word_1_20' title='bbox 2711 456 2862 510; x_wconf 88' lang='lat' dir='ltr'><strong>seque</strong></span> <span class='ocrx_word' id='word_1_21' title='bbox 2884 439 3099 493; x_wconf 76' lang='lat' dir='ltr'><strong>invicem</strong></span> <span class='ocrx_word' id='word_1_22' title='bbox 3125 456 3280 494; x_wconf 87' lang='lat' dir='ltr'><strong>manu</strong></span> <span class='ocrx_word' id='word_1_23' title='bbox 3322 441 3410 495; x_wconf 86' lang='lat' dir='ltr'><strong>in-</strong></span> 
     </span>
    </p>
   </div>
   <div class='ocr_carea' id='block_1_5' title="bbox 140 530 1724 604">
    <p class='ocr_par' dir='ltr' id='par_1_5' title="bbox 140 530 1724 604">
     <span class='ocr_line' id='line_1_5' title="bbox 140 530 1724 604; baseline -0.006 -10"><span class='ocrx_word' id='word_1_24' title='bbox 140 553 303 601; x_wconf 83' lang='lat' dir='ltr'><strong>matn,</strong></span> <span class='ocrx_word' id='word_1_25' title='bbox 336 531 781 604; x_wconf 66' lang='lat' dir='ltr'><strong>praesentatisque</strong></span> <span class='ocrx_word' id='word_1_26' title='bbox 821 530 1087 598; x_wconf 80' lang='lat' dir='ltr'><strong>regalibus</strong></span> <span class='ocrx_word' id='word_1_27' title='bbox 1116 530 1357 601; x_wconf 77' lang='lat' dir='ltr'><strong>epistolis</strong></span> <span class='ocrx_word' id='word_1_28' title='bbox 1386 538 1443 585; x_wconf 89' lang='lat' dir='ltr'><strong>et</strong></span> <span class='ocrx_word' id='word_1_29' title='bbox 1485 531 1724 585; x_wconf 83' lang='lat' dir='ltr'><strong>muneri-</strong></span> 
     </span>
    </p>
   </div>
   <div class='ocr_carea' id='block_1_6' title="bbox 139 619 1725 693">
    <p class='ocr_par' dir='ltr' id='par_1_6' title="bbox 139 619 1725 693">
     <span class='ocr_line' id='line_1_6' title="bbox 139 619 1725 693; baseline -0.004 -9"><span class='ocrx_word' id='word_1_30' title='bbox 139 631 261 693; x_wconf 85' lang='lat' dir='ltr'><strong>bus,</strong></span> <span class='ocrx_word' id='word_1_31' title='bbox 292 640 417 681; x_wconf 89' lang='lat' dir='ltr'><strong>cum</strong></span> <span class='ocrx_word' id='word_1_32' title='bbox 443 622 513 678; x_wconf 88' lang='lat' dir='ltr'><strong>de</strong></span> <span class='ocrx_word' id='word_1_33' title='bbox 541 621 629 677; x_wconf 85' lang='lat' dir='ltr'><strong>die</strong></span> <span class='ocrx_word' id='word_1_34' title='bbox 672 621 725 675; x_wconf 91' lang='lat' dir='ltr'><strong>in</strong></span> <span class='ocrx_word' id='word_1_35' title='bbox 756 619 898 674; x_wconf 88' lang='lat' dir='ltr'><strong>diem</strong></span> <span class='ocrx_word' id='word_1_36' title='bbox 928 621 1137 676; x_wconf 87' lang='lat' dir='ltr'><strong>videret</strong></span> <span class='ocrx_word' id='word_1_37' title='bbox 1165 623 1481 691; x_wconf 81' lang='lat' dir='ltr'><strong>petitionem</strong></span> <span class='ocrx_word' id='word_1_38' title='bbox 1512 639 1663 677; x_wconf 84' lang='lat' dir='ltr'><strong>suam</strong></span> <span class='ocrx_word' id='word_1_39' title='bbox 1694 638 1725 677; x_wconf 89' lang='lat' dir='ltr'><strong>a</strong></span> 
     </span>
    </p>
   </div>
   <div class='ocr_carea' id='block_1_7' title="bbox 140 712 1724 787">
    <p class='ocr_par' dir='ltr' id='par_1_7' title="bbox 140 712 1724 787">
     <span class='ocr_line' id='line_1_7' title="bbox 140 712 1724 787; baseline -0.002 -16"><span class='ocrx_word' id='word_1_40' title='bbox 140 714 279 787; x_wconf 80' lang='lat' dir='ltr'><strong>papa</strong></span> <span class='ocrx_word' id='word_1_41' title='bbox 297 714 521 779; x_wconf 68' lang='lat' dir='ltr'><strong>differri,</strong></span> <span class='ocrx_word' id='word_1_42' title='bbox 536 712 687 784; x_wconf 82' lang='lat' dir='ltr'><strong>quasi</strong></span> <span class='ocrx_word' id='word_1_43' title='bbox 710 728 816 782; x_wconf 70' lang='lat' dir='ltr'><strong>pra:</strong></span> <span class='ocrx_word' id='word_1_44' title='bbox 833 712 1172 767; x_wconf 82' lang='lat' dir='ltr'><strong>multitudine</strong></span> <span class='ocrx_word' id='word_1_45' title='bbox 1195 715 1421 769; x_wconf 89' lang='lat' dir='ltr'><strong>aliorum</strong></span> <span class='ocrx_word' id='word_1_46' title='bbox 1444 715 1724 781; x_wconf 89' lang='lat' dir='ltr'><strong>librorum,</strong></span> 
     </span>
    </p>
   </div>
   <div class='ocr_carea' id='block_1_8' title="bbox 140 804 1727 877">
    <p class='ocr_par' dir='ltr' id='par_1_8' title="bbox 140 804 1727 877">
     <span class='ocr_line' id='line_1_8' title="bbox 140 804 1727 877; baseline -0.004 -12"><span class='ocrx_word' id='word_1_47' title='bbox 140 809 215 866; x_wconf 89' lang='lat' dir='ltr'><strong>illi</strong></span> <span class='ocrx_word' id='word_1_48' title='bbox 245 822 383 877; x_wconf 88' lang='lat' dir='ltr'><strong>quos</strong></span> <span class='ocrx_word' id='word_1_49' title='bbox 424 804 719 874; x_wconf 71' lang='lat' dir='ltr'><strong>quaerebat,</strong></span> <span class='ocrx_word' id='word_1_50' title='bbox 770 818 878 856; x_wconf 90' lang='lat' dir='ltr'><strong>non</strong></span> <span class='ocrx_word' id='word_1_51' title='bbox 935 811 1155 870; x_wconf 88' lang='lat' dir='ltr'><strong>possent</strong></span> <span class='ocrx_word' id='word_1_52' title='bbox 1213 804 1263 858; x_wconf 92' lang='lat' dir='ltr'><strong>in</strong></span> <span class='ocrx_word' id='word_1_53' title='bbox 1320 806 1538 859; x_wconf 89' lang='lat' dir='ltr'><strong>archivo</strong></span> <span class='ocrx_word' id='word_1_54' title='bbox 1587 806 1727 859; x_wconf 84' lang='lat' dir='ltr'><strong>sedis</strong></span> 
     </span>
    </p>
   </div>
   <div class='ocr_carea' id='block_1_9' title="bbox 140 893 1723 971">
    <p class='ocr_par' dir='ltr' id='par_1_9' title="bbox 140 893 1723 971">
     <span class='ocr_line' id='line_1_9' title="bbox 140 893 1723 971; baseline -0.004 -16"><span class='ocrx_word' id='word_1_55' title='bbox 140 898 459 971; x_wconf 63' lang='lat' dir='ltr'><strong>apostolica</strong></span> <span class='ocrx_word' id='word_1_56' title='bbox 504 894 747 964; x_wconf 88' lang='lat' dir='ltr'><strong>reperiri,</strong></span> <span class='ocrx_word' id='word_1_57' title='bbox 797 893 863 947; x_wconf 89' lang='lat' dir='ltr'><strong>ad</strong></span> <span class='ocrx_word' id='word_1_58' title='bbox 903 894 1148 948; x_wconf 89' lang='lat' dir='ltr'><strong>ultimum</strong></span> <span class='ocrx_word' id='word_1_59' title='bbox 1196 896 1485 964; x_wconf 84' lang='lat' dir='ltr'><strong>postulavit</strong></span> <span class='ocrx_word' id='word_1_60' title='bbox 1531 904 1587 948; x_wconf 94' lang='lat' dir='ltr'><strong>ut</strong></span> <span class='ocrx_word' id='word_1_61' title='bbox 1615 896 1723 949; x_wconf 90' lang='lat' dir='ltr'><strong>sal-</strong></span> 
     </span>
    </p>
   </div>
   <div class='ocr_carea' id='block_1_10' title="bbox 140 984 1728 1050">
    <p class='ocr_par' dir='ltr' id='par_1_10' title="bbox 140 984 1728 1050">
     <span class='ocr_line' id='line_1_10' title="bbox 140 984 1728 1050; baseline -0.006 -4"><span class='ocrx_word' id='word_1_62' title='bbox 140 1001 251 1047; x_wconf 87' lang='lat' dir='ltr'><strong>tem</strong></span> <span class='ocrx_word' id='word_1_63' title='bbox 283 988 386 1044; x_wconf 86' lang='lat' dir='ltr'><strong>sibi</strong></span> <span class='ocrx_word' id='word_1_64' title='bbox 415 984 631 1041; x_wconf 85' lang='lat' dir='ltr'><strong>licentia</strong></span> <span class='ocrx_word' id='word_1_65' title='bbox 658 984 896 1048; x_wconf 79' lang='lat' dir='ltr'><strong>daretur,</strong></span> <span class='ocrx_word' id='word_1_66' title='bbox 923 999 1025 1037; x_wconf 91' lang='lat' dir='ltr'><strong>una</strong></span> <span class='ocrx_word' id='word_1_67' title='bbox 1054 992 1213 1038; x_wconf 88' lang='lat' dir='ltr'><strong>nocte</strong></span> <span class='ocrx_word' id='word_1_68' title='bbox 1241 984 1446 1050; x_wconf 84' lang='lat' dir='ltr'><strong>integra</strong></span> <span class='ocrx_word' id='word_1_69' title='bbox 1472 984 1524 1037; x_wconf 90' lang='lat' dir='ltr'><strong>in</strong></span> <span class='ocrx_word' id='word_1_70' title='bbox 1553 984 1728 1038; x_wconf 90' lang='lat' dir='ltr'><strong>eccle-</strong></span> 
     </span>
    </p>
   </div>
   <div class='ocr_carea' id='block_1_11' title="bbox 139 1078 1726 1148">
    <p class='ocr_par' dir='ltr' id='par_1_11' title="bbox 139 1078 1726 1148">
     <span class='ocr_line' id='line_1_11' title="bbox 139 1078 1726 1148; baseline -0.006 -6"><span class='ocrx_word' id='word_1_71' title='bbox 139 1086 217 1143; x_wconf 83' lang='lat' dir='ltr'><strong>sia</strong></span> <span class='ocrx_word' id='word_1_72' title='bbox 245 1084 394 1139; x_wconf 86' lang='lat' dir='ltr'><strong>beati</strong></span> <span class='ocrx_word' id='word_1_73' title='bbox 425 1079 572 1137; x_wconf 86' lang='lat' dir='ltr'><strong>Petri</strong></span> <span class='ocrx_word' id='word_1_74' title='bbox 598 1078 849 1147; x_wconf 78' lang='lat' dir='ltr'><strong>vigilandi</strong></span> <span class='ocrx_word' id='word_1_75' title='bbox 875 1086 930 1133; x_wconf 89' lang='lat' dir='ltr'><strong>et</strong></span> <span class='ocrx_word' id='word_1_76' title='bbox 951 1078 1161 1133; x_wconf 88' lang='lat' dir='ltr'><strong>orandi.</strong></span> <span class='ocrx_word' id='word_1_77' title='bbox 1187 1078 1301 1144; x_wconf 83' lang='lat' dir='ltr'><strong>Qua</strong></span> <span class='ocrx_word' id='word_1_78' title='bbox 1330 1088 1573 1148; x_wconf 89' lang='lat' dir='ltr'><strong>accepta,</strong></span> <span class='ocrx_word' id='word_1_79' title='bbox 1605 1093 1726 1132; x_wconf 89' lang='lat' dir='ltr'><strong>cum</strong></span> 
     </span>
    </p>
   </div>
   <div class='ocr_carea' id='block_1_12' title="bbox 139 1168 1727 1238">
    <p class='ocr_par' dir='ltr' id='par_1_12' title="bbox 139 1168 1727 1238">
     <span class='ocr_line' id='line_1_12' title="bbox 139 1168 1727 1238; baseline -0.004 -8"><span class='ocrx_word' id='word_1_80' title='bbox 139 1175 356 1231; x_wconf 79' lang='lat' dir='ltr'><strong>enixius</strong></span> <span class='ocrx_word' id='word_1_81' title='bbox 382 1174 694 1229; x_wconf 85' lang='lat' dir='ltr'><strong>obsecraret</strong></span> <span class='ocrx_word' id='word_1_82' title='bbox 730 1170 897 1224; x_wconf 90' lang='lat' dir='ltr'><strong>Deum</strong></span> <span class='ocrx_word' id='word_1_83' title='bbox 922 1214 937 1236; x_wconf 92' lang='lat'><strong>,</strong></span> <span class='ocrx_word' id='word_1_84' title='bbox 971 1178 1029 1224; x_wconf 93' lang='lat' dir='ltr'><strong>ut</strong></span> <span class='ocrx_word' id='word_1_85' title='bbox 1061 1168 1391 1238; x_wconf 84' lang='lat' dir='ltr'><strong>jamjamaue</strong></span> <span class='ocrx_word' id='word_1_86' title='bbox 1438 1168 1522 1224; x_wconf 91' lang='lat' dir='ltr'><strong>sui</strong></span> <span class='ocrx_word' id='word_1_87' title='bbox 1564 1169 1727 1223; x_wconf 86' lang='lat' dir='ltr'><strong>itine-</strong></span> 
     </span>
    </p>
   </div>
   <div class='ocr_carea' id='block_1_13' title="bbox 139 1259 1727 1333">
    <p class='ocr_par' dir='ltr' id='par_1_13' title="bbox 139 1259 1727 1333">
     <span class='ocr_line' id='line_1_13' title="bbox 139 1259 1727 1333; baseline -0.004 -11"><span class='ocrx_word' id='word_1_88' title='bbox 139 1266 216 1322; x_wconf 87' lang='lat' dir='ltr'><strong>ris</strong></span> <span class='ocrx_word' id='word_1_89' title='bbox 256 1264 485 1321; x_wconf 72' lang='lat' dir='ltr'><strong>eﬂectus</strong></span> <span class='ocrx_word' id='word_1_90' title='bbox 526 1270 954 1333; x_wconf 88' lang='lat' dir='ltr'><strong>prosperaretur,</strong></span> <span class='ocrx_word' id='word_1_91' title='bbox 985 1276 1111 1317; x_wconf 88' lang='lat' dir='ltr'><strong>ecce</strong></span> <span class='ocrx_word' id='word_1_92' title='bbox 1141 1261 1283 1315; x_wconf 91' lang='lat' dir='ltr'><strong>circa</strong></span> <span class='ocrx_word' id='word_1_93' title='bbox 1336 1259 1565 1314; x_wconf 84' lang='lat' dir='ltr'><strong>mediam</strong></span> <span class='ocrx_word' id='word_1_94' title='bbox 1594 1274 1727 1316; x_wconf 88' lang='lat' dir='ltr'><strong>nec-</strong></span> 
     </span>
    </p>
   </div>
   <div class='ocr_carea' id='block_1_14' title="bbox 141 1349 1728 1424">
    <p class='ocr_par' dir='ltr' id='par_1_14' title="bbox 141 1349 1728 1424">
     <span class='ocr_line' id='line_1_14' title="bbox 141 1349 1728 1424; baseline -0.003 -15"><span class='ocrx_word' id='word_1_95' title='bbox 141 1364 253 1409; x_wconf 90' lang='lat' dir='ltr'><strong>tem</strong></span> <span class='ocrx_word' id='word_1_96' title='bbox 286 1354 343 1409; x_wconf 89' lang='lat' dir='ltr'><strong>in</strong></span> <span class='ocrx_word' id='word_1_97' title='bbox 369 1354 487 1424; x_wconf 91' lang='lat' dir='ltr'><strong>ipse</strong></span> <span class='ocrx_word' id='word_1_98' title='bbox 509 1351 768 1408; x_wconf 91' lang='lat' dir='ltr'><strong>orationis</strong></span> <span class='ocrx_word' id='word_1_99' title='bbox 793 1350 1005 1406; x_wconf 83' lang='lat' dir='ltr'><strong>fervore</strong></span> <span class='ocrx_word' id='word_1_100' title='bbox 1030 1349 1342 1422; x_wconf 86' lang='lat' dir='ltr'><strong>persistens,</strong></span> <span class='ocrx_word' id='word_1_101' title='bbox 1384 1349 1520 1404; x_wconf 79' lang='lat' dir='ltr'><strong>vidit</strong></span> <span class='ocrx_word' id='word_1_102' title='bbox 1562 1358 1728 1405; x_wconf 92' lang='lat' dir='ltr'><strong>totam</strong></span> 
     </span>
    </p>
   </div>
   <div class='ocr_carea' id='block_1_15' title="bbox 140 1438 1731 1509">
    <p class='ocr_par' dir='ltr' id='par_1_15' title="bbox 140 1438 1731 1509">
     <span class='ocr_line' id='line_1_15' title="bbox 140 1438 1731 1509; baseline -0.005 -8"><span class='ocrx_word' id='word_1_103' title='bbox 140 1444 445 1501; x_wconf 85' lang='lat' dir='ltr'><strong>Ecclesiam</strong></span> <span class='ocrx_word' id='word_1_104' title='bbox 474 1442 735 1498; x_wconf 91' lang='lat' dir='ltr'><strong>immenso</strong></span> <span class='ocrx_word' id='word_1_105' title='bbox 766 1440 965 1495; x_wconf 88' lang='lat' dir='ltr'><strong>lumine</strong></span> <span class='ocrx_word' id='word_1_106' title='bbox 991 1439 1209 1509; x_wconf 89' lang='lat' dir='ltr'><strong>repleri.</strong></span> <span class='ocrx_word' id='word_1_107' title='bbox 1244 1438 1443 1493; x_wconf 89' lang='lat' dir='ltr'><strong>Deinde</strong></span> <span class='ocrx_word' id='word_1_108' title='bbox 1471 1438 1731 1509; x_wconf 88' lang='lat' dir='ltr'><strong>prospicit</strong></span> 
     </span>
    </p>
   </div>
   <div class='ocr_carea' id='block_1_16' title="bbox 141 1529 1729 1605">
    <p class='ocr_par' dir='ltr' id='par_1_16' title="bbox 141 1529 1729 1605">
     <span class='ocr_line' id='line_1_16' title="bbox 141 1529 1729 1605; baseline -0.004 -14"><span class='ocrx_word' id='word_1_109' title='bbox 141 1550 398 1605; x_wconf 85' lang='lat' dir='ltr'><strong>magnam</strong></span> <span class='ocrx_word' id='word_1_110' title='bbox 425 1531 845 1589; x_wconf 89' lang='lat' dir='ltr'><strong>reverendorum</strong></span> <span class='ocrx_word' id='word_1_111' title='bbox 872 1531 1109 1585; x_wconf 89' lang='lat' dir='ltr'><strong>virorum</strong></span> <span class='ocrx_word' id='word_1_112' title='bbox 1155 1530 1324 1585; x_wconf 85' lang='lat' dir='ltr'><strong>niveis</strong></span> <span class='ocrx_word' id='word_1_113' title='bbox 1365 1529 1603 1584; x_wconf 87' lang='lat' dir='ltr'><strong>vestibus</strong></span> <span class='ocrx_word' id='word_1_114' title='bbox 1649 1529 1729 1584; x_wconf 88' lang='lat' dir='ltr'><strong>in-</strong></span> 
     </span>
    </p>
   </div>
   <div class='ocr_carea' id='block_1_17' title="bbox 141 1622 1731 1693">
    <p class='ocr_par' dir='ltr' id='par_1_17' title="bbox 141 1622 1731 1693">
     <span class='ocr_line' id='line_1_17' title="bbox 141 1622 1731 1693; baseline -0.003 -12"><span class='ocrx_word' id='word_1_115' title='bbox 141 1626 404 1683; x_wconf 88' lang='lat' dir='ltr'><strong>duterum</strong></span> <span class='ocrx_word' id='word_1_116' title='bbox 432 1624 825 1680; x_wconf 81' lang='lat' dir='ltr'><strong>multitudinem</strong></span> <span class='ocrx_word' id='word_1_117' title='bbox 844 1664 858 1689; x_wconf 91' lang='lat'><strong>,</strong></span> <span class='ocrx_word' id='word_1_118' title='bbox 886 1622 1103 1693; x_wconf 87' lang='lat' dir='ltr'><strong>januam</strong></span> <span class='ocrx_word' id='word_1_119' title='bbox 1153 1622 1394 1677; x_wconf 75' lang='lat' dir='ltr'><strong>ecclesia:</strong></span> <span class='ocrx_word' id='word_1_120' title='bbox 1424 1622 1731 1691; x_wconf 84' lang='lat' dir='ltr'><strong>ingredien-</strong></span> 
     </span>
    </p>
   </div>
   <div class='ocr_carea' id='block_1_18' title="bbox 141 1713 1732 1783">
    <p class='ocr_par' dir='ltr' id='par_1_18' title="bbox 141 1713 1732 1783">
     <span class='ocr_line' id='line_1_18' title="bbox 141 1713 1732 1783; baseline -0.001 -11"><span class='ocrx_word' id='word_1_121' title='bbox 141 1727 276 1783; x_wconf 91' lang='lat' dir='ltr'><strong>tem,</strong></span> <span class='ocrx_word' id='word_1_122' title='bbox 323 1724 380 1773; x_wconf 89' lang='lat' dir='ltr'><strong>et</strong></span> <span class='ocrx_word' id='word_1_123' title='bbox 420 1715 631 1772; x_wconf 90' lang='lat' dir='ltr'><strong>decenti</strong></span> <span class='ocrx_word' id='word_1_124' title='bbox 681 1715 869 1770; x_wconf 87' lang='lat' dir='ltr'><strong>ordine</strong></span> <span class='ocrx_word' id='word_1_125' title='bbox 920 1714 1075 1770; x_wconf 90' lang='lat' dir='ltr'><strong>binos</strong></span> <span class='ocrx_word' id='word_1_126' title='bbox 1127 1721 1181 1767; x_wconf 91' lang='lat' dir='ltr'><strong>et</strong></span> <span class='ocrx_word' id='word_1_127' title='bbox 1232 1713 1390 1768; x_wconf 88' lang='lat' dir='ltr'><strong>binos</strong></span> <span class='ocrx_word' id='word_1_128' title='bbox 1438 1713 1504 1769; x_wconf 87' lang='lat' dir='ltr'><strong>ad</strong></span> <span class='ocrx_word' id='word_1_129' title='bbox 1559 1714 1732 1771; x_wconf 88' lang='lat' dir='ltr'><strong>altare</strong></span> 
     </span>
    </p>
   </div>
   <div class='ocr_carea' id='block_1_19' title="bbox 1831 528 3411 601">
    <p class='ocr_par' dir='ltr' id='par_1_19' title="bbox 1831 528 3411 601">
     <span class='ocr_line' id='line_1_19' title="bbox 1831 528 3411 601; baseline 0.001 -18"><span class='ocrx_word' id='word_1_130' title='bbox 1831 538 1968 583; x_wconf 90' lang='lat' dir='ltr'><strong>serta</strong></span> <span class='ocrx_word' id='word_1_131' title='bbox 2000 528 2140 583; x_wconf 82' lang='lat' dir='ltr'><strong>vides</strong></span> <span class='ocrx_word' id='word_1_132' title='bbox 2160 530 2578 599; x_wconf 86' lang='lat' dir='ltr'><strong>complectentes,</strong></span> <span class='ocrx_word' id='word_1_133' title='bbox 2602 528 2758 601; x_wconf 59' lang='grc' dir='ltr'><strong>[χχιι]</strong></span> <span class='ocrx_word' id='word_1_134' title='bbox 2777 530 2911 584; x_wconf 82' lang='lat' dir='ltr'><strong>beati</strong></span> <span class='ocrx_word' id='word_1_135' title='bbox 2940 531 3163 600; x_wconf 84' lang='lat' dir='ltr'><strong>apostoli</strong></span> <span class='ocrx_word' id='word_1_136' title='bbox 3173 530 3411 585; x_wconf 87' lang='lat' dir='ltr'><strong>suntPe-</strong></span> 
     </span>
    </p>
   </div>
   <div class='ocr_carea' id='block_1_20' title="bbox 1830 620 3411 693">
    <p class='ocr_par' dir='ltr' id='par_1_20' title="bbox 1830 620 3411 693">
     <span class='ocr_line' id='line_1_20' title="bbox 1830 620 3411 693; baseline 0.003 -20"><span class='ocrx_word' id='word_1_137' title='bbox 1830 632 1937 674; x_wconf 82' lang='lat' dir='ltr'><strong>Irus</strong></span> <span class='ocrx_word' id='word_1_138' title='bbox 1964 628 2012 673; x_wconf 85' lang='lat' dir='ltr'><strong>et</strong></span> <span class='ocrx_word' id='word_1_139' title='bbox 2035 620 2251 673; x_wconf 79' lang='lat' dir='ltr'><strong>Paulus.</strong></span> <span class='ocrx_word' id='word_1_140' title='bbox 2281 621 2481 693; x_wconf 75' lang='lat' dir='ltr'><strong>Reliqui</strong></span> <span class='ocrx_word' id='word_1_141' title='bbox 2509 638 2644 684; x_wconf 81' lang='lat' dir='ltr'><strong>vero,</strong></span> <span class='ocrx_word' id='word_1_142' title='bbox 2677 638 2802 692; x_wconf 88' lang='lat' dir='ltr'><strong>quos</strong></span> <span class='ocrx_word' id='word_1_143' title='bbox 2817 632 2931 689; x_wconf 87' lang='lat' dir='ltr'><strong>post</strong></span> <span class='ocrx_word' id='word_1_144' title='bbox 2951 639 3035 677; x_wconf 84' lang='lat' dir='ltr'><strong>eos</strong></span> <span class='ocrx_word' id='word_1_145' title='bbox 3070 623 3237 677; x_wconf 78' lang='lat' dir='ltr'><strong>cernis</strong></span> <span class='ocrx_word' id='word_1_146' title='bbox 3260 631 3411 677; x_wconf 85' lang='lat' dir='ltr'><strong>stan-</strong></span> 
     </span>
    </p>
   </div>
   <div class='ocr_carea' id='block_1_21' title="bbox 1830 711 3412 784">
    <p class='ocr_par' dir='ltr' id='par_1_21' title="bbox 1830 711 3412 784">
     <span class='ocr_line' id='line_1_21' title="bbox 1830 711 3412 784; baseline 0.005 -21"><span class='ocrx_word' id='word_1_147' title='bbox 1830 719 1924 776; x_wconf 90' lang='lat' dir='ltr'><strong>tes,</strong></span> <span class='ocrx_word' id='word_1_148' title='bbox 1946 711 2044 780; x_wconf 84' lang='lat' dir='ltr'><strong>ipsi</strong></span> <span class='ocrx_word' id='word_1_149' title='bbox 2071 720 2189 776; x_wconf 69' lang='lat' dir='ltr'><strong>sunt</strong></span> <span class='ocrx_word' id='word_1_150' title='bbox 2217 727 2532 766; x_wconf 76' lang='lat' dir='ltr'><strong>successores</strong></span> <span class='ocrx_word' id='word_1_151' title='bbox 2547 729 2742 777; x_wconf 88' lang='lat' dir='ltr'><strong>eorum,</strong></span> <span class='ocrx_word' id='word_1_152' title='bbox 2774 713 2924 784; x_wconf 83' lang='lat' dir='ltr'><strong><em>hujus</em></strong></span> <span class='ocrx_word' id='word_1_153' title='bbox 2955 716 3252 784; x_wconf 82' lang='lat' dir='ltr'><strong>apostolicce</strong></span> <span class='ocrx_word' id='word_1_154' title='bbox 3272 716 3412 772; x_wconf 65' lang='lat' dir='ltr'><strong>sedis</strong></span> 
     </span>
    </p>
   </div>
   <div class='ocr_carea' id='block_1_22' title="bbox 1828 799 3414 872">
    <p class='ocr_par' dir='ltr' id='par_1_22' title="bbox 1828 799 3414 872">
     <span class='ocr_line' id='line_1_22' title="bbox 1828 799 3414 872; baseline 0.003 -20"><span class='ocrx_word' id='word_1_155' title='bbox 1828 799 2120 868; x_wconf 80' lang='lat' dir='ltr'><strong>pontiﬁces.</strong></span> <span class='ocrx_word' id='word_1_156' title='bbox 2145 800 2213 852; x_wconf 88' lang='lat' dir='ltr'><strong>Et</strong></span> <span class='ocrx_word' id='word_1_157' title='bbox 2233 799 2409 853; x_wconf 86' lang='lat' dir='ltr'><strong>eodem</strong></span> <span class='ocrx_word' id='word_1_158' title='bbox 2433 802 2634 865; x_wconf 88' lang='lat' dir='ltr'><strong>ordine,</strong></span> <span class='ocrx_word' id='word_1_159' title='bbox 2664 817 2761 871; x_wconf 90' lang='lat' dir='ltr'><strong>quo</strong></span> <span class='ocrx_word' id='word_1_160' title='bbox 2791 818 2875 854; x_wconf 91' lang='lat' dir='ltr'><strong>eos</strong></span> <span class='ocrx_word' id='word_1_161' title='bbox 2898 803 2949 855; x_wconf 89' lang='lat' dir='ltr'><strong>in</strong></span> <span class='ocrx_word' id='word_1_162' title='bbox 2972 802 3265 872; x_wconf 83' lang='lat' dir='ltr'><strong>episcopatu</strong></span> <span class='ocrx_word' id='word_1_163' title='bbox 3295 811 3414 857; x_wconf 86' lang='lat' dir='ltr'><strong>sunt</strong></span> 
     </span>
    </p>
   </div>
   <div class='ocr_carea' id='block_1_23' title="bbox 1829 890 3415 961">
    <p class='ocr_par' dir='ltr' id='par_1_23' title="bbox 1829 890 3415 961">
     <span class='ocr_line' id='line_1_23' title="bbox 1829 890 3415 961; baseline 0.002 -19"><span class='ocrx_word' id='word_1_164' title='bbox 1829 890 1987 942; x_wconf 86' lang='lat' dir='ltr'><strong>secuti</strong></span> <span class='ocrx_word' id='word_1_165' title='bbox 2014 929 2030 955; x_wconf 93' lang='lat'><strong>,</strong></span> <span class='ocrx_word' id='word_1_166' title='bbox 2060 890 2217 941; x_wconf 86' lang='lat' dir='ltr'><strong>etiam</strong></span> <span class='ocrx_word' id='word_1_167' title='bbox 2268 906 2403 943; x_wconf 87' lang='lat' dir='ltr'><strong>nunc</strong></span> <span class='ocrx_word' id='word_1_168' title='bbox 2429 907 2515 943; x_wconf 88' lang='lat' dir='ltr'><strong>eos</strong></span> <span class='ocrx_word' id='word_1_169' title='bbox 2548 900 2844 961; x_wconf 82' lang='lat' dir='ltr'><strong>sequuntur.</strong></span> <span class='ocrx_word' id='word_1_170' title='bbox 2889 890 2959 943; x_wconf 89' lang='lat' dir='ltr'><strong>Et</strong></span> <span class='ocrx_word' id='word_1_171' title='bbox 2986 895 3117 944; x_wconf 81' lang='lat' dir='ltr'><strong>sicut</strong></span> <span class='ocrx_word' id='word_1_172' title='bbox 3148 893 3277 945; x_wconf 85' lang='lat' dir='ltr'><strong>hanc</strong></span> <span class='ocrx_word' id='word_1_173' title='bbox 3308 892 3415 945; x_wconf 81' lang='lat' dir='ltr'><strong>Ec-</strong></span> 
     </span>
    </p>
   </div>
   <div class='ocr_carea' id='block_1_24' title="bbox 1828 979 3417 1049">
    <p class='ocr_par' dir='ltr' id='par_1_24' title="bbox 1828 979 3417 1049">
     <span class='ocr_line' id='line_1_24' title="bbox 1828 979 3417 1049; baseline 0.001 -17"><span class='ocrx_word' id='word_1_174' title='bbox 1828 979 2040 1032; x_wconf 86' lang='lat' dir='ltr'><strong>clesiam</strong></span> <span class='ocrx_word' id='word_1_175' title='bbox 2071 980 2125 1031; x_wconf 83' lang='lat' dir='ltr'><strong>in</strong></span> <span class='ocrx_word' id='word_1_176' title='bbox 2156 981 2257 1031; x_wconf 80' lang='lat' dir='ltr'><strong>vita</strong></span> <span class='ocrx_word' id='word_1_177' title='bbox 2282 995 2376 1031; x_wconf 86' lang='lat' dir='ltr'><strong>sua</strong></span> <span class='ocrx_word' id='word_1_178' title='bbox 2404 980 2717 1045; x_wconf 76' lang='lat' dir='ltr'><strong>dilexerunt,</strong></span> <span class='ocrx_word' id='word_1_179' title='bbox 2743 982 2817 1033; x_wconf 84' lang='lat' dir='ltr'><strong>ita</strong></span> <span class='ocrx_word' id='word_1_180' title='bbox 2847 992 2895 1033; x_wconf 87' lang='lat' dir='ltr'><strong>et</strong></span> <span class='ocrx_word' id='word_1_181' title='bbox 2925 997 3061 1033; x_wconf 87' lang='lat' dir='ltr'><strong>nunc</strong></span> <span class='ocrx_word' id='word_1_182' title='bbox 3086 990 3199 1049; x_wconf 87' lang='lat' dir='ltr'><strong>post</strong></span> <span class='ocrx_word' id='word_1_183' title='bbox 3224 980 3417 1034; x_wconf 86' lang='lat' dir='ltr'><strong>obitum</strong></span> 
     </span>
    </p>
   </div>
   <div class='ocr_carea' id='block_1_25' title="bbox 1830 1068 3419 1140">
    <p class='ocr_par' dir='ltr' id='par_1_25' title="bbox 1830 1068 3419 1140">
     <span class='ocr_line' id='line_1_25' title="bbox 1830 1068 3419 1140; baseline 0.001 -19"><span class='ocrx_word' id='word_1_184' title='bbox 1830 1068 2075 1140; x_wconf 86' lang='lat' dir='ltr'><strong>diligunt,</strong></span> <span class='ocrx_word' id='word_1_185' title='bbox 2127 1078 2177 1122; x_wconf 91' lang='lat' dir='ltr'><strong>et</strong></span> <span class='ocrx_word' id='word_1_186' title='bbox 2224 1070 2516 1139; x_wconf 69' lang='lat' dir='ltr'><strong>frequenter</strong></span> <span class='ocrx_word' id='word_1_187' title='bbox 2562 1085 2675 1121; x_wconf 89' lang='lat' dir='ltr'><strong>eam</strong></span> <span class='ocrx_word' id='word_1_188' title='bbox 2730 1069 2948 1122; x_wconf 86' lang='lat' dir='ltr'><strong>invisere</strong></span> <span class='ocrx_word' id='word_1_189' title='bbox 2991 1070 3218 1123; x_wconf 84' lang='lat' dir='ltr'><strong>veniunt.</strong></span> <span class='ocrx_word' id='word_1_190' title='bbox 3268 1069 3419 1123; x_wconf 89' lang='lat' dir='ltr'><strong>Tunc</strong></span> 
     </span>
    </p>
   </div>
   <div class='ocr_carea' id='block_1_26' title="bbox 1835 1155 3420 1228">
    <p class='ocr_par' dir='ltr' id='par_1_26' title="bbox 1835 1155 3420 1228">
     <span class='ocr_line' id='line_1_26' title="bbox 1835 1155 3420 1228; baseline -0.004 -13"><span class='ocrx_word' id='word_1_191' title='bbox 1835 1159 2143 1228; x_wconf 74' lang='lat' dir='ltr'><strong>episcopus,</strong></span> <span class='ocrx_word' id='word_1_192' title='bbox 2179 1156 2309 1222; x_wconf 89' lang='lat' dir='ltr'><strong>Oro,</strong></span> <span class='ocrx_word' id='word_1_193' title='bbox 2358 1156 2550 1224; x_wconf 90' lang='lat' dir='ltr'><strong>inquit,</strong></span> <span class='ocrx_word' id='word_1_194' title='bbox 2585 1156 2655 1208; x_wconf 88' lang='lat' dir='ltr'><strong>mi</strong></span> <span class='ocrx_word' id='word_1_195' title='bbox 2702 1155 2909 1209; x_wconf 86' lang='lat' dir='ltr'><strong>domine</strong></span> <span class='ocrx_word' id='word_1_196' title='bbox 2940 1197 2955 1223; x_wconf 90' lang='lat'><strong>,</strong></span> <span class='ocrx_word' id='word_1_197' title='bbox 3007 1166 3063 1208; x_wconf 88' lang='lat' dir='ltr'><strong>ut</strong></span> <span class='ocrx_word' id='word_1_198' title='bbox 3104 1158 3247 1209; x_wconf 85' lang='lat' dir='ltr'><strong>dicas</strong></span> <span class='ocrx_word' id='word_1_199' title='bbox 3293 1158 3420 1209; x_wconf 74' lang='lat' dir='ltr'><strong>milii</strong></span> 
     </span>
    </p>
   </div>
   <div class='ocr_carea' id='block_1_27' title="bbox 1829 1243 3419 1319">
    <p class='ocr_par' dir='ltr' id='par_1_27' title="bbox 1829 1243 3419 1319">
     <span class='ocr_line' id='line_1_27' title="bbox 1829 1243 3419 1319; baseline -0.003 -17"><span class='ocrx_word' id='word_1_200' title='bbox 1829 1250 2067 1319; x_wconf 79' lang='lat' dir='ltr'><strong>quisnam</strong></span> <span class='ocrx_word' id='word_1_201' title='bbox 2096 1255 2150 1301; x_wconf 88' lang='lat' dir='ltr'><strong>tu</strong></span> <span class='ocrx_word' id='word_1_202' title='bbox 2179 1250 2290 1317; x_wconf 86' lang='lat' dir='ltr'><strong>ipse</strong></span> <span class='ocrx_word' id='word_1_203' title='bbox 2319 1246 2412 1299; x_wconf 85' lang='lat' dir='ltr'><strong>sis.</strong></span> <span class='ocrx_word' id='word_1_204' title='bbox 2454 1244 2548 1298; x_wconf 80' lang='lat' dir='ltr'><strong>Ille</strong></span> <span class='ocrx_word' id='word_1_205' title='bbox 2576 1245 2887 1311; x_wconf 87' lang='lat' dir='ltr'><strong>respondit:</strong></span> <span class='ocrx_word' id='word_1_206' title='bbox 2931 1243 3043 1312; x_wconf 86' lang='lat' dir='ltr'><strong>Ego</strong></span> <span class='ocrx_word' id='word_1_207' title='bbox 3073 1262 3185 1297; x_wconf 84' lang='lat' dir='ltr'><strong>sum</strong></span> <span class='ocrx_word' id='word_1_208' title='bbox 3216 1244 3419 1312; x_wconf 86' lang='lat' dir='ltr'><strong>Grego-</strong></span> 
     </span>
    </p>
   </div>
   <div class='ocr_carea' id='block_1_28' title="bbox 1829 1333 3420 1411">
    <p class='ocr_par' dir='ltr' id='par_1_28' title="bbox 1829 1333 3420 1411">
     <span class='ocr_line' id='line_1_28' title="bbox 1829 1333 3420 1411; baseline -0.004 -16"><span class='ocrx_word' id='word_1_209' title='bbox 1829 1341 1962 1408; x_wconf 86' lang='lat' dir='ltr'><strong>rius,</strong></span> <span class='ocrx_word' id='word_1_210' title='bbox 1993 1357 2086 1411; x_wconf 86' lang='lat' dir='ltr'><strong>pro</strong></span> <span class='ocrx_word' id='word_1_211' title='bbox 2111 1339 2256 1410; x_wconf 86' lang='lat' dir='ltr'><strong>cujus</strong></span> <span class='ocrx_word' id='word_1_212' title='bbox 2286 1335 2428 1391; x_wconf 87' lang='lat' dir='ltr'><strong>libris</strong></span> <span class='ocrx_word' id='word_1_213' title='bbox 2459 1338 2587 1389; x_wconf 86' lang='lat' dir='ltr'><strong>tanti</strong></span> <span class='ocrx_word' id='word_1_214' title='bbox 2617 1334 2821 1388; x_wconf 83' lang='lat' dir='ltr'><strong>itineris</strong></span> <span class='ocrx_word' id='word_1_215' title='bbox 2858 1333 3085 1388; x_wconf 87' lang='lat' dir='ltr'><strong>laborem</strong></span> <span class='ocrx_word' id='word_1_216' title='bbox 3110 1334 3420 1388; x_wconf 81' lang='lat' dir='ltr'><strong>sustinuisti.</strong></span> 
     </span>
    </p>
   </div>
   <div class='ocr_carea' id='block_1_29' title="bbox 1832 1421 3426 1501">
    <p class='ocr_par' dir='ltr' id='par_1_29' title="bbox 1832 1421 3426 1501">
     <span class='ocr_line' id='line_1_29' title="bbox 1832 1421 3426 1501; baseline -0.006 -16"><span class='ocrx_word' id='word_1_217' title='bbox 1832 1429 2058 1501; x_wconf 82' lang='lat' dir='ltr'><strong>Ideoque</strong></span> <span class='ocrx_word' id='word_1_218' title='bbox 2090 1445 2224 1483; x_wconf 87' lang='lat' dir='ltr'><strong>nunc</strong></span> <span class='ocrx_word' id='word_1_219' title='bbox 2254 1428 2364 1482; x_wconf 85' lang='lat' dir='ltr'><strong>veni</strong></span> <span class='ocrx_word' id='word_1_220' title='bbox 2387 1435 2440 1479; x_wconf 92' lang='lat' dir='ltr'><strong>ut</strong></span> <span class='ocrx_word' id='word_1_221' title='bbox 2482 1434 2582 1480; x_wconf 81' lang='lat' dir='ltr'><strong>tute</strong></span> <span class='ocrx_word' id='word_1_222' title='bbox 2609 1425 2965 1495; x_wconf 73' lang='lat' dir='ltr'><strong>satisfacerem</strong></span> <span class='ocrx_word' id='word_1_223' title='bbox 2994 1422 3249 1493; x_wconf 83' lang='lat' dir='ltr'><strong>petitioni.</strong></span> <span class='ocrx_word' id='word_1_224' title='bbox 3272 1421 3426 1475; x_wconf 88' lang='lat' dir='ltr'><strong>Tunc</strong></span> 
     </span>
    </p>
   </div>
   <div class='ocr_carea' id='block_1_30' title="bbox 1832 1511 3425 1595">
    <p class='ocr_par' dir='ltr' id='par_1_30' title="bbox 1832 1511 3425 1595">
     <span class='ocr_line' id='line_1_30' title="bbox 1832 1511 3425 1595; baseline -0.01 -16"><span class='ocrx_word' id='word_1_225' title='bbox 1832 1524 2119 1595; x_wconf 87' lang='lat' dir='ltr'><strong>episcopus</strong></span> <span class='ocrx_word' id='word_1_226' title='bbox 2146 1520 2338 1590; x_wconf 87' lang='lat' dir='ltr'><strong>inquit,</strong></span> <span class='ocrx_word' id='word_1_227' title='bbox 2365 1518 2612 1579; x_wconf 87' lang='lat' dir='ltr'><strong>Obsecro,</strong></span> <span class='ocrx_word' id='word_1_228' title='bbox 2640 1517 2849 1571; x_wconf 88' lang='lat' dir='ltr'><strong>domine</strong></span> <span class='ocrx_word' id='word_1_229' title='bbox 2876 1515 2968 1582; x_wconf 87' lang='lat' dir='ltr'><strong>nti,</strong></span> <span class='ocrx_word' id='word_1_230' title='bbox 2999 1515 3043 1568; x_wconf 90' lang='lat' dir='ltr'><strong>si</strong></span> <span class='ocrx_word' id='word_1_231' title='bbox 3066 1514 3147 1566; x_wconf 84' lang='lat' dir='ltr'><strong>hic</strong></span> <span class='ocrx_word' id='word_1_232' title='bbox 3174 1519 3270 1577; x_wconf 87' lang='lat' dir='ltr'><strong>est,</strong></span> <span class='ocrx_word' id='word_1_233' title='bbox 3296 1511 3425 1565; x_wconf 86' lang='lat' dir='ltr'><strong>mihi</strong></span> 
     </span>
    </p>
   </div>
   <div class='ocr_carea' id='block_1_31' title="bbox 1832 1603 3424 1687">
    <p class='ocr_par' dir='ltr' id='par_1_31' title="bbox 1832 1603 3424 1687">
     <span class='ocr_line' id='line_1_31' title="bbox 1832 1603 3424 1687; baseline -0.008 -18"><span class='ocrx_word' id='word_1_234' title='bbox 1832 1616 1975 1669; x_wconf 87' lang='lat' dir='ltr'><strong>dicas</strong></span> <span class='ocrx_word' id='word_1_235' title='bbox 2003 1615 2240 1687; x_wconf 83' lang='lat' dir='ltr'><strong>quisnam</strong></span> <span class='ocrx_word' id='word_1_236' title='bbox 2279 1613 2495 1666; x_wconf 73' lang='lat' dir='ltr'><strong>istorum</strong></span> <span class='ocrx_word' id='word_1_237' title='bbox 2524 1619 2599 1664; x_wconf 88' lang='lat' dir='ltr'><strong>est</strong></span> <span class='ocrx_word' id='word_1_238' title='bbox 2646 1607 2788 1680; x_wconf 71' lang='grc' dir='ltr'><strong>[νει.</strong></span> <span class='ocrx_word' id='word_1_239' title='bbox 2818 1606 2974 1673; x_wconf 89' lang='lat' dir='ltr'><strong>edit.,</strong></span> <span class='ocrx_word' id='word_1_240' title='bbox 3020 1604 3085 1659; x_wconf 89' lang='lat' dir='ltr'><strong>Si</strong></span> <span class='ocrx_word' id='word_1_241' title='bbox 3120 1603 3203 1657; x_wconf 84' lang='lat' dir='ltr'><strong>hic</strong></span> <span class='ocrx_word' id='word_1_242' title='bbox 3234 1611 3330 1666; x_wconf 89' lang='lat' dir='ltr'><strong>est,</strong></span> <span class='ocrx_word' id='word_1_243' title='bbox 3372 1608 3424 1657; x_wconf 76' lang='lat' dir='ltr'><strong>et</strong></span> 
     </span>
    </p>
   </div>
   <div class='ocr_carea' id='block_1_32' title="bbox 1833 1693 3424 1779">
    <p class='ocr_par' dir='ltr' id='par_1_32' title="bbox 1833 1693 3424 1779">
     <span class='ocr_line' id='line_1_32' title="bbox 1833 1693 3424 1779; baseline -0.008 -20"><span class='ocrx_word' id='word_1_244' title='bbox 1833 1708 2042 1779; x_wconf 83' lang='lat' dir='ltr'><strong>quinam</strong></span> <span class='ocrx_word' id='word_1_245' title='bbox 2068 1702 2166 1775; x_wconf 88' lang='lat' dir='ltr'><strong>est]</strong></span> <span class='ocrx_word' id='word_1_246' title='bbox 2199 1703 2377 1757; x_wconf 88' lang='lat' dir='ltr'><strong>beatus</strong></span> <span class='ocrx_word' id='word_1_247' title='bbox 2399 1701 2561 1756; x_wconf 87' lang='lat' dir='ltr'><strong>Pater</strong></span> <span class='ocrx_word' id='word_1_248' title='bbox 2590 1699 2929 1770; x_wconf 86' lang='lat' dir='ltr'><strong>Augustinus,</strong></span> <span class='ocrx_word' id='word_1_249' title='bbox 2960 1695 3108 1766; x_wconf 88' lang='lat' dir='ltr'><strong>cujus</strong></span> <span class='ocrx_word' id='word_1_250' title='bbox 3131 1693 3288 1748; x_wconf 88' lang='lat' dir='ltr'><strong>libros</strong></span> <span class='ocrx_word' id='word_1_251' title='bbox 3315 1708 3424 1747; x_wconf 86' lang='lat' dir='ltr'><strong>non</strong></span> 
     </span>
    </p>
   </div>
   <div class='ocr_carea' id='block_1_33' title="bbox 142 1785 3425 1872">
    <p class='ocr_par' dir='ltr' id='par_1_33' title="bbox 142 1785 3425 1872">
     <span class='ocr_line' id='line_1_33' title="bbox 142 1785 3425 1872; baseline -0.008 -7"><span class='ocrx_word' id='word_1_252' title='bbox 142 1809 322 1865; x_wconf 84' lang='lat' dir='ltr'><strong>sancti</strong></span> <span class='ocrx_word' id='word_1_253' title='bbox 383 1807 531 1863; x_wconf 85' lang='lat' dir='ltr'><strong>Petri</strong></span> <span class='ocrx_word' id='word_1_254' title='bbox 598 1805 929 1861; x_wconf 82' lang='lat' dir='ltr'><strong>tendentem.</strong></span> <span class='ocrx_word' id='word_1_255' title='bbox 993 1802 1237 1872; x_wconf 87' lang='lat' dir='ltr'><strong>Cumque</strong></span> <span class='ocrx_word' id='word_1_256' title='bbox 1290 1803 1458 1858; x_wconf 89' lang='lat' dir='ltr'><strong>nimio</strong></span> <span class='ocrx_word' id='word_1_257' title='bbox 1517 1812 1729 1860; x_wconf 87' lang='lat' dir='ltr'><strong>terrore</strong></span> <span class='ocrx_word' id='word_1_258' title='bbox 1765 1815 1804 1871; x_wconf 76' lang='grc' dir='ltr'><strong><em>Β</em></strong></span> <span class='ocrx_word' id='word_1_259' title='bbox 1836 1800 2006 1852; x_wconf 86' lang='lat' dir='ltr'><strong>minus</strong></span> <span class='ocrx_word' id='word_1_260' title='bbox 2035 1812 2188 1867; x_wconf 87' lang='lat' dir='ltr'><strong>quam</strong></span> <span class='ocrx_word' id='word_1_261' title='bbox 2228 1804 2341 1849; x_wconf 88' lang='lat' dir='ltr'><strong>tuos</strong></span> <span class='ocrx_word' id='word_1_262' title='bbox 2368 1793 2551 1847; x_wconf 72' lang='lat' dir='ltr'><strong>dilexi.</strong></span> <span class='ocrx_word' id='word_1_263' title='bbox 2588 1790 2913 1860; x_wconf 71' lang='lat' dir='ltr'><strong>Respondit:</strong></span> <span class='ocrx_word' id='word_1_264' title='bbox 2940 1787 3156 1841; x_wconf 85' lang='lat' dir='ltr'><strong>Beatum</strong></span> <span class='ocrx_word' id='word_1_265' title='bbox 3179 1785 3425 1855; x_wconf 80' lang='lat' dir='ltr'><strong>Augusti-</strong></span> 
     </span>
    </p>
   </div>
   <div class='ocr_carea' id='block_1_34' title="bbox 143 1892 1730 1967">
    <p class='ocr_par' dir='ltr' id='par_1_34' title="bbox 143 1892 1730 1967">
     <span class='ocr_line' id='line_1_34' title="bbox 143 1892 1730 1967; baseline -0.002 -16"><span class='ocrx_word' id='word_1_266' title='bbox 143 1895 488 1967; x_wconf 83' lang='lat' dir='ltr'><strong>perterritus,</strong></span> <span class='ocrx_word' id='word_1_267' title='bbox 532 1892 600 1949; x_wconf 90' lang='lat' dir='ltr'><strong>de</strong></span> <span class='ocrx_word' id='word_1_268' title='bbox 641 1893 763 1948; x_wconf 91' lang='lat' dir='ltr'><strong>loco</strong></span> <span class='ocrx_word' id='word_1_269' title='bbox 808 1892 863 1946; x_wconf 92' lang='lat' dir='ltr'><strong>in</strong></span> <span class='ocrx_word' id='word_1_270' title='bbox 909 1906 1017 1960; x_wconf 91' lang='lat' dir='ltr'><strong>quo</strong></span> <span class='ocrx_word' id='word_1_271' title='bbox 1042 1892 1240 1953; x_wconf 87' lang='lat' dir='ltr'><strong>stabat,</strong></span> <span class='ocrx_word' id='word_1_272' title='bbox 1270 1905 1329 1946; x_wconf 86' lang='lat' dir='ltr'><strong>se</strong></span> <span class='ocrx_word' id='word_1_273' title='bbox 1374 1906 1592 1946; x_wconf 86' lang='lat' dir='ltr'><strong>movere</strong></span> <span class='ocrx_word' id='word_1_274' title='bbox 1622 1908 1730 1948; x_wconf 92' lang='lat' dir='ltr'><strong>non</strong></span> 
     </span>
    </p>
   </div>
   <div class='ocr_carea' id='block_1_35' title="bbox 142 1982 1731 2051">
    <p class='ocr_par' dir='ltr' id='par_1_35' title="bbox 142 1982 1731 2051">
     <span class='ocr_line' id='line_1_35' title="bbox 142 1982 1731 2051; baseline -0.001 -12"><span class='ocrx_word' id='word_1_275' title='bbox 142 1984 390 2051; x_wconf 76' lang='lat' dir='ltr'><strong>auderet,</strong></span> <span class='ocrx_word' id='word_1_276' title='bbox 423 1998 551 2040; x_wconf 89' lang='lat' dir='ltr'><strong>ecce</strong></span> <span class='ocrx_word' id='word_1_277' title='bbox 581 1982 712 2037; x_wconf 83' lang='lat' dir='ltr'><strong>vidit</strong></span> <span class='ocrx_word' id='word_1_278' title='bbox 731 1982 870 2036; x_wconf 91' lang='lat' dir='ltr'><strong>duos</strong></span> <span class='ocrx_word' id='word_1_279' title='bbox 896 1996 963 2036; x_wconf 84' lang='lat' dir='ltr'><strong>ex</strong></span> <span class='ocrx_word' id='word_1_280' title='bbox 993 1982 1072 2036; x_wconf 90' lang='lat' dir='ltr'><strong>eis</strong></span> <span class='ocrx_word' id='word_1_281' title='bbox 1091 1982 1157 2035; x_wconf 89' lang='lat' dir='ltr'><strong>de</strong></span> <span class='ocrx_word' id='word_1_282' title='bbox 1183 1990 1325 2036; x_wconf 77' lang='lat' dir='ltr'><strong>ctetu</strong></span> <span class='ocrx_word' id='word_1_283' title='bbox 1346 1996 1731 2051; x_wconf 88' lang='lat' dir='ltr'><strong>eorumegres-</strong></span> 
     </span>
    </p>
   </div>
   <div class='ocr_carea' id='block_1_36' title="bbox 142 2072 1735 2142">
    <p class='ocr_par' dir='ltr' id='par_1_36' title="bbox 142 2072 1735 2142">
     <span class='ocr_line' id='line_1_36' title="bbox 142 2072 1735 2142; baseline -0.001 -10"><span class='ocrx_word' id='word_1_284' title='bbox 142 2091 233 2133; x_wconf 82' lang='lat' dir='ltr'><strong>sos</strong></span> <span class='ocrx_word' id='word_1_285' title='bbox 261 2076 333 2131; x_wconf 88' lang='lat' dir='ltr'><strong>ad</strong></span> <span class='ocrx_word' id='word_1_286' title='bbox 352 2092 411 2133; x_wconf 89' lang='lat' dir='ltr'><strong>se</strong></span> <span class='ocrx_word' id='word_1_287' title='bbox 428 2075 730 2131; x_wconf 86' lang='lat' dir='ltr'><strong>venientes.</strong></span> <span class='ocrx_word' id='word_1_288' title='bbox 768 2072 846 2128; x_wconf 82' lang='lat' dir='ltr'><strong>Ex</strong></span> <span class='ocrx_word' id='word_1_289' title='bbox 867 2073 1060 2142; x_wconf 83' lang='lat' dir='ltr'><strong>quibus</strong></span> <span class='ocrx_word' id='word_1_290' title='bbox 1077 2089 1213 2128; x_wconf 91' lang='lat' dir='ltr'><strong>unus</strong></span> <span class='ocrx_word' id='word_1_291' title='bbox 1234 2073 1463 2127; x_wconf 89' lang='lat' dir='ltr'><strong>dulciter</strong></span> <span class='ocrx_word' id='word_1_292' title='bbox 1491 2074 1735 2131; x_wconf 85' lang='lat' dir='ltr'><strong>salutans</strong></span> 
     </span>
    </p>
   </div>
   <div class='ocr_carea' id='block_1_37' title="bbox 143 2166 1737 2238">
    <p class='ocr_par' dir='ltr' id='par_1_37' title="bbox 143 2166 1737 2238">
     <span class='ocr_line' id='line_1_37' title="bbox 143 2166 1737 2238; baseline -0.001 -15"><span class='ocrx_word' id='word_1_293' title='bbox 143 2183 289 2232; x_wconf 88' lang='lat' dir='ltr'><strong>eum,</strong></span> <span class='ocrx_word' id='word_1_294' title='bbox 314 2175 659 2238; x_wconf 88' lang='lat' dir='ltr'><strong>percontatur</strong></span> <span class='ocrx_word' id='word_1_295' title='bbox 692 2166 811 2235; x_wconf 88' lang='lat' dir='ltr'><strong>quis</strong></span> <span class='ocrx_word' id='word_1_296' title='bbox 840 2172 999 2230; x_wconf 84' lang='lat' dir='ltr'><strong>esset,</strong></span> <span class='ocrx_word' id='word_1_297' title='bbox 1020 2166 1160 2220; x_wconf 75' lang='lat' dir='ltr'><strong>unde</strong></span> <span class='ocrx_word' id='word_1_298' title='bbox 1182 2175 1349 2221; x_wconf 90' lang='lat' dir='ltr'><strong>etcur</strong></span> <span class='ocrx_word' id='word_1_299' title='bbox 1376 2166 1651 2232; x_wconf 89' lang='lat' dir='ltr'><strong>venisset,</strong></span> <span class='ocrx_word' id='word_1_300' title='bbox 1679 2176 1737 2222; x_wconf 92' lang='lat' dir='ltr'><strong>et</strong></span> 
     </span>
    </p>
   </div>
   <div class='ocr_carea' id='block_1_38' title="bbox 145 2257 1736 2329">
    <p class='ocr_par' dir='ltr' id='par_1_38' title="bbox 145 2257 1736 2329">
     <span class='ocr_line' id='line_1_38' title="bbox 145 2257 1736 2329; baseline -0.003 -12"><span class='ocrx_word' id='word_1_301' title='bbox 145 2277 236 2317; x_wconf 87' lang='lat' dir='ltr'><strong>cur</strong></span> <span class='ocrx_word' id='word_1_302' title='bbox 258 2277 327 2317; x_wconf 88' lang='lat' dir='ltr'><strong>ea</strong></span> <span class='ocrx_word' id='word_1_303' title='bbox 354 2262 488 2316; x_wconf 87' lang='lat' dir='ltr'><strong>hora</strong></span> <span class='ocrx_word' id='word_1_304' title='bbox 508 2261 578 2315; x_wconf 88' lang='lat' dir='ltr'><strong>ibi</strong></span> <span class='ocrx_word' id='word_1_305' title='bbox 609 2259 867 2329; x_wconf 82' lang='lat' dir='ltr'><strong>vigilaret.</strong></span> <span class='ocrx_word' id='word_1_306' title='bbox 884 2258 1145 2327; x_wconf 86' lang='lat' dir='ltr'><strong>Episcopo</strong></span> <span class='ocrx_word' id='word_1_307' title='bbox 1159 2273 1286 2312; x_wconf 89' lang='lat' dir='ltr'><strong>vero</strong></span> <span class='ocrx_word' id='word_1_308' title='bbox 1302 2257 1369 2311; x_wconf 93' lang='lat' dir='ltr'><strong>ad</strong></span> <span class='ocrx_word' id='word_1_309' title='bbox 1388 2258 1593 2327; x_wconf 88' lang='lat' dir='ltr'><strong>singula</strong></span> <span class='ocrx_word' id='word_1_310' title='bbox 1621 2273 1736 2312; x_wconf 89' lang='lat' dir='ltr'><strong>res-</strong></span> 
     </span>
    </p>
   </div>
   <div class='ocr_carea' id='block_1_39' title="bbox 144 2347 1733 2423">
    <p class='ocr_par' dir='ltr' id='par_1_39' title="bbox 144 2347 1733 2423">
     <span class='ocr_line' id='line_1_39' title="bbox 144 2347 1733 2423; baseline -0.003 -15"><span class='ocrx_word' id='word_1_311' title='bbox 144 2353 439 2423; x_wconf 84' lang='lat' dir='ltr'><strong>pondente,</strong></span> <span class='ocrx_word' id='word_1_312' title='bbox 477 2360 753 2419; x_wconf 85' lang='lat' dir='ltr'><strong>totamque</strong></span> <span class='ocrx_word' id='word_1_313' title='bbox 786 2348 992 2403; x_wconf 91' lang='lat' dir='ltr'><strong>itineris</strong></span> <span class='ocrx_word' id='word_1_314' title='bbox 1029 2349 1183 2401; x_wconf 89' lang='lat' dir='ltr'><strong>suiet</strong></span> <span class='ocrx_word' id='word_1_315' title='bbox 1221 2347 1480 2402; x_wconf 89' lang='lat' dir='ltr'><strong>orationis</strong></span> <span class='ocrx_word' id='word_1_316' title='bbox 1518 2362 1733 2404; x_wconf 85' lang='lat' dir='ltr'><strong>causam</strong></span> 
     </span>
    </p>
   </div>
   <div class='ocr_carea' id='block_1_40' title="bbox 146 2437 1734 2509">
    <p class='ocr_par' dir='ltr' id='par_1_40' title="bbox 146 2437 1734 2509">
     <span class='ocr_line' id='line_1_40' title="bbox 146 2437 1734 2509; baseline -0.006 -11"><span class='ocrx_word' id='word_1_317' title='bbox 146 2443 435 2507; x_wconf 84' lang='lat' dir='ltr'><strong>referente,</strong></span> <span class='ocrx_word' id='word_1_318' title='bbox 486 2442 530 2497; x_wconf 89' lang='lat' dir='ltr'><strong>is</strong></span> <span class='ocrx_word' id='word_1_319' title='bbox 557 2440 646 2509; x_wconf 86' lang='lat' dir='ltr'><strong>qui</strong></span> <span class='ocrx_word' id='word_1_320' title='bbox 675 2439 986 2502; x_wconf 74' lang='lat' dir='ltr'><strong>advenerat,</strong></span> <span class='ocrx_word' id='word_1_321' title='bbox 1028 2438 1251 2506; x_wconf 86' lang='lat' dir='ltr'><strong>digitum</strong></span> <span class='ocrx_word' id='word_1_322' title='bbox 1283 2437 1649 2505; x_wconf 83' lang='lat' dir='ltr'><strong>protendens:</strong></span> <span class='ocrx_word' id='word_1_323' title='bbox 1681 2438 1734 2490; x_wconf 89' lang='lat' dir='ltr'><strong>in</strong></span> 
     </span>
    </p>
   </div>
   <div class='ocr_carea' id='block_1_41' title="bbox 142 2528 1740 2602">
    <p class='ocr_par' dir='ltr' id='par_1_41' title="bbox 142 2528 1740 2602">
     <span class='ocr_line' id='line_1_41' title="bbox 142 2528 1740 2602; baseline -0.004 -14"><span class='ocrx_word' id='word_1_324' title='bbox 142 2535 361 2599; x_wconf 81' lang='lat' dir='ltr'><strong>scrinio,</strong></span> <span class='ocrx_word' id='word_1_325' title='bbox 401 2532 595 2602; x_wconf 86' lang='lat' dir='ltr'><strong>inquit,</strong></span> <span class='ocrx_word' id='word_1_326' title='bbox 624 2530 717 2584; x_wconf 90' lang='lat' dir='ltr'><strong>illo</strong></span> <span class='ocrx_word' id='word_1_327' title='bbox 739 2530 874 2600; x_wconf 89' lang='lat' dir='ltr'><strong>quod</strong></span> <span class='ocrx_word' id='word_1_328' title='bbox 900 2530 1088 2593; x_wconf 85' lang='lat' dir='ltr'><strong>cernis,</strong></span> <span class='ocrx_word' id='word_1_329' title='bbox 1121 2528 1447 2584; x_wconf 85' lang='lat' dir='ltr'><strong>continentur</strong></span> <span class='ocrx_word' id='word_1_330' title='bbox 1476 2528 1593 2582; x_wconf 86' lang='lat' dir='ltr'><strong>libri</strong></span> <span class='ocrx_word' id='word_1_331' title='bbox 1613 2544 1740 2598; x_wconf 89' lang='lat' dir='ltr'><strong>quos</strong></span> 
     </span>
    </p>
   </div>
   <div class='ocr_carea' id='block_1_42' title="bbox 146 2618 1740 2697">
    <p class='ocr_par' dir='ltr' id='par_1_42' title="bbox 146 2618 1740 2697">
     <span class='ocr_line' id='line_1_42' title="bbox 146 2618 1740 2697; baseline -0.006 -18"><span class='ocrx_word' id='word_1_332' title='bbox 146 2626 355 2697; x_wconf 67' lang='lat' dir='ltr'><strong>quieris.</strong></span> <span class='ocrx_word' id='word_1_333' title='bbox 380 2622 531 2677; x_wconf 91' lang='lat' dir='ltr'><strong>Tunc</strong></span> <span class='ocrx_word' id='word_1_334' title='bbox 554 2636 683 2674; x_wconf 89' lang='lat' dir='ltr'><strong>vero</strong></span> <span class='ocrx_word' id='word_1_335' title='bbox 713 2621 998 2689; x_wconf 61' lang='lat' dir='ltr'><strong>episcotius</strong></span> <span class='ocrx_word' id='word_1_336' title='bbox 1028 2618 1223 2674; x_wconf 83' lang='lat' dir='ltr'><strong>liducia</strong></span> <span class='ocrx_word' id='word_1_337' title='bbox 1255 2626 1549 2687; x_wconf 84' lang='lat' dir='ltr'><strong>assumpta,</strong></span> <span class='ocrx_word' id='word_1_338' title='bbox 1579 2618 1740 2671; x_wconf 78' lang='lat' dir='ltr'><strong>Obse-</strong></span> 
     </span>
    </p>
   </div>
   <div class='ocr_carea' id='block_1_43' title="bbox 148 2711 1743 2786">
    <p class='ocr_par' dir='ltr' id='par_1_43' title="bbox 148 2711 1743 2786">
     <span class='ocr_line' id='line_1_43' title="bbox 148 2711 1743 2786; baseline -0.005 -15"><span class='ocrx_word' id='word_1_339' title='bbox 148 2734 254 2782; x_wconf 88' lang='lat' dir='ltr'><strong>cro,</strong></span> <span class='ocrx_word' id='word_1_340' title='bbox 289 2715 483 2786; x_wconf 90' lang='lat' dir='ltr'><strong>inquit,</strong></span> <span class='ocrx_word' id='word_1_341' title='bbox 516 2716 589 2768; x_wconf 89' lang='lat' dir='ltr'><strong>mi</strong></span> <span class='ocrx_word' id='word_1_342' title='bbox 629 2715 853 2777; x_wconf 87' lang='lat' dir='ltr'><strong>domine,</strong></span> <span class='ocrx_word' id='word_1_343' title='bbox 885 2722 941 2766; x_wconf 93' lang='lat' dir='ltr'><strong>ut</strong></span> <span class='ocrx_word' id='word_1_344' title='bbox 970 2713 1097 2767; x_wconf 83' lang='lat' dir='ltr'><strong>mihi</strong></span> <span class='ocrx_word' id='word_1_345' title='bbox 1122 2729 1266 2766; x_wconf 84' lang='lat' dir='ltr'><strong>servo</strong></span> <span class='ocrx_word' id='word_1_346' title='bbox 1294 2720 1376 2766; x_wconf 88' lang='lat' dir='ltr'><strong>tuo</strong></span> <span class='ocrx_word' id='word_1_347' title='bbox 1407 2711 1634 2782; x_wconf 87' lang='lat' dir='ltr'><strong>pandere</strong></span> <span class='ocrx_word' id='word_1_348' title='bbox 1662 2711 1743 2764; x_wconf 88' lang='lat' dir='ltr'><strong>di-</strong></span> 
     </span>
    </p>
   </div>
   <div class='ocr_carea' id='block_1_44' title="bbox 149 2801 1748 2878">
    <p class='ocr_par' dir='ltr' id='par_1_44' title="bbox 149 2801 1748 2878">
     <span class='ocr_line' id='line_1_44' title="bbox 149 2801 1748 2878; baseline -0.004 -18"><span class='ocrx_word' id='word_1_349' title='bbox 149 2808 326 2878; x_wconf 82' lang='lat' dir='ltr'><strong>gneris</strong></span> <span class='ocrx_word' id='word_1_350' title='bbox 355 2822 593 2876; x_wconf 77' lang='lat' dir='ltr'><strong>quamam</strong></span> <span class='ocrx_word' id='word_1_351' title='bbox 640 2808 707 2859; x_wconf 89' lang='lat' dir='ltr'><strong>sit</strong></span> <span class='ocrx_word' id='word_1_352' title='bbox 746 2806 840 2858; x_wconf 87' lang='lat' dir='ltr'><strong>illa</strong></span> <span class='ocrx_word' id='word_1_353' title='bbox 869 2820 1023 2875; x_wconf 88' lang='lat' dir='ltr'><strong>quam</strong></span> <span class='ocrx_word' id='word_1_354' title='bbox 1054 2819 1228 2868; x_wconf 81' lang='lat' dir='ltr'><strong>cerno,</strong></span> <span class='ocrx_word' id='word_1_355' title='bbox 1254 2812 1360 2855; x_wconf 92' lang='lat' dir='ltr'><strong>tam</strong></span> <span class='ocrx_word' id='word_1_356' title='bbox 1388 2801 1641 2871; x_wconf 83' lang='lat' dir='ltr'><strong>prceclara</strong></span> <span class='ocrx_word' id='word_1_357' title='bbox 1671 2801 1748 2854; x_wconf 81' lang='lat' dir='ltr'><strong>vi-</strong></span> 
     </span>
    </p>
   </div>
   <div class='ocr_carea' id='block_1_45' title="bbox 1836 1876 3426 1951">
    <p class='ocr_par' dir='ltr' id='par_1_45' title="bbox 1836 1876 3426 1951">
     <span class='ocr_line' id='line_1_45' title="bbox 1836 1876 3426 1951; baseline -0.009 -7"><span class='ocrx_word' id='word_1_358' title='bbox 1836 1906 1958 1945; x_wconf 91' lang='lat' dir='ltr'><strong>num</strong></span> <span class='ocrx_word' id='word_1_359' title='bbox 1989 1890 2153 1942; x_wconf 90' lang='lat' dir='ltr'><strong>virum</strong></span> <span class='ocrx_word' id='word_1_360' title='bbox 2177 1884 2686 1948; x_wconf 78' lang='lat' dir='ltr'><strong>excellentissimum,</strong></span> <span class='ocrx_word' id='word_1_361' title='bbox 2733 1882 2797 1935; x_wconf 88' lang='lat' dir='ltr'><strong>de</strong></span> <span class='ocrx_word' id='word_1_362' title='bbox 2823 1897 2921 1951; x_wconf 90' lang='lat' dir='ltr'><strong>quo</strong></span> <span class='ocrx_word' id='word_1_363' title='bbox 2951 1878 3160 1949; x_wconf 71' lang='lat' dir='ltr'><strong>quieris,</strong></span> <span class='ocrx_word' id='word_1_364' title='bbox 3190 1876 3346 1930; x_wconf 88' lang='lat' dir='ltr'><strong>altior</strong></span> <span class='ocrx_word' id='word_1_365' title='bbox 3390 1890 3426 1929; x_wconf 78' lang='grc' dir='ltr'><em>α</em></span> 
     </span>
    </p>
   </div>
   <div class='ocr_carea' id='block_1_46' title="bbox 1837 1965 3424 2038">
    <p class='ocr_par' dir='ltr' id='par_1_46' title="bbox 1837 1965 3424 2038">
     <span class='ocr_line' id='line_1_46' title="bbox 1837 1965 3424 2038; baseline -0.011 -3"><span class='ocrx_word' id='word_1_366' title='bbox 1837 1978 1986 2035; x_wconf 88' lang='lat' dir='ltr'><strong>nobis</strong></span> <span class='ocrx_word' id='word_1_367' title='bbox 2013 1979 2241 2034; x_wconf 84' lang='lat' dir='ltr'><strong>continet</strong></span> <span class='ocrx_word' id='word_1_368' title='bbox 2265 1976 2428 2031; x_wconf 90' lang='lat' dir='ltr'><strong>locus.</strong></span> <span class='ocrx_word' id='word_1_369' title='bbox 2458 1973 2585 2027; x_wconf 79' lang='lat' dir='ltr'><strong>Haec</strong></span> <span class='ocrx_word' id='word_1_370' title='bbox 2607 1972 2761 2037; x_wconf 81' lang='lat' dir='ltr'><strong>dixit,</strong></span> <span class='ocrx_word' id='word_1_371' title='bbox 2789 1970 3078 2038; x_wconf 89' lang='lat' dir='ltr'><strong>statimque</strong></span> <span class='ocrx_word' id='word_1_372' title='bbox 3098 1981 3222 2022; x_wconf 91' lang='lat' dir='ltr'><strong>cum</strong></span> <span class='ocrx_word' id='word_1_373' title='bbox 3249 1965 3424 2031; x_wconf 89' lang='lat' dir='ltr'><strong>socio,</strong></span> 
     </span>
    </p>
   </div>
   <div class='ocr_carea' id='block_1_47' title="bbox 1838 2057 3421 2143">
    <p class='ocr_par' dir='ltr' id='par_1_47' title="bbox 1838 2057 3421 2143">
     <span class='ocr_line' id='line_1_47' title="bbox 1838 2057 3421 2143; baseline -0.012 -14"><span class='ocrx_word' id='word_1_374' title='bbox 1838 2073 1931 2143; x_wconf 89' lang='lat' dir='ltr'><strong>qui</strong></span> <span class='ocrx_word' id='word_1_375' title='bbox 1964 2087 2148 2128; x_wconf 90' lang='lat' dir='ltr'><strong>secum</strong></span> <span class='ocrx_word' id='word_1_376' title='bbox 2176 2077 2418 2133; x_wconf 89' lang='lat' dir='ltr'><strong>venerat,</strong></span> <span class='ocrx_word' id='word_1_377' title='bbox 2449 2064 2517 2121; x_wconf 90' lang='lat' dir='ltr'><strong>ad</strong></span> <span class='ocrx_word' id='word_1_378' title='bbox 2548 2072 2749 2121; x_wconf 70' lang='lat' dir='ltr'><strong>emtum</strong></span> <span class='ocrx_word' id='word_1_379' title='bbox 2788 2063 3015 2117; x_wconf 88' lang='lat' dir='ltr'><strong>aliorum</strong></span> <span class='ocrx_word' id='word_1_380' title='bbox 3056 2058 3233 2115; x_wconf 90' lang='lat' dir='ltr'><strong>rediit.</strong></span> <span class='ocrx_word' id='word_1_381' title='bbox 3261 2057 3421 2111; x_wconf 88' lang='lat' dir='ltr'><strong>Pest-</strong></span> 
     </span>
    </p>
   </div>
   <div class='ocr_carea' id='block_1_48' title="bbox 1837 2145 3419 2228">
    <p class='ocr_par' dir='ltr' id='par_1_48' title="bbox 1837 2145 3419 2228">
     <span class='ocr_line' id='line_1_48' title="bbox 1837 2145 3419 2228; baseline -0.011 -11"><span class='ocrx_word' id='word_1_382' title='bbox 1837 2177 1925 2228; x_wconf 90' lang='lat' dir='ltr'><strong>ea,</strong></span> <span class='ocrx_word' id='word_1_383' title='bbox 1951 2160 2170 2214; x_wconf 84' lang='lat' dir='ltr'><strong>vidente</strong></span> <span class='ocrx_word' id='word_1_384' title='bbox 2206 2158 2482 2227; x_wconf 89' lang='lat' dir='ltr'><strong>episcepe,</strong></span> <span class='ocrx_word' id='word_1_385' title='bbox 2515 2168 2705 2209; x_wconf 87' lang='lat' dir='ltr'><strong>omnes</strong></span> <span class='ocrx_word' id='word_1_386' title='bbox 2755 2151 2912 2206; x_wconf 89' lang='lat' dir='ltr'><strong>simul</strong></span> <span class='ocrx_word' id='word_1_387' title='bbox 2940 2150 3007 2203; x_wconf 86' lang='lat' dir='ltr'><strong>ad</strong></span> <span class='ocrx_word' id='word_1_388' title='bbox 3054 2149 3224 2203; x_wconf 88' lang='lat' dir='ltr'><strong>altare</strong></span> <span class='ocrx_word' id='word_1_389' title='bbox 3270 2145 3419 2201; x_wconf 88' lang='lat' dir='ltr'><strong>beati</strong></span> 
     </span>
    </p>
   </div>
   <div class='ocr_carea' id='block_1_49' title="bbox 1838 2239 3422 2310">
    <p class='ocr_par' dir='ltr' id='par_1_49' title="bbox 1838 2239 3422 2310">
     <span class='ocr_line' id='line_1_49' title="bbox 1838 2239 3422 2310; baseline -0.011 -4"><span class='ocrx_word' id='word_1_390' title='bbox 1838 2250 1982 2307; x_wconf 72' lang='lat' dir='ltr'><strong>Petri</strong></span> <span class='ocrx_word' id='word_1_391' title='bbox 2010 2255 2322 2303; x_wconf 88' lang='lat' dir='ltr'><strong>reverenter</strong></span> <span class='ocrx_word' id='word_1_392' title='bbox 2350 2244 2630 2301; x_wconf 89' lang='lat' dir='ltr'><strong>submissis</strong></span> <span class='ocrx_word' id='word_1_393' title='bbox 2664 2240 2929 2310; x_wconf 90' lang='lat' dir='ltr'><strong>capitibus</strong></span> <span class='ocrx_word' id='word_1_394' title='bbox 2955 2239 3296 2299; x_wconf 83' lang='lat' dir='ltr'><strong>inclinantes,</strong></span> <span class='ocrx_word' id='word_1_395' title='bbox 3327 2249 3422 2289; x_wconf 89' lang='lat' dir='ltr'><strong>eo-</strong></span> 
     </span>
    </p>
   </div>
   <div class='ocr_carea' id='block_1_50' title="bbox 1837 2324 3425 2408">
    <p class='ocr_par' dir='ltr' id='par_1_50' title="bbox 1837 2324 3425 2408">
     <span class='ocr_line' id='line_1_50' title="bbox 1837 2324 3425 2408; baseline -0.011 -12"><span class='ocrx_word' id='word_1_396' title='bbox 1837 2343 1959 2397; x_wconf 91' lang='lat' dir='ltr'><strong>dem</strong></span> <span class='ocrx_word' id='word_1_397' title='bbox 1989 2353 2097 2408; x_wconf 90' lang='lat' dir='ltr'><strong>que</strong></span> <span class='ocrx_word' id='word_1_398' title='bbox 2118 2343 2381 2392; x_wconf 88' lang='lat' dir='ltr'><strong>venerant</strong></span> <span class='ocrx_word' id='word_1_399' title='bbox 2422 2334 2637 2400; x_wconf 87' lang='lat' dir='ltr'><strong>ordine,</strong></span> <span class='ocrx_word' id='word_1_400' title='bbox 2665 2331 2883 2400; x_wconf 81' lang='lat' dir='ltr'><strong>ianuam</strong></span> <span class='ocrx_word' id='word_1_401' title='bbox 2909 2328 3163 2383; x_wconf 76' lang='lat' dir='ltr'><strong>Ecclesize</strong></span> <span class='ocrx_word' id='word_1_402' title='bbox 3188 2324 3425 2393; x_wconf 88' lang='lat' dir='ltr'><strong>repetie-</strong></span> 
     </span>
    </p>
   </div>
   <div class='ocr_carea' id='block_1_51' title="bbox 1838 2419 3421 2498">
    <p class='ocr_par' dir='ltr' id='par_1_51' title="bbox 1838 2419 3421 2498">
     <span class='ocr_line' id='line_1_51' title="bbox 1838 2419 3421 2498; baseline -0.013 -12"><span class='ocrx_word' id='word_1_403' title='bbox 1838 2437 1987 2498; x_wconf 89' lang='lat' dir='ltr'><strong>runt,</strong></span> <span class='ocrx_word' id='word_1_404' title='bbox 2018 2437 2072 2483; x_wconf 93' lang='lat' dir='ltr'><strong>et</strong></span> <span class='ocrx_word' id='word_1_405' title='bbox 2102 2443 2222 2483; x_wconf 93' lang='lat' dir='ltr'><strong>cum</strong></span> <span class='ocrx_word' id='word_1_406' title='bbox 2250 2426 2450 2482; x_wconf 88' lang='lat' dir='ltr'><strong>lumine</strong></span> <span class='ocrx_word' id='word_1_407' title='bbox 2487 2422 2629 2494; x_wconf 93' lang='lat' dir='ltr'><strong>quod</strong></span> <span class='ocrx_word' id='word_1_408' title='bbox 2653 2420 2799 2491; x_wconf 90' lang='lat' dir='ltr'><strong>prius</strong></span> <span class='ocrx_word' id='word_1_409' title='bbox 2826 2419 3031 2473; x_wconf 89' lang='lat' dir='ltr'><strong>viderat</strong></span> <span class='ocrx_word' id='word_1_410' title='bbox 3060 2422 3421 2470; x_wconf 86' lang='lat' dir='ltr'><strong>recesserunt.</strong></span> 
     </span>
    </p>
   </div>
   <div class='ocr_carea' id='block_1_52' title="bbox 1840 2501 3422 2585">
    <p class='ocr_par' dir='ltr' id='par_1_52' title="bbox 1840 2501 3422 2585">
     <span class='ocr_line' id='line_1_52' title="bbox 1840 2501 3422 2585; baseline -0.015 -8"><span class='ocrx_word' id='word_1_411' title='bbox 1840 2522 1998 2577; x_wconf 91' lang='lat' dir='ltr'><strong>Mane</strong></span> <span class='ocrx_word' id='word_1_412' title='bbox 2024 2529 2206 2575; x_wconf 89' lang='lat' dir='ltr'><strong>autem</strong></span> <span class='ocrx_word' id='word_1_413' title='bbox 2236 2518 2377 2573; x_wconf 84' lang='lat' dir='ltr'><strong>facto</strong></span> <span class='ocrx_word' id='word_1_414' title='bbox 2404 2558 2419 2585; x_wconf 93' lang='lat'><strong>,</strong></span> <span class='ocrx_word' id='word_1_415' title='bbox 2452 2512 2704 2585; x_wconf 82' lang='lat' dir='ltr'><strong>praefatus</strong></span> <span class='ocrx_word' id='word_1_416' title='bbox 2736 2511 3024 2579; x_wconf 87' lang='lat' dir='ltr'><strong>episcopus</strong></span> <span class='ocrx_word' id='word_1_417' title='bbox 3063 2506 3282 2561; x_wconf 89' lang='lat' dir='ltr'><strong>domino</strong></span> <span class='ocrx_word' id='word_1_418' title='bbox 3316 2501 3422 2555; x_wconf 80' lang='lat' dir='ltr'><strong>Pa-</strong></span> 
     </span>
    </p>
   </div>
   <div class='ocr_carea' id='block_1_53' title="bbox 1842 2598 3426 2683">
    <p class='ocr_par' dir='ltr' id='par_1_53' title="bbox 1842 2598 3426 2683">
     <span class='ocr_line' id='line_1_53' title="bbox 1842 2598 3426 2683; baseline -0.016 -14"><span class='ocrx_word' id='word_1_419' title='bbox 1842 2629 1925 2683; x_wconf 68' lang='lat' dir='ltr'><strong>pa:</strong></span> <span class='ocrx_word' id='word_1_420' title='bbox 1975 2618 2168 2667; x_wconf 89' lang='lat' dir='ltr'><strong>cuncta</strong></span> <span class='ocrx_word' id='word_1_421' title='bbox 2205 2624 2326 2676; x_wconf 63' lang='lat' dir='ltr'><strong>quae</strong></span> <span class='ocrx_word' id='word_1_422' title='bbox 2376 2606 2582 2660; x_wconf 86' lang='lat' dir='ltr'><strong>viderat</strong></span> <span class='ocrx_word' id='word_1_423' title='bbox 2629 2601 2834 2657; x_wconf 88' lang='lat' dir='ltr'><strong>retulit.</strong></span> <span class='ocrx_word' id='word_1_424' title='bbox 2865 2599 3062 2666; x_wconf 89' lang='lat' dir='ltr'><strong>Sicque</strong></span> <span class='ocrx_word' id='word_1_425' title='bbox 3092 2598 3344 2661; x_wconf 79' lang='lat' dir='ltr'><strong>acceptos</strong></span> <span class='ocrx_word' id='word_1_426' title='bbox 3373 2599 3426 2645; x_wconf 90' lang='lat' dir='ltr'><strong>et</strong></span> 
     </span>
    </p>
   </div>
   <div class='ocr_carea' id='block_1_54' title="bbox 1844 2682 3422 2771">
    <p class='ocr_par' dir='ltr' id='par_1_54' title="bbox 1844 2682 3422 2771">
     <span class='ocr_line' id='line_1_54' title="bbox 1844 2682 3422 2771; baseline -0.015 -14"><span class='ocrx_word' id='word_1_427' title='bbox 1844 2682 2142 2771; x_wconf 82' lang='lat' dir='ltr'><strong>descriptos</strong></span> <span class='ocrx_word' id='word_1_428' title='bbox 2174 2700 2339 2753; x_wconf 86' lang='lat' dir='ltr'><strong>libros</strong></span> <span class='ocrx_word' id='word_1_429' title='bbox 2369 2695 2649 2750; x_wconf 84' lang='lat' dir='ltr'><strong>Moralium</strong></span> <span class='ocrx_word' id='word_1_430' title='bbox 2679 2693 2734 2746; x_wconf 90' lang='lat' dir='ltr'><strong>in</strong></span> <span class='ocrx_word' id='word_1_431' title='bbox 2765 2689 3076 2760; x_wconf 86' lang='lat' dir='ltr'><strong>Hispaniam</strong></span> <span class='ocrx_word' id='word_1_432' title='bbox 3106 2682 3422 2753; x_wconf 85' lang='lat' dir='ltr'><strong>reportavit.</strong></span> 
     </span>
    </p>
   </div>
   <div class='ocr_carea' id='block_1_55' title="bbox 1846 2777 3425 2859">
    <p class='ocr_par' dir='ltr' id='par_1_55' title="bbox 1846 2777 3425 2859">
     <span class='ocr_line' id='line_1_55' title="bbox 1846 2777 3425 2859; baseline -0.013 -12"><span class='ocrx_word' id='word_1_433' title='bbox 1846 2792 2101 2859; x_wconf 87' lang='lat' dir='ltr'><strong>Hancque</strong></span> <span class='ocrx_word' id='word_1_434' title='bbox 2137 2790 2403 2844; x_wconf 87' lang='lat' dir='ltr'><strong>visionem</strong></span> <span class='ocrx_word' id='word_1_435' title='bbox 2441 2786 2521 2843; x_wconf 83' lang='lat' dir='ltr'><strong>eis</strong></span> <span class='ocrx_word' id='word_1_436' title='bbox 2567 2784 2822 2852; x_wconf 88' lang='lat' dir='ltr'><strong>deinceps</strong></span> <span class='ocrx_word' id='word_1_437' title='bbox 2865 2777 3157 2850; x_wconf 74' lang='lat' dir='ltr'><strong>praenotari</strong></span> <span class='ocrx_word' id='word_1_438' title='bbox 3198 2782 3252 2829; x_wconf 91' lang='lat' dir='ltr'><strong>et</strong></span> <span class='ocrx_word' id='word_1_439' title='bbox 3285 2787 3425 2844; x_wconf 75' lang='lat' dir='ltr'><strong>pra:—</strong></span> 
     </span>
    </p>
   </div>
   <div class='ocr_carea' id='block_1_56' title="bbox 147 2881 2286 2963">
    <p class='ocr_par' dir='ltr' id='par_1_56' title="bbox 147 2881 2286 2963">
     <span class='ocr_line' id='line_1_56' title="bbox 147 2881 2286 2963; baseline -0.006 -16"><span class='ocrx_word' id='word_1_440' title='bbox 147 2912 326 2949; x_wconf 86' lang='lat' dir='ltr'><strong>rorum</strong></span> <span class='ocrx_word' id='word_1_441' title='bbox 354 2896 634 2952; x_wconf 76' lang='lat' dir='ltr'><strong>processio.</strong></span> <span class='ocrx_word' id='word_1_442' title='bbox 680 2892 932 2947; x_wconf 85' lang='lat' dir='ltr'><strong>Protinus</strong></span> <span class='ocrx_word' id='word_1_443' title='bbox 963 2894 1051 2948; x_wconf 90' lang='lat' dir='ltr'><strong>ille</strong></span> <span class='ocrx_word' id='word_1_444' title='bbox 1089 2892 1440 2953; x_wconf 85' lang='lat' dir='ltr'><strong>resnondens,</strong></span> <span class='ocrx_word' id='word_1_445' title='bbox 1474 2891 1619 2955; x_wconf 88' lang='lat' dir='ltr'><strong>Duo,</strong></span> <span class='ocrx_word' id='word_1_446' title='bbox 1663 2891 1742 2944; x_wconf 91' lang='lat' dir='ltr'><strong>in-</strong></span> <span class='ocrx_word' id='word_1_447' title='bbox 1772 2901 1821 2963; x_wconf 70' lang='grc' dir='ltr'>ο</span> <span class='ocrx_word' id='word_1_448' title='bbox 1847 2884 2009 2939; x_wconf 90' lang='lat' dir='ltr'><strong>scribi</strong></span> <span class='ocrx_word' id='word_1_449' title='bbox 2038 2881 2286 2938; x_wconf 86' lang='lat' dir='ltr'><strong>instituit.</strong></span> 
     </span>
    </p>
   </div>
   <div class='ocr_carea' id='block_1_57' title="bbox 758 3024 859 3035">
    <p class='ocr_par' dir='ltr' id='par_1_57' title="bbox 758 3024 859 3035">
     <span class='ocr_line' id='line_1_57' title="bbox 758 3024 859 3035; baseline 0 -1"><span class='ocrx_word' id='word_1_450' title='bbox 758 3024 859 3035; x_wconf 61' lang='grc' dir='ltr'><strong>νη.-</strong></span> 
     </span>
    </p>
   </div>
   <div class='ocr_carea' id='block_1_58' title="bbox 2267 2987 3352 3018">
    <p class='ocr_par' dir='ltr' id='par_1_58' title="bbox 2267 2987 3352 3018">
     <span class='ocr_line' id='line_1_58' title="bbox 2267 2987 3352 3018; baseline -0.006 6"><span class='ocrx_word' id='word_1_451' title='bbox 2267 2987 3352 3018; x_wconf 36' lang='lat'><strong>##4##.—</strong></span> 
     </span>
    </p>
   </div>
   <div class='ocr_carea' id='block_1_59' title="bbox 2098 3011 2265 3021">
    <p class='ocr_par' dir='ltr' id='par_1_59' title="bbox 2098 3011 2265 3021">
     <span class='ocr_line' id='line_1_59' title="bbox 2098 3011 2265 3021; baseline -0.018 0"><span class='ocrx_word' id='word_1_452' title='bbox 2098 3011 2265 3021; x_wconf 66' lang='lat'><strong>._—.——</strong></span> 
     </span>
    </p>
   </div>
   <div class='ocr_carea' id='block_1_60' title="bbox 154 2996 3420 3083">
    <p class='ocr_par' dir='ltr' id='par_1_60' title="bbox 2301 3030 3363 3060">
     <span class='ocr_line' id='line_1_60' title="bbox 2301 3030 3363 3060; baseline -0.01 -10"><span class='ocrx_word' id='word_1_453' title='bbox 2301 3043 2783 3060; x_wconf 62' lang='lat'><strong>__—___—___.</strong></span> <span class='ocrx_word' id='word_1_454' title='bbox 2878 3030 3363 3050; x_wconf 72' lang='lat'><strong>—__——_—-—-</strong></span> 
     </span>
    </p>
   </div>
   <div class='ocr_carea' id='block_1_61' title="bbox 620 3041 1758 3259">
    <p class='ocr_par' dir='ltr' id='par_1_61' title="bbox 620 3139 1758 3259">
     <span class='ocr_line' id='line_1_61' title="bbox 620 3139 1758 3259; baseline -0.009 0"><span class='ocrx_word' id='word_1_455' title='bbox 620 3141 1293 3259; x_wconf 77' lang='lat' dir='ltr'><strong>SANCTI</strong></span> <span class='ocrx_word' id='word_1_456' title='bbox 1365 3139 1758 3253; x_wconf 63' lang='grc' dir='ltr'><strong>ΕΒΗ</strong></span> 
     </span>
    </p>
   </div>
   <div class='ocr_carea' id='block_1_62' title="bbox 1850 3041 2976 3259">
    <p class='ocr_par' dir='ltr' id='par_1_62' title="bbox 1850 3041 2976 3247">
     <span class='ocr_line' id='line_1_62' title="bbox 1850 3041 2976 3247; baseline -0.014 0"><span class='ocrx_word' id='word_1_457' title='bbox 1850 3130 2272 3247; x_wconf 68' lang='grc' dir='ltr'>πθΒῙῙ</span> <span class='ocrx_word' id='word_1_458' title='bbox 2301 3041 2976 3240; x_wconf 66' lang='grc' dir='ltr'><strong>’ἱνῖῖῖπῖ</strong></span> 
     </span>
    </p>
   </div>
   <div class='ocr_carea' id='block_1_63' title="bbox 1384 3321 2201 3391">
    <p class='ocr_par' dir='ltr' id='par_1_63' title="bbox 1384 3321 2201 3391">
     <span class='ocr_line' id='line_1_63' title="bbox 1384 3321 2201 3391; baseline -0.01 0"><span class='ocrx_word' id='word_1_459' title='bbox 1384 3328 1699 3391; x_wconf 76' lang='lat' dir='ltr'><strong>ROMANI</strong></span> <span class='ocrx_word' id='word_1_460' title='bbox 1752 3321 2201 3389; x_wconf 84' lang='lat' dir='ltr'><strong>PONTIFICIS</strong></span> 
     </span>
    </p>
   </div>
   <div class='ocr_carea' id='block_1_64' title="bbox 114 3464 3205 3727">
    <p class='ocr_par' dir='ltr' id='par_1_64' title="bbox 114 3464 3205 3727">
     <span class='ocr_line' id='line_1_64' title="bbox 114 3464 3205 3727; baseline -0.02 0"><span class='ocrx_word' id='word_1_461' title='bbox 114 3682 129 3727; x_wconf 38' lang='grc' dir='ltr'><strong><em>ξ</em></strong></span> <span class='ocrx_word' id='word_1_462' title='bbox 369 3486 2044 3706; x_wconf 77' lang='lat' dir='ltr'><strong>MOB&#39;ALIUM</strong></span> <span class='ocrx_word' id='word_1_463' title='bbox 2187 3464 3205 3722; x_wconf 77' lang='lat' dir='ltr'><strong>LIBRI,</strong></span> 
     </span>
    </p>
   </div>
   <div class='ocr_carea' id='block_1_65' title="bbox 1726 3766 1871 3820">
    <p class='ocr_par' dir='ltr' id='par_1_65' title="bbox 1726 3766 1871 3820">
     <span class='ocr_line' id='line_1_65' title="bbox 1726 3766 1871 3820; baseline -0.014 0"><span class='ocrx_word' id='word_1_464' title='bbox 1726 3766 1871 3820; x_wconf 81' lang='lat' dir='ltr'><strong>SIVE</strong></span> 
     </span>
    </p>
   </div>
   <div class='ocr_carea' id='block_1_66' title="bbox 803 3877 2771 4005">
    <p class='ocr_par' dir='ltr' id='par_1_66' title="bbox 803 3877 2771 4005">
     <span class='ocr_line' id='line_1_66' title="bbox 803 3877 2771 4005; baseline -0.014 1"><span class='ocrx_word' id='word_1_465' title='bbox 803 3895 1492 4005; x_wconf 87' lang='lat' dir='ltr'><strong>EXPOSITIO</strong></span> <span class='ocrx_word' id='word_1_466' title='bbox 1558 3892 1694 3996; x_wconf 90' lang='lat' dir='ltr'><strong>IN</strong></span> <span class='ocrx_word' id='word_1_467' title='bbox 1763 3881 2259 3993; x_wconf 81' lang='lat' dir='ltr'><strong>LIBRUM</strong></span> <span class='ocrx_word' id='word_1_468' title='bbox 2326 3882 2446 3984; x_wconf 90' lang='lat' dir='ltr'><strong>B.</strong></span> <span class='ocrx_word' id='word_1_469' title='bbox 2511 3877 2771 3983; x_wconf 71' lang='lat' dir='ltr'><strong>JOBo</strong></span> 
     </span>
    </p>
   </div>
   <div class='ocr_carea' id='block_1_67' title="bbox 1222 4057 1732 4097">
    <p class='ocr_par' dir='ltr' id='par_1_67' title="bbox 1222 4057 1732 4097">
     <span class='ocr_line' id='line_1_67' title="bbox 1222 4057 1732 4097; baseline -0.004 2"><span class='ocrx_word' id='word_1_470' title='bbox 1222 4057 1732 4097; x_wconf 44' lang='grc' dir='ltr'><strong>-ἐ</strong></span> 
     </span>
    </p>
   </div>
   <div class='ocr_carea' id='block_1_68' title="bbox 1738 4058 1793 4099">
    <p class='ocr_par' dir='ltr' id='par_1_68' title="bbox 1738 4058 1793 4099">
     <span class='ocr_line' id='line_1_68' title="bbox 1738 4058 1793 4099; baseline 0 0"><span class='ocrx_word' id='word_1_471' title='bbox 1738 4058 1793 4099; x_wconf 65' lang='grc' dir='ltr'><strong><em>ο</em></strong></span> 
     </span>
    </p>
   </div>
   <div class='ocr_carea' id='block_1_69' title="bbox 1798 4059 2308 4096">
    <p class='ocr_par' dir='ltr' id='par_1_69' title="bbox 1798 4059 2308 4096">
     <span class='ocr_line' id='line_1_69' title="bbox 1798 4059 2308 4096; baseline -0.016 1"><span class='ocrx_word' id='word_1_472' title='bbox 1798 4059 2308 4096; x_wconf 53' lang='grc'><strong>9-</strong></span> 
     </span>
    </p>
   </div>
   <div class='ocr_carea' id='block_1_70' title="bbox 1426 4168 2127 4352">
    <p class='ocr_par' dir='ltr' id='par_1_70' title="bbox 1426 4168 2127 4352">
     <span class='ocr_line' id='line_1_70' title="bbox 1426 4168 2127 4352; baseline -0.02 -36"><span class='ocrx_word' id='word_1_473' title='bbox 1426 4168 2032 4352; x_wconf 54' lang='grc' dir='ltr'><strong>ὥρὶβιοια</strong></span> <span class='ocrx_word' id='word_1_474' title='bbox 2096 4235 2127 4275; x_wconf 75' lang='lat' dir='ltr'><strong>a</strong></span> 
     </span>
    </p>
   </div>
   <div class='ocr_carea' id='block_1_71' title="bbox 198 4391 3399 4546">
    <p class='ocr_par' dir='ltr' id='par_1_71' title="bbox 198 4391 3399 4546">
     <span class='ocr_line' id='line_1_71' title="bbox 198 4391 3399 4546; baseline -0.014 -48"><span class='ocrx_word' id='word_1_475' title='bbox 198 4435 287 4503; x_wconf 80' lang='lat' dir='ltr'><strong>In</strong></span> <span class='ocrx_word' id='word_1_476' title='bbox 345 4450 471 4516; x_wconf 85' lang='lat' dir='ltr'><strong>qua</strong></span> <span class='ocrx_word' id='word_1_477' title='bbox 498 4428 706 4511; x_wconf 86' lang='lat' dir='ltr'><strong>operis</strong></span> <span class='ocrx_word' id='word_1_478' title='bbox 738 4425 839 4488; x_wconf 81' lang='lat' dir='ltr'><strong>sui</strong></span> <span class='ocrx_word' id='word_1_479' title='bbox 874 4430 1138 4502; x_wconf 82' lang='lat' dir='ltr'><strong>tempus,</strong></span> <span class='ocrx_word' id='word_1_480' title='bbox 1177 4413 1589 4485; x_wconf 79' lang='lat' dir='ltr'><strong>occasionem,</strong></span> <span class='ocrx_word' id='word_1_481' title='bbox 1614 4405 2019 4546; x_wconf 56' lang='grc' dir='ltr'><strong>ἕίυἰεὶοηῖηι,</strong></span> <span class='ocrx_word' id='word_1_482' title='bbox 2038 4402 2416 4541; x_wconf 56' lang='lat' dir='ltr'><strong>tinstilulum</strong></span> <span class='ocrx_word' id='word_1_483' title='bbox 2449 4416 2522 4461; x_wconf 88' lang='lat' dir='ltr'><strong>ac</strong></span> <span class='ocrx_word' id='word_1_484' title='bbox 2556 4395 2806 4460; x_wconf 85' lang='lat' dir='ltr'><strong>dicendi</strong></span> <span class='ocrx_word' id='word_1_485' title='bbox 2841 4401 2899 4456; x_wconf 87' lang='lat' dir='ltr'><strong>et</strong></span> <span class='ocrx_word' id='word_1_486' title='bbox 2943 4391 3399 4474; x_wconf 82' lang='lat' dir='ltr'><strong>interpretandi</strong></span> 
     </span>
     <span class='ocr_line' id='line_1_72' title="bbox 1509 4500 2083 4546; baseline -0.007 0"><span class='ocrx_word' id='word_1_487' title='bbox 1509 4507 1604 4546; x_wconf 86' lang='lat' dir='ltr'><strong>mo</strong></span> <span class='ocrx_word' id='word_1_488' title='bbox 1654 4503 1759 4546; x_wconf 88' lang='lat' dir='ltr'><strong>um</strong></span> <span class='ocrx_word' id='word_1_489' title='bbox 1785 4503 1903 4546; x_wconf 73' lang='lat' dir='ltr'><strong>eae</strong></span> <span class='ocrx_word' id='word_1_490' title='bbox 1938 4500 2031 4543; x_wconf 82' lang='lat' dir='ltr'><strong>tea</strong></span> <span class='ocrx_word' id='word_1_491' title='bbox 2065 4527 2083 4543; x_wconf 95' lang='lat'><strong>.</strong></span> 
     </span>
    </p>
   </div>
   <div class='ocr_carea' id='block_1_72' title="bbox 1509 4500 2083 4562">
    <p class='ocr_par' dir='ltr' id='par_1_72' title="bbox 1509 4500 2083 4562">
     <span class='ocr_line' id='line_1_73' title="bbox 1509 4500 2083 4562; baseline -0.01 -13"><span class='ocrx_word' id='word_1_492' title='bbox 1509 4500 1759 4549; x_wconf 84' lang='lat' dir='ltr'><strong>modum</strong></span> <span class='ocrx_word' id='word_1_493' title='bbox 1785 4500 2083 4562; x_wconf 61' lang='lat' dir='ltr'><strong>explicat.</strong></span> 
     </span>
    </p>
   </div>
   <div class='ocr_carea' id='block_1_73' title="bbox 1608 4612 1963 4629">
    <p class='ocr_par' dir='ltr' id='par_1_73' title="bbox 1608 4612 1963 4629">
     <span class='ocr_line' id='line_1_74' title="bbox 1608 4612 1963 4629; baseline -0.008 -1"><span class='ocrx_word' id='word_1_494' title='bbox 1608 4612 1963 4629; x_wconf 46' lang='lat' dir='ltr'><strong>ﬂ</strong></span> 
     </span>
    </p>
   </div>
   <div class='ocr_carea' id='block_1_74' title="bbox 676 4680 1234 4745">
    <p class='ocr_par' dir='ltr' id='par_1_74' title="bbox 676 4680 1234 4745">
     <span class='ocr_line' id='line_1_75' title="bbox 676 4680 1234 4745; baseline -0.02 0"><span class='ocrx_word' id='word_1_495' title='bbox 676 4685 903 4745; x_wconf 86' lang='lat' dir='ltr'><strong>CAPUT</strong></span> <span class='ocrx_word' id='word_1_496' title='bbox 943 4680 1234 4741; x_wconf 80' lang='lat' dir='ltr'><strong>PRIMUM.</strong></span> 
     </span>
    </p>
   </div>
   <div class='ocr_carea' id='block_1_75' title="bbox 200 4778 1707 4882">
    <p class='ocr_par' dir='ltr' id='par_1_75' title="bbox 200 4778 1707 4882">
     <span class='ocr_line' id='line_1_76' title="bbox 200 4778 1707 4882; baseline -0.009 -16"><span class='ocrx_word' id='word_1_497' title='bbox 200 4809 345 4882; x_wconf 82' lang='lat' dir='ltr'><strong>Opus</strong></span> <span class='ocrx_word' id='word_1_498' title='bbox 373 4805 682 4882; x_wconf 76' lang='lat' dir='ltr'><strong>subsequens</strong></span> <span class='ocrx_word' id='word_1_499' title='bbox 702 4778 908 4882; x_wconf 65' lang='lat' dir='ltr'><strong>quando</strong></span> <span class='ocrx_word' id='word_1_500' title='bbox 928 4797 1259 4882; x_wconf 66' lang='lat' dir='ltr'><strong>inchoqtum,</strong></span> <span class='ocrx_word' id='word_1_501' title='bbox 1276 4788 1677 4882; x_wconf 33' lang='lat' dir='ltr'><strong>qua-(39595038</strong></span> <span class='ocrx_word' id='word_1_502' title='bbox 1692 4827 1707 4852; x_wconf 70' lang='grc' dir='ltr'><strong>ι</strong></span> 
     </span>
    </p>
   </div>
   <div class='ocr_carea' id='block_1_76' title="bbox 341 4859 1568 4950">
    <p class='ocr_par' dir='ltr' id='par_1_76' title="bbox 341 4859 1568 4950">
     <span class='ocr_line' id='line_1_77' title="bbox 341 4859 1568 4950; baseline -0.019 -17"><span class='ocrx_word' id='word_1_503' title='bbox 341 4859 909 4950; x_wconf 62' lang='lat' dir='ltr'><strong>quibus&#39;ltortaloribus</strong></span> <span class='ocrx_word' id='word_1_504' title='bbox 932 4910 949 4937; x_wconf 94' lang='lat'><strong>,</strong></span> <span class='ocrx_word' id='word_1_505' title='bbox 987 4865 1167 4939; x_wconf 85' lang='lat' dir='ltr'><strong>quidve</strong></span> <span class='ocrx_word' id='word_1_506' title='bbox 1205 4859 1568 4933; x_wconf 75' lang='lat' dir='ltr'><strong>rogitantibus.</strong></span> 
     </span>
    </p>
   </div>
   <div class='ocr_carea' id='block_1_77' title="bbox 245 4945 1753 5045">
    <p class='ocr_par' dir='ltr' id='par_1_77' title="bbox 245 4945 1753 5045">
     <span class='ocr_line' id='line_1_78' title="bbox 245 4945 1753 5045; baseline -0.017 -19"><span class='ocrx_word' id='word_1_507' title='bbox 245 4976 287 5045; x_wconf 79' lang='grc' dir='ltr'><strong>ι</strong></span> <span class='ocrx_word' id='word_1_508' title='bbox 310 4945 782 5025; x_wconf 79' lang='lat' dir='ltr'><strong>Reverendissimo</strong></span> <span class='ocrx_word' id='word_1_509' title='bbox 808 4968 864 5017; x_wconf 91' lang='lat' dir='ltr'><strong>et</strong></span> <span class='ocrx_word' id='word_1_510' title='bbox 903 4956 1243 5015; x_wconf 87' lang='lat' dir='ltr'><strong>sanctissimo</strong></span> <span class='ocrx_word' id='word_1_511' title='bbox 1273 4951 1300 4992; x_wconf 74' lang='grc' dir='ltr'><strong>ι)</strong></span> <span class='ocrx_word' id='word_1_512' title='bbox 1326 4950 1479 5006; x_wconf 89' lang='lat' dir='ltr'><strong>fratri</strong></span> <span class='ocrx_word' id='word_1_513' title='bbox 1508 4945 1753 5004; x_wconf 90' lang='lat' dir='ltr'><strong>Leandre</strong></span> 
     </span>
    </p>
   </div>
   <div class='ocr_carea' id='block_1_78' title="bbox 241 5083 1754 5169">
    <p class='ocr_par' dir='ltr' id='par_1_78' title="bbox 241 5083 1754 5169">
     <span class='ocr_line' id='line_1_79' title="bbox 241 5083 1754 5169; baseline -0.015 -10"><span class='ocrx_word' id='word_1_514' title='bbox 241 5113 267 5141; x_wconf 76' lang='grc'><strong>⁸</strong></span> <span class='ocrx_word' id='word_1_515' title='bbox 307 5102 482 5169; x_wconf 76' lang='lat' dir='ltr'><strong>liuius</strong></span> <span class='ocrx_word' id='word_1_516' title='bbox 496 5096 737 5169; x_wconf 72' lang='lat' dir='ltr'><strong>epistola:</strong></span> <span class='ocrx_word' id='word_1_517' title='bbox 760 5094 1005 5169; x_wconf 70' lang='lat' dir='ltr'><strong>meminit</strong></span> <span class='ocrx_word' id='word_1_518' title='bbox 1030 5099 1249 5169; x_wconf 64' lang='lat' dir='ltr'><strong>sanctus</strong></span> <span class='ocrx_word' id='word_1_519' title='bbox 1269 5087 1503 5169; x_wconf 70' lang='lat' dir='ltr'><strong>Isidorus</strong></span> <span class='ocrx_word' id='word_1_520' title='bbox 1524 5083 1754 5169; x_wconf 76' lang='lat' dir='ltr'><strong>Hispal.,</strong></span> 
     </span>
    </p>
   </div>
   <div class='ocr_carea' id='block_1_79' title="bbox 170 5158 1753 5241">
    <p class='ocr_par' dir='ltr' id='par_1_79' title="bbox 170 5158 1753 5241">
     <span class='ocr_line' id='line_1_80' title="bbox 170 5158 1753 5241; baseline -0.015 -14"><span class='ocrx_word' id='word_1_521' title='bbox 170 5172 205 5227; x_wconf 90' lang='grc' dir='ltr'><strong>Ι.</strong></span> <span class='ocrx_word' id='word_1_522' title='bbox 238 5173 304 5229; x_wconf 87' lang='lat' dir='ltr'><strong>de</strong></span> <span class='ocrx_word' id='word_1_523' title='bbox 329 5158 508 5241; x_wconf 55' lang='lat' dir='ltr'><strong>Sc&#39;rip.</strong></span> <span class='ocrx_word' id='word_1_524' title='bbox 530 5158 709 5241; x_wconf 71' lang='lat' dir='ltr'><strong>Ecc|.,</strong></span> <span class='ocrx_word' id='word_1_525' title='bbox 742 5182 870 5241; x_wconf 35' lang='lat' dir='ltr'><strong>cap:</strong></span> <span class='ocrx_word' id='word_1_526' title='bbox 894 5164 984 5241; x_wconf 57' lang='lat'><strong>27:</strong></span> <span class='ocrx_word' id='word_1_527' title='bbox 1028 5162 1271 5241; x_wconf 71' lang='lat' dir='ltr'><strong>Scripsit,</strong></span> <span class='ocrx_word' id='word_1_528' title='bbox 1296 5158 1488 5241; x_wconf 72' lang='lat' dir='ltr'><strong>inquit,</strong></span> <span class='ocrx_word' id='word_1_529' title='bbox 1520 5165 1569 5209; x_wconf 89' lang='lat' dir='ltr'><strong>et</strong></span> <span class='ocrx_word' id='word_1_530' title='bbox 1596 5170 1753 5241; x_wconf 52' lang='lat' dir='ltr'><strong>quas:</strong></span> 
     </span>
    </p>
   </div>
   <div class='ocr_carea' id='block_1_80' title="bbox 172 5224 1754 5313">
    <p class='ocr_par' dir='ltr' id='par_1_80' title="bbox 172 5224 1754 5313">
     <span class='ocr_line' id='line_1_81' title="bbox 172 5224 1754 5313; baseline -0.015 -15"><span class='ocrx_word' id='word_1_531' title='bbox 172 5224 301 5297; x_wconf 65' lang='lat' dir='ltr'><strong>danti</strong></span> <span class='ocrx_word' id='word_1_532' title='bbox 327 5224 575 5313; x_wconf 64' lang='lat' dir='ltr'><strong>epistolas</strong></span> <span class='ocrx_word' id='word_1_533' title='bbox 607 5224 889 5313; x_wconf 52' lang='lat' dir='ltr'><strong>_ad&#39;_pr_a&#39;2d.</strong></span> <span class='ocrx_word' id='word_1_534' title='bbox 948 5224 1260 5313; x_wconf 66' lang='lat' dir='ltr'><strong>Leandrum,</strong></span> <span class='ocrx_word' id='word_1_535' title='bbox 1285 5245 1313 5282; x_wconf 91' lang='lat' dir='ltr'><strong>e</strong></span> <span class='ocrx_word' id='word_1_536' title='bbox 1339 5224 1523 5313; x_wconf 73' lang='lat' dir='ltr'><strong>quibus</strong></span> <span class='ocrx_word' id='word_1_537' title='bbox 1554 5240 1680 5313; x_wconf 50' lang='lat' dir='ltr'><strong>una</strong></span> 
     </span>
    </p>
   </div>
   <div class='ocr_carea' id='block_1_81' title="bbox 170 5292 1757 5378">
    <p class='ocr_par' dir='ltr' id='par_1_81' title="bbox 170 5292 1757 5378">
     <span class='ocr_line' id='line_1_82' title="bbox 170 5292 1757 5378; baseline -0.013 -11"><span class='ocrx_word' id='word_1_538' title='bbox 170 5292 381 5368; x_wconf 53' lang='lat' dir='ltr'><strong>Eiii&#39;tizn’</strong></span> <span class='ocrx_word' id='word_1_539' title='bbox 530 5292 652 5376; x_wconf 77' lang='lat' dir='ltr'><strong>.lob,</strong></span> <span class='ocrx_word' id='word_1_540' title='bbox 684 5292 849 5378; x_wconf 41' lang='lat' dir='ltr'><strong>titulo-</strong></span> <span class='ocrx_word' id='word_1_541' title='bbox 862 5303 1185 5378; x_wconf 60' lang='lat' dir='ltr'><strong>prwfationis</strong></span> <span class='ocrx_word' id='word_1_542' title='bbox 1202 5292 1544 5378; x_wconf 47' lang='lat' dir='ltr'><strong>“annectitur.</strong></span> <span class='ocrx_word' id='word_1_543' title='bbox 1602 5292 1757 5347; x_wconf 87' lang='lat' dir='ltr'><strong>Unde</strong></span> 
     </span>
    </p>
   </div>
   <div class='ocr_carea' id='block_1_82' title="bbox 238 5365 1757 5449">
    <p class='ocr_par' dir='ltr' id='par_1_82' title="bbox 238 5365 1757 5449">
     <span class='ocr_line' id='line_1_83' title="bbox 238 5365 1757 5449; baseline -0.014 -12"><span class='ocrx_word' id='word_1_544' title='bbox 238 5365 472 5439; x_wconf 68' lang='lat' dir='ltr'><strong>utentium</strong></span> <span class='ocrx_word' id='word_1_545' title='bbox 496 5395 591 5435; x_wconf 85' lang='lat' dir='ltr'><strong>seu</strong></span> <span class='ocrx_word' id='word_1_546' title='bbox 611 5365 875 5449; x_wconf 63' lang='lat' dir='ltr'><strong>protegas,</strong></span> <span class='ocrx_word' id='word_1_547' title='bbox 898 5375 951 5428; x_wconf 89' lang='lat' dir='ltr'><strong>in</strong></span> <span class='ocrx_word' id='word_1_548' title='bbox 974 5365 1098 5428; x_wconf 88' lang='lat' dir='ltr'><strong>Mss.</strong></span> <span class='ocrx_word' id='word_1_549' title='bbox 1121 5370 1359 5449; x_wconf 64' lang='lat' dir='ltr'><strong>qubert.</strong></span> <span class='ocrx_word' id='word_1_550' title='bbox 1379 5365 1757 5449; x_wconf 37' lang='lat' dir='ltr'><strong>Germanen‘sz,</strong></span> 
     </span>
    </p>
   </div>
   <div class='ocr_carea' id='block_1_83' title="bbox 224 5434 1753 5516">
    <p class='ocr_par' dir='ltr' id='par_1_83' title="bbox 224 5434 1753 5516">
     <span class='ocr_line' id='line_1_84' title="bbox 224 5434 1753 5516; baseline -0.013 -7"><span class='ocrx_word' id='word_1_551' title='bbox 224 5434 468 5515; x_wconf 33' lang='lat' dir='ltr'><strong>oliui—an;</strong></span> <span class='ocrx_word' id='word_1_552' title='bbox 496 5434 628 5513; x_wconf 46' lang='lat' dir='ltr'><strong>etc...</strong></span> <span class='ocrx_word' id='word_1_553' title='bbox 660 5434 960 5516; x_wconf 44' lang='lat' dir='ltr'><strong>appialla&#39;tur</strong></span> <span class='ocrx_word' id='word_1_554' title='bbox 983 5461 995 5496; x_wconf 94' lang='lat'><strong>:</strong></span> <span class='ocrx_word' id='word_1_555' title='bbox 1019 5456 1138 5516; x_wconf 71' lang='lat' dir='ltr'><strong>qua;</strong></span> <span class='ocrx_word' id='word_1_556' title='bbox 1182 5439 1424 5516; x_wconf 10' lang='lat' dir='ltr'><strong>fortasse,</strong></span> <span class='ocrx_word' id='word_1_557' title='bbox 1448 5434 1753 5516; x_wconf 50' lang='lat' dir='ltr'><strong>causaufuil</strong></span> 
     </span>
    </p>
   </div>
   <div class='ocr_carea' id='block_1_84' title="bbox 178 5464 1758 5589">
    <p class='ocr_par' dir='ltr' id='par_1_84' title="bbox 178 5464 1758 5589">
     <span class='ocr_line' id='line_1_85' title="bbox 178 5464 1753 5516; baseline -0.013 -7"><span class='ocrx_word' id='word_1_558' title='bbox 178 5464 454 5515; x_wconf 31' lang='lat' dir='ltr'><strong>[Verulana</strong></span> <span class='ocrx_word' id='word_1_559' title='bbox 496 5464 628 5513; x_wconf 91' lang='lat' dir='ltr'><strong>etc.,</strong></span> <span class='ocrx_word' id='word_1_560' title='bbox 660 5464 689 5502; x_wconf 90' lang='lat' dir='ltr'><strong>a</strong></span> <span class='ocrx_word' id='word_1_561' title='bbox 733 5464 1138 5516; x_wconf 71' lang='lat' dir='ltr'><strong>p€llalur:qua:</strong></span> <span class='ocrx_word' id='word_1_562' title='bbox 1182 5464 1409 5493; x_wconf 69' lang='lat' dir='ltr'><strong>turmam:</strong></span> <span class='ocrx_word' id='word_1_563' title='bbox 1448 5464 1611 5489; x_wconf 65' lang='lat' dir='ltr'><strong>cauae!</strong></span> <span class='ocrx_word' id='word_1_564' title='bbox 1661 5464 1753 5489; x_wconf 80' lang='lat' dir='ltr'><strong>iuu</strong></span> 
     </span>
     <span class='ocr_line' id='line_1_86' title="bbox 178 5464 1758 5589; baseline -0.011 -15"><span class='ocrx_word' id='word_1_565' title='bbox 178 5539 269 5575; x_wconf 79' lang='lat' dir='ltr'><strong>cur</strong></span> <span class='ocrx_word' id='word_1_566' title='bbox 305 5520 656 5589; x_wconf 75' lang='lat' dir='ltr'><strong>epistolarum</strong></span> <span class='ocrx_word' id='word_1_567' title='bbox 685 5464 932 5589; x_wconf 59' lang='lat' dir='ltr'><strong>Registro</strong></span> <span class='ocrx_word' id='word_1_568' title='bbox 978 5528 1085 5567; x_wconf 94' lang='lat' dir='ltr'><strong>non</strong></span> <span class='ocrx_word' id='word_1_569' title='bbox 1115 5509 1515 5589; x_wconf 51' lang='lat' dir='ltr'><strong>inscriberetur:</strong></span> <span class='ocrx_word' id='word_1_570' title='bbox 1568 5503 1758 5584; x_wconf 73' lang='lat' dir='ltr'><strong>Libros</strong></span> 
     </span>
    </p>
   </div>
   <div class='ocr_carea' id='block_1_85' title="bbox 182 5574 1757 5649">
    <p class='ocr_par' dir='ltr' id='par_1_85' title="bbox 182 5574 1757 5649">
     <span class='ocr_line' id='line_1_87' title="bbox 182 5574 1757 5649; baseline -0.013 -2"><span class='ocrx_word' id='word_1_571' title='bbox 182 5574 470 5647; x_wconf 68' lang='lat' dir='ltr'><strong>Moralium</strong></span> <span class='ocrx_word' id='word_1_572' title='bbox 508 5590 751 5645; x_wconf 82' lang='lat' dir='ltr'><strong>Leattdre</strong></span> <span class='ocrx_word' id='word_1_573' title='bbox 768 5574 1006 5641; x_wconf 50' lang='lat' dir='ltr'><strong>vdicatos</strong></span> <span class='ocrx_word' id='word_1_574' title='bbox 1050 5589 1278 5637; x_wconf 81' lang='lat' dir='ltr'><strong>teetatur</strong></span> <span class='ocrx_word' id='word_1_575' title='bbox 1304 5579 1419 5649; x_wconf 86' lang='lat' dir='ltr'><strong>ipsc</strong></span> <span class='ocrx_word' id='word_1_576' title='bbox 1466 5574 1757 5649; x_wconf 78' lang='lat' dir='ltr'><strong>Gregorius</strong></span> 
     </span>
    </p>
   </div>
   <div class='ocr_carea' id='block_1_86' title="bbox 185 5645 1756 5727">
    <p class='ocr_par' dir='ltr' id='par_1_86' title="bbox 185 5645 1756 5727">
     <span class='ocr_line' id='line_1_88' title="bbox 185 5645 1756 5727; baseline -0.01 -13"><span class='ocrx_word' id='word_1_577' title='bbox 185 5645 465 5719; x_wconf 39' lang='lat' dir='ltr'><strong>bisve—rbis</strong></span> <span class='ocrx_word' id='word_1_578' title='bbox 492 5680 503 5715; x_wconf 89' lang='lat'>:</span> <span class='ocrx_word' id='word_1_579' title='bbox 528 5660 757 5715; x_wconf 62' lang='lat' dir='ltr'><strong>Maan&#39;mc</strong></span> <span class='ocrx_word' id='word_1_580' title='bbox 778 5658 897 5727; x_wconf 86' lang='lat' dir='ltr'><strong>quia</strong></span> <span class='ocrx_word' id='word_1_581' title='bbox 919 5665 968 5710; x_wconf 91' lang='lat' dir='ltr'><strong>et</strong></span> <span class='ocrx_word' id='word_1_582' title='bbox 990 5655 1085 5727; x_wconf 82' lang='lat' dir='ltr'><strong>hoc</strong></span> <span class='ocrx_word' id='word_1_583' title='bbox 1106 5655 1275 5727; x_wconf 74' lang='lat' dir='ltr'><strong>ipsum</strong></span> <span class='ocrx_word' id='word_1_584' title='bbox 1294 5645 1422 5721; x_wconf 75' lang='lat' dir='ltr'><strong>opus</strong></span> <span class='ocrx_word' id='word_1_585' title='bbox 1444 5645 1513 5699; x_wconf 87' lang='lat' dir='ltr'><strong>ad</strong></span> <span class='ocrx_word' id='word_1_586' title='bbox 1535 5654 1756 5700; x_wconf 84' lang='lat' dir='ltr'><strong>vestram</strong></span> 
     </span>
    </p>
   </div>
   <div class='ocr_carea' id='block_1_87' title="bbox 186 5723 1295 5801">
    <p class='ocr_par' dir='ltr' id='par_1_87' title="bbox 186 5723 1295 5801">
     <span class='ocr_line' id='line_1_89' title="bbox 186 5723 1295 5801; baseline -0.009 -15"><span class='ocrx_word' id='word_1_587' title='bbox 186 5735 517 5789; x_wconf 74' lang='lat' dir='ltr'><strong>reverentiam</strong></span> <span class='ocrx_word' id='word_1_588' title='bbox 545 5732 727 5801; x_wconf 82' lang='lat' dir='ltr'><strong>scripsi</strong></span> <span class='ocrx_word' id='word_1_589' title='bbox 757 5723 904 5799; x_wconf 78' lang='lat' dir='ltr'><strong>(Lib.</strong></span> <span class='ocrx_word' id='word_1_590' title='bbox 932 5743 968 5795; x_wconf 86' lang='grc' dir='ltr'><strong>ι,</strong></span> <span class='ocrx_word' id='word_1_591' title='bbox 998 5725 1151 5796; x_wconf 82' lang='lat' dir='ltr'><strong>epist.</strong></span> <span class='ocrx_word' id='word_1_592' title='bbox 1184 5723 1295 5793; x_wconf 74' lang='grc'><strong>41).</strong></span> 
     </span>
    </p>
   </div>
   <div class='ocr_carea' id='block_1_88' title="bbox 1772 4656 3186 4742">
    <p class='ocr_par' dir='ltr' id='par_1_88' title="bbox 1772 4656 3186 4742">
     <span class='ocr_line' id='line_1_90' title="bbox 1772 4656 3186 4742; baseline -0.016 -9"><span class='ocrx_word' id='word_1_593' title='bbox 1772 4674 1823 4733; x_wconf 90' lang='lat' dir='ltr'><strong>D</strong></span> <span class='ocrx_word' id='word_1_594' title='bbox 1850 4671 2179 4742; x_wconf 89' lang='lat' dir='ltr'><strong>coepiscopo</strong></span> <span class='ocrx_word' id='word_1_595' title='bbox 2197 4711 2213 4736; x_wconf 92' lang='lat'><strong>,</strong></span> <span class='ocrx_word' id='word_1_596' title='bbox 2239 4665 2531 4736; x_wconf 84' lang='lat' dir='ltr'><strong>Gregorius</strong></span> <span class='ocrx_word' id='word_1_597' title='bbox 2558 4677 2745 4718; x_wconf 87' lang='lat' dir='ltr'><strong>servus</strong></span> <span class='ocrx_word' id='word_1_598' title='bbox 2769 4674 3045 4716; x_wconf 87' lang='lat' dir='ltr'><strong>servorum</strong></span> <span class='ocrx_word' id='word_1_599' title='bbox 3072 4656 3186 4711; x_wconf 86' lang='lat' dir='ltr'><strong>Dei.</strong></span> 
     </span>
    </p>
   </div>
   <div class='ocr_carea' id='block_1_89' title="bbox 1925 4748 3438 4829">
    <p class='ocr_par' dir='ltr' id='par_1_89' title="bbox 1925 4748 3438 4829">
     <span class='ocr_line' id='line_1_91' title="bbox 1925 4748 3438 4829; baseline -0.012 -12"><span class='ocrx_word' id='word_1_600' title='bbox 1925 4761 2135 4817; x_wconf 91' lang='lat' dir='ltr'><strong>Dudum</strong></span> <span class='ocrx_word' id='word_1_601' title='bbox 2159 4768 2237 4829; x_wconf 89' lang='lat' dir='ltr'><strong>te,</strong></span> <span class='ocrx_word' id='word_1_602' title='bbox 2251 4759 2415 4814; x_wconf 81' lang='lat' dir='ltr'><strong>frater</strong></span> <span class='ocrx_word' id='word_1_603' title='bbox 2429 4754 2761 4816; x_wconf 89' lang='lat' dir='ltr'><strong>beatissime,</strong></span> <span class='ocrx_word' id='word_1_604' title='bbox 2781 4752 2833 4806; x_wconf 92' lang='lat' dir='ltr'><strong>in</strong></span> <span class='ocrx_word' id='word_1_605' title='bbox 2847 4748 3438 4817; x_wconf 84' lang='lat' dir='ltr'><strong>Constantinepolitana</strong></span> 
     </span>
    </p>
   </div>
   <div class='ocr_carea' id='block_1_90' title="bbox 1856 4838 3434 4924">
    <p class='ocr_par' dir='ltr' id='par_1_90' title="bbox 1856 4838 3434 4924">
     <span class='ocr_line' id='line_1_92' title="bbox 1856 4838 3434 4924; baseline -0.012 -12"><span class='ocrx_word' id='word_1_606' title='bbox 1856 4856 1990 4911; x_wconf 88' lang='lat' dir='ltr'><strong>urbe</strong></span> <span class='ocrx_word' id='word_1_607' title='bbox 2016 4866 2369 4924; x_wconf 85' lang='lat' dir='ltr'><strong>cognoscens,</strong></span> <span class='ocrx_word' id='word_1_608' title='bbox 2392 4862 2514 4904; x_wconf 86' lang='lat' dir='ltr'><strong>cum</strong></span> <span class='ocrx_word' id='word_1_609' title='bbox 2534 4861 2621 4901; x_wconf 88' lang='lat' dir='ltr'><strong>me</strong></span> <span class='ocrx_word' id='word_1_610' title='bbox 2648 4844 2758 4900; x_wconf 90' lang='lat' dir='ltr'><strong>illic</strong></span> <span class='ocrx_word' id='word_1_611' title='bbox 2777 4843 2920 4899; x_wconf 89' lang='lat' dir='ltr'><strong>sedis</strong></span> <span class='ocrx_word' id='word_1_612' title='bbox 2947 4838 3253 4911; x_wconf 62' lang='lat' dir='ltr'><strong>apostolicae</strong></span> <span class='ocrx_word' id='word_1_613' title='bbox 3274 4848 3294 4876; x_wconf 73' lang='grc' dir='ltr'><strong>ο</strong></span> <span class='ocrx_word' id='word_1_614' title='bbox 3322 4854 3434 4893; x_wconf 79' lang='lat' dir='ltr'><strong>res-</strong></span> 
     </span>
    </p>
   </div>
   <div class='ocr_carea' id='block_1_91' title="bbox 1858 4926 3440 5017">
    <p class='ocr_par' dir='ltr' id='par_1_91' title="bbox 1858 4926 3440 5017">
     <span class='ocr_line' id='line_1_93' title="bbox 1858 4926 3440 5017; baseline -0.013 -15"><span class='ocrx_word' id='word_1_615' title='bbox 1858 4961 2028 5017; x_wconf 90' lang='lat' dir='ltr'><strong>ponsa</strong></span> <span class='ocrx_word' id='word_1_616' title='bbox 2068 4943 2522 5009; x_wconf 85' lang='lat' dir='ltr'><strong>censtringerent,</strong></span> <span class='ocrx_word' id='word_1_617' title='bbox 2547 4942 2603 4992; x_wconf 91' lang='lat' dir='ltr'><strong>et</strong></span> <span class='ocrx_word' id='word_1_618' title='bbox 2628 4944 2683 4991; x_wconf 91' lang='lat' dir='ltr'><strong>te</strong></span> <span class='ocrx_word' id='word_1_619' title='bbox 2710 4934 2838 4989; x_wconf 89' lang='lat' dir='ltr'><strong>illuc</strong></span> <span class='ocrx_word' id='word_1_620' title='bbox 2865 4932 3102 5000; x_wconf 88' lang='lat' dir='ltr'><strong>injuncta</strong></span> <span class='ocrx_word' id='word_1_621' title='bbox 3130 4943 3228 4998; x_wconf 92' lang='lat' dir='ltr'><strong>pro</strong></span> <span class='ocrx_word' id='word_1_622' title='bbox 3261 4926 3440 4983; x_wconf 82' lang='lat' dir='ltr'><strong>causis</strong></span> 
     </span>
    </p>
   </div>
   <div class='ocr_carea' id='block_1_92' title="bbox 1933 5065 3441 5133">
    <p class='ocr_par' dir='ltr' id='par_1_92' title="bbox 1933 5065 3441 5133">
     <span class='ocr_line' id='line_1_94' title="bbox 1933 5065 3441 5133; baseline -0.013 -1"><span class='ocrx_word' id='word_1_623' title='bbox 1933 5078 1958 5116; x_wconf 72' lang='grc' dir='ltr'>δ</span> <span class='ocrx_word' id='word_1_624' title='bbox 1983 5076 2116 5133; x_wconf 91' lang='lat' dir='ltr'><strong>Cod.</strong></span> <span class='ocrx_word' id='word_1_625' title='bbox 2148 5075 2437 5129; x_wconf 85' lang='lat' dir='ltr'><strong>Rhemens.</strong></span> <span class='ocrx_word' id='word_1_626' title='bbox 2471 5071 2618 5127; x_wconf 85' lang='lat' dir='ltr'><strong>Eccl.</strong></span> <span class='ocrx_word' id='word_1_627' title='bbox 2646 5069 2713 5123; x_wconf 91' lang='lat' dir='ltr'><strong>ab</strong></span> <span class='ocrx_word' id='word_1_628' title='bbox 2740 5068 2894 5123; x_wconf 84' lang='lat' dir='ltr'><strong>annis</strong></span> <span class='ocrx_word' id='word_1_629' title='bbox 2922 5065 3133 5121; x_wconf 90' lang='lat' dir='ltr'><strong>circiter</strong></span> <span class='ocrx_word' id='word_1_630' title='bbox 3153 5080 3222 5118; x_wconf 75' lang='lat' dir='ltr'><strong>cu</strong></span> <span class='ocrx_word' id='word_1_631' title='bbox 3250 5078 3441 5133; x_wconf 36' lang='lat' dir='ltr'><strong>exarat</strong></span> 
     </span>
    </p>
   </div>
   <div class='ocr_carea' id='block_1_93' title="bbox 1860 5130 3438 5212">
    <p class='ocr_par' dir='ltr' id='par_1_93' title="bbox 1860 5130 3438 5212">
     <span class='ocr_line' id='line_1_95' title="bbox 1860 5130 3438 5212; baseline -0.01 -10"><span class='ocrx_word' id='word_1_632' title='bbox 1860 5157 1966 5212; x_wconf 89' lang='lat' dir='ltr'><strong>tus,</strong></span> <span class='ocrx_word' id='word_1_633' title='bbox 1996 5130 2170 5200; x_wconf 39' lang='lat' dir='ltr'><strong>&#39;Patri</strong></span> <span class='ocrx_word' id='word_1_634' title='bbox 2217 5145 2479 5198; x_wconf 88' lang='lat' dir='ltr'><strong>Leandre.</strong></span> <span class='ocrx_word' id='word_1_635' title='bbox 2511 5142 2589 5196; x_wconf 90' lang='lat' dir='ltr'><strong>De</strong></span> <span class='ocrx_word' id='word_1_636' title='bbox 2626 5148 2816 5212; x_wconf 70' lang='lat' dir='ltr'><strong>sancto</strong></span> <span class='ocrx_word' id='word_1_637' title='bbox 2852 5136 3093 5212; x_wconf 59' lang='lat' dir='ltr'><strong>beandro</strong></span> <span class='ocrx_word' id='word_1_638' title='bbox 3136 5135 3252 5212; x_wconf 80' lang='lat' dir='ltr'><strong>lege</strong></span> <span class='ocrx_word' id='word_1_639' title='bbox 3289 5150 3336 5187; x_wconf 92' lang='lat' dir='ltr'><strong>c.</strong></span> <span class='ocrx_word' id='word_1_640' title='bbox 3369 5130 3438 5212; x_wconf 58' lang='lat'><strong>3}</strong></span> 
     </span>
    </p>
   </div>
   <div class='ocr_carea' id='block_1_94' title="bbox 1858 5203 3443 5284">
    <p class='ocr_par' dir='ltr' id='par_1_94' title="bbox 1858 5203 3443 5284">
     <span class='ocr_line' id='line_1_96' title="bbox 1858 5203 3443 5284; baseline -0.011 -11"><span class='ocrx_word' id='word_1_641' title='bbox 1858 5219 1897 5273; x_wconf 86' lang='grc' dir='ltr'><strong>Ι.</strong></span> <span class='ocrx_word' id='word_1_642' title='bbox 1937 5203 1993 5272; x_wconf 67' lang='lat' dir='ltr'><strong>tu</strong></span> <span class='ocrx_word' id='word_1_643' title='bbox 2020 5216 2253 5284; x_wconf 87' lang='lat' dir='ltr'><strong>Dialog.,</strong></span> <span class='ocrx_word' id='word_1_644' title='bbox 2279 5221 2335 5268; x_wconf 91' lang='lat' dir='ltr'><strong>et</strong></span> <span class='ocrx_word' id='word_1_645' title='bbox 2364 5213 2619 5284; x_wconf 80' lang='lat' dir='ltr'><strong>plurimas</strong></span> <span class='ocrx_word' id='word_1_646' title='bbox 2646 5207 3003 5284; x_wconf 72' lang='lat' dir='ltr'><strong>Gre_gori_i__ad</strong></span> <span class='ocrx_word' id='word_1_647' title='bbox 3032 5204 3278 5284; x_wconf 69' lang='lat' dir='ltr'><strong>eumdem</strong></span> <span class='ocrx_word' id='word_1_648' title='bbox 3328 5203 3443 5284; x_wconf 69' lang='lat' dir='ltr'><strong>epi-</strong></span> 
     </span>
    </p>
   </div>
   <div class='ocr_carea' id='block_1_95' title="bbox 1856 5272 3439 5353">
    <p class='ocr_par' dir='ltr' id='par_1_95' title="bbox 1856 5272 3439 5353">
     <span class='ocr_line' id='line_1_97' title="bbox 1856 5272 3439 5353; baseline -0.013 -8"><span class='ocrx_word' id='word_1_649' title='bbox 1856 5272 2044 5345; x_wconf 83' lang='lat' dir='ltr'><strong>stolas.</strong></span> <span class='ocrx_word' id='word_1_650' title='bbox 2077 5272 2204 5353; x_wconf 66' lang='lat' dir='ltr'><strong>Ejus</strong></span> <span class='ocrx_word' id='word_1_651' title='bbox 2232 5272 2463 5350; x_wconf 79' lang='lat' dir='ltr'><strong>elogium</strong></span> <span class='ocrx_word' id='word_1_652' title='bbox 2479 5280 2721 5353; x_wconf 87' lang='lat' dir='ltr'><strong>_inseru_it</strong></span> <span class='ocrx_word' id='word_1_653' title='bbox 2748 5272 3023 5353; x_wconf 69' lang='lat' dir='ltr'><strong>Mabillen.</strong></span> <span class='ocrx_word' id='word_1_654' title='bbox 3055 5290 3177 5353; x_wconf 58' lang='lat' dir='ltr'><strong>step.</strong></span> <span class='ocrx_word' id='word_1_655' title='bbox 3202 5272 3439 5353; x_wconf 49' lang='lat' dir='ltr'><strong>t&#39;Dened.</strong></span> 
     </span>
    </p>
   </div>
   <div class='ocr_carea' id='block_1_96' title="bbox 1932 5341 3441 5422">
    <p class='ocr_par' dir='ltr' id='par_1_96' title="bbox 1932 5341 3441 5422">
     <span class='ocr_line' id='line_1_98' title="bbox 1932 5341 3441 5422; baseline -0.01 -11"><span class='ocrx_word' id='word_1_656' title='bbox 1932 5368 1955 5397; x_wconf 78' lang='grc' dir='ltr'><strong>ο</strong></span> <span class='ocrx_word' id='word_1_657' title='bbox 1996 5355 2052 5410; x_wconf 92' lang='lat' dir='ltr'><strong>ld</strong></span> <span class='ocrx_word' id='word_1_658' title='bbox 2081 5341 2164 5411; x_wconf 72' lang='lat' dir='ltr'><strong>est</strong></span> <span class='ocrx_word' id='word_1_659' title='bbox 2190 5341 2427 5422; x_wconf 67' lang='lat' dir='ltr'><strong>negotia.</strong></span> <span class='ocrx_word' id='word_1_660' title='bbox 2479 5351 2613 5419; x_wconf 86' lang='lat' dir='ltr'><strong>Reg.</strong></span> <span class='ocrx_word' id='word_1_661' title='bbox 2663 5347 2979 5422; x_wconf 80' lang='lat' dir='ltr'><strong>S._Bened.,</strong></span> <span class='ocrx_word' id='word_1_662' title='bbox 3008 5361 3057 5422; x_wconf 64' lang='lat' dir='ltr'><strong>c.</strong></span> <span class='ocrx_word' id='word_1_663' title='bbox 3091 5343 3189 5422; x_wconf 73' lang='lat' dir='ltr'><strong>5i:</strong></span> <span class='ocrx_word' id='word_1_664' title='bbox 3223 5341 3441 5422; x_wconf 74' lang='lat' dir='ltr'><strong>Fratres</strong></span> 
     </span>
    </p>
   </div>
   <div class='ocr_carea' id='block_1_97' title="bbox 1927 5412 3442 5498">
    <p class='ocr_par' dir='ltr' id='par_1_97' title="bbox 1927 5412 3442 5498">
     <span class='ocr_line' id='line_1_99' title="bbox 1927 5412 3442 5498; baseline -0.01 -16"><span class='ocrx_word' id='word_1_665' title='bbox 1927 5428 1944 5481; x_wconf 91' lang='lat' dir='ltr'><strong>i</strong></span> <span class='ocrx_word' id='word_1_666' title='bbox 1969 5444 2062 5497; x_wconf 87' lang='lat' dir='ltr'><strong>pro</strong></span> <span class='ocrx_word' id='word_1_667' title='bbox 2088 5412 2978 5498; x_wconf 54' lang='lat' dir='ltr'><strong>quovjsvresponsoproﬁciscuntur,</strong></span> <span class='ocrx_word' id='word_1_668' title='bbox 3009 5415 3061 5498; x_wconf 69' lang='lat' dir='ltr'><strong>id</strong></span> <span class='ocrx_word' id='word_1_669' title='bbox 3089 5420 3172 5498; x_wconf 76' lang='lat' dir='ltr'><strong>est</strong></span> <span class='ocrx_word' id='word_1_670' title='bbox 3200 5412 3442 5481; x_wconf 86' lang='lat' dir='ltr'><strong>negotio.</strong></span> 
     </span>
    </p>
   </div>
   <div class='ocr_carea' id='block_1_98' title="bbox 1858 5446 3442 5566">
    <p class='ocr_par' dir='ltr' id='par_1_98' title="bbox 1858 5446 3442 5566">
     <span class='ocr_line' id='line_1_100' title="bbox 1927 5446 3442 5498; baseline -0.012 -17"><span class='ocrx_word' id='word_1_671' title='bbox 1927 5446 1944 5481; x_wconf 80' lang='grc' dir='ltr'><strong><em>ι</em></strong></span> <span class='ocrx_word' id='word_1_672' title='bbox 1969 5446 2062 5497; x_wconf 87' lang='lat' dir='ltr'><strong>pro</strong></span> <span class='ocrx_word' id='word_1_673' title='bbox 2088 5446 2265 5498; x_wconf 70' lang='lat' dir='ltr'><strong>quavis</strong></span> <span class='ocrx_word' id='word_1_674' title='bbox 2289 5446 2535 5493; x_wconf 65' lang='lat' dir='ltr'><strong>responso</strong></span> <span class='ocrx_word' id='word_1_675' title='bbox 2562 5446 2978 5490; x_wconf 72' lang='lat' dir='ltr'><strong>prupnsoumur,</strong></span> <span class='ocrx_word' id='word_1_676' title='bbox 3009 5446 3061 5469; x_wconf 83' lang='lat' dir='ltr'><strong>lu</strong></span> <span class='ocrx_word' id='word_1_677' title='bbox 3089 5446 3172 5468; x_wconf 69' lang='grc' dir='ltr'><strong>σοι</strong></span> <span class='ocrx_word' id='word_1_678' title='bbox 3200 5446 3442 5481; x_wconf 71' lang='grc' dir='ltr'><strong>ιιεδυιιυ.</strong></span> 
     </span>
     <span class='ocr_line' id='line_1_101' title="bbox 1858 5446 3442 5566; baseline -0.014 -12"><span class='ocrx_word' id='word_1_679' title='bbox 1858 5446 2003 5554; x_wconf 55' lang='lat' dir='ltr'><strong>ﬂent</strong></span> <span class='ocrx_word' id='word_1_680' title='bbox 2034 5495 2175 5566; x_wconf 90' lang='lat' dir='ltr'><strong>apud</strong></span> <span class='ocrx_word' id='word_1_681' title='bbox 2203 5493 2418 5566; x_wconf 72' lang='lat' dir='ltr'><strong>Grzecos</strong></span> <span class='ocrx_word' id='word_1_682' title='bbox 2445 5491 2679 5546; x_wconf 89' lang='lat' dir='ltr'><strong>obtinuit</strong></span> <span class='ocrx_word' id='word_1_683' title='bbox 2697 5505 2821 5544; x_wconf 88' lang='lat' dir='ltr'><strong>usus</strong></span> <span class='ocrx_word' id='word_1_684' title='bbox 2834 5488 2989 5566; x_wconf 88' lang='lat' dir='ltr'><strong>_vocis</strong></span> <span class='ocrx_word' id='word_1_685' title='bbox 3014 5484 3307 5566; x_wconf 57' lang='grc' dir='ltr'><strong>ᾁπὸκρῳς,</strong></span> <span class='ocrx_word' id='word_1_686' title='bbox 3331 5497 3442 5561; x_wconf 60' lang='lat' dir='ltr'><strong>res.</strong></span> 
     </span>
    </p>
   </div>
   <div class='ocr_carea' id='block_1_99' title="bbox 1863 5550 3443 5640">
    <p class='ocr_par' dir='ltr' id='par_1_99' title="bbox 1863 5550 3443 5640">
     <span class='ocr_line' id='line_1_102' title="bbox 1863 5550 3443 5640; baseline -0.013 -16"><span class='ocrx_word' id='word_1_687' title='bbox 1863 5550 2102 5640; x_wconf 64' lang='lat' dir='ltr'><strong>ponsum.</strong></span> <span class='ocrx_word' id='word_1_688' title='bbox 2126 5563 2278 5640; x_wconf 82' lang='lat' dir='ltr'><strong>Apud</strong></span> <span class='ocrx_word' id='word_1_689' title='bbox 2308 5564 2735 5640; x_wconf 49' lang='lat' dir='ltr'><strong>incertmtlauct_.</strong></span> <span class='ocrx_word' id='word_1_690' title='bbox 2767 5557 3118 5640; x_wconf 38' lang='lat' dir='ltr'><strong>subln‘omiue&#39;</strong></span> <span class='ocrx_word' id='word_1_691' title='bbox 3143 5550 3443 5640; x_wconf 68' lang='lat' dir='ltr'><strong>Athanasii,</strong></span> 
     </span>
    </p>
   </div>
   <div class='ocr_carea' id='block_1_100' title="bbox 1863 5626 3444 5708">
    <p class='ocr_par' dir='ltr' id='par_1_100' title="bbox 1863 5626 3444 5708">
     <span class='ocr_line' id='line_1_103' title="bbox 1863 5626 3444 5708; baseline -0.013 -14"><span class='ocrx_word' id='word_1_692' title='bbox 1863 5626 2013 5708; x_wconf 62' lang='lat' dir='ltr'><strong>&#39;cujus</strong></span> <span class='ocrx_word' id='word_1_693' title='bbox 2041 5626 2513 5708; x_wconf 47' lang='lat' dir='ltr'><strong>opus-inscribitur</strong></span> <span class='ocrx_word' id='word_1_694' title='bbox 2544 5630 2796 5708; x_wconf 65' lang='lat' dir='ltr'><strong>Doctrina</strong></span> <span class='ocrx_word' id='word_1_695' title='bbox 2821 5628 2887 5681; x_wconf 86' lang='lat' dir='ltr'><strong>ad</strong></span> <span class='ocrx_word' id='word_1_696' title='bbox 2911 5626 3247 5688; x_wconf 75' lang='lat' dir='ltr'><strong>Antiochum,</strong></span> <span class='ocrx_word' id='word_1_697' title='bbox 3295 5630 3444 5674; x_wconf 82' lang='lat' dir='ltr'><strong>temo</strong></span> 
     </span>
    </p>
   </div>
   <div class='ocr_carea' id='block_1_101' title="bbox 1865 5698 3442 5777">
    <p class='ocr_par' dir='ltr' id='par_1_101' title="bbox 1865 5698 3442 5777">
     <span class='ocr_line' id='line_1_104' title="bbox 1865 5698 3442 5777; baseline -0.009 -11"><span class='ocrx_word' id='word_1_698' title='bbox 1865 5710 1906 5766; x_wconf 87' lang='lat' dir='ltr'><strong>ll</strong></span> <span class='ocrx_word' id='word_1_699' title='bbox 1927 5698 2092 5763; x_wconf 52' lang='lat' dir='ltr'><strong>&#39;novai</strong></span> <span class='ocrx_word' id='word_1_700' title='bbox 2126 5705 2224 5760; x_wconf 85' lang='lat' dir='ltr'><strong>Ed.</strong></span> <span class='ocrx_word' id='word_1_701' title='bbox 2258 5704 2481 5761; x_wconf 79' lang='lat' dir='ltr'><strong>Athan..</strong></span> <span class='ocrx_word' id='word_1_702' title='bbox 2509 5718 2565 5766; x_wconf 75' lang='grc' dir='ltr'><strong>ι).</strong></span> <span class='ocrx_word' id='word_1_703' title='bbox 2596 5698 2722 5756; x_wconf 72' lang='grc'><strong>259.</strong></span> <span class='ocrx_word' id='word_1_704' title='bbox 2752 5698 3146 5777; x_wconf 72' lang='grc' dir='ltr'><strong>Ἀπολρισιάριος</strong></span> <span class='ocrx_word' id='word_1_705' title='bbox 3170 5703 3260 5755; x_wconf 82' lang='grc' dir='ltr'><strong>τῆς</strong></span> <span class='ocrx_word' id='word_1_706' title='bbox 3286 5699 3442 5764; x_wconf 62' lang='lat' dir='ltr'><strong>novis</strong></span> 
     </span>
    </p>
   </div>
  </div>
