  <div class='ocr_page' id='page_1' title='image "/cluster/home/n/w/nwhite01/storage/ocr_20150623/75/uva.x000827087/263.png"; bbox 0 0 3976 6326; ppageno 0'>
   <div class='ocr_carea' id='block_1_1' title="bbox 537 320 633 376">
    <p class='ocr_par' dir='ltr' id='par_1_1' title="bbox 537 320 633 376">
     <span class='ocr_line' id='line_1_1' title="bbox 537 320 633 376; baseline 0 -1"><span class='ocrx_word' id='word_1_1' title='bbox 537 320 633 376; x_wconf 79' lang='lat' dir='ltr'><strong>5H</strong></span> 
     </span>
    </p>
   </div>
   <div class='ocr_carea' id='block_1_2' title="bbox 1752 309 2618 369">
    <p class='ocr_par' dir='ltr' id='par_1_2' title="bbox 1752 309 2618 369">
     <span class='ocr_line' id='line_1_2' title="bbox 1752 309 2618 369; baseline -0.007 0"><span class='ocrx_word' id='word_1_2' title='bbox 1752 312 1997 369; x_wconf 81' lang='lat' dir='ltr'><strong>SANCTI</strong></span> <span class='ocrx_word' id='word_1_3' title='bbox 2036 309 2364 367; x_wconf 77' lang='lat' dir='ltr'><strong>GREGORII</strong></span> <span class='ocrx_word' id='word_1_4' title='bbox 2405 310 2618 367; x_wconf 73' lang='lat' dir='ltr'><strong>MAGNI</strong></span> 
     </span>
    </p>
   </div>
   <div class='ocr_carea' id='block_1_3' title="bbox 3699 305 3799 359">
    <p class='ocr_par' dir='ltr' id='par_1_3' title="bbox 3699 305 3799 359">
     <span class='ocr_line' id='line_1_3' title="bbox 3699 305 3799 359; baseline 0.02 -2"><span class='ocrx_word' id='word_1_5' title='bbox 3699 305 3799 359; x_wconf 74' lang='lat'><strong>51?.</strong></span> 
     </span>
    </p>
   </div>
   <div class='ocr_carea' id='block_1_4' title="bbox 536 417 3803 502">
    <p class='ocr_par' dir='ltr' id='par_1_4' title="bbox 536 417 3803 502">
     <span class='ocr_line' id='line_1_4' title="bbox 536 417 3803 502; baseline -0.003 -18"><span class='ocrx_word' id='word_1_6' title='bbox 536 431 660 487; x_wconf 80' lang='lat' dir='ltr'><strong>fidei</strong></span> <span class='ocrx_word' id='word_1_7' title='bbox 696 442 722 472; x_wconf 79' lang='grc' dir='ltr'>ι</span> <span class='ocrx_word' id='word_1_8' title='bbox 760 431 1164 502; x_wconf 80' lang='lat' dir='ltr'><strong>Visigothorum</strong></span> <span class='ocrx_word' id='word_1_9' title='bbox 1202 429 1403 500; x_wconf 79' lang='lat' dir='ltr'><strong>legatio</strong></span> <span class='ocrx_word' id='word_1_10' title='bbox 1450 425 1823 499; x_wconf 86' lang='lat' dir='ltr'><strong>perduxisset,</strong></span> <span class='ocrx_word' id='word_1_11' title='bbox 1865 438 2026 478; x_wconf 88' lang='lat' dir='ltr'><strong>omne</strong></span> <span class='ocrx_word' id='word_1_12' title='bbox 2066 425 2121 475; x_wconf 86' lang='lat' dir='ltr'><strong>in</strong></span> <span class='ocrx_word' id='word_1_13' title='bbox 2150 424 2193 479; x_wconf 83' lang='lat' dir='ltr'><strong>A</strong></span> <span class='ocrx_word' id='word_1_14' title='bbox 2226 425 2341 494; x_wconf 89' lang='lat' dir='ltr'><strong>ipse</strong></span> <span class='ocrx_word' id='word_1_15' title='bbox 2366 421 2677 487; x_wconf 76' lang='lat' dir='ltr'><strong>meministi,</strong></span> <span class='ocrx_word' id='word_1_16' title='bbox 2702 427 2761 474; x_wconf 92' lang='lat' dir='ltr'><strong>ut</strong></span> <span class='ocrx_word' id='word_1_17' title='bbox 2790 419 2982 474; x_wconf 90' lang='lat' dir='ltr'><strong>librum</strong></span> <span class='ocrx_word' id='word_1_18' title='bbox 3007 417 3151 472; x_wconf 91' lang='lat' dir='ltr'><strong>beati</strong></span> <span class='ocrx_word' id='word_1_19' title='bbox 3176 417 3277 473; x_wconf 83' lang='lat' dir='ltr'><strong>Job</strong></span> <span class='ocrx_word' id='word_1_20' title='bbox 3301 430 3577 486; x_wconf 74' lang='lat' dir='ltr'><strong>exponere</strong></span> <span class='ocrx_word' id='word_1_21' title='bbox 3607 419 3803 487; x_wconf 76' lang='lat' dir='ltr'><strong>impor-</strong></span> 
     </span>
    </p>
   </div>
   <div class='ocr_carea' id='block_1_5' title="bbox 537 513 2115 594">
    <p class='ocr_par' dir='ltr' id='par_1_5' title="bbox 537 513 2115 594">
     <span class='ocr_line' id='line_1_5' title="bbox 537 513 2115 594; baseline -0.008 -15"><span class='ocrx_word' id='word_1_22' title='bbox 537 525 641 580; x_wconf 88' lang='lat' dir='ltr'><strong>tuis</strong></span> <span class='ocrx_word' id='word_1_23' title='bbox 670 526 916 591; x_wconf 85' lang='lat' dir='ltr'><strong>auribus,</strong></span> <span class='ocrx_word' id='word_1_24' title='bbox 947 523 1089 594; x_wconf 90' lang='lat' dir='ltr'><strong>quod</strong></span> <span class='ocrx_word' id='word_1_25' title='bbox 1114 523 1244 577; x_wconf 90' lang='lat' dir='ltr'><strong>mihi</strong></span> <span class='ocrx_word' id='word_1_26' title='bbox 1270 523 1338 577; x_wconf 91' lang='lat' dir='ltr'><strong>de</strong></span> <span class='ocrx_word' id='word_1_27' title='bbox 1371 534 1459 575; x_wconf 87' lang='lat' dir='ltr'><strong>me</strong></span> <span class='ocrx_word' id='word_1_28' title='bbox 1493 517 1829 587; x_wconf 83' lang='lat' dir='ltr'><strong>displicebat,</strong></span> <span class='ocrx_word' id='word_1_29' title='bbox 1857 513 2115 583; x_wconf 84' lang='lat' dir='ltr'><strong>exposui:</strong></span> 
     </span>
    </p>
   </div>
   <div class='ocr_carea' id='block_1_6' title="bbox 535 606 2118 686">
    <p class='ocr_par' dir='ltr' id='par_1_6' title="bbox 535 606 2118 686">
     <span class='ocr_line' id='line_1_6' title="bbox 535 606 2118 686; baseline -0.008 -17"><span class='ocrx_word' id='word_1_30' title='bbox 535 617 790 686; x_wconf 89' lang='lat' dir='ltr'><strong>quoniam</strong></span> <span class='ocrx_word' id='word_1_31' title='bbox 845 616 935 670; x_wconf 90' lang='lat' dir='ltr'><strong>diu</strong></span> <span class='ocrx_word' id='word_1_32' title='bbox 988 615 1255 683; x_wconf 79' lang='lat' dir='ltr'><strong>longeque</strong></span> <span class='ocrx_word' id='word_1_33' title='bbox 1301 610 1671 667; x_wconf 86' lang='lat' dir='ltr'><strong>conversionis</strong></span> <span class='ocrx_word' id='word_1_34' title='bbox 1726 608 1952 677; x_wconf 75' lang='lat' dir='ltr'><strong>gratiam</strong></span> <span class='ocrx_word' id='word_1_35' title='bbox 2007 606 2118 659; x_wconf 85' lang='lat' dir='ltr'><strong>dis-</strong></span> 
     </span>
    </p>
   </div>
   <div class='ocr_carea' id='block_1_7' title="bbox 537 694 2121 774">
    <p class='ocr_par' dir='ltr' id='par_1_7' title="bbox 537 694 2121 774">
     <span class='ocr_line' id='line_1_7' title="bbox 537 694 2121 774; baseline -0.009 -15"><span class='ocrx_word' id='word_1_36' title='bbox 537 705 674 773; x_wconf 91' lang='lat' dir='ltr'><strong>tuli,</strong></span> <span class='ocrx_word' id='word_1_37' title='bbox 713 714 768 759; x_wconf 89' lang='lat' dir='ltr'><strong>et</strong></span> <span class='ocrx_word' id='word_1_38' title='bbox 822 710 1106 774; x_wconf 86' lang='lat' dir='ltr'><strong>postquam</strong></span> <span class='ocrx_word' id='word_1_39' title='bbox 1152 700 1359 756; x_wconf 74' lang='lat' dir='ltr'><strong>ctelesti</strong></span> <span class='ocrx_word' id='word_1_40' title='bbox 1417 714 1538 755; x_wconf 85' lang='lat' dir='ltr'><strong>sum</strong></span> <span class='ocrx_word' id='word_1_41' title='bbox 1579 696 1847 752; x_wconf 90' lang='lat' dir='ltr'><strong>desiderio</strong></span> <span class='ocrx_word' id='word_1_42' title='bbox 1906 694 2121 748; x_wconf 84' lang='lat' dir='ltr'><strong>afﬂatus</strong></span> 
     </span>
    </p>
   </div>
   <div class='ocr_carea' id='block_1_8' title="bbox 537 784 2117 861">
    <p class='ocr_par' dir='ltr' id='par_1_8' title="bbox 537 784 2117 861">
     <span class='ocr_line' id='line_1_8' title="bbox 537 784 2117 861; baseline -0.009 -11"><span class='ocrx_word' id='word_1_43' title='bbox 537 791 830 850; x_wconf 62' lang='lat' dir='ltr'><strong>hsaeculari</strong></span> <span class='ocrx_word' id='word_1_44' title='bbox 858 792 1044 847; x_wconf 91' lang='lat' dir='ltr'><strong>habitu</strong></span> <span class='ocrx_word' id='word_1_45' title='bbox 1059 791 1272 861; x_wconf 77' lang='lat' dir='ltr'><strong>contegi</strong></span> <span class='ocrx_word' id='word_1_46' title='bbox 1290 790 1481 846; x_wconf 91' lang='lat' dir='ltr'><strong>melius</strong></span> <span class='ocrx_word' id='word_1_47' title='bbox 1508 788 1688 859; x_wconf 90' lang='lat' dir='ltr'><strong>putavi</strong></span> <span class='ocrx_word' id='word_1_48' title='bbox 1719 786 1908 858; x_wconf 82' lang='lat' dir='ltr'><strong>(Joan.</strong></span> <span class='ocrx_word' id='word_1_49' title='bbox 1940 784 2117 849; x_wconf 88' lang='lat' dir='ltr'><strong>Diac.,</strong></span> 
     </span>
    </p>
   </div>
   <div class='ocr_carea' id='block_1_9' title="bbox 537 873 2120 951">
    <p class='ocr_par' dir='ltr' id='par_1_9' title="bbox 537 873 2120 951">
     <span class='ocr_line' id='line_1_9' title="bbox 537 873 2120 951; baseline -0.007 -14"><span class='ocrx_word' id='word_1_50' title='bbox 537 883 578 939; x_wconf 80' lang='grc' dir='ltr'><strong>Ι.</strong></span> <span class='ocrx_word' id='word_1_51' title='bbox 601 899 640 949; x_wconf 87' lang='grc' dir='ltr'><strong>ι,</strong></span> <span class='ocrx_word' id='word_1_52' title='bbox 671 900 720 938; x_wconf 91' lang='lat' dir='ltr'><strong>c.</strong></span> <span class='ocrx_word' id='word_1_53' title='bbox 743 883 858 951; x_wconf 73' lang='lat'><strong>27).</strong></span> <span class='ocrx_word' id='word_1_54' title='bbox 890 881 1245 950; x_wconf 85' lang='lat' dir='ltr'><strong>Aperiebatur</strong></span> <span class='ocrx_word' id='word_1_55' title='bbox 1265 880 1408 933; x_wconf 88' lang='lat' dir='ltr'><strong>enim</strong></span> <span class='ocrx_word' id='word_1_56' title='bbox 1429 877 1557 932; x_wconf 91' lang='lat' dir='ltr'><strong>mihi</strong></span> <span class='ocrx_word' id='word_1_57' title='bbox 1578 878 1686 947; x_wconf 85' lang='lat' dir='ltr'><strong>jam</strong></span> <span class='ocrx_word' id='word_1_58' title='bbox 1712 876 1778 929; x_wconf 90' lang='lat' dir='ltr'><strong>de</strong></span> <span class='ocrx_word' id='word_1_59' title='bbox 1805 873 2120 929; x_wconf 69' lang='lat' dir='ltr'><strong>mternilatis</strong></span> 
     </span>
    </p>
   </div>
   <div class='ocr_carea' id='block_1_10' title="bbox 538 962 2119 1041">
    <p class='ocr_par' dir='ltr' id='par_1_10' title="bbox 538 962 2119 1041">
     <span class='ocr_line' id='line_1_10' title="bbox 538 962 2119 1041; baseline -0.009 -14"><span class='ocrx_word' id='word_1_60' title='bbox 538 987 724 1027; x_wconf 90' lang='lat' dir='ltr'><strong>amore</strong></span> <span class='ocrx_word' id='word_1_61' title='bbox 760 970 890 1041; x_wconf 90' lang='lat' dir='ltr'><strong>quid</strong></span> <span class='ocrx_word' id='word_1_62' title='bbox 929 986 1247 1041; x_wconf 64' lang='lat' dir='ltr'><strong>quaererem,</strong></span> <span class='ocrx_word' id='word_1_63' title='bbox 1293 969 1385 1026; x_wconf 88' lang='lat' dir='ltr'><strong>sed</strong></span> <span class='ocrx_word' id='word_1_64' title='bbox 1416 969 1603 1024; x_wconf 91' lang='lat' dir='ltr'><strong>inolita</strong></span> <span class='ocrx_word' id='word_1_65' title='bbox 1650 982 1738 1022; x_wconf 91' lang='lat' dir='ltr'><strong>me</strong></span> <span class='ocrx_word' id='word_1_66' title='bbox 1785 962 2119 1021; x_wconf 85' lang='lat' dir='ltr'><strong>consuetudo</strong></span> 
     </span>
    </p>
   </div>
   <div class='ocr_carea' id='block_1_11' title="bbox 537 1051 2121 1132">
    <p class='ocr_par' dir='ltr' id='par_1_11' title="bbox 537 1051 2121 1132">
     <span class='ocr_line' id='line_1_11' title="bbox 537 1051 2121 1132; baseline -0.006 -16"><span class='ocrx_word' id='word_1_67' title='bbox 537 1062 871 1128; x_wconf 79' lang='lat' dir='ltr'><strong>devinxerat,</strong></span> <span class='ocrx_word' id='word_1_68' title='bbox 900 1075 969 1116; x_wconf 92' lang='lat' dir='ltr'><strong>ne</strong></span> <span class='ocrx_word' id='word_1_69' title='bbox 998 1064 1048 1132; x_wconf 76' lang='lat'><strong>2</strong></span> <span class='ocrx_word' id='word_1_70' title='bbox 1075 1060 1397 1115; x_wconf 82' lang='lat' dir='ltr'><strong>exteriorem</strong></span> <span class='ocrx_word' id='word_1_71' title='bbox 1422 1059 1625 1115; x_wconf 91' lang='lat' dir='ltr'><strong>cultum</strong></span> <span class='ocrx_word' id='word_1_72' title='bbox 1648 1066 1930 1111; x_wconf 88' lang='lat' dir='ltr'><strong>mutarem.</strong></span> <span class='ocrx_word' id='word_1_73' title='bbox 1957 1051 2121 1108; x_wconf 90' lang='lat' dir='ltr'><strong>Cum-</strong></span> 
     </span>
    </p>
   </div>
   <div class='ocr_carea' id='block_1_12' title="bbox 537 1144 2119 1220">
    <p class='ocr_par' dir='ltr' id='par_1_12' title="bbox 537 1144 2119 1220">
     <span class='ocr_line' id='line_1_12' title="bbox 537 1144 2119 1220; baseline -0.004 -16"><span class='ocrx_word' id='word_1_74' title='bbox 537 1167 645 1220; x_wconf 93' lang='lat' dir='ltr'><strong>que</strong></span> <span class='ocrx_word' id='word_1_75' title='bbox 665 1150 838 1206; x_wconf 85' lang='lat' dir='ltr'><strong>adhuc</strong></span> <span class='ocrx_word' id='word_1_76' title='bbox 859 1166 947 1205; x_wconf 91' lang='lat' dir='ltr'><strong>me</strong></span> <span class='ocrx_word' id='word_1_77' title='bbox 967 1159 1186 1220; x_wconf 81' lang='lat' dir='ltr'><strong>cogeret</strong></span> <span class='ocrx_word' id='word_1_78' title='bbox 1212 1150 1424 1205; x_wconf 90' lang='lat' dir='ltr'><strong>animus</strong></span> <span class='ocrx_word' id='word_1_79' title='bbox 1462 1149 1715 1219; x_wconf 73' lang='lat' dir='ltr'><strong>prmsenti</strong></span> <span class='ocrx_word' id='word_1_80' title='bbox 1742 1146 1939 1202; x_wconf 89' lang='lat' dir='ltr'><strong>mundo</strong></span> <span class='ocrx_word' id='word_1_81' title='bbox 1966 1144 2119 1213; x_wconf 87' lang='lat' dir='ltr'><strong>quasi</strong></span> 
     </span>
    </p>
   </div>
   <div class='ocr_carea' id='block_1_13' title="bbox 536 1239 2121 1310">
    <p class='ocr_par' dir='ltr' id='par_1_13' title="bbox 536 1239 2121 1310">
     <span class='ocr_line' id='line_1_13' title="bbox 536 1239 2121 1310; baseline -0.006 -13"><span class='ocrx_word' id='word_1_82' title='bbox 536 1240 718 1310; x_wconf 85' lang='lat' dir='ltr'><strong>specie</strong></span> <span class='ocrx_word' id='word_1_83' title='bbox 746 1249 902 1297; x_wconf 87' lang='lat' dir='ltr'><strong>tenus</strong></span> <span class='ocrx_word' id='word_1_84' title='bbox 922 1241 1215 1307; x_wconf 85' lang='lat' dir='ltr'><strong>deservire,</strong></span> <span class='ocrx_word' id='word_1_85' title='bbox 1244 1246 1525 1309; x_wconf 72' lang='lat' dir='ltr'><strong>coeperunt</strong></span> <span class='ocrx_word' id='word_1_86' title='bbox 1552 1239 1718 1293; x_wconf 90' lang='lat' dir='ltr'><strong>multa</strong></span> <span class='ocrx_word' id='word_1_87' title='bbox 1739 1244 1928 1291; x_wconf 90' lang='lat' dir='ltr'><strong>contra</strong></span> <span class='ocrx_word' id='word_1_88' title='bbox 1948 1250 2035 1288; x_wconf 90' lang='lat' dir='ltr'><strong>me</strong></span> <span class='ocrx_word' id='word_1_89' title='bbox 2051 1249 2121 1288; x_wconf 86' lang='lat' dir='ltr'><strong>ex</strong></span> 
     </span>
    </p>
   </div>
   <div class='ocr_carea' id='block_1_14' title="bbox 538 1329 2120 1400">
    <p class='ocr_par' dir='ltr' id='par_1_14' title="bbox 538 1329 2120 1400">
     <span class='ocr_line' id='line_1_14' title="bbox 538 1329 2120 1400; baseline -0.004 -13"><span class='ocrx_word' id='word_1_90' title='bbox 538 1332 781 1400; x_wconf 82' lang='lat' dir='ltr'><strong>ejusdem</strong></span> <span class='ocrx_word' id='word_1_91' title='bbox 808 1332 994 1388; x_wconf 89' lang='lat' dir='ltr'><strong>mundi</strong></span> <span class='ocrx_word' id='word_1_92' title='bbox 1021 1348 1150 1389; x_wconf 89' lang='lat' dir='ltr'><strong>cura</strong></span> <span class='ocrx_word' id='word_1_93' title='bbox 1191 1346 1570 1397; x_wconf 86' lang='lat' dir='ltr'><strong>succrescere,</strong></span> <span class='ocrx_word' id='word_1_94' title='bbox 1600 1338 1659 1386; x_wconf 89' lang='lat' dir='ltr'><strong>ut</strong></span> <span class='ocrx_word' id='word_1_95' title='bbox 1701 1332 1756 1386; x_wconf 92' lang='lat' dir='ltr'><strong>in</strong></span> <span class='ocrx_word' id='word_1_96' title='bbox 1784 1345 1849 1383; x_wconf 92' lang='lat' dir='ltr'><strong>eo</strong></span> <span class='ocrx_word' id='word_1_97' title='bbox 1878 1329 1982 1397; x_wconf 76' lang='lat' dir='ltr'><strong>iam</strong></span> <span class='ocrx_word' id='word_1_98' title='bbox 2011 1342 2120 1381; x_wconf 91' lang='lat' dir='ltr'><strong>non</strong></span> 
     </span>
    </p>
   </div>
   <div class='ocr_carea' id='block_1_15' title="bbox 537 1415 2121 1491">
    <p class='ocr_par' dir='ltr' id='par_1_15' title="bbox 537 1415 2121 1491">
     <span class='ocr_line' id='line_1_15' title="bbox 537 1415 2121 1491; baseline -0.004 -14"><span class='ocrx_word' id='word_1_99' title='bbox 537 1421 745 1490; x_wconf 82' lang='lat' dir='ltr'><strong>specie,</strong></span> <span class='ocrx_word' id='word_1_100' title='bbox 768 1421 883 1488; x_wconf 87' lang='lat' dir='ltr'><strong>sed,</strong></span> <span class='ocrx_word' id='word_1_101' title='bbox 914 1421 1059 1491; x_wconf 88' lang='lat' dir='ltr'><strong>quod</strong></span> <span class='ocrx_word' id='word_1_102' title='bbox 1086 1428 1170 1475; x_wconf 89' lang='lat' dir='ltr'><strong>est</strong></span> <span class='ocrx_word' id='word_1_103' title='bbox 1201 1420 1439 1489; x_wconf 86' lang='lat' dir='ltr'><strong>gravius,</strong></span> <span class='ocrx_word' id='word_1_104' title='bbox 1466 1428 1650 1475; x_wconf 87' lang='lat' dir='ltr'><strong>mente</strong></span> <span class='ocrx_word' id='word_1_105' title='bbox 1676 1420 1957 1475; x_wconf 89' lang='lat' dir='ltr'><strong>retinerer.</strong></span> <span class='ocrx_word' id='word_1_106' title='bbox 1992 1415 2121 1483; x_wconf 83' lang='lat' dir='ltr'><strong>Quae</strong></span> 
     </span>
    </p>
   </div>
   <div class='ocr_carea' id='block_1_16' title="bbox 541 1507 2120 1579">
    <p class='ocr_par' dir='ltr' id='par_1_16' title="bbox 541 1507 2120 1579">
     <span class='ocr_line' id='line_1_16' title="bbox 541 1507 2120 1579; baseline -0.004 -12"><span class='ocrx_word' id='word_1_107' title='bbox 541 1512 759 1568; x_wconf 85' lang='lat' dir='ltr'><strong>tandem</strong></span> <span class='ocrx_word' id='word_1_108' title='bbox 790 1520 979 1567; x_wconf 89' lang='lat' dir='ltr'><strong>cuncta</strong></span> <span class='ocrx_word' id='word_1_109' title='bbox 1028 1511 1257 1566; x_wconf 85' lang='lat' dir='ltr'><strong>sollicite</strong></span> <span class='ocrx_word' id='word_1_110' title='bbox 1306 1510 1535 1578; x_wconf 80' lang='lat' dir='ltr'><strong>fugiens,</strong></span> <span class='ocrx_word' id='word_1_111' title='bbox 1564 1517 1778 1579; x_wconf 89' lang='lat' dir='ltr'><strong>portum</strong></span> <span class='ocrx_word' id='word_1_112' title='bbox 1807 1507 2120 1562; x_wconf 78' lang='lat' dir='ltr'><strong>monasterii</strong></span> 
     </span>
    </p>
   </div>
   <div class='ocr_carea' id='block_1_17' title="bbox 539 1602 2121 1673">
    <p class='ocr_par' dir='ltr' id='par_1_17' title="bbox 539 1602 2121 1673">
     <span class='ocr_line' id='line_1_17' title="bbox 539 1602 2121 1673; baseline -0.003 -15"><span class='ocrx_word' id='word_1_113' title='bbox 539 1604 695 1673; x_wconf 88' lang='lat' dir='ltr'><strong>petii,</strong></span> <span class='ocrx_word' id='word_1_114' title='bbox 747 1610 805 1659; x_wconf 88' lang='lat' dir='ltr'><strong>et</strong></span> <span class='ocrx_word' id='word_1_115' title='bbox 843 1604 1042 1659; x_wconf 88' lang='lat' dir='ltr'><strong>relictis</strong></span> <span class='ocrx_word' id='word_1_116' title='bbox 1087 1619 1206 1673; x_wconf 71' lang='lat' dir='ltr'><strong>qua:</strong></span> <span class='ocrx_word' id='word_1_117' title='bbox 1250 1604 1434 1658; x_wconf 86' lang='lat' dir='ltr'><strong>mundi</strong></span> <span class='ocrx_word' id='word_1_118' title='bbox 1480 1612 1626 1670; x_wconf 91' lang='lat' dir='ltr'><strong>sunt,</strong></span> <span class='ocrx_word' id='word_1_119' title='bbox 1658 1613 1716 1658; x_wconf 91' lang='lat' dir='ltr'><strong>ut</strong></span> <span class='ocrx_word' id='word_1_120' title='bbox 1760 1602 1955 1656; x_wconf 87' lang='lat' dir='ltr'><strong>frustra</strong></span> <span class='ocrx_word' id='word_1_121' title='bbox 1995 1608 2121 1655; x_wconf 91' lang='lat' dir='ltr'><strong>tunc</strong></span> 
     </span>
    </p>
   </div>
   <div class='ocr_carea' id='block_1_18' title="bbox 536 1690 2119 1763">
    <p class='ocr_par' dir='ltr' id='par_1_18' title="bbox 536 1690 2119 1763">
     <span class='ocr_line' id='line_1_18' title="bbox 536 1690 2119 1763; baseline -0.001 -16"><span class='ocrx_word' id='word_1_122' title='bbox 536 1692 785 1760; x_wconf 91' lang='lat' dir='ltr'><strong>credidi,</strong></span> <span class='ocrx_word' id='word_1_123' title='bbox 830 1708 898 1748; x_wconf 89' lang='lat' dir='ltr'><strong>ex</strong></span> <span class='ocrx_word' id='word_1_124' title='bbox 934 1692 1096 1762; x_wconf 86' lang='lat' dir='ltr'><strong>hujus</strong></span> <span class='ocrx_word' id='word_1_125' title='bbox 1117 1695 1240 1749; x_wconf 67' lang='lat' dir='ltr'><strong>vim</strong></span> <span class='ocrx_word' id='word_1_126' title='bbox 1271 1694 1547 1763; x_wconf 89' lang='lat' dir='ltr'><strong>naufragio</strong></span> <span class='ocrx_word' id='word_1_127' title='bbox 1574 1694 1747 1748; x_wconf 91' lang='lat' dir='ltr'><strong>nudus</strong></span> <span class='ocrx_word' id='word_1_128' title='bbox 1771 1693 1937 1747; x_wconf 77' lang='lat' dir='ltr'><strong>evasi.</strong></span> <span class='ocrx_word' id='word_1_129' title='bbox 1983 1690 2119 1757; x_wconf 83' lang='lat' dir='ltr'><strong>Quia</strong></span> 
     </span>
    </p>
   </div>
   <div class='ocr_carea' id='block_1_19' title="bbox 2224 509 3805 579">
    <p class='ocr_par' dir='ltr' id='par_1_19' title="bbox 2224 509 3805 579">
     <span class='ocr_line' id='line_1_19' title="bbox 2224 509 3805 579; baseline -0.001 -13"><span class='ocrx_word' id='word_1_130' title='bbox 2224 523 2348 567; x_wconf 88' lang='lat' dir='ltr'><strong>tuna</strong></span> <span class='ocrx_word' id='word_1_131' title='bbox 2382 527 2467 565; x_wconf 91' lang='lat' dir='ltr'><strong>me</strong></span> <span class='ocrx_word' id='word_1_132' title='bbox 2495 511 2756 576; x_wconf 85' lang='lat' dir='ltr'><strong>petitione</strong></span> <span class='ocrx_word' id='word_1_133' title='bbox 2782 509 3197 579; x_wconf 88' lang='lat' dir='ltr'><strong>compellereut;</strong></span> <span class='ocrx_word' id='word_1_134' title='bbox 3228 516 3287 564; x_wconf 93' lang='lat' dir='ltr'><strong>et</strong></span> <span class='ocrx_word' id='word_1_135' title='bbox 3312 517 3473 577; x_wconf 88' lang='lat' dir='ltr'><strong>prout</strong></span> <span class='ocrx_word' id='word_1_136' title='bbox 3497 510 3699 565; x_wconf 86' lang='lat' dir='ltr'><strong>veritas</strong></span> <span class='ocrx_word' id='word_1_137' title='bbox 3723 512 3805 565; x_wconf 82' lang='lat' dir='ltr'><strong>vi-</strong></span> 
     </span>
    </p>
   </div>
   <div class='ocr_carea' id='block_1_20' title="bbox 2220 598 3801 670">
    <p class='ocr_par' dir='ltr' id='par_1_20' title="bbox 2220 598 3801 670">
     <span class='ocr_line' id='line_1_20' title="bbox 2220 598 3801 670; baseline -0.001 -13"><span class='ocrx_word' id='word_1_138' title='bbox 2220 616 2308 657; x_wconf 84' lang='lat' dir='ltr'><strong>res</strong></span> <span class='ocrx_word' id='word_1_139' title='bbox 2336 601 2658 665; x_wconf 85' lang='lat' dir='ltr'><strong>mfunderet,</strong></span> <span class='ocrx_word' id='word_1_140' title='bbox 2690 600 2769 654; x_wconf 91' lang='lat' dir='ltr'><strong>eis</strong></span> <span class='ocrx_word' id='word_1_141' title='bbox 2798 600 3049 670; x_wconf 83' lang='lat' dir='ltr'><strong>mysteria</strong></span> <span class='ocrx_word' id='word_1_142' title='bbox 3081 606 3242 652; x_wconf 74' lang='lat' dir='ltr'><strong>tanta:</strong></span> <span class='ocrx_word' id='word_1_143' title='bbox 3272 598 3653 667; x_wconf 87' lang='lat' dir='ltr'><strong>profunditatis</strong></span> <span class='ocrx_word' id='word_1_144' title='bbox 3674 615 3801 669; x_wconf 86' lang='lat' dir='ltr'><strong>ape-</strong></span> 
     </span>
    </p>
   </div>
   <div class='ocr_carea' id='block_1_21' title="bbox 2220 689 3804 761">
    <p class='ocr_par' dir='ltr' id='par_1_21' title="bbox 2220 689 3804 761">
     <span class='ocr_line' id='line_1_21' title="bbox 2220 689 3804 761; baseline -0.001 -13"><span class='ocrx_word' id='word_1_145' title='bbox 2220 694 2401 748; x_wconf 91' lang='lat' dir='ltr'><strong>rirem.</strong></span> <span class='ocrx_word' id='word_1_146' title='bbox 2435 692 2535 757; x_wconf 90' lang='lat' dir='ltr'><strong>Qui</strong></span> <span class='ocrx_word' id='word_1_147' title='bbox 2564 693 2666 746; x_wconf 93' lang='lat' dir='ltr'><strong>hoc</strong></span> <span class='ocrx_word' id='word_1_148' title='bbox 2694 705 2910 761; x_wconf 90' lang='lat' dir='ltr'><strong>quoque</strong></span> <span class='ocrx_word' id='word_1_149' title='bbox 2939 691 3067 745; x_wconf 92' lang='lat' dir='ltr'><strong>mihi</strong></span> <span class='ocrx_word' id='word_1_150' title='bbox 3102 689 3157 745; x_wconf 92' lang='lat' dir='ltr'><strong>in</strong></span> <span class='ocrx_word' id='word_1_151' title='bbox 3186 704 3354 745; x_wconf 90' lang='lat' dir='ltr'><strong>onere</strong></span> <span class='ocrx_word' id='word_1_152' title='bbox 3382 706 3491 745; x_wconf 75' lang='lat' dir='ltr'><strong>sua:</strong></span> <span class='ocrx_word' id='word_1_153' title='bbox 3529 691 3804 760; x_wconf 80' lang='lat' dir='ltr'><strong>petitionis</strong></span> 
     </span>
    </p>
   </div>
   <div class='ocr_carea' id='block_1_22' title="bbox 2220 783 3804 853">
    <p class='ocr_par' dir='ltr' id='par_1_22' title="bbox 2220 783 3804 853">
     <span class='ocr_line' id='line_1_22' title="bbox 2220 783 3804 853; baseline 0 -15"><span class='ocrx_word' id='word_1_154' title='bbox 2220 785 2556 848; x_wconf 86' lang='lat' dir='ltr'><strong>addiderunt,</strong></span> <span class='ocrx_word' id='word_1_155' title='bbox 2587 792 2645 837; x_wconf 92' lang='lat' dir='ltr'><strong>ut</strong></span> <span class='ocrx_word' id='word_1_156' title='bbox 2672 799 2777 838; x_wconf 87' lang='lat' dir='ltr'><strong>non</strong></span> <span class='ocrx_word' id='word_1_157' title='bbox 2807 783 2979 837; x_wconf 89' lang='lat' dir='ltr'><strong>solum</strong></span> <span class='ocrx_word' id='word_1_158' title='bbox 3009 783 3171 837; x_wconf 89' lang='lat' dir='ltr'><strong>verba</strong></span> <span class='ocrx_word' id='word_1_159' title='bbox 3200 783 3438 837; x_wconf 70' lang='lat' dir='ltr'><strong>historia:</strong></span> <span class='ocrx_word' id='word_1_160' title='bbox 3476 799 3569 853; x_wconf 89' lang='lat' dir='ltr'><strong>per</strong></span> <span class='ocrx_word' id='word_1_161' title='bbox 3601 783 3804 851; x_wconf 87' lang='lat' dir='ltr'><strong>allego-</strong></span> 
     </span>
    </p>
   </div>
   <div class='ocr_carea' id='block_1_23' title="bbox 2220 873 3808 941">
    <p class='ocr_par' dir='ltr' id='par_1_23' title="bbox 2220 873 3808 941">
     <span class='ocr_line' id='line_1_23' title="bbox 2220 873 3808 941; baseline 0 -12"><span class='ocrx_word' id='word_1_162' title='bbox 2220 875 2419 929; x_wconf 89' lang='lat' dir='ltr'><strong>riarum</strong></span> <span class='ocrx_word' id='word_1_163' title='bbox 2467 889 2655 929; x_wconf 88' lang='lat' dir='ltr'><strong>sensus</strong></span> <span class='ocrx_word' id='word_1_164' title='bbox 2706 881 3033 938; x_wconf 82' lang='lat' dir='ltr'><strong>excuterem,</strong></span> <span class='ocrx_word' id='word_1_165' title='bbox 3066 874 3159 928; x_wconf 90' lang='lat' dir='ltr'><strong>sed</strong></span> <span class='ocrx_word' id='word_1_166' title='bbox 3196 873 3573 941; x_wconf 88' lang='lat' dir='ltr'><strong>allegoriarum</strong></span> <span class='ocrx_word' id='word_1_167' title='bbox 3620 890 3808 929; x_wconf 82' lang='lat' dir='ltr'><strong>sensus</strong></span> 
     </span>
    </p>
   </div>
   <div class='ocr_carea' id='block_1_24' title="bbox 2221 964 3805 1033">
    <p class='ocr_par' dir='ltr' id='par_1_24' title="bbox 2221 964 3805 1033">
     <span class='ocr_line' id='line_1_24' title="bbox 2221 964 3805 1033; baseline 0.001 -15"><span class='ocrx_word' id='word_1_168' title='bbox 2221 967 2465 1033; x_wconf 82' lang='lat' dir='ltr'><strong>protinus</strong></span> <span class='ocrx_word' id='word_1_169' title='bbox 2485 964 2537 1019; x_wconf 91' lang='lat' dir='ltr'><strong>in</strong></span> <span class='ocrx_word' id='word_1_170' title='bbox 2563 964 2878 1019; x_wconf 84' lang='lat' dir='ltr'><strong>exercitium</strong></span> <span class='ocrx_word' id='word_1_171' title='bbox 2909 964 3231 1018; x_wconf 91' lang='lat' dir='ltr'><strong>moralitatis</strong></span> <span class='ocrx_word' id='word_1_172' title='bbox 3254 965 3600 1028; x_wconf 83' lang='lat' dir='ltr'><strong>inclmarem;</strong></span> <span class='ocrx_word' id='word_1_173' title='bbox 3633 964 3805 1020; x_wconf 89' lang='lat' dir='ltr'><strong>adhuc</strong></span> 
     </span>
    </p>
   </div>
   <div class='ocr_carea' id='block_1_25' title="bbox 2221 1054 3806 1126">
    <p class='ocr_par' dir='ltr' id='par_1_25' title="bbox 2221 1054 3806 1126">
     <span class='ocr_line' id='line_1_25' title="bbox 2221 1054 3806 1126; baseline 0 -15"><span class='ocrx_word' id='word_1_174' title='bbox 2221 1057 2417 1125; x_wconf 88' lang='lat' dir='ltr'><strong>aliquid</strong></span> <span class='ocrx_word' id='word_1_175' title='bbox 2440 1056 2655 1126; x_wconf 82' lang='lat' dir='ltr'><strong>gravius</strong></span> <span class='ocrx_word' id='word_1_176' title='bbox 2680 1054 3052 1124; x_wconf 87' lang='lat' dir='ltr'><strong>adjungentes,</strong></span> <span class='ocrx_word' id='word_1_177' title='bbox 3077 1063 3135 1109; x_wconf 92' lang='lat' dir='ltr'><strong>ut</strong></span> <span class='ocrx_word' id='word_1_178' title='bbox 3163 1054 3433 1110; x_wconf 90' lang='lat' dir='ltr'><strong>intellecta</strong></span> <span class='ocrx_word' id='word_1_179' title='bbox 3453 1069 3687 1124; x_wconf 87' lang='lat' dir='ltr'><strong>quaeque</strong></span> <span class='ocrx_word' id='word_1_180' title='bbox 3709 1065 3806 1111; x_wconf 88' lang='lat' dir='ltr'><strong>tes-</strong></span> 
     </span>
    </p>
   </div>
   <div class='ocr_carea' id='block_1_26' title="bbox 2220 1144 3804 1215">
    <p class='ocr_par' dir='ltr' id='par_1_26' title="bbox 2220 1144 3804 1215">
     <span class='ocr_line' id='line_1_26' title="bbox 2220 1144 3804 1215; baseline -0.001 -14"><span class='ocrx_word' id='word_1_181' title='bbox 2220 1148 2457 1202; x_wconf 91' lang='lat' dir='ltr'><strong>timoniis</strong></span> <span class='ocrx_word' id='word_1_182' title='bbox 2479 1147 2783 1214; x_wconf 89' lang='lat' dir='ltr'><strong>ciugerem;</strong></span> <span class='ocrx_word' id='word_1_183' title='bbox 2811 1154 2867 1200; x_wconf 88' lang='lat' dir='ltr'><strong>et</strong></span> <span class='ocrx_word' id='word_1_184' title='bbox 2892 1146 3096 1214; x_wconf 84' lang='lat' dir='ltr'><strong>prolata</strong></span> <span class='ocrx_word' id='word_1_185' title='bbox 3128 1144 3454 1211; x_wconf 88' lang='lat' dir='ltr'><strong>testimonia,</strong></span> <span class='ocrx_word' id='word_1_186' title='bbox 3476 1146 3520 1200; x_wconf 90' lang='lat' dir='ltr'><strong>si</strong></span> <span class='ocrx_word' id='word_1_187' title='bbox 3551 1146 3804 1215; x_wconf 66' lang='lat' dir='ltr'><strong>implicita</strong></span> 
     </span>
    </p>
   </div>
   <div class='ocr_carea' id='block_1_27' title="bbox 2220 1236 3806 1307">
    <p class='ocr_par' dir='ltr' id='par_1_27' title="bbox 2220 1236 3806 1307">
     <span class='ocr_line' id='line_1_27' title="bbox 2220 1236 3806 1307; baseline 0.001 -16"><span class='ocrx_word' id='word_1_188' title='bbox 2220 1238 2449 1294; x_wconf 79' lang='lat' dir='ltr'><strong>fortasse</strong></span> <span class='ocrx_word' id='word_1_189' title='bbox 2469 1238 2796 1299; x_wconf 84' lang='lat' dir='ltr'><strong>viderentur,</strong></span> <span class='ocrx_word' id='word_1_190' title='bbox 2828 1236 3236 1306; x_wconf 87' lang='lat' dir='ltr'><strong>interpositione</strong></span> <span class='ocrx_word' id='word_1_191' title='bbox 3262 1236 3621 1307; x_wconf 71' lang='lat' dir='ltr'><strong>superaddita:</strong></span> <span class='ocrx_word' id='word_1_192' title='bbox 3643 1253 3806 1306; x_wconf 77' lang='lat' dir='ltr'><strong>expo-</strong></span> 
     </span>
    </p>
   </div>
   <div class='ocr_carea' id='block_1_28' title="bbox 2221 1327 2774 1383">
    <p class='ocr_par' dir='ltr' id='par_1_28' title="bbox 2221 1327 2774 1383">
     <span class='ocr_line' id='line_1_28' title="bbox 2221 1327 2774 1383; baseline 0 -1"><span class='ocrx_word' id='word_1_193' title='bbox 2221 1328 2432 1383; x_wconf 85' lang='lat' dir='ltr'><strong>sitionis</strong></span> <span class='ocrx_word' id='word_1_194' title='bbox 2460 1327 2774 1383; x_wconf 90' lang='lat' dir='ltr'><strong>enodarem.</strong></span> 
     </span>
    </p>
   </div>
   <div class='ocr_carea' id='block_1_29' title="bbox 2842 1414 3171 1473">
    <p class='ocr_par' dir='ltr' id='par_1_29' title="bbox 2842 1414 3171 1473">
     <span class='ocr_line' id='line_1_29' title="bbox 2842 1414 3171 1473; baseline -0.015 0"><span class='ocrx_word' id='word_1_195' title='bbox 2842 1414 3071 1473; x_wconf 86' lang='lat' dir='ltr'><strong>CAPUT</strong></span> <span class='ocrx_word' id='word_1_196' title='bbox 3107 1414 3171 1471; x_wconf 88' lang='lat' dir='ltr'><strong>Il.</strong></span> 
     </span>
    </p>
   </div>
   <div class='ocr_carea' id='block_1_30' title="bbox 2295 1504 3806 1580">
    <p class='ocr_par' dir='ltr' id='par_1_30' title="bbox 2295 1504 3806 1580">
     <span class='ocr_line' id='line_1_30' title="bbox 2295 1504 3806 1580; baseline -0.001 -18"><span class='ocrx_word' id='word_1_197' title='bbox 2295 1507 2408 1573; x_wconf 84' lang='lat' dir='ltr'><strong>Qua</strong></span> <span class='ocrx_word' id='word_1_198' title='bbox 2438 1510 2598 1563; x_wconf 80' lang='lat' dir='ltr'><strong>animi</strong></span> <span class='ocrx_word' id='word_1_199' title='bbox 2626 1509 2955 1573; x_wconf 82' lang='lat' dir='ltr'><strong>demissione,</strong></span> <span class='ocrx_word' id='word_1_200' title='bbox 2985 1524 3087 1580; x_wconf 83' lang='lat' dir='ltr'><strong>qua</strong></span> <span class='ocrx_word' id='word_1_201' title='bbox 3126 1508 3179 1562; x_wconf 78' lang='lat' dir='ltr'><strong>t&#39;n</strong></span> <span class='ocrx_word' id='word_1_202' title='bbox 3210 1504 3375 1561; x_wconf 82' lang='lat' dir='ltr'><strong>Deum</strong></span> <span class='ocrx_word' id='word_1_203' title='bbox 3409 1505 3626 1576; x_wconf 68' lang='lat' dir='ltr'><strong>ﬁducia.</strong></span> <span class='ocrx_word' id='word_1_204' title='bbox 3662 1505 3806 1561; x_wconf 81' lang='lat' dir='ltr'><strong>Idem</strong></span> 
     </span>
    </p>
   </div>
   <div class='ocr_carea' id='block_1_31' title="bbox 2221 1596 3803 1670">
    <p class='ocr_par' dir='ltr' id='par_1_31' title="bbox 2221 1596 3803 1670">
     <span class='ocr_line' id='line_1_31' title="bbox 2221 1596 3803 1670; baseline -0.003 -14"><span class='ocrx_word' id='word_1_205' title='bbox 2221 1616 2348 1669; x_wconf 85' lang='lat' dir='ltr'><strong>Opus</strong></span> <span class='ocrx_word' id='word_1_206' title='bbox 2378 1616 2477 1670; x_wconf 85' lang='lat' dir='ltr'><strong>qua</strong></span> <span class='ocrx_word' id='word_1_207' title='bbox 2505 1602 2707 1654; x_wconf 83' lang='lat' dir='ltr'><strong>ratione</strong></span> <span class='ocrx_word' id='word_1_208' title='bbox 2734 1607 3093 1665; x_wconf 77' lang='lat' dir='ltr'><strong>retractatum,</strong></span> <span class='ocrx_word' id='word_1_209' title='bbox 3126 1596 3414 1652; x_wconf 87' lang='lat' dir='ltr'><strong>absolutum</strong></span> <span class='ocrx_word' id='word_1_210' title='bbox 3465 1612 3527 1650; x_wconf 86' lang='lat' dir='ltr'><strong>ac</strong></span> <span class='ocrx_word' id='word_1_211' title='bbox 3568 1598 3803 1652; x_wconf 78' lang='lat' dir='ltr'><strong>divisum.</strong></span> 
     </span>
    </p>
   </div>
   <div class='ocr_carea' id='block_1_32' title="bbox 2226 1689 3805 1754">
    <p class='ocr_par' dir='ltr' id='par_1_32' title="bbox 2226 1689 3805 1754">
     <span class='ocr_line' id='line_1_32' title="bbox 2226 1689 3805 1754; baseline -0.002 -9"><span class='ocrx_word' id='word_1_212' title='bbox 2226 1690 2364 1754; x_wconf 82' lang='lat' dir='ltr'><strong>Quos</strong></span> <span class='ocrx_word' id='word_1_213' title='bbox 2392 1691 2605 1743; x_wconf 76' lang='lat' dir='ltr'><strong>rimetur</strong></span> <span class='ocrx_word' id='word_1_214' title='bbox 2633 1708 2830 1745; x_wconf 73' lang='lat' dir='ltr'><strong>sensus.</strong></span> <span class='ocrx_word' id='word_1_215' title='bbox 2853 1723 2926 1734; x_wconf 89' lang='lat'><strong>——</strong></span> <span class='ocrx_word' id='word_1_216' title='bbox 2952 1690 3073 1743; x_wconf 79' lang='lat' dir='ltr'><strong>Mox</strong></span> <span class='ocrx_word' id='word_1_217' title='bbox 3104 1704 3252 1753; x_wconf 83' lang='lat' dir='ltr'><strong>vero,</strong></span> <span class='ocrx_word' id='word_1_218' title='bbox 3278 1696 3338 1743; x_wconf 93' lang='lat' dir='ltr'><strong>ut</strong></span> <span class='ocrx_word' id='word_1_219' title='bbox 3365 1689 3415 1743; x_wconf 93' lang='lat' dir='ltr'><strong>in</strong></span> <span class='ocrx_word' id='word_1_220' title='bbox 3444 1689 3677 1745; x_wconf 86' lang='lat' dir='ltr'><strong>obscuro</strong></span> <span class='ocrx_word' id='word_1_221' title='bbox 3703 1689 3805 1742; x_wconf 89' lang='lat' dir='ltr'><strong>hoc</strong></span> 
     </span>
    </p>
   </div>
   <div class='ocr_carea' id='block_1_33' title="bbox 536 1779 3806 1854">
    <p class='ocr_par' dir='ltr' id='par_1_33' title="bbox 536 1779 3806 1854">
     <span class='ocr_line' id='line_1_33' title="bbox 536 1779 3806 1854; baseline -0.001 -19"><span class='ocrx_word' id='word_1_222' title='bbox 536 1780 681 1836; x_wconf 87' lang='lat' dir='ltr'><strong>enim</strong></span> <span class='ocrx_word' id='word_1_223' title='bbox 707 1782 1022 1854; x_wconf 89' lang='lat' dir='ltr'><strong>plerumque</strong></span> <span class='ocrx_word' id='word_1_224' title='bbox 1070 1801 1261 1839; x_wconf 89' lang='lat' dir='ltr'><strong>navem</strong></span> <span class='ocrx_word' id='word_1_225' title='bbox 1311 1785 1523 1839; x_wconf 82' lang='lat' dir='ltr'><strong>incaute</strong></span> <span class='ocrx_word' id='word_1_226' title='bbox 1549 1796 1571 1824; x_wconf 77' lang='grc' dir='ltr'><strong>ο</strong></span> <span class='ocrx_word' id='word_1_227' title='bbox 1600 1784 1878 1854; x_wconf 83' lang='lat' dir='ltr'><strong>religatam</strong></span> <span class='ocrx_word' id='word_1_228' title='bbox 1897 1824 1913 1851; x_wconf 96' lang='lat'><strong>,</strong></span> <span class='ocrx_word' id='word_1_229' title='bbox 1957 1782 2118 1835; x_wconf 89' lang='lat' dir='ltr'><strong>etiam</strong></span> <span class='ocrx_word' id='word_1_230' title='bbox 2151 1783 2194 1842; x_wconf 83' lang='grc' dir='ltr'><strong><em>Β</em></strong></span> <span class='ocrx_word' id='word_1_231' title='bbox 2222 1794 2581 1853; x_wconf 87' lang='lat' dir='ltr'><strong>opere,atque</strong></span> <span class='ocrx_word' id='word_1_232' title='bbox 2596 1790 2720 1837; x_wconf 88' lang='lat' dir='ltr'><strong>ante</strong></span> <span class='ocrx_word' id='word_1_233' title='bbox 2737 1797 2837 1837; x_wconf 90' lang='lat' dir='ltr'><strong>nos</strong></span> <span class='ocrx_word' id='word_1_234' title='bbox 2858 1784 3114 1835; x_wconf 88' lang='lat' dir='ltr'><strong>hactenus</strong></span> <span class='ocrx_word' id='word_1_235' title='bbox 3136 1779 3451 1844; x_wconf 86' lang='lat' dir='ltr'><strong>indiscusso,</strong></span> <span class='ocrx_word' id='word_1_236' title='bbox 3473 1780 3541 1832; x_wconf 90' lang='lat' dir='ltr'><strong>ad</strong></span> <span class='ocrx_word' id='word_1_237' title='bbox 3560 1787 3806 1833; x_wconf 88' lang='lat' dir='ltr'><strong>tantamc</strong></span> 
     </span>
    </p>
   </div>
   <div class='ocr_carea' id='block_1_34' title="bbox 536 1870 2121 1942">
    <p class='ocr_par' dir='ltr' id='par_1_34' title="bbox 536 1870 2121 1942">
     <span class='ocr_line' id='line_1_34' title="bbox 536 1870 2121 1942; baseline 0.001 -17"><span class='ocrx_word' id='word_1_238' title='bbox 536 1870 606 1926; x_wconf 88' lang='lat' dir='ltr'><strong>de</strong></span> <span class='ocrx_word' id='word_1_239' title='bbox 626 1872 747 1927; x_wconf 88' lang='lat' dir='ltr'><strong>sinu</strong></span> <span class='ocrx_word' id='word_1_240' title='bbox 777 1872 1027 1929; x_wconf 88' lang='lat' dir='ltr'><strong>tutissimi</strong></span> <span class='ocrx_word' id='word_1_241' title='bbox 1056 1874 1253 1929; x_wconf 90' lang='lat' dir='ltr'><strong>littoris</strong></span> <span class='ocrx_word' id='word_1_242' title='bbox 1284 1874 1424 1928; x_wconf 91' lang='lat' dir='ltr'><strong>unda</strong></span> <span class='ocrx_word' id='word_1_243' title='bbox 1464 1874 1705 1941; x_wconf 85' lang='lat' dir='ltr'><strong>excutit,</strong></span> <span class='ocrx_word' id='word_1_244' title='bbox 1734 1888 1855 1928; x_wconf 91' lang='lat' dir='ltr'><strong>cum</strong></span> <span class='ocrx_word' id='word_1_245' title='bbox 1889 1881 2121 1942; x_wconf 87' lang='lat' dir='ltr'><strong>tempes-</strong></span> 
     </span>
    </p>
   </div>
   <div class='ocr_carea' id='block_1_35' title="bbox 538 1960 2122 2033">
    <p class='ocr_par' dir='ltr' id='par_1_35' title="bbox 538 1960 2122 2033">
     <span class='ocr_line' id='line_1_35' title="bbox 538 1960 2122 2033; baseline 0.001 -19"><span class='ocrx_word' id='word_1_246' title='bbox 538 1968 625 2015; x_wconf 84' lang='lat' dir='ltr'><strong>tas</strong></span> <span class='ocrx_word' id='word_1_247' title='bbox 654 1960 939 2030; x_wconf 80' lang='lat' dir='ltr'><strong>excrescit,</strong></span> <span class='ocrx_word' id='word_1_248' title='bbox 965 1970 1189 2033; x_wconf 89' lang='lat' dir='ltr'><strong>repente</strong></span> <span class='ocrx_word' id='word_1_249' title='bbox 1225 1977 1331 2027; x_wconf 91' lang='lat' dir='ltr'><strong>me,</strong></span> <span class='ocrx_word' id='word_1_250' title='bbox 1365 1963 1464 2018; x_wconf 89' lang='lat' dir='ltr'><strong>sub</strong></span> <span class='ocrx_word' id='word_1_251' title='bbox 1484 1972 1744 2033; x_wconf 65' lang='lat' dir='ltr'><strong>praetequ</strong></span> <span class='ocrx_word' id='word_1_252' title='bbox 1775 1961 2122 2019; x_wconf 65' lang='lat' dir='ltr'><strong>ecclesiastici</strong></span> 
     </span>
    </p>
   </div>
   <div class='ocr_carea' id='block_1_36' title="bbox 539 2048 2124 2123">
    <p class='ocr_par' dir='ltr' id='par_1_36' title="bbox 539 2048 2124 2123">
     <span class='ocr_line' id='line_1_36' title="bbox 539 2048 2124 2123; baseline 0.001 -20"><span class='ocrx_word' id='word_1_253' title='bbox 539 2048 765 2117; x_wconf 89' lang='lat' dir='ltr'><strong>ordinis,</strong></span> <span class='ocrx_word' id='word_1_254' title='bbox 794 2049 847 2105; x_wconf 92' lang='lat' dir='ltr'><strong>in</strong></span> <span class='ocrx_word' id='word_1_255' title='bbox 875 2066 1158 2107; x_wconf 83' lang='lat' dir='ltr'><strong>causarum</strong></span> <span class='ocrx_word' id='word_1_256' title='bbox 1207 2051 1540 2108; x_wconf 69' lang='lat' dir='ltr'><strong>saecularium</strong></span> <span class='ocrx_word' id='word_1_257' title='bbox 1591 2052 1781 2123; x_wconf 87' lang='lat' dir='ltr'><strong>pelago</strong></span> <span class='ocrx_word' id='word_1_258' title='bbox 1806 2052 2016 2123; x_wconf 87' lang='lat' dir='ltr'><strong>reperi;</strong></span> <span class='ocrx_word' id='word_1_259' title='bbox 2068 2059 2124 2106; x_wconf 88' lang='lat' dir='ltr'><strong>et</strong></span> 
     </span>
    </p>
   </div>
   <div class='ocr_carea' id='block_1_37' title="bbox 539 2138 2119 2211">
    <p class='ocr_par' dir='ltr' id='par_1_37' title="bbox 539 2138 2119 2211">
     <span class='ocr_line' id='line_1_37' title="bbox 539 2138 2119 2211; baseline 0.001 -17"><span class='ocrx_word' id='word_1_260' title='bbox 539 2138 777 2209; x_wconf 88' lang='lat' dir='ltr'><strong>quietem</strong></span> <span class='ocrx_word' id='word_1_261' title='bbox 805 2143 1134 2209; x_wconf 87' lang='lat' dir='ltr'><strong>monasterii,</strong></span> <span class='ocrx_word' id='word_1_262' title='bbox 1159 2142 1283 2211; x_wconf 85' lang='lat' dir='ltr'><strong>quia</strong></span> <span class='ocrx_word' id='word_1_263' title='bbox 1309 2142 1558 2197; x_wconf 87' lang='lat' dir='ltr'><strong>habendo</strong></span> <span class='ocrx_word' id='word_1_264' title='bbox 1582 2158 1688 2198; x_wconf 93' lang='lat' dir='ltr'><strong>non</strong></span> <span class='ocrx_word' id='word_1_265' title='bbox 1717 2142 1927 2197; x_wconf 89' lang='lat' dir='ltr'><strong>fortiter</strong></span> <span class='ocrx_word' id='word_1_266' title='bbox 1953 2143 2119 2209; x_wconf 84' lang='lat' dir='ltr'><strong>tenui,</strong></span> 
     </span>
    </p>
   </div>
   <div class='ocr_carea' id='block_1_38' title="bbox 541 2231 2120 2302">
    <p class='ocr_par' dir='ltr' id='par_1_38' title="bbox 541 2231 2120 2302">
     <span class='ocr_line' id='line_1_38' title="bbox 541 2231 2120 2302; baseline 0.003 -19"><span class='ocrx_word' id='word_1_267' title='bbox 541 2244 705 2299; x_wconf 88' lang='lat' dir='ltr'><strong>quam</strong></span> <span class='ocrx_word' id='word_1_268' title='bbox 732 2231 918 2286; x_wconf 83' lang='lat' dir='ltr'><strong>stricte</strong></span> <span class='ocrx_word' id='word_1_269' title='bbox 947 2231 1174 2287; x_wconf 91' lang='lat' dir='ltr'><strong>tenenda</strong></span> <span class='ocrx_word' id='word_1_270' title='bbox 1199 2232 1376 2295; x_wconf 88' lang='lat' dir='ltr'><strong>fuerit,</strong></span> <span class='ocrx_word' id='word_1_271' title='bbox 1404 2232 1675 2302; x_wconf 89' lang='lat' dir='ltr'><strong>perdendo</strong></span> <span class='ocrx_word' id='word_1_272' title='bbox 1707 2232 1955 2301; x_wconf 84' lang='lat' dir='ltr'><strong>cognovi.</strong></span> <span class='ocrx_word' id='word_1_273' title='bbox 1988 2232 2120 2287; x_wconf 88' lang='lat' dir='ltr'><strong>Nam</strong></span> 
     </span>
    </p>
   </div>
   <div class='ocr_carea' id='block_1_39' title="bbox 541 2318 2119 2391">
    <p class='ocr_par' dir='ltr' id='par_1_39' title="bbox 541 2318 2119 2391">
     <span class='ocr_line' id='line_1_39' title="bbox 541 2318 2119 2391; baseline 0.001 -18"><span class='ocrx_word' id='word_1_274' title='bbox 541 2332 667 2373; x_wconf 84' lang='lat' dir='ltr'><strong>cum</strong></span> <span class='ocrx_word' id='word_1_275' title='bbox 690 2318 818 2372; x_wconf 90' lang='lat' dir='ltr'><strong>mihi</strong></span> <span class='ocrx_word' id='word_1_276' title='bbox 841 2318 911 2371; x_wconf 90' lang='lat' dir='ltr'><strong>ad</strong></span> <span class='ocrx_word' id='word_1_277' title='bbox 939 2320 1338 2391; x_wconf 89' lang='lat' dir='ltr'><strong>percipiendum</strong></span> <span class='ocrx_word' id='word_1_278' title='bbox 1367 2322 1507 2377; x_wconf 87' lang='lat' dir='ltr'><strong>sacri</strong></span> <span class='ocrx_word' id='word_1_279' title='bbox 1534 2322 1719 2377; x_wconf 89' lang='lat' dir='ltr'><strong>altaris</strong></span> <span class='ocrx_word' id='word_1_280' title='bbox 1745 2322 2119 2391; x_wconf 83' lang='lat' dir='ltr'><strong>ministerium,</strong></span> 
     </span>
    </p>
   </div>
   <div class='ocr_carea' id='block_1_40' title="bbox 541 2403 2120 2480">
    <p class='ocr_par' dir='ltr' id='par_1_40' title="bbox 541 2403 2120 2480">
     <span class='ocr_line' id='line_1_40' title="bbox 541 2403 2120 2480; baseline 0.007 -23"><span class='ocrx_word' id='word_1_281' title='bbox 541 2403 863 2460; x_wconf 71' lang='lat' dir='ltr'><strong>obedientite</strong></span> <span class='ocrx_word' id='word_1_282' title='bbox 884 2407 1054 2464; x_wconf 90' lang='lat' dir='ltr'><strong>virtus</strong></span> <span class='ocrx_word' id='word_1_283' title='bbox 1082 2411 1391 2480; x_wconf 88' lang='lat' dir='ltr'><strong>opponitur,</strong></span> <span class='ocrx_word' id='word_1_284' title='bbox 1418 2411 1521 2465; x_wconf 88' lang='lat' dir='ltr'><strong>hoc</strong></span> <span class='ocrx_word' id='word_1_285' title='bbox 1539 2411 1637 2465; x_wconf 90' lang='lat' dir='ltr'><strong>sub</strong></span> <span class='ocrx_word' id='word_1_286' title='bbox 1662 2411 1911 2466; x_wconf 61' lang='lat' dir='ltr'><strong>Ecclesia:</strong></span> <span class='ocrx_word' id='word_1_287' title='bbox 1939 2411 2120 2468; x_wconf 90' lang='lat' dir='ltr'><strong>colore</strong></span> 
     </span>
    </p>
   </div>
   <div class='ocr_carea' id='block_1_41' title="bbox 540 2500 2119 2571">
    <p class='ocr_par' dir='ltr' id='par_1_41' title="bbox 540 2500 2119 2571">
     <span class='ocr_line' id='line_1_41' title="bbox 540 2500 2119 2571; baseline 0.005 -22"><span class='ocrx_word' id='word_1_288' title='bbox 540 2503 853 2565; x_wconf 85' lang='lat' dir='ltr'><strong>susceptum</strong></span> <span class='ocrx_word' id='word_1_289' title='bbox 890 2512 1008 2564; x_wconf 85' lang='lat' dir='ltr'><strong>est,</strong></span> <span class='ocrx_word' id='word_1_290' title='bbox 1036 2500 1181 2569; x_wconf 91' lang='lat' dir='ltr'><strong>quod</strong></span> <span class='ocrx_word' id='word_1_291' title='bbox 1221 2502 1272 2571; x_wconf 85' lang='lat'><strong><em>3</em></strong></span> <span class='ocrx_word' id='word_1_292' title='bbox 1300 2502 1346 2557; x_wconf 91' lang='lat' dir='ltr'><strong>si</strong></span> <span class='ocrx_word' id='word_1_293' title='bbox 1383 2502 1551 2556; x_wconf 89' lang='lat' dir='ltr'><strong>inulte</strong></span> <span class='ocrx_word' id='word_1_294' title='bbox 1591 2502 1778 2567; x_wconf 90' lang='lat' dir='ltr'><strong>liceat,</strong></span> <span class='ocrx_word' id='word_1_295' title='bbox 1812 2502 2005 2556; x_wconf 90' lang='lat' dir='ltr'><strong>iterum</strong></span> <span class='ocrx_word' id='word_1_296' title='bbox 2034 2501 2119 2557; x_wconf 63' lang='lat' dir='ltr'><strong>fu-</strong></span> 
     </span>
    </p>
   </div>
   <div class='ocr_carea' id='block_1_42' title="bbox 540 2584 2120 2660">
    <p class='ocr_par' dir='ltr' id='par_1_42' title="bbox 540 2584 2120 2660">
     <span class='ocr_line' id='line_1_42' title="bbox 540 2584 2120 2660; baseline 0.004 -21"><span class='ocrx_word' id='word_1_297' title='bbox 540 2585 733 2654; x_wconf 89' lang='lat' dir='ltr'><strong>giendo</strong></span> <span class='ocrx_word' id='word_1_298' title='bbox 752 2584 779 2624; x_wconf 74' lang='grc' dir='ltr'>ἀ</span> <span class='ocrx_word' id='word_1_299' title='bbox 813 2587 1146 2645; x_wconf 89' lang='lat' dir='ltr'><strong>deﬂectatur.</strong></span> <span class='ocrx_word' id='word_1_300' title='bbox 1175 2591 1411 2659; x_wconf 83' lang='lat' dir='ltr'><strong>Postque</strong></span> <span class='ocrx_word' id='word_1_301' title='bbox 1442 2593 1544 2646; x_wconf 91' lang='lat' dir='ltr'><strong>hoc</strong></span> <span class='ocrx_word' id='word_1_302' title='bbox 1574 2592 1778 2646; x_wconf 89' lang='lat' dir='ltr'><strong>nolenti</strong></span> <span class='ocrx_word' id='word_1_303' title='bbox 1808 2592 1937 2646; x_wconf 89' lang='lat' dir='ltr'><strong>mihi</strong></span> <span class='ocrx_word' id='word_1_304' title='bbox 1958 2598 2120 2660; x_wconf 89' lang='lat' dir='ltr'><strong>atque</strong></span> 
     </span>
    </p>
   </div>
   <div class='ocr_carea' id='block_1_43' title="bbox 542 2675 2117 2747">
    <p class='ocr_par' dir='ltr' id='par_1_43' title="bbox 542 2675 2117 2747">
     <span class='ocr_line' id='line_1_43' title="bbox 542 2675 2117 2747; baseline 0.005 -19"><span class='ocrx_word' id='word_1_305' title='bbox 542 2675 821 2744; x_wconf 88' lang='lat' dir='ltr'><strong>renitenti,</strong></span> <span class='ocrx_word' id='word_1_306' title='bbox 847 2693 967 2732; x_wconf 91' lang='lat' dir='ltr'><strong>cum</strong></span> <span class='ocrx_word' id='word_1_307' title='bbox 988 2692 1152 2747; x_wconf 89' lang='lat' dir='ltr'><strong>grave</strong></span> <span class='ocrx_word' id='word_1_308' title='bbox 1173 2689 1315 2734; x_wconf 85' lang='lat' dir='ltr'><strong>esset</strong></span> <span class='ocrx_word' id='word_1_309' title='bbox 1336 2682 1520 2735; x_wconf 90' lang='lat' dir='ltr'><strong>altaris</strong></span> <span class='ocrx_word' id='word_1_310' title='bbox 1548 2680 1925 2747; x_wconf 89' lang='lat' dir='ltr'><strong>ministerium,</strong></span> <span class='ocrx_word' id='word_1_311' title='bbox 1954 2682 2117 2736; x_wconf 89' lang='lat' dir='ltr'><strong>etiam</strong></span> 
     </span>
    </p>
   </div>
   <div class='ocr_carea' id='block_1_44' title="bbox 541 2766 2117 2841">
    <p class='ocr_par' dir='ltr' id='par_1_44' title="bbox 541 2766 2117 2841">
     <span class='ocr_line' id='line_1_44' title="bbox 541 2766 2117 2841; baseline 0.007 -23"><span class='ocrx_word' id='word_1_312' title='bbox 541 2766 749 2835; x_wconf 89' lang='lat' dir='ltr'><strong>pondus</strong></span> <span class='ocrx_word' id='word_1_313' title='bbox 776 2775 857 2821; x_wconf 88' lang='lat' dir='ltr'><strong>est</strong></span> <span class='ocrx_word' id='word_1_314' title='bbox 885 2784 1025 2823; x_wconf 73' lang='lat' dir='ltr'><strong>cura:</strong></span> <span class='ocrx_word' id='word_1_315' title='bbox 1064 2771 1352 2839; x_wconf 89' lang='lat' dir='ltr'><strong>pastoralis</strong></span> <span class='ocrx_word' id='word_1_316' title='bbox 1404 2772 1721 2841; x_wconf 88' lang='lat' dir='ltr'><strong>injunctum.</strong></span> <span class='ocrx_word' id='word_1_317' title='bbox 1774 2773 1925 2839; x_wconf 87' lang='lat' dir='ltr'><strong>Quod</strong></span> <span class='ocrx_word' id='word_1_318' title='bbox 1966 2782 2117 2829; x_wconf 86' lang='lat' dir='ltr'><strong>tanto</strong></span> 
     </span>
    </p>
   </div>
   <div class='ocr_carea' id='block_1_45' title="bbox 541 2854 2114 2931">
    <p class='ocr_par' dir='ltr' id='par_1_45' title="bbox 541 2854 2114 2931">
     <span class='ocr_line' id='line_1_45' title="bbox 541 2854 2114 2931; baseline 0.008 -25"><span class='ocrx_word' id='word_1_319' title='bbox 541 2869 684 2908; x_wconf 90' lang='lat' dir='ltr'><strong>nunc</strong></span> <span class='ocrx_word' id='word_1_320' title='bbox 712 2854 895 2909; x_wconf 89' lang='lat' dir='ltr'><strong>durius</strong></span> <span class='ocrx_word' id='word_1_321' title='bbox 925 2857 1119 2925; x_wconf 88' lang='lat' dir='ltr'><strong>tolero,</strong></span> <span class='ocrx_word' id='word_1_322' title='bbox 1149 2869 1351 2929; x_wconf 91' lang='lat' dir='ltr'><strong>quanto</strong></span> <span class='ocrx_word' id='word_1_323' title='bbox 1381 2876 1468 2915; x_wconf 88' lang='lat' dir='ltr'><strong>me</strong></span> <span class='ocrx_word' id='word_1_324' title='bbox 1495 2862 1545 2916; x_wconf 90' lang='lat' dir='ltr'><strong>ei</strong></span> <span class='ocrx_word' id='word_1_325' title='bbox 1572 2862 1829 2930; x_wconf 89' lang='lat' dir='ltr'><strong>imparem</strong></span> <span class='ocrx_word' id='word_1_326' title='bbox 1858 2864 2114 2931; x_wconf 89' lang='lat' dir='ltr'><strong>sentiens,</strong></span> 
     </span>
    </p>
   </div>
   <div class='ocr_carea' id='block_1_46' title="bbox 542 2931 2113 3020">
    <p class='ocr_par' dir='ltr' id='par_1_46' title="bbox 542 2931 2113 3020">
     <span class='ocr_line' id='line_1_46' title="bbox 542 2931 2113 3020; baseline 0.008 -25"><span class='ocrx_word' id='word_1_327' title='bbox 542 2941 596 2995; x_wconf 93' lang='lat' dir='ltr'><strong>in</strong></span> <span class='ocrx_word' id='word_1_328' title='bbox 650 2942 795 2997; x_wconf 89' lang='lat' dir='ltr'><strong>nulla</strong></span> <span class='ocrx_word' id='word_1_329' title='bbox 850 2931 1059 3000; x_wconf 69' lang='lat' dir='ltr'><strong>fiduciae</strong></span> <span class='ocrx_word' id='word_1_330' title='bbox 1099 2948 1471 3005; x_wconf 90' lang='lat' dir='ltr'><strong>consolatione</strong></span> <span class='ocrx_word' id='word_1_331' title='bbox 1519 2952 1747 3020; x_wconf 83' lang='lat' dir='ltr'><strong>respiro.</strong></span> <span class='ocrx_word' id='word_1_332' title='bbox 1801 2950 1935 3017; x_wconf 85' lang='lat' dir='ltr'><strong>Quia</strong></span> <span class='ocrx_word' id='word_1_333' title='bbox 1972 2953 2113 3007; x_wconf 87' lang='lat' dir='ltr'><strong>enim</strong></span> 
     </span>
    </p>
   </div>
   <div class='ocr_carea' id='block_1_47' title="bbox 543 3029 2115 3109">
    <p class='ocr_par' dir='ltr' id='par_1_47' title="bbox 543 3029 2115 3109">
     <span class='ocr_line' id='line_1_47' title="bbox 543 3029 2115 3109; baseline 0.009 -25"><span class='ocrx_word' id='word_1_334' title='bbox 543 3032 723 3085; x_wconf 90' lang='lat' dir='ltr'><strong>mundi</strong></span> <span class='ocrx_word' id='word_1_335' title='bbox 747 3029 856 3101; x_wconf 85' lang='lat' dir='ltr'><strong>jam</strong></span> <span class='ocrx_word' id='word_1_336' title='bbox 883 3041 1154 3104; x_wconf 88' lang='lat' dir='ltr'><strong>tempora,</strong></span> <span class='ocrx_word' id='word_1_337' title='bbox 1184 3037 1337 3094; x_wconf 91' lang='lat' dir='ltr'><strong>malis</strong></span> <span class='ocrx_word' id='word_1_338' title='bbox 1367 3039 1857 3109; x_wconf 88' lang='lat' dir='ltr'><strong>crebrescentibus,</strong></span> <span class='ocrx_word' id='word_1_339' title='bbox 1887 3045 2115 3099; x_wconf 90' lang='lat' dir='ltr'><strong>termino</strong></span> 
     </span>
    </p>
   </div>
   <div class='ocr_carea' id='block_1_48' title="bbox 2224 1869 3799 1943">
    <p class='ocr_par' dir='ltr' id='par_1_48' title="bbox 2224 1869 3799 1943">
     <span class='ocr_line' id='line_1_48' title="bbox 2224 1869 3799 1943; baseline -0.003 -15"><span class='ocrx_word' id='word_1_340' title='bbox 2224 1875 2463 1943; x_wconf 86' lang='lat' dir='ltr'><strong>pertrahi</strong></span> <span class='ocrx_word' id='word_1_341' title='bbox 2490 1889 2555 1930; x_wconf 91' lang='lat' dir='ltr'><strong>ac</strong></span> <span class='ocrx_word' id='word_1_342' title='bbox 2571 1873 2697 1927; x_wconf 90' lang='lat' dir='ltr'><strong>talia</strong></span> <span class='ocrx_word' id='word_1_343' title='bbox 2720 1871 2965 1941; x_wconf 90' lang='lat' dir='ltr'><strong>cognovi,</strong></span> <span class='ocrx_word' id='word_1_344' title='bbox 2980 1871 3096 1928; x_wconf 90' lang='lat' dir='ltr'><strong>solo</strong></span> <span class='ocrx_word' id='word_1_345' title='bbox 3122 1869 3332 1925; x_wconf 89' lang='lat' dir='ltr'><strong>auditus</strong></span> <span class='ocrx_word' id='word_1_346' title='bbox 3344 1870 3585 1940; x_wconf 88' lang='lat' dir='ltr'><strong>pondere</strong></span> <span class='ocrx_word' id='word_1_347' title='bbox 3603 1871 3799 1936; x_wconf 76' lang='lat' dir='ltr'><strong>victus,</strong></span> 
     </span>
    </p>
   </div>
   <div class='ocr_carea' id='block_1_49' title="bbox 2220 1962 3804 2034">
    <p class='ocr_par' dir='ltr' id='par_1_49' title="bbox 2220 1962 3804 2034">
     <span class='ocr_line' id='line_1_49' title="bbox 2220 1962 3804 2034; baseline -0.003 -14"><span class='ocrx_word' id='word_1_348' title='bbox 2220 1964 2416 2030; x_wconf 90' lang='lat' dir='ltr'><strong>fateor,</strong></span> <span class='ocrx_word' id='word_1_349' title='bbox 2448 1965 2787 2034; x_wconf 90' lang='lat' dir='ltr'><strong>lassatusque</strong></span> <span class='ocrx_word' id='word_1_350' title='bbox 2815 1964 3091 2020; x_wconf 88' lang='lat' dir='ltr'><strong>succubui.</strong></span> <span class='ocrx_word' id='word_1_351' title='bbox 3128 1962 3235 2018; x_wconf 90' lang='lat' dir='ltr'><strong>Sed</strong></span> <span class='ocrx_word' id='word_1_352' title='bbox 3276 1972 3500 2032; x_wconf 86' lang='lat' dir='ltr'><strong>repente</strong></span> <span class='ocrx_word' id='word_1_353' title='bbox 3528 1962 3670 2018; x_wconf 84' lang='lat' dir='ltr'><strong>inter</strong></span> <span class='ocrx_word' id='word_1_354' title='bbox 3688 1962 3804 2016; x_wconf 83' lang='lat' dir='ltr'><strong>fur-</strong></span> 
     </span>
    </p>
   </div>
   <div class='ocr_carea' id='block_1_50' title="bbox 2223 2052 3805 2125">
    <p class='ocr_par' dir='ltr' id='par_1_50' title="bbox 2223 2052 3805 2125">
     <span class='ocr_line' id='line_1_50' title="bbox 2223 2052 3805 2125; baseline -0.004 -14"><span class='ocrx_word' id='word_1_355' title='bbox 2223 2057 2478 2112; x_wconf 89' lang='lat' dir='ltr'><strong>midincm</strong></span> <span class='ocrx_word' id='word_1_356' title='bbox 2507 2056 2957 2125; x_wconf 90' lang='lat' dir='ltr'><strong>devotionemque</strong></span> <span class='ocrx_word' id='word_1_357' title='bbox 2984 2053 3371 2122; x_wconf 85' lang='lat' dir='ltr'><strong>deprehensus,</strong></span> <span class='ocrx_word' id='word_1_358' title='bbox 3401 2068 3522 2108; x_wconf 92' lang='lat' dir='ltr'><strong>cum</strong></span> <span class='ocrx_word' id='word_1_359' title='bbox 3554 2053 3605 2106; x_wconf 91' lang='lat' dir='ltr'><strong>in</strong></span> <span class='ocrx_word' id='word_1_360' title='bbox 3638 2052 3805 2121; x_wconf 84' lang='lat' dir='ltr'><strong>largi-</strong></span> 
     </span>
    </p>
   </div>
   <div class='ocr_carea' id='block_1_51' title="bbox 2221 2143 3803 2209">
    <p class='ocr_par' dir='ltr' id='par_1_51' title="bbox 2221 2143 3803 2209">
     <span class='ocr_line' id='line_1_51' title="bbox 2221 2143 3803 2209; baseline -0.004 -7"><span class='ocrx_word' id='word_1_361' title='bbox 2221 2155 2395 2203; x_wconf 87' lang='lat' dir='ltr'><strong>torem</strong></span> <span class='ocrx_word' id='word_1_362' title='bbox 2438 2160 2719 2200; x_wconf 90' lang='lat' dir='ltr'><strong>munerum</strong></span> <span class='ocrx_word' id='word_1_363' title='bbox 2759 2145 2946 2200; x_wconf 88' lang='lat' dir='ltr'><strong>oculos</strong></span> <span class='ocrx_word' id='word_1_364' title='bbox 2983 2144 3176 2200; x_wconf 88' lang='lat' dir='ltr'><strong>mentis</strong></span> <span class='ocrx_word' id='word_1_365' title='bbox 3205 2143 3506 2198; x_wconf 88' lang='lat' dir='ltr'><strong>attollerem</strong></span> <span class='ocrx_word' id='word_1_366' title='bbox 3529 2183 3544 2209; x_wconf 93' lang='lat'><strong>,</strong></span> <span class='ocrx_word' id='word_1_367' title='bbox 3578 2150 3803 2198; x_wconf 86' lang='lat' dir='ltr'><strong>cuncta-</strong></span> 
     </span>
    </p>
   </div>
   <div class='ocr_carea' id='block_1_52' title="bbox 2221 2231 3804 2314">
    <p class='ocr_par' dir='ltr' id='par_1_52' title="bbox 2221 2231 3804 2314">
     <span class='ocr_line' id='line_1_52' title="bbox 2221 2231 3804 2314; baseline -0.003 -22"><span class='ocrx_word' id='word_1_368' title='bbox 2221 2238 2370 2292; x_wconf 79' lang='lat' dir='ltr'><strong>tione</strong></span> <span class='ocrx_word' id='word_1_369' title='bbox 2388 2236 2706 2307; x_wconf 88' lang='lat' dir='ltr'><strong>postposita,</strong></span> <span class='ocrx_word' id='word_1_370' title='bbox 2730 2234 2874 2290; x_wconf 88' lang='lat' dir='ltr'><strong>illico</strong></span> <span class='ocrx_word' id='word_1_371' title='bbox 2897 2243 3077 2290; x_wconf 86' lang='lat' dir='ltr'><strong>certus</strong></span> <span class='ocrx_word' id='word_1_372' title='bbox 3094 2232 3316 2298; x_wconf 89' lang='lat' dir='ltr'><strong>attendi,</strong></span> <span class='ocrx_word' id='word_1_373' title='bbox 3333 2231 3454 2314; x_wconf 84' lang='lat' dir='ltr'><strong>quia</strong></span> <span class='ocrx_word' id='word_1_374' title='bbox 3472 2231 3804 2301; x_wconf 87' lang='lat' dir='ltr'><strong>impossibile</strong></span> 
     </span>
    </p>
   </div>
   <div class='ocr_carea' id='block_1_53' title="bbox 2220 2323 3802 2397">
    <p class='ocr_par' dir='ltr' id='par_1_53' title="bbox 2220 2323 3802 2397">
     <span class='ocr_line' id='line_1_53' title="bbox 2220 2323 3802 2397; baseline -0.005 -12"><span class='ocrx_word' id='word_1_375' title='bbox 2220 2344 2340 2385; x_wconf 81' lang='lat' dir='ltr'><strong>esse</strong></span> <span class='ocrx_word' id='word_1_376' title='bbox 2383 2343 2491 2382; x_wconf 87' lang='lat' dir='ltr'><strong>non</strong></span> <span class='ocrx_word' id='word_1_377' title='bbox 2535 2334 2782 2397; x_wconf 88' lang='lat' dir='ltr'><strong>poterat,</strong></span> <span class='ocrx_word' id='word_1_378' title='bbox 2809 2325 2953 2393; x_wconf 91' lang='lat' dir='ltr'><strong>quod</strong></span> <span class='ocrx_word' id='word_1_379' title='bbox 2998 2325 3064 2379; x_wconf 89' lang='lat' dir='ltr'><strong>de</strong></span> <span class='ocrx_word' id='word_1_380' title='bbox 3094 2323 3342 2378; x_wconf 89' lang='lat' dir='ltr'><strong>fraternis</strong></span> <span class='ocrx_word' id='word_1_381' title='bbox 3388 2323 3515 2377; x_wconf 90' lang='lat' dir='ltr'><strong>mihi</strong></span> <span class='ocrx_word' id='word_1_382' title='bbox 3547 2323 3802 2378; x_wconf 85' lang='lat' dir='ltr'><strong>cordibus</strong></span> 
     </span>
    </p>
   </div>
   <div class='ocr_carea' id='block_1_54' title="bbox 2219 2412 3802 2492">
    <p class='ocr_par' dir='ltr' id='par_1_54' title="bbox 2219 2412 3802 2492">
     <span class='ocr_line' id='line_1_54' title="bbox 2219 2412 3802 2492; baseline -0.01 -12"><span class='ocrx_word' id='word_1_383' title='bbox 2219 2421 2449 2480; x_wconf 88' lang='lat' dir='ltr'><strong>charitas</strong></span> <span class='ocrx_word' id='word_1_384' title='bbox 2477 2420 2791 2492; x_wconf 86' lang='lat' dir='ltr'><strong>imperabat.</strong></span> <span class='ocrx_word' id='word_1_385' title='bbox 2820 2419 2958 2472; x_wconf 88' lang='lat' dir='ltr'><strong>Fore</strong></span> <span class='ocrx_word' id='word_1_386' title='bbox 2985 2416 3182 2486; x_wconf 88' lang='lat' dir='ltr'><strong>quippe</strong></span> <span class='ocrx_word' id='word_1_387' title='bbox 3208 2414 3456 2469; x_wconf 90' lang='lat' dir='ltr'><strong>idoneum</strong></span> <span class='ocrx_word' id='word_1_388' title='bbox 3488 2429 3572 2466; x_wconf 78' lang='lat' dir='ltr'><strong>me</strong></span> <span class='ocrx_word' id='word_1_389' title='bbox 3602 2412 3668 2467; x_wconf 92' lang='lat' dir='ltr'><strong>ad</strong></span> <span class='ocrx_word' id='word_1_390' title='bbox 3697 2413 3802 2466; x_wconf 72' lang='lat' dir='ltr'><strong>ista</strong></span> 
     </span>
    </p>
   </div>
   <div class='ocr_carea' id='block_1_55' title="bbox 2218 2504 3803 2583">
    <p class='ocr_par' dir='ltr' id='par_1_55' title="bbox 2218 2504 3803 2583">
     <span class='ocr_line' id='line_1_55' title="bbox 2218 2504 3803 2583; baseline -0.007 -16"><span class='ocrx_word' id='word_1_391' title='bbox 2218 2513 2496 2583; x_wconf 87' lang='lat' dir='ltr'><strong>desperavi</strong></span> <span class='ocrx_word' id='word_1_392' title='bbox 2525 2530 2539 2565; x_wconf 90' lang='lat'><strong>:</strong></span> <span class='ocrx_word' id='word_1_393' title='bbox 2572 2511 2666 2565; x_wconf 90' lang='lat' dir='ltr'><strong>sed</strong></span> <span class='ocrx_word' id='word_1_394' title='bbox 2708 2512 2821 2579; x_wconf 84' lang='lat' dir='ltr'><strong>ipsa</strong></span> <span class='ocrx_word' id='word_1_395' title='bbox 2868 2509 2974 2563; x_wconf 88' lang='lat' dir='ltr'><strong>mei</strong></span> <span class='ocrx_word' id='word_1_396' title='bbox 3003 2507 3379 2575; x_wconf 88' lang='lat' dir='ltr'><strong>desperatione</strong></span> <span class='ocrx_word' id='word_1_397' title='bbox 3409 2504 3694 2569; x_wconf 69' lang='lat' dir='ltr'><strong>robust‘or,</strong></span> <span class='ocrx_word' id='word_1_398' title='bbox 3730 2504 3803 2556; x_wconf 79' lang='lat' dir='ltr'><strong>ad</strong></span> 
     </span>
    </p>
   </div>
   <div class='ocr_carea' id='block_1_56' title="bbox 2217 2594 3802 2671">
    <p class='ocr_par' dir='ltr' id='par_1_56' title="bbox 2217 2594 3802 2671">
     <span class='ocr_line' id='line_1_56' title="bbox 2217 2594 3802 2671; baseline -0.006 -14"><span class='ocrx_word' id='word_1_399' title='bbox 2217 2603 2367 2658; x_wconf 83' lang='lat' dir='ltr'><strong>illum</strong></span> <span class='ocrx_word' id='word_1_400' title='bbox 2398 2617 2543 2670; x_wconf 90' lang='lat' dir='ltr'><strong>spem</strong></span> <span class='ocrx_word' id='word_1_401' title='bbox 2571 2601 2815 2671; x_wconf 90' lang='lat' dir='ltr'><strong>protinus</strong></span> <span class='ocrx_word' id='word_1_402' title='bbox 2842 2598 3009 2666; x_wconf 82' lang='lat' dir='ltr'><strong>erexi,</strong></span> <span class='ocrx_word' id='word_1_403' title='bbox 3052 2612 3145 2667; x_wconf 90' lang='lat' dir='ltr'><strong>per</strong></span> <span class='ocrx_word' id='word_1_404' title='bbox 3172 2611 3332 2664; x_wconf 87' lang='lat' dir='ltr'><strong>quem</strong></span> <span class='ocrx_word' id='word_1_405' title='bbox 3360 2602 3543 2664; x_wconf 75' lang='lat' dir='ltr'><strong>aperta</strong></span> <span class='ocrx_word' id='word_1_406' title='bbox 3575 2604 3657 2648; x_wconf 88' lang='lat' dir='ltr'><strong>est</strong></span> <span class='ocrx_word' id='word_1_407' title='bbox 3695 2594 3802 2647; x_wconf 87' lang='lat' dir='ltr'><strong>lin—</strong></span> 
     </span>
    </p>
   </div>
   <div class='ocr_carea' id='block_1_57' title="bbox 2218 2684 3803 2761">
    <p class='ocr_par' dir='ltr' id='par_1_57' title="bbox 2218 2684 3803 2761">
     <span class='ocr_line' id='line_1_57' title="bbox 2218 2684 3803 2761; baseline -0.004 -17"><span class='ocrx_word' id='word_1_408' title='bbox 2218 2707 2321 2761; x_wconf 77' lang='lat' dir='ltr'><strong>gua</strong></span> <span class='ocrx_word' id='word_1_409' title='bbox 2349 2699 2618 2745; x_wconf 90' lang='lat' dir='ltr'><strong>mutorum</strong></span> <span class='ocrx_word' id='word_1_410' title='bbox 2642 2731 2658 2757; x_wconf 96' lang='lat'><strong>,</strong></span> <span class='ocrx_word' id='word_1_411' title='bbox 2704 2689 2792 2757; x_wconf 89' lang='lat' dir='ltr'><strong>qui</strong></span> <span class='ocrx_word' id='word_1_412' title='bbox 2841 2688 3050 2756; x_wconf 85' lang='lat' dir='ltr'><strong>linguas</strong></span> <span class='ocrx_word' id='word_1_413' title='bbox 3078 2684 3357 2740; x_wconf 86' lang='lat' dir='ltr'><strong>infantium</strong></span> <span class='ocrx_word' id='word_1_414' title='bbox 3408 2684 3532 2739; x_wconf 88' lang='lat' dir='ltr'><strong>facit</strong></span> <span class='ocrx_word' id='word_1_415' title='bbox 3569 2684 3803 2738; x_wconf 83' lang='lat' dir='ltr'><strong>disertas</strong></span> 
     </span>
    </p>
   </div>
   <div class='ocr_carea' id='block_1_58' title="bbox 2220 2773 3800 2855">
    <p class='ocr_par' dir='ltr' id='par_1_58' title="bbox 2220 2773 3800 2855">
     <span class='ocr_line' id='line_1_58' title="bbox 2220 2773 3800 2855; baseline -0.007 -19"><span class='ocrx_word' id='word_1_416' title='bbox 2220 2782 2372 2855; x_wconf 82' lang='lat' dir='ltr'><strong>(Sap.</strong></span> <span class='ocrx_word' id='word_1_417' title='bbox 2407 2798 2464 2847; x_wconf 90' lang='lat' dir='ltr'><strong>x,</strong></span> <span class='ocrx_word' id='word_1_418' title='bbox 2492 2780 2615 2848; x_wconf 68' lang='lat'><strong>21);</strong></span> <span class='ocrx_word' id='word_1_419' title='bbox 2646 2779 2735 2847; x_wconf 90' lang='lat' dir='ltr'><strong>qui</strong></span> <span class='ocrx_word' id='word_1_420' title='bbox 2766 2776 2785 2817; x_wconf 67' lang='grc' dir='ltr'><em>τ</em></span> <span class='ocrx_word' id='word_1_421' title='bbox 2816 2778 3110 2831; x_wconf 77' lang='lat' dir='ltr'><strong>immensos</strong></span> <span class='ocrx_word' id='word_1_422' title='bbox 3136 2775 3430 2842; x_wconf 80' lang='lat' dir='ltr'><strong>brutosquc</strong></span> <span class='ocrx_word' id='word_1_423' title='bbox 3457 2774 3617 2827; x_wconf 66' lang='lat' dir='ltr'><strong>asinae</strong></span> <span class='ocrx_word' id='word_1_424' title='bbox 3646 2773 3800 2826; x_wconf 87' lang='lat' dir='ltr'><strong>rudi-</strong></span> 
     </span>
    </p>
   </div>
   <div class='ocr_carea' id='block_1_59' title="bbox 2220 2862 3799 2941">
    <p class='ocr_par' dir='ltr' id='par_1_59' title="bbox 2220 2862 3799 2941">
     <span class='ocr_line' id='line_1_59' title="bbox 2220 2862 3799 2941; baseline -0.007 -14"><span class='ocrx_word' id='word_1_425' title='bbox 2220 2881 2302 2927; x_wconf 74' lang='lat' dir='ltr'><strong>tus</strong></span> <span class='ocrx_word' id='word_1_426' title='bbox 2326 2912 2339 2935; x_wconf 85' lang='lat'><strong>,</strong></span> <span class='ocrx_word' id='word_1_427' title='bbox 2373 2887 2470 2941; x_wconf 89' lang='lat' dir='ltr'><strong>per</strong></span> <span class='ocrx_word' id='word_1_428' title='bbox 2488 2879 2733 2927; x_wconf 90' lang='lat' dir='ltr'><strong>sensatos</strong></span> <span class='ocrx_word' id='word_1_429' title='bbox 2761 2868 2978 2923; x_wconf 89' lang='lat' dir='ltr'><strong>humani</strong></span> <span class='ocrx_word' id='word_1_430' title='bbox 3020 2867 3272 2936; x_wconf 82' lang='lat' dir='ltr'><strong>colloquii</strong></span> <span class='ocrx_word' id='word_1_431' title='bbox 3301 2866 3543 2920; x_wconf 81' lang='lat' dir='ltr'><strong>distinxit</strong></span> <span class='ocrx_word' id='word_1_432' title='bbox 3582 2862 3799 2918; x_wconf 87' lang='lat' dir='ltr'><strong>modos.</strong></span> 
     </span>
    </p>
   </div>
   <div class='ocr_carea' id='block_1_60' title="bbox 2218 2954 3801 3032">
    <p class='ocr_par' dir='ltr' id='par_1_60' title="bbox 2218 2954 3801 3032">
     <span class='ocr_line' id='line_1_60' title="bbox 2218 2954 3801 3032; baseline -0.008 -14"><span class='ocrx_word' id='word_1_433' title='bbox 2218 2962 2354 3029; x_wconf 81' lang='lat' dir='ltr'><strong>Quid</strong></span> <span class='ocrx_word' id='word_1_434' title='bbox 2384 2963 2539 3032; x_wconf 87' lang='lat' dir='ltr'><strong>igitur</strong></span> <span class='ocrx_word' id='word_1_435' title='bbox 2563 2962 2777 3027; x_wconf 91' lang='lat' dir='ltr'><strong>mirum,</strong></span> <span class='ocrx_word' id='word_1_436' title='bbox 2808 2962 2850 3016; x_wconf 90' lang='lat' dir='ltr'><strong>si</strong></span> <span class='ocrx_word' id='word_1_437' title='bbox 2882 2959 3211 3014; x_wconf 89' lang='lat' dir='ltr'><strong>intellectum</strong></span> <span class='ocrx_word' id='word_1_438' title='bbox 3242 2959 3404 3011; x_wconf 88' lang='lat' dir='ltr'><strong>stulto</strong></span> <span class='ocrx_word' id='word_1_439' title='bbox 3432 2954 3629 3009; x_wconf 86' lang='lat' dir='ltr'><strong>homini</strong></span> <span class='ocrx_word' id='word_1_440' title='bbox 3656 2967 3801 3023; x_wconf 76' lang='lat' dir='ltr'><strong>pra:—</strong></span> 
     </span>
    </p>
   </div>
   <div class='ocr_carea' id='block_1_61' title="bbox 2218 3045 3802 3120">
    <p class='ocr_par' dir='ltr' id='par_1_61' title="bbox 2218 3045 3802 3120">
     <span class='ocr_line' id='line_1_61' title="bbox 2218 3045 3802 3120; baseline -0.006 -13"><span class='ocrx_word' id='word_1_441' title='bbox 2218 3053 2367 3120; x_wconf 88' lang='lat' dir='ltr'><strong>beat,</strong></span> <span class='ocrx_word' id='word_1_442' title='bbox 2399 3053 2490 3120; x_wconf 87' lang='lat' dir='ltr'><strong>qui</strong></span> <span class='ocrx_word' id='word_1_443' title='bbox 2522 3052 2803 3107; x_wconf 80' lang='lat' dir='ltr'><strong>veritatem</strong></span> <span class='ocrx_word' id='word_1_444' title='bbox 2844 3065 3015 3113; x_wconf 90' lang='lat' dir='ltr'><strong>suam,</strong></span> <span class='ocrx_word' id='word_1_445' title='bbox 3047 3064 3167 3103; x_wconf 90' lang='lat' dir='ltr'><strong>cum</strong></span> <span class='ocrx_word' id='word_1_446' title='bbox 3197 3047 3467 3110; x_wconf 78' lang='lat' dir='ltr'><strong>voluerit,</strong></span> <span class='ocrx_word' id='word_1_447' title='bbox 3508 3045 3671 3101; x_wconf 89' lang='lat' dir='ltr'><strong>etiam</strong></span> <span class='ocrx_word' id='word_1_448' title='bbox 3702 3059 3802 3113; x_wconf 88' lang='lat' dir='ltr'><strong>per</strong></span> 
     </span>
    </p>
   </div>
   <div class='ocr_carea' id='block_1_62' title="bbox 544 3123 2120 3213">
    <p class='ocr_par' dir='ltr' id='par_1_62' title="bbox 544 3123 2114 3200">
     <span class='ocr_line' id='line_1_62' title="bbox 544 3123 2114 3200; baseline 0.009 -27"><span class='ocrx_word' id='word_1_449' title='bbox 544 3123 934 3192; x_wconf 86' lang='lat' dir='ltr'><strong>propinquante</strong></span> <span class='ocrx_word' id='word_1_450' title='bbox 980 3127 1191 3182; x_wconf 68' lang='lat' dir='ltr'><strong>turbata</strong></span> <span class='ocrx_word' id='word_1_451' title='bbox 1237 3138 1389 3197; x_wconf 87' lang='lat' dir='ltr'><strong>sunt;</strong></span> <span class='ocrx_word' id='word_1_452' title='bbox 1438 3129 1537 3199; x_wconf 89' lang='lat' dir='ltr'><strong>ipsi</strong></span> <span class='ocrx_word' id='word_1_453' title='bbox 1585 3145 1722 3197; x_wconf 88' lang='lat' dir='ltr'><strong>nos,</strong></span> <span class='ocrx_word' id='word_1_454' title='bbox 1770 3134 1860 3200; x_wconf 91' lang='lat' dir='ltr'><strong>qui</strong></span> <span class='ocrx_word' id='word_1_455' title='bbox 1890 3133 2114 3188; x_wconf 89' lang='lat' dir='ltr'><strong>internis</strong></span> 
     </span>
    </p>
   </div>
   <div class='ocr_carea' id='block_1_63' title="bbox 2228 3123 3801 3213">
    <p class='ocr_par' dir='ltr' id='par_1_63' title="bbox 2228 3136 3801 3213">
     <span class='ocr_line' id='line_1_63' title="bbox 2228 3136 3801 3213; baseline -0.006 -16"><span class='ocrx_word' id='word_1_456' title='bbox 2228 3160 2307 3198; x_wconf 78' lang='lat' dir='ltr'><strong>ura</strong></span> <span class='ocrx_word' id='word_1_457' title='bbox 2333 3144 2693 3212; x_wconf 89' lang='lat' dir='ltr'><strong>jumentorum</strong></span> <span class='ocrx_word' id='word_1_458' title='bbox 2725 3152 2906 3196; x_wconf 88' lang='lat' dir='ltr'><strong>narrat</strong></span> <span class='ocrx_word' id='word_1_459' title='bbox 2936 3141 3124 3213; x_wconf 88' lang='lat' dir='ltr'><strong>(Num.</strong></span> <span class='ocrx_word' id='word_1_460' title='bbox 3156 3156 3288 3209; x_wconf 81' lang='lat' dir='ltr'><strong>xxn,</strong></span> <span class='ocrx_word' id='word_1_461' title='bbox 3310 3138 3447 3208; x_wconf 69' lang='lat'><strong>28)?</strong></span> <span class='ocrx_word' id='word_1_462' title='bbox 3472 3136 3639 3207; x_wconf 82' lang='lat' dir='ltr'><strong>Hujus</strong></span> <span class='ocrx_word' id='word_1_463' title='bbox 3669 3150 3801 3204; x_wconf 82' lang='lat' dir='ltr'><strong>ergo</strong></span> 
     </span>
    </p>
   </div>
   <div class='ocr_carea' id='block_1_64' title="bbox 543 3212 2116 3285">
    <p class='ocr_par' dir='ltr' id='par_1_64' title="bbox 543 3212 2116 3285">
     <span class='ocr_line' id='line_1_64' title="bbox 543 3212 2116 3285; baseline 0.008 -22"><span class='ocrx_word' id='word_1_464' title='bbox 543 3213 808 3281; x_wconf 86' lang='lat' dir='ltr'><strong>mysteriis</strong></span> <span class='ocrx_word' id='word_1_465' title='bbox 838 3212 1110 3272; x_wconf 88' lang='lat' dir='ltr'><strong>deservire</strong></span> <span class='ocrx_word' id='word_1_466' title='bbox 1136 3218 1426 3285; x_wconf 86' lang='lat' dir='ltr'><strong>credimur,</strong></span> <span class='ocrx_word' id='word_1_467' title='bbox 1457 3220 1601 3275; x_wconf 91' lang='lat' dir='ltr'><strong>curis</strong></span> <span class='ocrx_word' id='word_1_468' title='bbox 1638 3222 1989 3276; x_wconf 84' lang='lat' dir='ltr'><strong>exterioribus</strong></span> <span class='ocrx_word' id='word_1_469' title='bbox 2019 3224 2116 3276; x_wconf 88' lang='lat' dir='ltr'><strong>im-</strong></span> 
     </span>
    </p>
   </div>
   <div class='ocr_carea' id='block_1_65' title="bbox 544 3302 2115 3380">
    <p class='ocr_par' dir='ltr' id='par_1_65' title="bbox 544 3302 2115 3380">
     <span class='ocr_line' id='line_1_65' title="bbox 544 3302 2115 3380; baseline 0.011 -27"><span class='ocrx_word' id='word_1_470' title='bbox 544 3302 841 3370; x_wconf 88' lang='lat' dir='ltr'><strong>plicamur:</strong></span> <span class='ocrx_word' id='word_1_471' title='bbox 872 3304 1012 3359; x_wconf 87' lang='lat' dir='ltr'><strong>sicut</strong></span> <span class='ocrx_word' id='word_1_472' title='bbox 1053 3322 1121 3361; x_wconf 92' lang='lat' dir='ltr'><strong>eo</strong></span> <span class='ocrx_word' id='word_1_473' title='bbox 1149 3323 1365 3378; x_wconf 88' lang='lat' dir='ltr'><strong>quoque</strong></span> <span class='ocrx_word' id='word_1_474' title='bbox 1408 3317 1672 3380; x_wconf 88' lang='lat' dir='ltr'><strong>tempore,</strong></span> <span class='ocrx_word' id='word_1_475' title='bbox 1700 3328 1805 3380; x_wconf 91' lang='lat' dir='ltr'><strong>quo</strong></span> <span class='ocrx_word' id='word_1_476' title='bbox 1833 3312 1900 3367; x_wconf 91' lang='lat' dir='ltr'><strong>ad</strong></span> <span class='ocrx_word' id='word_1_477' title='bbox 1928 3314 2115 3369; x_wconf 88' lang='lat' dir='ltr'><strong>minis-</strong></span> 
     </span>
    </p>
   </div>
   <div class='ocr_carea' id='block_1_66' title="bbox 544 3391 2115 3472">
    <p class='ocr_par' dir='ltr' id='par_1_66' title="bbox 544 3391 2115 3472">
     <span class='ocr_line' id='line_1_66' title="bbox 544 3391 2115 3472; baseline 0.008 -28"><span class='ocrx_word' id='word_1_478' title='bbox 544 3391 735 3445; x_wconf 90' lang='lat' dir='ltr'><strong>terium</strong></span> <span class='ocrx_word' id='word_1_479' title='bbox 784 3392 969 3448; x_wconf 90' lang='lat' dir='ltr'><strong>altaris</strong></span> <span class='ocrx_word' id='word_1_480' title='bbox 1011 3402 1253 3465; x_wconf 83' lang='lat' dir='ltr'><strong>accessi,</strong></span> <span class='ocrx_word' id='word_1_481' title='bbox 1283 3398 1387 3454; x_wconf 91' lang='lat' dir='ltr'><strong>hoc</strong></span> <span class='ocrx_word' id='word_1_482' title='bbox 1424 3398 1492 3454; x_wconf 91' lang='lat' dir='ltr'><strong>de</strong></span> <span class='ocrx_word' id='word_1_483' title='bbox 1519 3415 1639 3466; x_wconf 89' lang='lat' dir='ltr'><strong>me,</strong></span> <span class='ocrx_word' id='word_1_484' title='bbox 1686 3400 1966 3469; x_wconf 80' lang='lat' dir='ltr'><strong>ignorante</strong></span> <span class='ocrx_word' id='word_1_485' title='bbox 2007 3418 2115 3472; x_wconf 90' lang='lat' dir='ltr'><strong>me,</strong></span> 
     </span>
    </p>
   </div>
   <div class='ocr_carea' id='block_1_67' title="bbox 544 3484 2115 3560">
    <p class='ocr_par' dir='ltr' id='par_1_67' title="bbox 544 3484 2115 3560">
     <span class='ocr_line' id='line_1_67' title="bbox 544 3484 2115 3560; baseline 0.007 -26"><span class='ocrx_word' id='word_1_486' title='bbox 544 3488 718 3545; x_wconf 75' lang='lat' dir='ltr'><strong>actum</strong></span> <span class='ocrx_word' id='word_1_487' title='bbox 746 3488 855 3547; x_wconf 91' lang='lat' dir='ltr'><strong>est,</strong></span> <span class='ocrx_word' id='word_1_488' title='bbox 889 3491 953 3536; x_wconf 90' lang='lat' dir='ltr'><strong>ut-</strong></span> <span class='ocrx_word' id='word_1_489' title='bbox 972 3484 1112 3539; x_wconf 88' lang='lat' dir='ltr'><strong>sacri</strong></span> <span class='ocrx_word' id='word_1_490' title='bbox 1142 3486 1344 3541; x_wconf 88' lang='lat' dir='ltr'><strong>ordinis</strong></span> <span class='ocrx_word' id='word_1_491' title='bbox 1380 3487 1588 3557; x_wconf 89' lang='lat' dir='ltr'><strong>pondus</strong></span> <span class='ocrx_word' id='word_1_492' title='bbox 1618 3490 1917 3557; x_wconf 88' lang='lat' dir='ltr'><strong>acciperem</strong></span> <span class='ocrx_word' id='word_1_493' title='bbox 1938 3532 1954 3555; x_wconf 95' lang='lat'><strong>,</strong></span> <span class='ocrx_word' id='word_1_494' title='bbox 1984 3506 2115 3560; x_wconf 84' lang='lat' dir='ltr'><strong>qua-</strong></span> 
     </span>
    </p>
   </div>
   <div class='ocr_carea' id='block_1_68' title="bbox 545 3570 2118 3645">
    <p class='ocr_par' dir='ltr' id='par_1_68' title="bbox 545 3570 2118 3645">
     <span class='ocr_line' id='line_1_68' title="bbox 545 3570 2118 3645; baseline 0.006 -22"><span class='ocrx_word' id='word_1_495' title='bbox 545 3579 697 3625; x_wconf 88' lang='lat' dir='ltr'><strong>tenus</strong></span> <span class='ocrx_word' id='word_1_496' title='bbox 725 3570 775 3625; x_wconf 92' lang='lat' dir='ltr'><strong>in</strong></span> <span class='ocrx_word' id='word_1_497' title='bbox 800 3578 1015 3628; x_wconf 86' lang='lat' dir='ltr'><strong>terreno</strong></span> <span class='ocrx_word' id='word_1_498' title='bbox 1044 3574 1243 3642; x_wconf 89' lang='lat' dir='ltr'><strong>palatio</strong></span> <span class='ocrx_word' id='word_1_499' title='bbox 1264 3576 1510 3631; x_wconf 86' lang='lat' dir='ltr'><strong>licentius</strong></span> <span class='ocrx_word' id='word_1_500' title='bbox 1531 3579 1881 3645; x_wconf 85' lang='lat' dir='ltr'><strong>excubarem;</strong></span> <span class='ocrx_word' id='word_1_501' title='bbox 1914 3580 1999 3634; x_wconf 88' lang='lat' dir='ltr'><strong>ubi</strong></span> <span class='ocrx_word' id='word_1_502' title='bbox 2032 3594 2118 3634; x_wconf 89' lang='lat' dir='ltr'><strong>me</strong></span> 
     </span>
    </p>
   </div>
   <div class='ocr_carea' id='block_1_69' title="bbox 544 3658 2116 3735">
    <p class='ocr_par' dir='ltr' id='par_1_69' title="bbox 544 3658 2116 3735">
     <span class='ocr_line' id='line_1_69' title="bbox 544 3658 2116 3735; baseline 0.004 -20"><span class='ocrx_word' id='word_1_503' title='bbox 544 3658 745 3715; x_wconf 87' lang='lat' dir='ltr'><strong>scilicet</strong></span> <span class='ocrx_word' id='word_1_504' title='bbox 781 3660 949 3714; x_wconf 83' lang='lat' dir='ltr'><strong>multi&#39;</strong></span> <span class='ocrx_word' id='word_1_505' title='bbox 980 3676 1047 3717; x_wconf 89' lang='lat' dir='ltr'><strong>ex</strong></span> <span class='ocrx_word' id='word_1_506' title='bbox 1088 3666 1413 3719; x_wconf 87' lang='lat' dir='ltr'><strong>monasterio</strong></span> <span class='ocrx_word' id='word_1_507' title='bbox 1452 3665 1643 3720; x_wconf 85' lang='lat' dir='ltr'><strong>fratres</strong></span> <span class='ocrx_word' id='word_1_508' title='bbox 1687 3668 1827 3734; x_wconf 90' lang='lat' dir='ltr'><strong>mei,</strong></span> <span class='ocrx_word' id='word_1_509' title='bbox 1865 3682 2116 3735; x_wconf 86' lang='lat' dir='ltr'><strong>germana</strong></span> 
     </span>
    </p>
   </div>
   <div class='ocr_carea' id='block_1_70' title="bbox 546 3748 2117 3823">
    <p class='ocr_par' dir='ltr' id='par_1_70' title="bbox 546 3748 2117 3823">
     <span class='ocr_line' id='line_1_70' title="bbox 546 3748 2117 3823; baseline 0.006 -21"><span class='ocrx_word' id='word_1_510' title='bbox 546 3748 707 3804; x_wconf 91' lang='lat' dir='ltr'><strong>vincti</strong></span> <span class='ocrx_word' id='word_1_511' title='bbox 750 3750 1046 3818; x_wconf 87' lang='lat' dir='ltr'><strong>charitate,</strong></span> <span class='ocrx_word' id='word_1_512' title='bbox 1080 3754 1249 3809; x_wconf 89' lang='lat' dir='ltr'><strong>secuti</strong></span> <span class='ocrx_word' id='word_1_513' title='bbox 1297 3765 1443 3810; x_wconf 88' lang='lat' dir='ltr'><strong>sunt.</strong></span> <span class='ocrx_word' id='word_1_514' title='bbox 1490 3755 1644 3823; x_wconf 89' lang='lat' dir='ltr'><strong>Quod</strong></span> <span class='ocrx_word' id='word_1_515' title='bbox 1690 3757 1869 3812; x_wconf 86' lang='lat' dir='ltr'><strong>divina</strong></span> <span class='ocrx_word' id='word_1_516' title='bbox 1917 3759 2117 3813; x_wconf 85' lang='lat' dir='ltr'><strong>factum</strong></span> 
     </span>
    </p>
   </div>
   <div class='ocr_carea' id='block_1_71' title="bbox 543 3839 2118 3919">
    <p class='ocr_par' dir='ltr' id='par_1_71' title="bbox 543 3839 2118 3919">
     <span class='ocr_line' id='line_1_71' title="bbox 543 3839 2118 3919; baseline 0.006 -25"><span class='ocrx_word' id='word_1_517' title='bbox 543 3839 945 3909; x_wconf 89' lang='lat' dir='ltr'><strong>dispensatione</strong></span> <span class='ocrx_word' id='word_1_518' title='bbox 970 3843 1243 3913; x_wconf 90' lang='lat' dir='ltr'><strong>conspicio</strong></span> <span class='ocrx_word' id='word_1_519' title='bbox 1267 3882 1285 3909; x_wconf 89' lang='lat'><strong>,</strong></span> <span class='ocrx_word' id='word_1_520' title='bbox 1323 3854 1382 3899; x_wconf 91' lang='lat' dir='ltr'><strong>ut</strong></span> <span class='ocrx_word' id='word_1_521' title='bbox 1418 3860 1606 3902; x_wconf 91' lang='lat' dir='ltr'><strong>eorum</strong></span> <span class='ocrx_word' id='word_1_522' title='bbox 1632 3862 1845 3917; x_wconf 88' lang='lat' dir='ltr'><strong>semper</strong></span> <span class='ocrx_word' id='word_1_523' title='bbox 1872 3849 2118 3919; x_wconf 85' lang='lat' dir='ltr'><strong>exemplo</strong></span> 
     </span>
    </p>
   </div>
   <div class='ocr_carea' id='block_1_72' title="bbox 545 3930 2121 4006">
    <p class='ocr_par' dir='ltr' id='par_1_72' title="bbox 545 3930 2121 4006">
     <span class='ocr_line' id='line_1_72' title="bbox 545 3930 2121 4006; baseline 0.006 -22"><span class='ocrx_word' id='word_1_524' title='bbox 545 3930 615 3984; x_wconf 90' lang='lat' dir='ltr'><strong>ad</strong></span> <span class='ocrx_word' id='word_1_525' title='bbox 658 3931 917 3988; x_wconf 88' lang='lat' dir='ltr'><strong>orationis</strong></span> <span class='ocrx_word' id='word_1_526' title='bbox 961 3931 1227 4003; x_wconf 88' lang='lat' dir='ltr'><strong>placidum</strong></span> <span class='ocrx_word' id='word_1_527' title='bbox 1273 3934 1460 4002; x_wconf 85' lang='lat' dir='ltr'><strong>littus,</strong></span> <span class='ocrx_word' id='word_1_528' title='bbox 1504 3937 1656 4006; x_wconf 87' lang='lat' dir='ltr'><strong>quasi</strong></span> <span class='ocrx_word' id='word_1_529' title='bbox 1705 3937 1956 3993; x_wconf 68' lang='lat' dir='ltr'><strong>anchora:</strong></span> <span class='ocrx_word' id='word_1_530' title='bbox 1993 3939 2121 3995; x_wconf 91' lang='lat' dir='ltr'><strong>fune</strong></span> 
     </span>
    </p>
   </div>
   <div class='ocr_carea' id='block_1_73' title="bbox 544 4020 2120 4089">
    <p class='ocr_par' dir='ltr' id='par_1_73' title="bbox 544 4020 2120 4089">
     <span class='ocr_line' id='line_1_73' title="bbox 544 4020 2120 4089; baseline 0.006 -16"><span class='ocrx_word' id='word_1_531' title='bbox 544 4020 927 4089; x_wconf 88' lang='lat' dir='ltr'><strong>restringercr,</strong></span> <span class='ocrx_word' id='word_1_532' title='bbox 960 4036 1082 4076; x_wconf 90' lang='lat' dir='ltr'><strong>cum</strong></span> <span class='ocrx_word' id='word_1_533' title='bbox 1110 4036 1391 4079; x_wconf 89' lang='lat' dir='ltr'><strong>causarum</strong></span> <span class='ocrx_word' id='word_1_534' title='bbox 1436 4025 1770 4081; x_wconf 85' lang='lat' dir='ltr'><strong>saecularium</strong></span> <span class='ocrx_word' id='word_1_535' title='bbox 1819 4026 2120 4082; x_wconf 86' lang='lat' dir='ltr'><strong>incessabili</strong></span> 
     </span>
    </p>
   </div>
   <div class='ocr_carea' id='block_1_74' title="bbox 548 4109 2118 4184">
    <p class='ocr_par' dir='ltr' id='par_1_74' title="bbox 548 4109 2118 4184">
     <span class='ocr_line' id='line_1_74' title="bbox 548 4109 2118 4184; baseline 0.004 -20"><span class='ocrx_word' id='word_1_536' title='bbox 548 4109 777 4179; x_wconf 84' lang='lat' dir='ltr'><strong>impulsu</strong></span> <span class='ocrx_word' id='word_1_537' title='bbox 806 4111 1141 4166; x_wconf 87' lang='lat' dir='ltr'><strong>ﬂuctuarem.</strong></span> <span class='ocrx_word' id='word_1_538' title='bbox 1183 4111 1264 4166; x_wconf 90' lang='lat' dir='ltr'><strong>Ad</strong></span> <span class='ocrx_word' id='word_1_539' title='bbox 1301 4113 1513 4169; x_wconf 90' lang='lat' dir='ltr'><strong>illorum</strong></span> <span class='ocrx_word' id='word_1_540' title='bbox 1540 4114 1738 4183; x_wconf 86' lang='lat' dir='ltr'><strong>quippe</strong></span> <span class='ocrx_word' id='word_1_541' title='bbox 1765 4117 2118 4184; x_wconf 91' lang='lat' dir='ltr'><strong>consortium,</strong></span> 
     </span>
    </p>
   </div>
   <div class='ocr_carea' id='block_1_75' title="bbox 545 4198 2122 4270">
    <p class='ocr_par' dir='ltr' id='par_1_75' title="bbox 545 4198 2122 4270">
     <span class='ocr_line' id='line_1_75' title="bbox 545 4198 2122 4270; baseline 0.006 -17"><span class='ocrx_word' id='word_1_542' title='bbox 545 4200 693 4253; x_wconf 90' lang='lat' dir='ltr'><strong>velut</strong></span> <span class='ocrx_word' id='word_1_543' title='bbox 717 4199 781 4253; x_wconf 89' lang='lat' dir='ltr'><strong>ad</strong></span> <span class='ocrx_word' id='word_1_544' title='bbox 810 4198 1059 4254; x_wconf 91' lang='lat' dir='ltr'><strong>tutissimi</strong></span> <span class='ocrx_word' id='word_1_545' title='bbox 1090 4210 1274 4270; x_wconf 90' lang='lat' dir='ltr'><strong>portus</strong></span> <span class='ocrx_word' id='word_1_546' title='bbox 1297 4201 1492 4268; x_wconf 86' lang='lat' dir='ltr'><strong>sinum,</strong></span> <span class='ocrx_word' id='word_1_547' title='bbox 1515 4212 1538 4239; x_wconf 73' lang='grc' dir='ltr'>ε</span> <span class='ocrx_word' id='word_1_548' title='bbox 1564 4205 1763 4259; x_wconf 89' lang='lat' dir='ltr'><strong>terreni</strong></span> <span class='ocrx_word' id='word_1_549' title='bbox 1793 4213 1948 4261; x_wconf 92' lang='lat' dir='ltr'><strong>actus</strong></span> <span class='ocrx_word' id='word_1_550' title='bbox 1975 4206 2122 4263; x_wconf 87' lang='lat' dir='ltr'><strong>volu-</strong></span> 
     </span>
    </p>
   </div>
   <div class='ocr_carea' id='block_1_76' title="bbox 549 4287 2120 4358">
    <p class='ocr_par' dir='ltr' id='par_1_76' title="bbox 549 4287 2120 4358">
     <span class='ocr_line' id='line_1_76' title="bbox 549 4287 2120 4358; baseline 0.008 -17"><span class='ocrx_word' id='word_1_551' title='bbox 549 4288 691 4342; x_wconf 85' lang='lat' dir='ltr'><strong>mina</strong></span> <span class='ocrx_word' id='word_1_552' title='bbox 718 4289 1014 4358; x_wconf 90' lang='lat' dir='ltr'><strong>ﬂuctusque</strong></span> <span class='ocrx_word' id='word_1_553' title='bbox 1040 4287 1338 4358; x_wconf 84' lang='lat' dir='ltr'><strong>fugiebam;</strong></span> <span class='ocrx_word' id='word_1_554' title='bbox 1366 4301 1420 4348; x_wconf 90' lang='lat' dir='ltr'><strong>et</strong></span> <span class='ocrx_word' id='word_1_555' title='bbox 1448 4294 1572 4348; x_wconf 91' lang='lat' dir='ltr'><strong>licet</strong></span> <span class='ocrx_word' id='word_1_556' title='bbox 1610 4295 1735 4349; x_wconf 92' lang='lat' dir='ltr'><strong>illud</strong></span> <span class='ocrx_word' id='word_1_557' title='bbox 1766 4312 1853 4350; x_wconf 91' lang='lat' dir='ltr'><strong>me</strong></span> <span class='ocrx_word' id='word_1_558' title='bbox 1880 4297 2120 4353; x_wconf 87' lang='lat' dir='ltr'><strong>ministe-</strong></span> 
     </span>
    </p>
   </div>
   <div class='ocr_carea' id='block_1_77' title="bbox 548 4379 2121 4459">
    <p class='ocr_par' dir='ltr' id='par_1_77' title="bbox 548 4379 2121 4459">
     <span class='ocr_line' id='line_1_77' title="bbox 548 4379 2121 4459; baseline 0.008 -27"><span class='ocrx_word' id='word_1_559' title='bbox 548 4379 688 4432; x_wconf 88' lang='lat' dir='ltr'><strong>rium</strong></span> <span class='ocrx_word' id='word_1_560' title='bbox 736 4394 805 4434; x_wconf 90' lang='lat' dir='ltr'><strong>ex</strong></span> <span class='ocrx_word' id='word_1_561' title='bbox 842 4382 1168 4437; x_wconf 87' lang='lat' dir='ltr'><strong>monasterio</strong></span> <span class='ocrx_word' id='word_1_562' title='bbox 1214 4383 1561 4451; x_wconf 89' lang='lat' dir='ltr'><strong>abstractum,</strong></span> <span class='ocrx_word' id='word_1_563' title='bbox 1591 4400 1629 4459; x_wconf 26' lang='lat' dir='ltr'><strong>a&#39;</strong></span> <span class='ocrx_word' id='word_1_564' title='bbox 1649 4387 1886 4455; x_wconf 71' lang='lat' dir='ltr'><strong>pristina:</strong></span> <span class='ocrx_word' id='word_1_565' title='bbox 1927 4389 2121 4457; x_wconf 85' lang='lat' dir='ltr'><strong>quietis</strong></span> 
     </span>
    </p>
   </div>
   <div class='ocr_carea' id='block_1_78' title="bbox 2216 3230 3799 3297">
    <p class='ocr_par' dir='ltr' id='par_1_78' title="bbox 2216 3230 3799 3297">
     <span class='ocr_line' id='line_1_78' title="bbox 2216 3230 3799 3297; baseline -0.006 -8"><span class='ocrx_word' id='word_1_566' title='bbox 2216 3235 2412 3289; x_wconf 85' lang='lat' dir='ltr'><strong>rubore</strong></span> <span class='ocrx_word' id='word_1_567' title='bbox 2441 3233 2886 3288; x_wconf 88' lang='lat' dir='ltr'><strong>considerationis</strong></span> <span class='ocrx_word' id='word_1_568' title='bbox 2934 3233 3243 3297; x_wconf 89' lang='lat' dir='ltr'><strong>accinctus,</strong></span> <span class='ocrx_word' id='word_1_569' title='bbox 3276 3230 3577 3285; x_wconf 87' lang='lat' dir='ltr'><strong>ariditatem</strong></span> <span class='ocrx_word' id='word_1_570' title='bbox 3620 3242 3799 3281; x_wconf 88' lang='lat' dir='ltr'><strong>meam</strong></span> 
     </span>
    </p>
   </div>
   <div class='ocr_carea' id='block_1_79' title="bbox 2217 3319 3800 3391">
    <p class='ocr_par' dir='ltr' id='par_1_79' title="bbox 2217 3319 3800 3391">
     <span class='ocr_line' id='line_1_79' title="bbox 2217 3319 3800 3391; baseline -0.005 -14"><span class='ocrx_word' id='word_1_571' title='bbox 2217 3324 2284 3377; x_wconf 89' lang='lat' dir='ltr'><strong>ad</strong></span> <span class='ocrx_word' id='word_1_572' title='bbox 2316 3323 2668 3391; x_wconf 89' lang='lat' dir='ltr'><strong>indagandum</strong></span> <span class='ocrx_word' id='word_1_573' title='bbox 2697 3324 2898 3377; x_wconf 89' lang='lat' dir='ltr'><strong>fontem</strong></span> <span class='ocrx_word' id='word_1_574' title='bbox 2949 3330 3107 3377; x_wconf 83' lang='lat' dir='ltr'><strong>tantae</strong></span> <span class='ocrx_word' id='word_1_575' title='bbox 3138 3321 3511 3390; x_wconf 88' lang='lat' dir='ltr'><strong>profunditatis</strong></span> <span class='ocrx_word' id='word_1_576' title='bbox 3539 3319 3800 3374; x_wconf 84' lang='lat' dir='ltr'><strong>excitavi.</strong></span> 
     </span>
    </p>
   </div>
   <div class='ocr_carea' id='block_1_80' title="bbox 2218 3408 3804 3481">
    <p class='ocr_par' dir='ltr' id='par_1_80' title="bbox 2218 3408 3804 3481">
     <span class='ocr_line' id='line_1_80' title="bbox 2218 3408 3804 3481; baseline -0.003 -17"><span class='ocrx_word' id='word_1_577' title='bbox 2218 3409 2288 3466; x_wconf 87' lang='lat' dir='ltr'><strong>Et</strong></span> <span class='ocrx_word' id='word_1_578' title='bbox 2330 3412 2574 3480; x_wconf 87' lang='lat' dir='ltr'><strong>quamvis</strong></span> <span class='ocrx_word' id='word_1_579' title='bbox 2621 3426 2827 3477; x_wconf 88' lang='lat' dir='ltr'><strong>eorum,</strong></span> <span class='ocrx_word' id='word_1_580' title='bbox 2860 3412 3051 3478; x_wconf 86' lang='lat' dir='ltr'><strong>quibus</strong></span> <span class='ocrx_word' id='word_1_581' title='bbox 3097 3426 3369 3481; x_wconf 83' lang='lat' dir='ltr'><strong>exponere</strong></span> <span class='ocrx_word' id='word_1_582' title='bbox 3414 3408 3804 3479; x_wconf 88' lang='lat' dir='ltr'><strong>compellebar,</strong></span> 
     </span>
    </p>
   </div>
   <div class='ocr_carea' id='block_1_81' title="bbox 2219 3503 3805 3572">
    <p class='ocr_par' dir='ltr' id='par_1_81' title="bbox 2219 3503 3805 3572">
     <span class='ocr_line' id='line_1_81' title="bbox 2219 3503 3805 3572; baseline -0.004 -13"><span class='ocrx_word' id='word_1_583' title='bbox 2219 3503 2376 3572; x_wconf 85' lang='lat' dir='ltr'><strong>longe</strong></span> <span class='ocrx_word' id='word_1_584' title='bbox 2404 3519 2490 3557; x_wconf 91' lang='lat' dir='ltr'><strong>me</strong></span> <span class='ocrx_word' id='word_1_585' title='bbox 2515 3504 2623 3559; x_wconf 90' lang='lat' dir='ltr'><strong>vita</strong></span> <span class='ocrx_word' id='word_1_586' title='bbox 2652 3504 3088 3569; x_wconf 87' lang='lat' dir='ltr'><strong>transcenderet,</strong></span> <span class='ocrx_word' id='word_1_587' title='bbox 3135 3504 3450 3571; x_wconf 81' lang='lat' dir='ltr'><strong>iniuriosum</strong></span> <span class='ocrx_word' id='word_1_588' title='bbox 3474 3511 3649 3556; x_wconf 90' lang='lat' dir='ltr'><strong>tamen</strong></span> <span class='ocrx_word' id='word_1_589' title='bbox 3683 3515 3805 3554; x_wconf 84' lang='lat' dir='ltr'><strong>esse</strong></span> 
     </span>
    </p>
   </div>
   <div class='ocr_carea' id='block_1_82' title="bbox 2220 3590 3803 3663">
    <p class='ocr_par' dir='ltr' id='par_1_82' title="bbox 2220 3590 3803 3663">
     <span class='ocr_line' id='line_1_82' title="bbox 2220 3590 3803 3663; baseline -0.004 -15"><span class='ocrx_word' id='word_1_590' title='bbox 2220 3610 2325 3648; x_wconf 88' lang='lat' dir='ltr'><strong>non</strong></span> <span class='ocrx_word' id='word_1_591' title='bbox 2346 3593 2570 3658; x_wconf 84' lang='lat' dir='ltr'><strong>credidi.</strong></span> <span class='ocrx_word' id='word_1_592' title='bbox 2597 3594 2639 3648; x_wconf 88' lang='lat' dir='ltr'><strong>si</strong></span> <span class='ocrx_word' id='word_1_593' title='bbox 2669 3593 2866 3649; x_wconf 88' lang='lat' dir='ltr'><strong>ﬂuenta</strong></span> <span class='ocrx_word' id='word_1_594' title='bbox 2894 3595 3077 3648; x_wconf 88' lang='lat' dir='ltr'><strong>usibus</strong></span> <span class='ocrx_word' id='word_1_595' title='bbox 3101 3594 3375 3647; x_wconf 92' lang='lat' dir='ltr'><strong>hominum</strong></span> <span class='ocrx_word' id='word_1_596' title='bbox 3399 3592 3601 3663; x_wconf 88' lang='lat' dir='ltr'><strong>plumbi</strong></span> <span class='ocrx_word' id='word_1_597' title='bbox 3629 3590 3803 3644; x_wconf 45' lang='lat' dir='ltr'><strong>fistula</strong></span> 
     </span>
    </p>
   </div>
   <div class='ocr_carea' id='block_1_83' title="bbox 2219 3682 3803 3754">
    <p class='ocr_par' dir='ltr' id='par_1_83' title="bbox 2219 3682 3803 3754">
     <span class='ocr_line' id='line_1_83' title="bbox 2219 3682 3803 3754; baseline -0.003 -16"><span class='ocrx_word' id='word_1_598' title='bbox 2219 3683 2567 3739; x_wconf 84' lang='lat' dir='ltr'><strong>ministraret.</strong></span> <span class='ocrx_word' id='word_1_599' title='bbox 2621 3682 2775 3738; x_wconf 87' lang='lat' dir='ltr'><strong>Unde</strong></span> <span class='ocrx_word' id='word_1_600' title='bbox 2814 3700 2939 3738; x_wconf 88' lang='lat' dir='ltr'><strong>mox</strong></span> <span class='ocrx_word' id='word_1_601' title='bbox 2968 3684 3168 3739; x_wconf 87' lang='lat' dir='ltr'><strong>eisdem</strong></span> <span class='ocrx_word' id='word_1_602' title='bbox 3197 3700 3379 3740; x_wconf 87' lang='lat' dir='ltr'><strong>coram</strong></span> <span class='ocrx_word' id='word_1_603' title='bbox 3408 3684 3598 3754; x_wconf 91' lang='lat' dir='ltr'><strong>positis</strong></span> <span class='ocrx_word' id='word_1_604' title='bbox 3625 3682 3803 3736; x_wconf 89' lang='lat' dir='ltr'><strong>fratri-</strong></span> 
     </span>
    </p>
   </div>
   <div class='ocr_carea' id='block_1_84' title="bbox 2219 3772 3799 3843">
    <p class='ocr_par' dir='ltr' id='par_1_84' title="bbox 2219 3772 3799 3843">
     <span class='ocr_line' id='line_1_84' title="bbox 2219 3772 3799 3843; baseline -0.003 -15"><span class='ocrx_word' id='word_1_605' title='bbox 2219 3774 2536 3842; x_wconf 85' lang='lat' dir='ltr'><strong>bus,priora</strong></span> <span class='ocrx_word' id='word_1_606' title='bbox 2557 3774 2678 3827; x_wconf 93' lang='lat' dir='ltr'><strong>libri</strong></span> <span class='ocrx_word' id='word_1_607' title='bbox 2703 3774 2801 3828; x_wconf 88' lang='lat' dir='ltr'><strong>sub</strong></span> <span class='ocrx_word' id='word_1_608' title='bbox 2822 3774 2992 3829; x_wconf 89' lang='lat' dir='ltr'><strong>oculis</strong></span> <span class='ocrx_word' id='word_1_609' title='bbox 3017 3774 3154 3833; x_wconf 85' lang='lat' dir='ltr'><strong>dixi;</strong></span> <span class='ocrx_word' id='word_1_610' title='bbox 3180 3784 3230 3829; x_wconf 88' lang='lat' dir='ltr'><strong>et</strong></span> <span class='ocrx_word' id='word_1_611' title='bbox 3254 3775 3377 3843; x_wconf 86' lang='lat' dir='ltr'><strong>quia</strong></span> <span class='ocrx_word' id='word_1_612' title='bbox 3403 3782 3615 3843; x_wconf 85' lang='lat' dir='ltr'><strong>tempus</strong></span> <span class='ocrx_word' id='word_1_613' title='bbox 3638 3772 3799 3843; x_wconf 85' lang='lat' dir='ltr'><strong>paulo</strong></span> 
     </span>
    </p>
   </div>
   <div class='ocr_carea' id='block_1_85' title="bbox 2218 3863 3803 3936">
    <p class='ocr_par' dir='ltr' id='par_1_85' title="bbox 2218 3863 3803 3936">
     <span class='ocr_line' id='line_1_85' title="bbox 2218 3863 3803 3936; baseline -0.001 -20"><span class='ocrx_word' id='word_1_614' title='bbox 2218 3863 2497 3918; x_wconf 90' lang='lat' dir='ltr'><strong>vacantius</strong></span> <span class='ocrx_word' id='word_1_615' title='bbox 2547 3865 2761 3929; x_wconf 87' lang='lat' dir='ltr'><strong>reperi,</strong></span> <span class='ocrx_word' id='word_1_616' title='bbox 2816 3865 3114 3934; x_wconf 86' lang='lat' dir='ltr'><strong>posteriora</strong></span> <span class='ocrx_word' id='word_1_617' title='bbox 3170 3865 3449 3920; x_wconf 89' lang='lat' dir='ltr'><strong>tractando</strong></span> <span class='ocrx_word' id='word_1_618' title='bbox 3487 3864 3541 3936; x_wconf 66' lang='grc'><strong>4</strong></span> <span class='ocrx_word' id='word_1_619' title='bbox 3577 3863 3803 3919; x_wconf 78' lang='lat' dir='ltr'><strong>dictavi.</strong></span> 
     </span>
    </p>
   </div>
   <div class='ocr_carea' id='block_1_86' title="bbox 2219 3952 3802 4027">
    <p class='ocr_par' dir='ltr' id='par_1_86' title="bbox 2219 3952 3802 4027">
     <span class='ocr_line' id='line_1_86' title="bbox 2219 3952 3802 4027; baseline 0.001 -19"><span class='ocrx_word' id='word_1_620' title='bbox 2219 3952 2462 4023; x_wconf 89' lang='lat' dir='ltr'><strong>Cumque</strong></span> <span class='ocrx_word' id='word_1_621' title='bbox 2489 3954 2620 4009; x_wconf 93' lang='lat' dir='ltr'><strong>mihi</strong></span> <span class='ocrx_word' id='word_1_622' title='bbox 2645 3956 2818 4024; x_wconf 88' lang='lat' dir='ltr'><strong>spatia</strong></span> <span class='ocrx_word' id='word_1_623' title='bbox 2847 3955 3078 4025; x_wconf 88' lang='lat' dir='ltr'><strong>largiora</strong></span> <span class='ocrx_word' id='word_1_624' title='bbox 3105 3965 3480 4027; x_wconf 86' lang='lat' dir='ltr'><strong>suppeterent,</strong></span> <span class='ocrx_word' id='word_1_625' title='bbox 3513 3958 3681 4011; x_wconf 89' lang='lat' dir='ltr'><strong>multa</strong></span> <span class='ocrx_word' id='word_1_626' title='bbox 3708 3972 3802 4011; x_wconf 82' lang='lat' dir='ltr'><strong>au-</strong></span> 
     </span>
    </p>
   </div>
   <div class='ocr_carea' id='block_1_87' title="bbox 2219 4045 3800 4114">
    <p class='ocr_par' dir='ltr' id='par_1_87' title="bbox 2219 4045 3800 4114">
     <span class='ocr_line' id='line_1_87' title="bbox 2219 4045 3800 4114; baseline 0.004 -15"><span class='ocrx_word' id='word_1_627' title='bbox 2219 4057 2380 4113; x_wconf 88' lang='lat' dir='ltr'><strong>gens,</strong></span> <span class='ocrx_word' id='word_1_628' title='bbox 2412 4058 2580 4113; x_wconf 89' lang='lat' dir='ltr'><strong>pauca</strong></span> <span class='ocrx_word' id='word_1_629' title='bbox 2622 4045 2969 4111; x_wconf 86' lang='lat' dir='ltr'><strong>subtrahens,</strong></span> <span class='ocrx_word' id='word_1_630' title='bbox 2998 4054 3159 4114; x_wconf 88' lang='lat' dir='ltr'><strong>atque</strong></span> <span class='ocrx_word' id='word_1_631' title='bbox 3200 4048 3271 4102; x_wconf 90' lang='lat' dir='ltr'><strong>ita</strong></span> <span class='ocrx_word' id='word_1_632' title='bbox 3302 4055 3357 4101; x_wconf 91' lang='lat' dir='ltr'><strong>ut</strong></span> <span class='ocrx_word' id='word_1_633' title='bbox 3398 4047 3616 4101; x_wconf 87' lang='lat' dir='ltr'><strong>inventa</strong></span> <span class='ocrx_word' id='word_1_634' title='bbox 3646 4058 3800 4106; x_wconf 81' lang='lat' dir='ltr'><strong>sunt.</strong></span> 
     </span>
    </p>
   </div>
   <div class='ocr_carea' id='block_1_88' title="bbox 2221 4134 3803 4208">
    <p class='ocr_par' dir='ltr' id='par_1_88' title="bbox 2221 4134 3803 4208">
     <span class='ocr_line' id='line_1_88' title="bbox 2221 4134 3803 4208; baseline 0.004 -19"><span class='ocrx_word' id='word_1_635' title='bbox 2221 4134 2478 4190; x_wconf 85' lang='lat' dir='ltr'><strong>nonnulla</strong></span> <span class='ocrx_word' id='word_1_636' title='bbox 2499 4134 2899 4205; x_wconf 82' lang='lat' dir='ltr'><strong>derelinquens,</strong></span> <span class='ocrx_word' id='word_1_637' title='bbox 2928 4152 2990 4191; x_wconf 90' lang='lat' dir='ltr'><strong>ea</strong></span> <span class='ocrx_word' id='word_1_638' title='bbox 3018 4152 3135 4208; x_wconf 64' lang='lat' dir='ltr'><strong>quae</strong></span> <span class='ocrx_word' id='word_1_639' title='bbox 3166 4152 3250 4191; x_wconf 91' lang='lat' dir='ltr'><strong>me</strong></span> <span class='ocrx_word' id='word_1_640' title='bbox 3291 4137 3546 4208; x_wconf 91' lang='lat' dir='ltr'><strong>loquente</strong></span> <span class='ocrx_word' id='word_1_641' title='bbox 3574 4152 3803 4208; x_wconf 79' lang='lat' dir='ltr'><strong>excepta</strong></span> 
     </span>
    </p>
   </div>
   <div class='ocr_carea' id='block_1_89' title="bbox 2220 4224 3803 4298">
    <p class='ocr_par' dir='ltr' id='par_1_89' title="bbox 2220 4224 3803 4298">
     <span class='ocr_line' id='line_1_89' title="bbox 2220 4224 3803 4298; baseline 0.002 -18"><span class='ocrx_word' id='word_1_642' title='bbox 2220 4225 2321 4280; x_wconf 90' lang='lat' dir='ltr'><strong>sub</strong></span> <span class='ocrx_word' id='word_1_643' title='bbox 2347 4225 2518 4281; x_wconf 92' lang='lat' dir='ltr'><strong>oculis</strong></span> <span class='ocrx_word' id='word_1_644' title='bbox 2547 4224 2783 4287; x_wconf 83' lang='lat' dir='ltr'><strong>fuerant.</strong></span> <span class='ocrx_word' id='word_1_645' title='bbox 2814 4241 2912 4297; x_wconf 87' lang='lat' dir='ltr'><strong>per</strong></span> <span class='ocrx_word' id='word_1_646' title='bbox 2939 4226 3103 4282; x_wconf 90' lang='lat' dir='ltr'><strong>libros</strong></span> <span class='ocrx_word' id='word_1_647' title='bbox 3131 4228 3467 4282; x_wconf 86' lang='lat' dir='ltr'><strong>emendando</strong></span> <span class='ocrx_word' id='word_1_648' title='bbox 3496 4230 3803 4298; x_wconf 82' lang='lat' dir='ltr'><strong>composui,</strong></span> 
     </span>
    </p>
   </div>
   <div class='ocr_carea' id='block_1_90' title="bbox 2220 4316 3803 4389">
    <p class='ocr_par' dir='ltr' id='par_1_90' title="bbox 2220 4316 3803 4389">
     <span class='ocr_line' id='line_1_90' title="bbox 2220 4316 3803 4389; baseline 0.003 -19"><span class='ocrx_word' id='word_1_649' title='bbox 2220 4316 2343 4386; x_wconf 91' lang='lat' dir='ltr'><strong>quia</strong></span> <span class='ocrx_word' id='word_1_650' title='bbox 2367 4327 2561 4371; x_wconf 91' lang='lat' dir='ltr'><strong>etcum</strong></span> <span class='ocrx_word' id='word_1_651' title='bbox 2586 4326 2853 4386; x_wconf 88' lang='lat' dir='ltr'><strong>postrema</strong></span> <span class='ocrx_word' id='word_1_652' title='bbox 2872 4318 3154 4387; x_wconf 86' lang='lat' dir='ltr'><strong>dictarem,</strong></span> <span class='ocrx_word' id='word_1_653' title='bbox 3174 4334 3280 4389; x_wconf 92' lang='lat' dir='ltr'><strong>quo</strong></span> <span class='ocrx_word' id='word_1_654' title='bbox 3309 4319 3447 4389; x_wconf 86' lang='lat' dir='ltr'><strong>stylo</strong></span> <span class='ocrx_word' id='word_1_655' title='bbox 3470 4321 3643 4388; x_wconf 88' lang='lat' dir='ltr'><strong>prima</strong></span> <span class='ocrx_word' id='word_1_656' title='bbox 3662 4322 3803 4375; x_wconf 86' lang='lat' dir='ltr'><strong>dixe-</strong></span> 
     </span>
    </p>
   </div>
   <div class='ocr_carea' id='block_1_91' title="bbox 2223 4404 3804 4479">
    <p class='ocr_par' dir='ltr' id='par_1_91' title="bbox 2223 4404 3804 4479">
     <span class='ocr_line' id='line_1_91' title="bbox 2223 4404 3804 4479; baseline 0.003 -21"><span class='ocrx_word' id='word_1_657' title='bbox 2223 4419 2361 4469; x_wconf 83' lang='lat' dir='ltr'><strong>ram,</strong></span> <span class='ocrx_word' id='word_1_658' title='bbox 2391 4406 2626 4460; x_wconf 89' lang='lat' dir='ltr'><strong>sollicite</strong></span> <span class='ocrx_word' id='word_1_659' title='bbox 2652 4406 2880 4461; x_wconf 92' lang='lat' dir='ltr'><strong>attendi.</strong></span> <span class='ocrx_word' id='word_1_660' title='bbox 2908 4404 2998 4477; x_wconf 80' lang='lat' dir='ltr'><strong>Egi</strong></span> <span class='ocrx_word' id='word_1_661' title='bbox 3022 4422 3179 4477; x_wconf 85' lang='lat' dir='ltr'><strong>ergo.</strong></span> <span class='ocrx_word' id='word_1_662' title='bbox 3205 4416 3263 4463; x_wconf 91' lang='lat' dir='ltr'><strong>ut</strong></span> <span class='ocrx_word' id='word_1_663' title='bbox 3285 4416 3339 4463; x_wconf 91' lang='lat' dir='ltr'><strong>et</strong></span> <span class='ocrx_word' id='word_1_664' title='bbox 3360 4423 3424 4462; x_wconf 92' lang='lat' dir='ltr'><strong>ea</strong></span> <span class='ocrx_word' id='word_1_665' title='bbox 3446 4423 3567 4479; x_wconf 72' lang='lat' dir='ltr'><strong>qua:</strong></span> <span class='ocrx_word' id='word_1_666' title='bbox 3596 4409 3804 4465; x_wconf 83' lang='lat' dir='ltr'><strong>locutus</strong></span> 
     </span>
    </p>
   </div>
   <div class='ocr_carea' id='block_1_92' title="bbox 549 4469 2120 4576">
    <p class='ocr_par' dir='ltr' id='par_1_92' title="bbox 549 4469 2120 4543">
     <span class='ocr_line' id='line_1_92' title="bbox 549 4469 2120 4543; baseline 0.007 -20"><span class='ocrx_word' id='word_1_667' title='bbox 549 4469 678 4534; x_wconf 91' lang='lat' dir='ltr'><strong>vita,</strong></span> <span class='ocrx_word' id='word_1_668' title='bbox 712 4485 970 4526; x_wconf 89' lang='lat' dir='ltr'><strong>mucrone</strong></span> <span class='ocrx_word' id='word_1_669' title='bbox 1011 4486 1122 4525; x_wconf 74' lang='lat' dir='ltr'><strong>sua:</strong></span> <span class='ocrx_word' id='word_1_670' title='bbox 1161 4473 1532 4542; x_wconf 90' lang='lat' dir='ltr'><strong>occupationis</strong></span> <span class='ocrx_word' id='word_1_671' title='bbox 1577 4477 1934 4543; x_wconf 81' lang='lat' dir='ltr'><strong>exstinxerat;</strong></span> <span class='ocrx_word' id='word_1_672' title='bbox 1983 4479 2120 4534; x_wconf 92' lang='lat' dir='ltr'><strong>inter</strong></span> 
     </span>
    </p>
   </div>
   <div class='ocr_carea' id='block_1_93' title="bbox 2228 4469 3804 4576">
    <p class='ocr_par' dir='ltr' id='par_1_93' title="bbox 2228 4495 3804 4568">
     <span class='ocr_line' id='line_1_93' title="bbox 2228 4495 3804 4568; baseline 0.003 -19"><span class='ocrx_word' id='word_1_673' title='bbox 2228 4508 2375 4556; x_wconf 87' lang='lat' dir='ltr'><strong>sum.</strong></span> <span class='ocrx_word' id='word_1_674' title='bbox 2404 4495 2642 4549; x_wconf 89' lang='lat' dir='ltr'><strong>studiosa</strong></span> <span class='ocrx_word' id='word_1_675' title='bbox 2684 4495 3057 4552; x_wconf 88' lang='lat' dir='ltr'><strong>emendatione</strong></span> <span class='ocrx_word' id='word_1_676' title='bbox 3101 4505 3501 4564; x_wconf 88' lang='lat' dir='ltr'><strong>transcurrens,</strong></span> <span class='ocrx_word' id='word_1_677' title='bbox 3542 4501 3701 4568; x_wconf 90' lang='lat' dir='ltr'><strong>quasi</strong></span> <span class='ocrx_word' id='word_1_678' title='bbox 3740 4500 3804 4554; x_wconf 87' lang='lat' dir='ltr'><strong>ad</strong></span> 
     </span>
    </p>
   </div>
   <div class='ocr_carea' id='block_1_94' title="bbox 549 4561 2122 4640">
    <p class='ocr_par' dir='ltr' id='par_1_94' title="bbox 549 4561 2122 4640">
     <span class='ocr_line' id='line_1_94' title="bbox 549 4561 2122 4640; baseline 0.007 -27"><span class='ocrx_word' id='word_1_679' title='bbox 549 4574 644 4614; x_wconf 89' lang='lat' dir='ltr'><strong>eos</strong></span> <span class='ocrx_word' id='word_1_680' title='bbox 670 4568 848 4614; x_wconf 90' lang='lat' dir='ltr'><strong>tamen</strong></span> <span class='ocrx_word' id='word_1_681' title='bbox 894 4576 992 4631; x_wconf 88' lang='lat' dir='ltr'><strong>per</strong></span> <span class='ocrx_word' id='word_1_682' title='bbox 1017 4561 1274 4617; x_wconf 74' lang='lat' dir='ltr'><strong>studiosae</strong></span> <span class='ocrx_word' id='word_1_683' title='bbox 1318 4564 1563 4621; x_wconf 87' lang='lat' dir='ltr'><strong>lectionis</strong></span> <span class='ocrx_word' id='word_1_684' title='bbox 1605 4566 1919 4637; x_wconf 88' lang='lat' dir='ltr'><strong>alloquium,</strong></span> <span class='ocrx_word' id='word_1_685' title='bbox 1945 4572 2122 4640; x_wconf 69' lang='lat' dir='ltr'><strong>quoti~</strong></span> 
     </span>
    </p>
   </div>
   <div class='ocr_carea' id='block_1_95' title="bbox 548 4646 2124 4719">
    <p class='ocr_par' dir='ltr' id='par_1_95' title="bbox 548 4646 2124 4719">
     <span class='ocr_line' id='line_1_95' title="bbox 548 4646 2124 4719; baseline 0.01 -19"><span class='ocrx_word' id='word_1_686' title='bbox 548 4646 721 4701; x_wconf 71' lang='lat' dir='ltr'><strong>dianae</strong></span> <span class='ocrx_word' id='word_1_687' title='bbox 747 4662 834 4703; x_wconf 89' lang='lat' dir='ltr'><strong>me</strong></span> <span class='ocrx_word' id='word_1_688' title='bbox 862 4649 1119 4719; x_wconf 87' lang='lat' dir='ltr'><strong>aspiratio</strong></span> <span class='ocrx_word' id='word_1_689' title='bbox 1159 4653 1587 4719; x_wconf 89' lang='lat' dir='ltr'><strong>compunctionis</strong></span> <span class='ocrx_word' id='word_1_690' title='bbox 1630 4657 1918 4711; x_wconf 88' lang='lat' dir='ltr'><strong>animabat.</strong></span> <span class='ocrx_word' id='word_1_691' title='bbox 1972 4658 2124 4716; x_wconf 90' lang='lat' dir='ltr'><strong>Tunc</strong></span> 
     </span>
    </p>
   </div>
   <div class='ocr_carea' id='block_1_96' title="bbox 548 4737 2124 4817">
    <p class='ocr_par' dir='ltr' id='par_1_96' title="bbox 548 4737 2124 4817">
     <span class='ocr_line' id='line_1_96' title="bbox 548 4737 2124 4817; baseline 0.007 -24"><span class='ocrx_word' id='word_1_692' title='bbox 548 4737 749 4793; x_wconf 85' lang='lat' dir='ltr'><strong>eisdem</strong></span> <span class='ocrx_word' id='word_1_693' title='bbox 797 4739 1071 4807; x_wconf 87' lang='lat' dir='ltr'><strong>fratribus,</strong></span> <span class='ocrx_word' id='word_1_694' title='bbox 1118 4751 1282 4796; x_wconf 82' lang='lat' dir='ltr'><strong>etiam</strong></span> <span class='ocrx_word' id='word_1_695' title='bbox 1326 4752 1554 4812; x_wconf 89' lang='lat' dir='ltr'><strong>cogente</strong></span> <span class='ocrx_word' id='word_1_696' title='bbox 1598 4753 1670 4813; x_wconf 91' lang='lat' dir='ltr'><strong>te,</strong></span> <span class='ocrx_word' id='word_1_697' title='bbox 1720 4749 1939 4817; x_wconf 88' lang='lat' dir='ltr'><strong>placuit,</strong></span> <span class='ocrx_word' id='word_1_698' title='bbox 1983 4748 2124 4805; x_wconf 90' lang='lat' dir='ltr'><strong>sicut</strong></span> 
     </span>
    </p>
   </div>
   <div class='ocr_carea' id='block_1_97' title="bbox 546 4890 2125 4974">
    <p class='ocr_par' dir='ltr' id='par_1_97' title="bbox 546 4890 2125 4974">
     <span class='ocr_line' id='line_1_97' title="bbox 546 4890 2125 4974; baseline 0.008 -29"><span class='ocrx_word' id='word_1_699' title='bbox 546 4890 761 4974; x_wconf 52' lang='lat' dir='ltr'><strong>dicitur:</strong></span> <span class='ocrx_word' id='word_1_700' title='bbox 783 4892 872 4963; x_wconf 80' lang='lat' dir='ltr'><strong>qui</strong></span> <span class='ocrx_word' id='word_1_701' title='bbox 897 4896 1236 4974; x_wconf 58' lang='lat' dir='ltr'><strong>procurandis</strong></span> <span class='ocrx_word' id='word_1_702' title='bbox 1258 4902 1555 4974; x_wconf 57' lang='lat' dir='ltr'><strong>monasterii</strong></span> <span class='ocrx_word' id='word_1_703' title='bbox 1574 4903 1791 4974; x_wconf 82' lang='lat' dir='ltr'><strong>negotiis</strong></span> <span class='ocrx_word' id='word_1_704' title='bbox 1819 4905 2125 4974; x_wconf 70' lang='lat' dir='ltr'><strong>prtepositus</strong></span> 
     </span>
    </p>
   </div>
   <div class='ocr_carea' id='block_1_98' title="bbox 547 4961 2126 5041">
    <p class='ocr_par' dir='ltr' id='par_1_98' title="bbox 547 4961 2126 5041">
     <span class='ocr_line' id='line_1_98' title="bbox 547 4961 2126 5041; baseline 0.009 -28"><span class='ocrx_word' id='word_1_705' title='bbox 547 4970 682 5041; x_wconf 76' lang='lat' dir='ltr'><strong>erat.</strong></span> <span class='ocrx_word' id='word_1_706' title='bbox 710 4961 880 5017; x_wconf 82' lang='lat' dir='ltr'><strong>Porro</strong></span> <span class='ocrx_word' id='word_1_707' title='bbox 913 4963 1145 5041; x_wconf 78' lang='lat' dir='ltr'><strong>Leonem</strong></span> <span class='ocrx_word' id='word_1_708' title='bbox 1166 4965 1415 5041; x_wconf 82' lang='lat' dir='ltr'><strong>Magnum</strong></span> <span class='ocrx_word' id='word_1_709' title='bbox 1443 4983 1474 5023; x_wconf 88' lang='lat' dir='ltr'><strong>e</strong></span> <span class='ocrx_word' id='word_1_710' title='bbox 1501 4961 1757 5041; x_wconf 64' lang='lat' dir='ltr'><strong>Romanis</strong></span> <span class='ocrx_word' id='word_1_711' title='bbox 1786 4961 2126 5041; x_wconf 74' lang='lat' dir='ltr'><strong>pontificibus</strong></span> 
     </span>
    </p>
   </div>
   <div class='ocr_carea' id='block_1_99' title="bbox 548 5031 2124 5112">
    <p class='ocr_par' dir='ltr' id='par_1_99' title="bbox 548 5031 2124 5112">
     <span class='ocr_line' id='line_1_99' title="bbox 548 5031 2124 5112; baseline 0.01 -30"><span class='ocrx_word' id='word_1_712' title='bbox 548 5031 805 5112; x_wconf 81' lang='lat' dir='ltr'><strong>primum,</strong></span> <span class='ocrx_word' id='word_1_713' title='bbox 837 5035 1239 5112; x_wconf 77' lang='lat' dir='ltr'><strong>apocrisiarium</strong></span> <span class='ocrx_word' id='word_1_714' title='bbox 1257 5031 1510 5112; x_wconf 76' lang='lat' dir='ltr'><strong>habuisse</strong></span> <span class='ocrx_word' id='word_1_715' title='bbox 1553 5031 2021 5112; x_wconf 77' lang='lat' dir='ltr'><strong>Constantinopoli</strong></span> <span class='ocrx_word' id='word_1_716' title='bbox 2070 5045 2124 5098; x_wconf 92' lang='lat' dir='ltr'><strong>in</strong></span> 
     </span>
    </p>
   </div>
   <div class='ocr_carea' id='block_1_100' title="bbox 546 5102 2128 5180">
    <p class='ocr_par' dir='ltr' id='par_1_100' title="bbox 546 5102 2128 5180">
     <span class='ocr_line' id='line_1_100' title="bbox 546 5102 2128 5180; baseline 0.01 -28"><span class='ocrx_word' id='word_1_717' title='bbox 546 5102 807 5180; x_wconf 74' lang='lat' dir='ltr'><strong>comitatu</strong></span> <span class='ocrx_word' id='word_1_718' title='bbox 831 5143 847 5171; x_wconf 95' lang='lat'><strong>,</strong></span> <span class='ocrx_word' id='word_1_719' title='bbox 876 5105 1505 5180; x_wconf 33' lang='lat' dir='ltr'><strong>exﬁemploﬁlexandrini</strong></span> <span class='ocrx_word' id='word_1_720' title='bbox 1536 5112 1803 5180; x_wconf 87' lang='lat' dir='ltr'><strong>episcopi,</strong></span> <span class='ocrx_word' id='word_1_721' title='bbox 1852 5102 2128 5168; x_wconf 73' lang='lat' dir='ltr'><strong>contendit</strong></span> 
     </span>
    </p>
   </div>
   <div class='ocr_carea' id='block_1_101' title="bbox 546 5168 2128 5249">
    <p class='ocr_par' dir='ltr' id='par_1_101' title="bbox 546 5168 2128 5249">
     <span class='ocr_line' id='line_1_101' title="bbox 546 5168 2128 5249; baseline 0.012 -29"><span class='ocrx_word' id='word_1_722' title='bbox 546 5168 891 5249; x_wconf 61' lang='lat' dir='ltr'><strong>doctissimus</strong></span> <span class='ocrx_word' id='word_1_723' title='bbox 913 5168 1278 5249; x_wconf 70' lang='lat' dir='ltr'><strong>Quesnellius.</strong></span> <span class='ocrx_word' id='word_1_724' title='bbox 1311 5192 1376 5249; x_wconf 79' lang='lat' dir='ltr'><strong>ex</strong></span> <span class='ocrx_word' id='word_1_725' title='bbox 1408 5168 1661 5247; x_wconf 63' lang='lat' dir='ltr'><strong>epist.&#39;86</strong></span> <span class='ocrx_word' id='word_1_726' title='bbox 1691 5168 1929 5249; x_wconf 63' lang='lat' dir='ltr'><strong>eiusdem</strong></span> <span class='ocrx_word' id='word_1_727' title='bbox 1956 5184 2128 5239; x_wconf 87' lang='lat' dir='ltr'><strong>sancti</strong></span> 
     </span>
    </p>
   </div>
   <div class='ocr_carea' id='block_1_102' title="bbox 546 5235 2124 5363">
    <p class='ocr_par' dir='ltr' id='par_1_102' title="bbox 546 5235 2124 5363">
     <span class='ocr_line' id='line_1_102' title="bbox 546 5235 2124 5363; baseline 0.009 -72"><span class='ocrx_word' id='word_1_728' title='bbox 546 5235 762 5363; x_wconf 45' lang='grc' dir='ltr'><strong>’1ῗὲεὲηῇ</strong></span> <span class='ocrx_word' id='word_1_729' title='bbox 775 5235 963 5363; x_wconf 44' lang='grc' dir='ltr'><strong>έὶνὶάέ</strong></span> <span class='ocrx_word' id='word_1_730' title='bbox 988 5244 1209 5299; x_wconf 83' lang='lat' dir='ltr'><strong>Dissort.</strong></span> <span class='ocrx_word' id='word_1_731' title='bbox 1246 5246 1271 5299; x_wconf 87' lang='grc'><strong>1</strong></span> <span class='ocrx_word' id='word_1_732' title='bbox 1308 5235 1572 5317; x_wconf 61' lang='lat' dir='ltr'><strong>Ques&#39;neL,</strong></span> <span class='ocrx_word' id='word_1_733' title='bbox 1605 5255 1673 5304; x_wconf 85' lang='lat' dir='ltr'><strong>ad</strong></span> <span class='ocrx_word' id='word_1_734' title='bbox 1714 5235 2124 5320; x_wconf 15' lang='lat' dir='ltr'><strong>an.747575,7n.1,</strong></span> 
     </span>
    </p>
   </div>
   <div class='ocr_carea' id='block_1_103' title="bbox 582 5324 852 5365">
    <p class='ocr_par' dir='ltr' id='par_1_103' title="bbox 582 5324 852 5365">
     <span class='ocr_line' id='line_1_103' title="bbox 582 5324 852 5365; baseline 0.026 -6"><span class='ocrx_word' id='word_1_735' title='bbox 582 5324 665 5365; x_wconf 85' lang='lat' dir='ltr'><strong>aa.</strong></span> <span class='ocrx_word' id='word_1_736' title='bbox 704 5324 852 5365; x_wconf 68' lang='grc' dir='ltr'><strong>ὒΜ).</strong></span> 
     </span>
    </p>
   </div>
   <div class='ocr_carea' id='block_1_104' title="bbox 544 5315 2128 5462">
    <p class='ocr_par' dir='ltr' id='par_1_104' title="bbox 544 5315 2128 5462">
     <span class='ocr_line' id='line_1_104' title="bbox 544 5315 2128 5462; baseline 0.001 -24"><span class='ocrx_word' id='word_1_737' title='bbox 685 5315 1344 5462; x_wconf 46' lang='lat' dir='ltr'><strong>gelt:?.i’isigot[_iaram,_ut_</strong></span> <span class='ocrx_word' id='word_1_738' title='bbox 1367 5388 1421 5462; x_wconf 80' lang='lat' dir='ltr'><strong>in</strong></span> <span class='ocrx_word' id='word_1_739' title='bbox 1453 5390 1841 5462; x_wconf 76' lang='lat' dir='ltr'><strong>antiquioribus</strong></span> <span class='ocrx_word' id='word_1_740' title='bbox 1880 5393 2015 5448; x_wconf 89' lang='lat' dir='ltr'><strong>Cod.</strong></span> <span class='ocrx_word' id='word_1_741' title='bbox 2047 5395 2128 5451; x_wconf 73' lang='lat' dir='ltr'><strong>le-</strong></span> 
     </span>
    </p>
   </div>
   <div class='ocr_carea' id='block_1_105' title="bbox 544 5448 2132 5533">
    <p class='ocr_par' dir='ltr' id='par_1_105' title="bbox 544 5448 2132 5533">
     <span class='ocr_line' id='line_1_105' title="bbox 544 5448 2132 5533; baseline 0.015 -35"><span class='ocrx_word' id='word_1_742' title='bbox 544 5448 707 5533; x_wconf 50' lang='lat' dir='ltr'><strong>gitur.</strong></span> <span class='ocrx_word' id='word_1_743' title='bbox 759 5448 1006 5533; x_wconf 57' lang='lat' dir='ltr'><strong>&quot;ierant</strong></span> <span class='ocrx_word' id='word_1_744' title='bbox 1033 5453 1194 5510; x_wconf 87' lang='lat' dir='ltr'><strong>Gothi</strong></span> <span class='ocrx_word' id='word_1_745' title='bbox 1222 5448 1727 5533; x_wconf 34' lang='lat' dir='ltr'><strong>Occidentaleslqul</strong></span> <span class='ocrx_word' id='word_1_746' title='bbox 1765 5448 2132 5533; x_wconf 12' lang='lat' dir='ltr'><strong>Hispaniasret</strong></span> 
     </span>
    </p>
   </div>
   <div class='ocr_carea' id='block_1_106' title="bbox 545 5514 2128 5604">
    <p class='ocr_par' dir='ltr' id='par_1_106' title="bbox 545 5514 2128 5604">
     <span class='ocr_line' id='line_1_106' title="bbox 545 5514 2128 5604; baseline 0.015 -35"><span class='ocrx_word' id='word_1_747' title='bbox 545 5514 771 5604; x_wconf 50' lang='lat' dir='ltr'><strong>galliam</strong></span> <span class='ocrx_word' id='word_1_748' title='bbox 795 5521 1191 5604; x_wconf 51' lang='lat' dir='ltr'><strong>Narbonensem</strong></span> <span class='ocrx_word' id='word_1_749' title='bbox 1212 5514 2128 5604; x_wconf 37' lang='lat' dir='ltr'><strong>occupabant.ostrogomiﬁnunct;</strong></span> 
     </span>
    </p>
   </div>
   <div class='ocr_carea' id='block_1_107' title="bbox 546 5592 1353 5655">
    <p class='ocr_par' dir='ltr' id='par_1_107' title="bbox 546 5592 1353 5655">
     <span class='ocr_line' id='line_1_107' title="bbox 546 5592 1353 5655; baseline 0.022 -19"><span class='ocrx_word' id='word_1_750' title='bbox 546 5592 657 5655; x_wconf 84' lang='lat' dir='ltr'><strong>pati</strong></span> <span class='ocrx_word' id='word_1_751' title='bbox 689 5600 815 5643; x_wconf 82' lang='lat' dir='ltr'><strong>sunt</strong></span> <span class='ocrx_word' id='word_1_752' title='bbox 840 5592 1001 5647; x_wconf 85' lang='lat' dir='ltr'><strong>Gothi</strong></span> <span class='ocrx_word' id='word_1_753' title='bbox 1030 5592 1353 5654; x_wconf 85' lang='lat' dir='ltr'><strong>Orientales.</strong></span> 
     </span>
    </p>
   </div>
   <div class='ocr_carea' id='block_1_108' title="bbox 618 5655 2131 5737">
    <p class='ocr_par' dir='ltr' id='par_1_108' title="bbox 618 5655 2131 5737">
     <span class='ocr_line' id='line_1_108' title="bbox 618 5655 2131 5737; baseline 0.015 -27"><span class='ocrx_word' id='word_1_754' title='bbox 618 5655 646 5693; x_wconf 70' lang='grc' dir='ltr'><strong>ι’</strong></span> <span class='ocrx_word' id='word_1_755' title='bbox 684 5658 824 5713; x_wconf 86' lang='lat' dir='ltr'><strong>Editi</strong></span> <span class='ocrx_word' id='word_1_756' title='bbox 841 5700 857 5725; x_wconf 88' lang='lat'><strong>,</strong></span> <span class='ocrx_word' id='word_1_757' title='bbox 880 5673 1108 5737; x_wconf 67' lang='lat' dir='ltr'><strong>excepto</strong></span> <span class='ocrx_word' id='word_1_758' title='bbox 1129 5666 1415 5737; x_wconf 84' lang='lat' dir='ltr'><strong>Gussanv.,</strong></span> <span class='ocrx_word' id='word_1_759' title='bbox 1441 5674 1741 5730; x_wconf 67' lang='lat' dir='ltr'><strong>saecularem</strong></span> <span class='ocrx_word' id='word_1_760' title='bbox 1765 5676 1988 5731; x_wconf 82' lang='lat' dir='ltr'><strong>habitum</strong></span> <span class='ocrx_word' id='word_1_761' title='bbox 2013 5695 2131 5732; x_wconf 86' lang='lat' dir='ltr'><strong>con-</strong></span> 
     </span>
    </p>
   </div>
   <div class='ocr_carea' id='block_1_109' title="bbox 548 5733 2124 5804">
    <p class='ocr_par' dir='ltr' id='par_1_109' title="bbox 548 5733 2124 5804">
     <span class='ocr_line' id='line_1_109' title="bbox 548 5733 2124 5804; baseline 0.017 -27"><span class='ocrx_word' id='word_1_762' title='bbox 548 5733 792 5795; x_wconf 76' lang='lat' dir='ltr'><strong>temnere,</strong></span> <span class='ocrx_word' id='word_1_763' title='bbox 822 5741 1011 5788; x_wconf 90' lang='lat' dir='ltr'><strong>contra</strong></span> <span class='ocrx_word' id='word_1_764' title='bbox 1038 5733 1165 5791; x_wconf 82' lang='lat' dir='ltr'><strong>Mss.</strong></span> <span class='ocrx_word' id='word_1_765' title='bbox 1212 5733 1449 5795; x_wconf 82' lang='lat' dir='ltr'><strong>omnium</strong></span> <span class='ocrx_word' id='word_1_766' title='bbox 1500 5743 1676 5800; x_wconf 85' lang='lat' dir='ltr'><strong>fidem.</strong></span> <span class='ocrx_word' id='word_1_767' title='bbox 1708 5748 1953 5803; x_wconf 86' lang='lat' dir='ltr'><strong>Nostram</strong></span> <span class='ocrx_word' id='word_1_768' title='bbox 1996 5749 2124 5804; x_wconf 88' lang='lat' dir='ltr'><strong>lect.</strong></span> 
     </span>
    </p>
   </div>
   <div class='ocr_carea' id='block_1_110' title="bbox 2224 4587 3804 4661">
    <p class='ocr_par' dir='ltr' id='par_1_110' title="bbox 2224 4587 3804 4661">
     <span class='ocr_line' id='line_1_110' title="bbox 2224 4587 3804 4661; baseline 0.005 -20"><span class='ocrx_word' id='word_1_769' title='bbox 2224 4587 2623 4642; x_wconf 84' lang='lat' dir='ltr'><strong>similitudinem</strong></span> <span class='ocrx_word' id='word_1_770' title='bbox 2648 4588 2874 4643; x_wconf 86' lang='lat' dir='ltr'><strong>dictatus</strong></span> <span class='ocrx_word' id='word_1_771' title='bbox 2913 4590 3207 4659; x_wconf 86' lang='lat' dir='ltr'><strong>erigerem;</strong></span> <span class='ocrx_word' id='word_1_772' title='bbox 3237 4599 3291 4645; x_wconf 91' lang='lat' dir='ltr'><strong>et</strong></span> <span class='ocrx_word' id='word_1_773' title='bbox 3318 4606 3383 4646; x_wconf 87' lang='lat' dir='ltr'><strong>ea</strong></span> <span class='ocrx_word' id='word_1_774' title='bbox 3408 4607 3528 4661; x_wconf 74' lang='lat' dir='ltr'><strong>quae</strong></span> <span class='ocrx_word' id='word_1_775' title='bbox 3569 4593 3804 4649; x_wconf 73' lang='lat' dir='ltr'><strong>dictave~</strong></span> 
     </span>
    </p>
   </div>
   <div class='ocr_carea' id='block_1_111' title="bbox 2226 4676 3805 4751">
    <p class='ocr_par' dir='ltr' id='par_1_111' title="bbox 2226 4676 3805 4751">
     <span class='ocr_line' id='line_1_111' title="bbox 2226 4676 3805 4751; baseline 0.004 -21"><span class='ocrx_word' id='word_1_776' title='bbox 2226 4691 2362 4741; x_wconf 91' lang='lat' dir='ltr'><strong>ram,</strong></span> <span class='ocrx_word' id='word_1_777' title='bbox 2386 4692 2492 4731; x_wconf 91' lang='lat' dir='ltr'><strong>non</strong></span> <span class='ocrx_word' id='word_1_778' title='bbox 2522 4676 2679 4745; x_wconf 91' lang='lat' dir='ltr'><strong>longe</strong></span> <span class='ocrx_word' id='word_1_779' title='bbox 2699 4692 2729 4731; x_wconf 95' lang='lat' dir='ltr'><strong>a</strong></span> <span class='ocrx_word' id='word_1_780' title='bbox 2751 4679 3105 4749; x_wconf 89' lang='lat' dir='ltr'><strong>colloquentis</strong></span> <span class='ocrx_word' id='word_1_781' title='bbox 3133 4694 3383 4736; x_wconf 89' lang='lat' dir='ltr'><strong>sermone</strong></span> <span class='ocrx_word' id='word_1_782' title='bbox 3405 4680 3805 4751; x_wconf 87' lang='lat' dir='ltr'><strong>discreparent;</strong></span> 
     </span>
    </p>
   </div>
   <div class='ocr_carea' id='block_1_112' title="bbox 2227 4766 3807 4839">
    <p class='ocr_par' dir='ltr' id='par_1_112' title="bbox 2227 4766 3807 4839">
     <span class='ocr_line' id='line_1_112' title="bbox 2227 4766 3807 4839; baseline 0.005 -18"><span class='ocrx_word' id='word_1_783' title='bbox 2227 4777 2493 4837; x_wconf 89' lang='lat' dir='ltr'><strong>quatenus</strong></span> <span class='ocrx_word' id='word_1_784' title='bbox 2543 4766 2670 4823; x_wconf 91' lang='lat' dir='ltr'><strong>dum</strong></span> <span class='ocrx_word' id='word_1_785' title='bbox 2713 4767 2816 4822; x_wconf 89' lang='lat' dir='ltr'><strong>hoc</strong></span> <span class='ocrx_word' id='word_1_786' title='bbox 2861 4770 3117 4839; x_wconf 86' lang='lat' dir='ltr'><strong>tenditur,</strong></span> <span class='ocrx_word' id='word_1_787' title='bbox 3156 4770 3286 4826; x_wconf 87' lang='lat' dir='ltr'><strong>illud</strong></span> <span class='ocrx_word' id='word_1_788' title='bbox 3326 4771 3640 4838; x_wconf 88' lang='lat' dir='ltr'><strong>attrahitur,</strong></span> <span class='ocrx_word' id='word_1_789' title='bbox 3669 4773 3807 4829; x_wconf 87' lang='lat' dir='ltr'><strong>edita</strong></span> 
     </span>
    </p>
   </div>
   <div class='ocr_carea' id='block_1_113' title="bbox 2231 4918 3809 4994">
    <p class='ocr_par' dir='ltr' id='par_1_113' title="bbox 2231 4918 3809 4994">
     <span class='ocr_line' id='line_1_113' title="bbox 2231 4918 3809 4994; baseline 0.007 -22"><span class='ocrx_word' id='word_1_790' title='bbox 2231 4919 2511 4994; x_wconf 78' lang='lat' dir='ltr'><strong>confirmat</strong></span> <span class='ocrx_word' id='word_1_791' title='bbox 2532 4918 2689 4994; x_wconf 69' lang='lat' dir='ltr'><strong>Joan.</strong></span> <span class='ocrx_word' id='word_1_792' title='bbox 2730 4919 2899 4987; x_wconf 89' lang='lat' dir='ltr'><strong>Diac.,</strong></span> <span class='ocrx_word' id='word_1_793' title='bbox 2929 4922 2966 4976; x_wconf 93' lang='lat' dir='ltr'><strong>l.</strong></span> <span class='ocrx_word' id='word_1_794' title='bbox 2995 4938 3015 4994; x_wconf 12' lang='lat' dir='ltr'><strong>Vl</strong></span> <span class='ocrx_word' id='word_1_795' title='bbox 3038 4922 3174 4978; x_wconf 68' lang='lat' dir='ltr'><strong>Viue</strong></span> <span class='ocrx_word' id='word_1_796' title='bbox 3201 4922 3461 4994; x_wconf 81' lang='lat' dir='ltr'><strong>S.Grcg.,</strong></span> <span class='ocrx_word' id='word_1_797' title='bbox 3490 4941 3542 4981; x_wconf 91' lang='lat' dir='ltr'><strong>c.</strong></span> <span class='ocrx_word' id='word_1_798' title='bbox 3574 4926 3608 4979; x_wconf 79' lang='grc'><strong>4</strong></span> <span class='ocrx_word' id='word_1_799' title='bbox 3635 4945 3647 4981; x_wconf 93' lang='lat'>:</span> <span class='ocrx_word' id='word_1_800' title='bbox 3681 4927 3809 4983; x_wconf 82' lang='lat' dir='ltr'><strong>Dum</strong></span> 
     </span>
    </p>
   </div>
   <div class='ocr_carea' id='block_1_114' title="bbox 2231 4991 3810 5065">
    <p class='ocr_par' dir='ltr' id='par_1_114' title="bbox 2231 4991 3810 5065">
     <span class='ocr_line' id='line_1_114' title="bbox 2231 4991 3810 5065; baseline 0.006 -23"><span class='ocrx_word' id='word_1_801' title='bbox 2231 4991 2577 5065; x_wconf 67' lang='lat' dir='ltr'><strong>conuersionis</strong></span> <span class='ocrx_word' id='word_1_802' title='bbox 2606 5007 2713 5065; x_wconf 66' lang='lat' dir='ltr'><strong>sua:</strong></span> <span class='ocrx_word' id='word_1_803' title='bbox 2732 4994 2955 5059; x_wconf 85' lang='lat' dir='ltr'><strong>gratiam</strong></span> <span class='ocrx_word' id='word_1_804' title='bbox 2984 4993 3185 5065; x_wconf 82' lang='lat' dir='ltr'><strong>longius</strong></span> <span class='ocrx_word' id='word_1_805' title='bbox 3220 4991 3539 5060; x_wconf 67' lang='lat' dir='ltr'><strong>protrahens,</strong></span> <span class='ocrx_word' id='word_1_806' title='bbox 3571 5001 3733 5051; x_wconf 83' lang='lat' dir='ltr'><strong>tutius</strong></span> <span class='ocrx_word' id='word_1_807' title='bbox 3755 5015 3810 5052; x_wconf 82' lang='lat' dir='ltr'><strong>sc</strong></span> 
     </span>
    </p>
   </div>
   <div class='ocr_carea' id='block_1_115' title="bbox 2230 5056 3810 5132">
    <p class='ocr_par' dir='ltr' id='par_1_115' title="bbox 2230 5056 3810 5132">
     <span class='ocr_line' id='line_1_115' title="bbox 2230 5056 3810 5132; baseline 0.008 -22"><span class='ocrx_word' id='word_1_808' title='bbox 2230 5056 2433 5132; x_wconf 68' lang='lat' dir='ltr'><strong>Christo</strong></span> <span class='ocrx_word' id='word_1_809' title='bbox 2480 5056 2843 5132; x_wconf 69' lang='lat' dir='ltr'><strong>famulaturum</strong></span> <span class='ocrx_word' id='word_1_810' title='bbox 2891 5056 3107 5131; x_wconf 65' lang='lat' dir='ltr'><strong>putaret,</strong></span> <span class='ocrx_word' id='word_1_811' title='bbox 3138 5066 3182 5117; x_wconf 83' lang='lat' dir='ltr'><strong>si</strong></span> <span class='ocrx_word' id='word_1_812' title='bbox 3220 5064 3311 5118; x_wconf 87' lang='lat' dir='ltr'><strong>sub</strong></span> <span class='ocrx_word' id='word_1_813' title='bbox 3346 5056 3585 5132; x_wconf 79' lang='lat' dir='ltr'><strong>pm&#39;toris</strong></span> <span class='ocrx_word' id='word_1_814' title='bbox 3628 5070 3810 5122; x_wconf 77' lang='lat' dir='ltr'><strong>urbem</strong></span> 
     </span>
    </p>
   </div>
   <div class='ocr_carea' id='block_1_116' title="bbox 2231 5128 3303 5198">
    <p class='ocr_par' dir='ltr' id='par_1_116' title="bbox 2231 5128 3303 5198">
     <span class='ocr_line' id='line_1_116' title="bbox 2231 5128 3303 5198; baseline 0.007 -19"><span class='ocrx_word' id='word_1_815' title='bbox 2231 5128 2407 5198; x_wconf 76' lang='lat' dir='ltr'><strong>habitu</strong></span> <span class='ocrx_word' id='word_1_816' title='bbox 2435 5129 2624 5183; x_wconf 86' lang='lat' dir='ltr'><strong>mundo</strong></span> <span class='ocrx_word' id='word_1_817' title='bbox 2644 5132 2810 5198; x_wconf 83' lang='lat' dir='ltr'><strong>specie</strong></span> <span class='ocrx_word' id='word_1_818' title='bbox 2838 5128 2981 5188; x_wconf 80' lang='lat' dir='ltr'><strong>tenus</strong></span> <span class='ocrx_word' id='word_1_819' title='bbox 3012 5135 3303 5189; x_wconf 70' lang='lat' dir='ltr'><strong>deserviret.</strong></span> 
     </span>
    </p>
   </div>
   <div class='ocr_carea' id='block_1_117' title="bbox 2305 5197 3184 5265">
    <p class='ocr_par' dir='ltr' id='par_1_117' title="bbox 2305 5197 3184 5265">
     <span class='ocr_line' id='line_1_117' title="bbox 2305 5197 3184 5265; baseline 0.009 -16"><span class='ocrx_word' id='word_1_820' title='bbox 2305 5209 2325 5265; x_wconf 60' lang='grc' dir='ltr'><strong>ς</strong></span> <span class='ocrx_word' id='word_1_821' title='bbox 2369 5197 2532 5251; x_wconf 88' lang='lat' dir='ltr'><strong>Corb.</strong></span> <span class='ocrx_word' id='word_1_822' title='bbox 2565 5210 2619 5252; x_wconf 81' lang='lat' dir='ltr'><strong>et</strong></span> <span class='ocrx_word' id='word_1_823' title='bbox 2648 5200 2895 5265; x_wconf 88' lang='lat' dir='ltr'><strong>Vindoc.,</strong></span> <span class='ocrx_word' id='word_1_824' title='bbox 2929 5204 3184 5257; x_wconf 84' lang='lat' dir='ltr'><strong>relictam.</strong></span> 
     </span>
    </p>
   </div>
   <div class='ocr_carea' id='block_1_118' title="bbox 2302 5263 3811 5341">
    <p class='ocr_par' dir='ltr' id='par_1_118' title="bbox 2302 5263 3811 5341">
     <span class='ocr_line' id='line_1_118' title="bbox 2302 5263 3811 5341; baseline 0.008 -23"><span class='ocrx_word' id='word_1_825' title='bbox 2302 5263 2325 5301; x_wconf 72' lang='grc' dir='ltr'>ἀ</span> <span class='ocrx_word' id='word_1_826' title='bbox 2346 5266 2441 5341; x_wconf 79' lang='lat' dir='ltr'><strong>llic</strong></span> <span class='ocrx_word' id='word_1_827' title='bbox 2457 5267 2832 5341; x_wconf 66' lang='lat' dir='ltr'><strong>pleriqueMss.</strong></span> <span class='ocrx_word' id='word_1_828' title='bbox 2851 5263 3025 5341; x_wconf 79' lang='lat' dir='ltr'><strong>varias</strong></span> <span class='ocrx_word' id='word_1_829' title='bbox 3038 5275 3293 5327; x_wconf 86' lang='lat' dir='ltr'><strong>exhibent</strong></span> <span class='ocrx_word' id='word_1_830' title='bbox 3313 5274 3432 5329; x_wconf 85' lang='lat' dir='ltr'><strong>lect.</strong></span> <span class='ocrx_word' id='word_1_831' title='bbox 3457 5274 3572 5329; x_wconf 85' lang='lat' dir='ltr'><strong>Duo</strong></span> <span class='ocrx_word' id='word_1_832' title='bbox 3591 5274 3811 5341; x_wconf 77' lang='lat' dir='ltr'><strong>Rhem.,</strong></span> 
     </span>
    </p>
   </div>
   <div class='ocr_carea' id='block_1_119' title="bbox 2240 5338 3808 5414">
    <p class='ocr_par' dir='ltr' id='par_1_119' title="bbox 2240 5338 3808 5414">
     <span class='ocr_line' id='line_1_119' title="bbox 2240 5338 3808 5414; baseline 0.008 -25"><span class='ocrx_word' id='word_1_833' title='bbox 2240 5338 2497 5414; x_wconf 62' lang='lat' dir='ltr'><strong>secundus</strong></span> <span class='ocrx_word' id='word_1_834' title='bbox 2534 5338 2745 5414; x_wconf 60' lang='lat' dir='ltr'><strong>Remig.</strong></span> <span class='ocrx_word' id='word_1_835' title='bbox 2778 5350 2831 5414; x_wconf 75' lang='lat' dir='ltr'><strong>et</strong></span> <span class='ocrx_word' id='word_1_836' title='bbox 2861 5340 3019 5414; x_wconf 85' lang='lat' dir='ltr'><strong>Lyr.._</strong></span> <span class='ocrx_word' id='word_1_837' title='bbox 3038 5345 3225 5414; x_wconf 72' lang='lat' dir='ltr'><strong>iterant</strong></span> <span class='ocrx_word' id='word_1_838' title='bbox 3247 5345 3489 5414; x_wconf 73' lang='lat' dir='ltr'><strong>fugiendo</strong></span> <span class='ocrx_word' id='word_1_839' title='bbox 3519 5338 3808 5412; x_wconf 71' lang='lat' dir='ltr'><strong>deseratur,</strong></span> 
     </span>
    </p>
   </div>
   <div class='ocr_carea' id='block_1_120' title="bbox 2232 5407 3525 5478">
    <p class='ocr_par' dir='ltr' id='par_1_120' title="bbox 2232 5407 3525 5478">
     <span class='ocr_line' id='line_1_120' title="bbox 2232 5407 3525 5478; baseline 0.008 -21"><span class='ocrx_word' id='word_1_840' title='bbox 2232 5407 2416 5459; x_wconf 80' lang='lat' dir='ltr'><strong>iterum</strong></span> <span class='ocrx_word' id='word_1_841' title='bbox 2439 5409 2680 5478; x_wconf 69' lang='lat' dir='ltr'><strong>fugiendo</strong></span> <span class='ocrx_word' id='word_1_842' title='bbox 2703 5407 2979 5478; x_wconf 17' lang='lat' dir='ltr'><strong>Ade/lentur.</strong></span> <span class='ocrx_word' id='word_1_843' title='bbox 3003 5411 3078 5464; x_wconf 91' lang='lat' dir='ltr'><strong>lta</strong></span> <span class='ocrx_word' id='word_1_844' title='bbox 3107 5407 3267 5466; x_wconf 83' lang='lat' dir='ltr'><strong>Corb.</strong></span> <span class='ocrx_word' id='word_1_845' title='bbox 3295 5407 3349 5466; x_wconf 73' lang='lat' dir='ltr'><strong>et</strong></span> <span class='ocrx_word' id='word_1_846' title='bbox 3369 5413 3525 5467; x_wconf 85' lang='lat' dir='ltr'><strong>Colb.</strong></span> 
     </span>
    </p>
   </div>
   <div class='ocr_carea' id='block_1_121' title="bbox 2308 5476 3804 5554">
    <p class='ocr_par' dir='ltr' id='par_1_121' title="bbox 2308 5476 3804 5554">
     <span class='ocr_line' id='line_1_121' title="bbox 2308 5476 3804 5554; baseline 0.006 -23"><span class='ocrx_word' id='word_1_847' title='bbox 2308 5485 2343 5554; x_wconf 54' lang='lat' dir='ltr'><strong>ﬁ</strong></span> <span class='ocrx_word' id='word_1_848' title='bbox 2375 5476 2646 5554; x_wconf 32' lang='lat' dir='ltr'><strong>A_’Cocci_0</strong></span> <span class='ocrx_word' id='word_1_849' title='bbox 2700 5476 2789 5554; x_wconf 76' lang='lat' dir='ltr'><strong>hic</strong></span> <span class='ocrx_word' id='word_1_850' title='bbox 2835 5479 3049 5554; x_wconf 74' lang='lat' dir='ltr'><strong>praefixa</strong></span> <span class='ocrx_word' id='word_1_851' title='bbox 3080 5481 3342 5554; x_wconf 63' lang='lat' dir='ltr'><strong>particula</strong></span> <span class='ocrx_word' id='word_1_852' title='bbox 3392 5494 3528 5553; x_wconf 85' lang='lat' dir='ltr'><strong>post,</strong></span> <span class='ocrx_word' id='word_1_853' title='bbox 3559 5484 3804 5554; x_wconf 69' lang='lat' dir='ltr'><strong>deinceps</strong></span> 
     </span>
    </p>
   </div>
   <div class='ocr_carea' id='block_1_122' title="bbox 2232 5543 3402 5610">
    <p class='ocr_par' dir='ltr' id='par_1_122' title="bbox 2232 5543 3402 5610">
     <span class='ocr_line' id='line_1_122' title="bbox 2232 5543 3402 5610; baseline 0.006 -11"><span class='ocrx_word' id='word_1_854' title='bbox 2232 5543 2484 5610; x_wconf 90' lang='lat' dir='ltr'><strong>obtinuit,</strong></span> <span class='ocrx_word' id='word_1_855' title='bbox 2513 5543 2866 5603; x_wconf 77' lang='lat' dir='ltr'><strong>renitentibus</strong></span> <span class='ocrx_word' id='word_1_856' title='bbox 2894 5549 3020 5603; x_wconf 81' lang='lat' dir='ltr'><strong>Mss.</strong></span> <span class='ocrx_word' id='word_1_857' title='bbox 3050 5543 3104 5604; x_wconf 77' lang='lat' dir='ltr'><strong>ct</strong></span> <span class='ocrx_word' id='word_1_858' title='bbox 3127 5558 3231 5604; x_wconf 91' lang='lat' dir='ltr'><strong>vet.</strong></span> <span class='ocrx_word' id='word_1_859' title='bbox 3261 5543 3402 5606; x_wconf 55' lang='lat' dir='ltr'><strong>Edit:</strong></span> 
     </span>
    </p>
   </div>
   <div class='ocr_carea' id='block_1_123' title="bbox 2308 5613 3802 5690">
    <p class='ocr_par' dir='ltr' id='par_1_123' title="bbox 2308 5613 3802 5690">
     <span class='ocr_line' id='line_1_123' title="bbox 2308 5613 3802 5690; baseline 0.007 -24"><span class='ocrx_word' id='word_1_860' title='bbox 2308 5613 2326 5651; x_wconf 71' lang='grc' dir='ltr'>ί</span> <span class='ocrx_word' id='word_1_861' title='bbox 2362 5615 2397 5690; x_wconf 36' lang='grc'><strong>,1</strong></span> <span class='ocrx_word' id='word_1_862' title='bbox 2429 5615 3065 5690; x_wconf 59' lang='lat' dir='ltr'><strong>Remig.,jnsensatosqne</strong></span> <span class='ocrx_word' id='word_1_863' title='bbox 3092 5620 3382 5690; x_wconf 72' lang='lat' dir='ltr'><strong>brutosque.</strong></span> <span class='ocrx_word' id='word_1_864' title='bbox 3414 5620 3472 5675; x_wconf 79' lang='lat' dir='ltr'><strong>In</strong></span> <span class='ocrx_word' id='word_1_865' title='bbox 3494 5621 3687 5689; x_wconf 82' lang='lat' dir='ltr'><strong>Corb.,</strong></span> <span class='ocrx_word' id='word_1_866' title='bbox 3712 5626 3802 5678; x_wconf 78' lang='lat' dir='ltr'><strong>ric—</strong></span> 
     </span>
    </p>
   </div>
   <div class='ocr_carea' id='block_1_124' title="bbox 2233 5685 3785 5761">
    <p class='ocr_par' dir='ltr' id='par_1_124' title="bbox 2233 5685 3785 5761">
     <span class='ocr_line' id='line_1_124' title="bbox 2233 5685 3785 5761; baseline 0.008 -26"><span class='ocrx_word' id='word_1_867' title='bbox 2233 5694 2332 5761; x_wconf 75' lang='lat' dir='ltr'><strong>tus,</strong></span> <span class='ocrx_word' id='word_1_868' title='bbox 2362 5685 2411 5737; x_wconf 92' lang='lat' dir='ltr'><strong>in</strong></span> <span class='ocrx_word' id='word_1_869' title='bbox 2442 5686 2614 5738; x_wconf 88' lang='lat' dir='ltr'><strong>altero</strong></span> <span class='ocrx_word' id='word_1_870' title='bbox 2655 5685 2840 5753; x_wconf 82' lang='lat' dir='ltr'><strong>Regio,</strong></span> <span class='ocrx_word' id='word_1_871' title='bbox 2866 5685 3103 5761; x_wconf 74' lang='lat' dir='ltr'><strong>rugitus.</strong></span> <span class='ocrx_word' id='word_1_872' title='bbox 3136 5689 3233 5745; x_wconf 90' lang='lat' dir='ltr'><strong>llic</strong></span> <span class='ocrx_word' id='word_1_873' title='bbox 3261 5685 3565 5761; x_wconf 72' lang='lat' dir='ltr'><strong>immensus,</strong></span> <span class='ocrx_word' id='word_1_874' title='bbox 3612 5685 3684 5749; x_wconf 67' lang='grc' dir='ltr'>Μ</span> <span class='ocrx_word' id='word_1_875' title='bbox 3706 5702 3785 5749; x_wconf 80' lang='lat' dir='ltr'><strong>est</strong></span> 
     </span>
    </p>
   </div>
   <div class='ocr_carea' id='block_1_125' title="bbox 2229 5754 3468 5829">
    <p class='ocr_par' dir='ltr' id='par_1_125' title="bbox 2229 5754 3468 5829">
     <span class='ocr_line' id='line_1_125' title="bbox 2229 5754 3468 5829; baseline 0.007 -22"><span class='ocrx_word' id='word_1_876' title='bbox 2229 5754 2345 5809; x_wconf 89' lang='lat' dir='ltr'><strong>sine</strong></span> <span class='ocrx_word' id='word_1_877' title='bbox 2375 5770 2650 5823; x_wconf 84' lang='lat' dir='ltr'><strong>mcnsura,</strong></span> <span class='ocrx_word' id='word_1_878' title='bbox 2677 5754 2968 5829; x_wconf 73' lang='lat' dir='ltr'><strong>opponitur</strong></span> <span class='ocrx_word' id='word_1_879' title='bbox 2996 5760 3253 5815; x_wconf 82' lang='lat' dir='ltr'><strong>distinctis</strong></span> <span class='ocrx_word' id='word_1_880' title='bbox 3284 5761 3468 5816; x_wconf 84' lang='lat' dir='ltr'><strong>modis.</strong></span> 
     </span>
    </p>
   </div>
  </div>
