3976 6316
186 324 297 382 515

1096 318 1456 379 MORALIUM
1496 317 1701 375 LIBRI.
1740 344 1811 358 —-
1850 315 2185 375 EPISTOLA
2222 317 2562 375 MISSORIA.

3351 314 3457 376 5M

183 442 350 499 modo
379 439 620 497 dissimili
647 450 735 496 res
758 451 869 494 non
895 436 1167 494 dissimilis
1195 436 1552 501 formaretur;
1582 448 1773 504 quam-
1800 436 1851 496 Λ
1876 450 2008 499 mea,
2039 446 2089 487 et
2108 444 2322 489 mortem
2352 450 2472 489 ossa
2498 450 2611 489 mea
2640 450 2789 507 μου.
2817 450 2908 502 vn,
2940 432 3053 505 15).
3085 434 3152 491 Ει
3186 451 3306 496 uuts
3333 454 3454 494 rec-

179 536 269 590 vis
290 533 502 590 tertiam
530 531 687 600 hujus
711 529 893 601 operis
935 536 1145 600 partem
1174 538 1233 585 ut
1259 529 1618 598 colloquendo
1646 543 1774 597 pro-

179 627 309 697 tuli,
338 641 478 699 pene
506 627 578 681 ita
606 623 890 692 dereliqui,
921 622 1043 693 quia
1072 638 1196 679 cum
1234 637 1321 679 me
1348 622 1542 677 fratres
1569 620 1637 674 ad
1669 620 1773 674 alia

177 718 525 790 pertrahunt,
554 717 693 771 hanc
721 713 967 771 subtilius
993 713 1269 770 emendari
1301 712 1605 768 noluerunt.
1638 710 1770 778 Qui--

175 810 285 865 bus
313 806 565 863 nimirum
618 806 787 859 multa
823 803 1161 874 jubentibus,
1201 803 1329 859 dum
1372 818 1564 873 parere
1608 800 1771 854 modo

176 915 282 968 per
307 895 665 967 expositionis
682 904 707 933 ⁸
729 894 1109 963 ministerium,
1128 895 1287 948 modo
1316 908 1413 964 per
1431 890 1771 958 contempla-

171 992 345 1046 tionis
372 1004 673 1055 ascensum,
701 987 864 1042 modo
892 1002 989 1057 per
1013 986 1334 1040 moralitatis
1358 985 1769 1039 instrumentum

172 1080 346 1146 volui,
388 1094 523 1149 opus
572 1079 677 1133 hoc
723 1092 820 1148 per
871 1076 1085 1145 triginta
1123 1084 1180 1130 et
1223 1075 1461 1144 quinque
1496 1072 1769 1128 volumina

170 1179 484 1236 extensum,
510 1169 564 1224 in
610 1182 707 1223 sex
751 1165 1040 1221 Codicibus
1084 1164 1315 1234 explevi.
1357 1162 1511 1218 Unde
1536 1172 1589 1217 et
1619 1163 1671 1216 in
1702 1177 1769 1216 eo

169 1274 323 1329 saepe
335 1257 490 1328 quasi
510 1264 839 1328 postponere
859 1254 1101 1310 ordinem
1124 1253 1478 1321 expositionis
1499 1253 1766 1320 invenior,

171 1358 231 1404 et
262 1349 428 1418 paulo
477 1348 677 1403 diutius
704 1344 1180 1415 contemplationis
1200 1344 1227 1382 δ
1259 1343 1529 1399 latitudini
1557 1358 1621 1398 ac
1652 1358 1767 1397 mo-

169 1438 409 1495 ralitatis
435 1438 649 1494 insudo.
699 1436 805 1493 Sed
835 1445 1014 1492 tamen
1052 1436 1294 1507 quisquis
1338 1436 1408 1491 de
1445 1435 1558 1490 Deo
1589 1434 1767 1504 loqui-

169 1540 301 1598 tur,
360 1537 515 1586 curet
574 1542 797 1584 necesse
851 1536 935 1581 est
999 1534 1058 1580 ut
1119 1522 1381 1595 quidquid
1432 1523 1767 1579 audientium

168 1634 360 1676 mores
404 1617 649 1683 instruit,
702 1616 956 1681 rimetur;
992 1621 1048 1670 et
1093 1614 1236 1670 hunc
1262 1623 1466 1669 rectum
1515 1611 1767 1683 loquendi

166 1709 422 1765 ordinem
472 1707 716 1776 deputet,
745 1706 790 1761 si
812 1720 932 1760 cum
981 1703 1360 1775 opportunitas
1394 1701 1767 1790 aidilicationis

1876 533 1986 579 tum
2010 526 2225 595 sapiens
2248 527 2433 582 credat
2454 527 2627 581 virum
2653 528 2788 582 tanti
2814 529 3087 598 praeconii,
3118 545 3279 600 quem
3308 531 3444 587 vidov

1874 615 2002 671 licet
2028 624 2243 671 constat
2272 613 2298 654 ά
2329 617 2396 672 ab
2434 616 2647 673 interno
2668 617 2845 686 judice
2873 620 3087 687 praemia
3115 636 3211 691 pro
3243 622 3447 692 patient.

1874 706 1958 761 tia:
1973 706 2168 763 virtute
2180 707 2441 778 recipere,
2456 709 2758 764 decrevisse
2770 710 2910 765 inter
2924 711 3145 766 verbera
3162 714 3447 783 suspendio

1869 788 2036 851 vitam
2077 798 2272 853 linire?
2299 797 2597 867 Aliquando
2627 800 2788 854 etiam
2811 841 2828 867 ,
2869 815 2937 855 ne
2974 800 3203 858 fortasse
3230 804 3448 873 intelligi
3505 834 3513 856 ,ν

1864 883 2017 953 juxta
2068 886 2301 941 litteram
2329 885 2582 956 debeant,
2614 889 2727 958 ipsa
2756 905 2815 944 se
2838 890 3003 946 verba
3043 890 3234 947 litterae
3281 892 3452 962 impu-
3509 942 3513 957 ,

1869 986 2053 1043 gnam.
2083 976 2173 1031 Ait
2198 992 2429 1046 namque
2453 995 2467 1032 :
2505 978 2691 1033 Pereat
2718 980 2825 1035 dies
2854 980 2907 1034 in
2934 998 3034 1052 qua
3063 993 3213 1038 natus
3240 1001 3374 1050 sum,
3407 992 3454 1037 et

1869 1082 1975 1120 nos:
1998 1066 2049 1118 in
2071 1083 2168 1135 qua
2194 1066 2386 1120 dictum
2405 1077 2513 1121 est:
2536 1068 2820 1139 Conceptus
2844 1082 2917 1124 est
2937 1071 3087 1127 homo
3116 1073 3256 1143 (Job.
3278 1088 3355 1135 ut,
3376 1071 3453 1141 2).

1871 1154 1939 1209 Ει
1966 1156 2127 1225 paulo
2158 1162 2277 1221 post
2302 1155 2519 1223 subjicit
2543 1175 2554 1209 :
2585 1156 2811 1227 Occupet
2851 1176 2966 1213 eam
2990 1162 3178 1232 caligo,
3206 1171 3254 1215 et
3283 1161 3455 1215 invol—

1868 1253 2016 1300 vatur
2046 1243 2393 1297 amaritudine
2423 1243 2611 1311 (Ibid.,
2636 1244 2713 1313 5).
2739 1244 2910 1313 Atque.
2935 1248 2985 1301 in
3016 1249 3254 1316 ejusdem
3283 1252 3457 1307 noctis

1869 1334 2244 1389 tnaledictione
2267 1332 2573 1402 subjungit:
2611 1334 2690 1389 Sit
2714 1352 2819 1388 no.1:
2844 1335 2932 1389 illa
2958 1339 3194 1390 solitaria
3220 1338 3349 1408 (1b.,
3376 1342 3451 1409 7).

1869 1422 1968 1490 Qui
1994 1426 2244 1478 nimirum
2275 1424 2571 1478 nativitatis
2612 1424 2727 1480 dies
2750 1465 2763 1491 ,
2800 1427 2913 1495 ipso
2944 1426 3173 1497 impulsu
3199 1430 3457 1498 temporis

1868 1515 2133 1578 evolutus,
2166 1523 2311 1570 stare
2338 1531 2445 1570 non
2474 1524 2707 1586 poterat.
2743 1516 2887 1591 [νει.
2932 1525 2981 1571 et
3007 1516 3128 1572 Rec.
3161 1517 3189 1571 Ι
3207 1517 3292 1590 V.]
3337 1518 3456 1586 Quo

1868 1605 2029 1677 igitur
2049 1616 2208 1676 pacto
2246 1607 2389 1662 hunc
2427 1607 2624 1663 involvi
2669 1608 2897 1678 caligine
2940 1611 3197 1679 optabat?
3227 1609 3455 1680 Elapsus

1867 1697 2086 1766 quippe,
2113 1697 2223 1766 jam
2254 1713 2361 1753 non
2390 1706 2539 1765 erat;
2570 1708 2624 1753 et
2656 1706 2832 1755 tamen
2872 1700 2918 1756 si
2950 1701 3004 1756 in
3043 1717 3221 1755 rerum
3262 1714 3454 1759 natura

166 1802 362 1871 exigit,
388 1802 456 1856 ab
482 1816 548 1856 eo
569 1816 649 1866 se,
675 1800 820 1871 quod
843 1797 990 1870 loqui
1030 1805 1290 1868 cmperat,
1314 1788 1517 1853 utiliter
1535 1796 1761 1852 derivet.
1796 1805 1844 1867 Β
1868 1788 2208 1852 subsisteret,
2256 1788 2459 1844 sentire
2488 1790 2906 1846 amaritudinem
2957 1808 3297 1862 nequaquam
3330 1810 3449 1864 pos-

164 1893 323 1948 Sacri
353 1892 497 1947 enim
549 1898 810 1945 tractator
860 1889 1057 1960 eloquii
1103 1902 1309 1943 morem
1340 1886 1575 1942 fluminis
1603 1886 1764 1940 debet

165 1982 391 2037 imitari.
439 1981 658 2037 Fluvius
704 1980 904 2050 quippe
941 1979 1067 2033 dum
1111 1994 1208 2047 per
1236 1977 1448 2033 alveum
1479 1976 1687 2042 deﬂuit,
1715 1976 1761 2032 si

166 2074 338 2128 valles
365 2086 629 2129 concavas
661 2086 729 2127 ex
766 2071 936 2127 latere
960 2070 1258 2139 contingit,
1286 2069 1339 2124 in
1379 2084 1473 2125 eas
1515 2070 1762 2139 protinus

165 2163 251 2218 sui
279 2164 515 2233 impetus
546 2178 762 2217 cursum
793 2162 1041 2228 divertit;
1072 2175 1305 2231 cumque
1334 2161 1452 2215 illas
1479 2159 1757 2217 sufﬁcien-

165 2260 249 2308 ter
280 2252 603 2323 impleverit,
635 2260 865 2321 repente
906 2266 1025 2307 sese
1054 2251 1107 2306 in
1134 2252 1345 2307 alveum
1373 2250 1629 2307 refundit.
1668 2251 1760 2309 Sic

164 2343 421 2397 nimirum
445 2383 461 2409 ,
491 2342 570 2397 sic
612 2341 777 2396 divini
814 2341 961 2396 verbi
1012 2356 1131 2396 esse
1181 2348 1445 2396 tractator
1489 2341 1670 2410 debet,
1701 2350 1758 2397 ut

164 2449 291 2489 cum
331 2434 399 2489 de
441 2433 682 2504 qualibet
727 2447 787 2487 re
817 2431 1048 2499 disserit,
1077 2432 1122 2487 si
1153 2431 1383 2489 fortasse
1425 2431 1578 2502 juxta
1607 2432 1755 2502 posi-

162 2532 277 2577 tam
333 2522 677 2578 occasionem
726 2522 976 2591 congruae
1027 2520 1395 2577 aedilicationis
1448 2521 1754 2590 invenerit,

164 2615 323 2683 quasi
348 2614 415 2669 ad
438 2614 669 2670 vicinam
698 2614 894 2668 vallem
919 2613 1109 2683 lingua:
1139 2614 1307 2668 undas
1336 2614 1677 2683 intorqueat;
1702 2622 1757 2669 et

163 2720 290 2758 cum
336 2703 684 2774 subjunctcec
717 2702 1086 2758 instructionis
1131 2717 1377 2761 campum
1425 2702 1757 2761 sufﬁcienter

162 2794 441 2862 infuderit,
474 2794 541 2850 ad
567 2794 831 2850 sermonis
861 2794 1124 2862 propositi
1150 2796 1365 2850 alveum
1394 2801 1660 2851 recurrat.

778 2907 1006 2964 CAPUT
1056 2907 1146 2963 III.

240 2998 354 3065 Quo
405 3000 587 3055 ordine
633 3000 865 3072 singulos
924 3017 1103 3055 sensus
1159 3000 1401 3066 explicet.
1462 3000 1753 3072 Allegorico

163 3089 426 3145 interdum
453 3092 742 3145 necessario
778 3089 1156 3144 inluerendum.
1187 3120 1261 3133 -—
1291 3088 1579 3145 Sciendum
1619 3106 1752 3145 vero

162 3189 284 3248 est,
315 3182 455 3250 quod
500 3181 747 3252 quaedam
793 3181 1049 3236 historica
1089 3181 1428 3250 expositione
1478 3188 1743 3235 transcur-

164 3274 363 3340 rimus,
414 3282 468 3328 et
504 3289 602 3343 per
639 3272 953 3342 allegoriam
998 3273 1243 3341 quaedam
1297 3271 1474 3342 typica
1524 3270 1749 3326 investi-

164 3365 386 3434 gatione
417 3370 847 3433 perscrutamur;
888 3363 1133 3431 quaedam
1179 3378 1275 3432 per
1311 3362 1425 3418 sola
1454 3363 1754 3431 allegoricae

164 3457 493 3511 moralitatis
523 3456 880 3511 instrumenta
917 3455 1260 3519 discutimus;
1291 3455 1547 3511 nonnulla
1571 3463 1753 3511 autem

163 3566 265 3619 per
305 3560 502 3605 cuncta
547 3548 706 3604 simul
732 3547 1021 3619 sollicitius
1056 3551 1400 3617 exquirentes
1424 3585 1439 3612 ,
1475 3547 1756 3617 tripliciter

164 3613 500 3709 indagamus.
534 3640 666 3694 Nam
690 3613 919 3710 prim‘um
950 3613 1163 3707 quidem
1195 3613 1560 3692 fundamenta
1583 3636 1755 3693 histo-

163 3732 261 3786 ria:
292 3730 575 3800 ponimus;
607 3729 802 3785 deinde
826 3743 922 3799 per
947 3728 1395 3798 signiﬁcationem
1434 3728 1669 3799 typicam
1700 3728 1755 3783 in

164 3836 346 3877 arcem
378 3819 500 3877 ﬁdei
530 3820 784 3878 fabricam
814 3822 1014 3875 mentis
1043 3821 1330 3890 erigimus;
1359 3820 1424 3874 ad
1454 3828 1756 3889 extremum

163 3930 382 3984 quoque
431 3930 529 3985 per
564 3913 888 3969 moralitatis
931 3913 1157 3982 gratiam
1182 3953 1199 3980 ,
1242 3910 1398 3981 quasi
1427 3910 1755 3980 superducto

164 4005 451 4061 adiﬁcium
492 4003 675 4060 colore
703 4002 982 4058 vestimus.
1025 4002 1123 4057 Vel
1161 4011 1310 4057 certe
1347 4001 1476 4071 quid
1520 4001 1759 4056 veritatis

164 4098 330 4165 dicta,
349 4095 451 4150 n'isi
471 4094 774 4150 reficiendae
802 4094 997 4148 mentis
1024 4092 1275 4148 alimenta
1304 4091 1569 4147 credenda
1597 4092 1757 4148 sunt?

166 4188 296 4256 Qure
314 4186 491 4242 modis
506 4184 894 4240 alternantibus
913 4183 1277 4253 multipliciter
1292 4182 1629 4250 disserendo,
1648 4183 1756 4239 fer-

168 4284 346 4337 culum
377 4280 458 4336 ori
488 4279 795 4343 offerimus;
829 4285 888 4331 ut
927 4276 1135 4331 invitati
1175 4274 1395 4330 lectoris
1432 4274 1586 4342 quasi
1626 4289 1757 4330 con-

168 4374 299 4427 viva:
323 4372 495 4428 nostri
516 4370 790 4426 fastidium
818 4369 1164 4439 repellamus,
1190 4368 1280 4437 qui
1304 4368 1430 4421 dum
1460 4367 1560 4421 sibi
1590 4367 1755 4423 multa

167 4467 346 4520 oblata
368 4464 695 4531 considerat,
722 4463 866 4533 quod
888 4462 1185 4532 elegantius
1210 4462 1469 4525 decernit,
1496 4469 1752 4518 assumat.

1864 1886 1966 1934 set.
1997 1877 2221 1935 Constat
2250 1895 2379 1949 ergo
2407 1880 2550 1951 quod
2577 1883 2725 1937 nullo
2755 1884 2916 1938 modo
2946 1882 3013 1937 de
3043 1884 3130 1940 die
3158 1886 3457 1944 insensibili

1862 1967 2077 2035 dicitur,
2101 1970 2192 2039 qui
2218 1985 2379 2026 sensu
2409 1972 2617 2041 percuti
2645 1974 3014 2030 amaritudinis
3041 1983 3278 2046 optatur.
3311 1977 3379 2031 Et
3404 1977 3453 2035 si

1862 2058 2232 2128 conceptionis
2261 2075 2369 2116 nox
2397 2060 2616 2130 reliquis
2656 2063 2909 2119 noctibus
2937 2065 3223 2135 conjuncta
3250 2070 3454 2127 disces.

1859 2158 2025 2216 serat,
2049 2165 2155 2218 quo
2177 2159 2339 2222 pacto
2367 2152 2507 2208 hanc
2529 2152 2643 2208 ﬁeri
2665 2154 2965 2211 solitariam
2991 2167 3014 2195 θ
3043 2163 3302 2231 exoptat?
3323 2162 3456 2229 Quae

1860 2247 1919 2292 ut
1957 2254 1988 2293 a
2026 2240 2176 2309 lapsu
2218 2242 2475 2311 temporis
2510 2242 2597 2312 ﬁgi
2621 2259 2724 2299 non
2756 2246 2951 2313 potuit,
2980 2245 3053 2302 ita
3080 2249 3242 2304 etiant
3288 2267 3389 2305 nec
3418 2267 3452 2309 a

1858 2329 2185 2399 reliquarum
2217 2333 2457 2388 noctium
2482 2333 2866 2403 conjunctione
2904 2340 3164 2411 separari.
3193 2340 3292 2407 Qui
3327 2360 3449 2397 rur-

1858 2436 1973 2475 sum
2002 2421 2127 2475 dicit
2154 2439 2168 2475 :
2202 2421 2474 2495 Usquequo
2503 2440 2607 2478 non
2630 2427 2802 2495 parcis
2820 2426 2963 2493 milii,
2994 2445 3087 2481 nec
3115 2430 3331 2484 dimittis
3350 2448 3451 2497 me,

1856 2521 1913 2565 ut
1958 2513 2174 2583 glutiam
2224 2515 2444 2570 salivam
2485 2532 2652 2570 meam
2681 2517 2820 2587 (Job.
2862 2535 2956 2588 vn,
3002 2519 3129 2589 i9)?
3158 2520 3225 2576 Et
3270 2533 3451 2581 tamen

1855 2606 2015 2674 pau'o
2060 2605 2304 2674 superius
2348 2605 2600 2661 dixerat:
2636 2607 2765 2671 Quae
2803 2609 2947 2680 prius
2987 2618 3200 2683 tangere
3246 2615 3454 2670 nolebat

1856 2697 2032 2750 anima
2064 2714 2174 2751 mea
2200 2737 2214 2762 ,
2265 2714 2399 2751 nunc
2427 2715 2538 2769 pra:
2585 2702 2829 2771 angustia
2859 2702 2958 2755 cibi
2989 2704 3088 2757 mei
3118 2714 3238 2758 sunt
3292 2706 3449 2777 (Job.

1856 2801 1929 2854 vr,
1964 2789 2037 2857 7).
2062 2788 2191 2856 Quis
2219 2800 2398 2845 autem
2430 2792 2632 2847 nesciat
2658 2793 2880 2848 salivam
2912 2794 3123 2851 facilius
3152 2812 3308 2866 posse
3332 2800 3453 2868 glu-

1856 2881 1943 2935 tiri
1973 2895 2133 2949 quam
2160 2882 2376 2937 cibum?
2422 2883 2524 2950 Qui
2571 2884 2754 2954 itaque
2799 2901 2858 2942 se
2896 2904 3110 2943 sumere
3138 2890 3313 2945 cibum
3356 2890 3451 2946 de-

1856 2970 2087 3038 nuntiat,
2113 2972 2422 3028 incredibile
2447 2983 2531 3029 est
2551 2975 2705 3029 valde
2727 2991 2834 3044 quo
2857 2976 3046 3032 ordine
3074 2979 3268 3047 glutire
3292 2999 3459 3051 posse

1855 3060 2076 3115 salivam
2108 3069 2289 3130 negat.
2322 3063 2499 3131 Atque
2537 3064 2730 3119 iterum
2756 3063 2918 3121 dicit:
2948 3066 3183 3138 Peccavi,
3213 3073 3336 3141 quid
3364 3077 3450 3145 [a-

1778 3170 1825 3234 C
1855 3152 1989 3206 ciam
2018 3152 2133 3215 tibi,
2166 3171 2196 3208 υ
2219 3163 2390 3208 custos
2418 3155 2681 3209 hominum
2706 3155 2847 3226 (Job.
2871 3173 2959 3224 vn,
2991 3158 3119 3228 20)?
3146 3161 3231 3216 vel
3260 3173 3409 3219 certe
3434 3182 3449 3220 :

1858 3244 2165 3300 Consumrre
2205 3264 2286 3301 me
2332 3248 2407 3303 vis
2448 3250 2669 3318 peccatis
2722 3250 3079 3307 adolescentiw
3123 3270 3250 3310 mtas
3306 3256 3446 3325 (Job.

1857 3349 1987 3401 xm,
2033 3333 2186 3407 26)?
2229 3335 2293 3389 Et
2346 3344 2523 3393 tamen
2574 3338 2679 3394 alia
2724 3342 3076 3409 responsione
3131 3344 3446 3413 subjungit:

1859 3424 2043 3497 Neque
2063 3428 2199 3481 enim
2220 3429 2546 3499 reprehendit
2569 3446 2648 3483 me
2670 3446 2756 3484 cor
2768 3446 2933 3485 meum
2955 3431 3010 3485 in
3041 3432 3181 3487 οηιηὶ
3206 3435 3308 3489 vita
3338 3453 3449 3491 mea

1860 3516 2002 3587 (Job.
2029 3533 2197 3583 xxvn,
2230 3517 2308 3587 6).
2339 3518 2457 3585 Quo
2484 3519 2644 3587 igitur
2674 3527 2832 3589 pacto
2857 3535 2887 3575 a
2911 3520 3075 3577 corde
3103 3538 3199 3577 suo
3227 3525 3450 3582 minime

1858 3608 1912 3662 in
1940 3609 2088 3663 onmi
2116 3609 2223 3663 vita
2246 3608 2661 3677 reprelienditur
2681 3648 2696 3675 ,
2737 3610 2827 3679 qui
2868 3625 3121 3680 peccasse
3145 3628 3204 3667 se
3234 3614 3449 3683 publica

1856 3712 1993 3752 voce
2014 3698 2276 3753 testatur?
2296 3697 2481 3768 Neque
2497 3699 2640 3753 enim
2669 3698 2827 3753 simul
2857 3715 3094 3768 unquam
3117 3703 3448 3760 conveniunt

1859 3787 2015 3857 culpa
2042 3789 2243 3857 operis,
2271 3796 2323 3842 et
2345 3788 2887 3858 irrepreltensibilitas
2916 3790 3117 3845 cordis.
3150 3790 3255 3846 Sed
3286 3793 3449 3849 ninti~

1857 3893 1976 3932 rum
2000 3876 2164 3932 verba
2214 3878 2443 3944 litterae,
2489 3877 2613 3933 dum
2653 3878 2847 3934 collata
2888 3879 2989 3934 sibi
3030 3882 3321 3936 convenire
3346 3899 3447 3938 ne-

1857 3974 2081 4037 queunt,
2109 3965 2252 4020 aliud
2280 3967 2333 4021 in
2361 3982 2420 4022 se
2445 3966 2643 4035 aliquid
2665 3967 2810 4036 quod
2834 3976 3103 4037 quaeratur
3130 3969 3446 4039 ostendunt,

1859 4076 1924 4117 ac
1970 4060 2018 4115 si
2058 4058 2377 4128 quibusdam
2406 4058 2629 4115 vocibus
2677 4058 2895 4115 dicant:
2927 4060 3064 4115 Dum
3113 4069 3293 4116 nostra
3344 4078 3448 4119 nos

1859 4150 2166 4220 conspicitis
2193 4148 2476 4219 superﬁcie
2520 4149 2747 4219 destrui,
2776 4151 2881 4206 hoc
2918 4150 2973 4205 in
3013 4150 3167 4208 nobis
3194 4153 3445 4222 quaerite,

1858 4243 2002 4312 quod
2032 4243 2338 4298 ordinatum
2380 4243 2593 4314 sibique
2638 4257 2941 4314 congruens
2978 4244 3120 4315 apud
3147 4259 3246 4301 nos
3266 4245 3448 4305 valeat

1859 4334 2002 4391 intus
2029 4334 2275 4391 inveniri.

2467 4445 2697 4503 CAPUT
2734 4448 2824 4505 iV.

169 4555 471 4625 Aliquando
500 4569 628 4610 vero
658 4530 933 4621 exponere
976 4530 1162 4610 aperta
1204 4552 1440 4606 historia:
1467 4554 1629 4607 verba
1659 4568 1753 4606 ne-

1928 4539 2222 4610 Aliquando
2244 4539 2457 4594 litterali
2483 4542 2653 4595 sensui
2682 4540 3057 4594 inhaerendum.
3074 4530 3448 4611 —Aliquand3

169 4647 437 4715 gligimus,
462 4660 529 4700 ne
552 4645 754 4699 tardius
777 4642 842 4697 ad
865 4643 1092 4699 obscura
1116 4645 1393 4697 veniamus
1420 4660 1433 4695 :
1462 4641 1750 4712 aliquando

170 4746 345 4791 autem
377 4734 601 4805 intelligi
628 4734 779 4805 juxta
817 4734 1056 4789 litteram
1085 4740 1384 4802 nequeunt;
1415 4734 1540 4802 quia
1571 4748 1755 4802 super-

171 4830 285 4885 ﬁcie
306 4839 465 4884 tenus
487 4834 731 4897 accepta,
766 4840 1099 4897 nequaquam
1126 4824 1534 4880 instructionem
1567 4824 1751 4894 legen-

171 4922 330 4989 tibus,
361 4919 460 4976 sed
506 4933 748 4974 errorem
791 4917 1033 4986 gignunt.
1086 4914 1229 4971 Ecce
1257 4916 1456 4972 etenim
1505 4914 1744 4971 dicitur:

170 5014 274 5069 Sub
298 5028 400 5084 quo
425 5018 704 5065 curvantur
730 5010 815 5081 qui
844 5017 1053 5080 portant
1099 5006 1272 5063 orbem
1316 5008 1336 5079 (
1364 5006 1485 5062 Job.
1517 5022 1594 5073 1x,
1626 5006 1748 5077 15).

170 5101 234 5157 Et
261 5104 329 5159 de
359 5110 512 5155 tanto
537 5102 657 5155 viro
677 5100 796 5169 quis
821 5100 1027 5154 nesciat
1049 5098 1190 5169 quod
1220 5112 1559 5168 nequaquam
1582 5113 1750 5153 vanas

170 5203 452 5263 poetarum
491 5191 696 5246 fabulas
723 5192 980 5261 sequitur,
1011 5198 1068 5244 ut
1096 5190 1146 5260 5
1175 5188 1357 5243 mundi
1388 5189 1585 5245 molem
1623 5189 1750 5243 sub-

171 5285 287 5339 vehi
316 5285 569 5353 giganteo
606 5282 806 5339 sudore
849 5280 1186 5351 suspicetur?
1216 5279 1318 5345 Qui
1346 5293 1559 5333 rursum
1599 5293 1751 5348 pres-

170 5390 261 5432 sus
293 5374 734 5447 percussionibus
780 5372 907 5428 dicit
939 5388 952 5425 :
984 5369 1157 5442 Elegit
1200 5369 1530 5437 suspendium
1574 5371 1750 5423 anima

244 5537 269 5566 ι
304 5525 547 5591 Ebroic.,
578 5525 905 5591 Mysterium.

240 5596 268 5637 δ
306 5585 587 5652 Secundus
639 5585 859 5658 Rhenn,
901 5592 1156 5664 Floriac..
1202 5591 1467 5664 secundus
1516 5593 1749 5664 Remig.,

176 5664 326 5738 Reg..
356 5667 543 5732 Mich.,
573 5666 631 5721 S.
662 5660 1608 5738 Albin._,__Altitudini._Qo_ttvetiitque_
1627 5660 1751 5720 co'n-

177 5730 519 5813 teniplationis
532 5730 802 5813 'ascensui.
832 5732 937 5813 llic_
952 5731 1257 5813 tamen,_n_bi
1274 5730 1609 5813 diffundendi
1633 5751 1749 5813 ser-

180 5800 348 5865 monis
371 5809 509 5865 ratio
529 5807 829 5876 subjicitur,
849 5813 904 5860 et
925 5805 979 5860 in
998 5800 1387 5860 moralitatibus
1408 5807 1747 5873 excurrcndi,

1858 4639 2037 4684 autem
2059 4630 2149 4698 qui
2175 4631 2341 4685 verba
2369 4632 2615 4700 accipere
2642 4630 2881 4685 historiae
2906 4630 3058 4699 juxta
3086 4631 3321 4686 litteram
3351 4650 3445 4688 ne-

1858 4721 2026 4789 gligit,
2057 4721 2297 4776 oblatum
2325 4722 2427 4776 sibi
2456 4721 2699 4778 veritatis
2726 4722 2903 4777 lumen
2943 4722 3253 4789 abscondit;
3292 4740 3446 4783 cum-

1858 4827 1963 4882 que
1994 4812 2263 4867 laboriose
2293 4812 2533 4868 invenire
2564 4813 2613 4866 in
2641 4813 2720 4867 eis
2757 4813 2902 4867 aliud
2930 4813 3250 4870 intrinsecus
3278 4830 3446 4885 appe~

1860 4903 1944 4968 tit,
1977 4902 2079 4957 hoc
2107 4902 2252 4971 quod
2293 4901 2424 4957 foris
2460 4902 2577 4959 sine
2605 4902 2921 4957 difﬁcultate
2958 4904 3168 4971 assequi
3208 4913 3444 4974 poterat,

1859 4996 2076 5049 amittit.
2126 4995 2358 5052 Sanctus
2406 5010 2639 5066 namque
2667 4995 2748 5049 vir
2784 4995 2948 5050 dicit:
2977 4995 3037 5051 Si
3083 4996 3262 5067 negavi
3307 4999 3449 5065 quod

1854 5092 2092 5147 volebant
2136 5087 2470 5157 pauperibus,
2500 5096 2551 5141 et
2589 5088 2763 5141 oculos
2789 5086 2956 5142 vidua:
2983 5099 3281 5157 exspectare
3308 5091 3443 5158 feci;

1855 5184 1903 5237 si
1941 5183 2137 5238 comedi
2167 5179 2449 5235 buccellam
2478 5195 2646 5233 meam
2674 5181 2834 5244 solus,
2866 5186 2915 5231 et
2953 5193 3057 5231 non
3087 5180 3307 5231 comedit
3346 5196 3443 5245 pu-

1856 5272 2013 5342 pillus
2042 5286 2108 5325 ea:
2144 5286 2207 5324 ea
2220 5286 2239 5335 ;
2285 5269 2331 5323 si
2367 5266 2577 5337 despexi
2623 5275 3044 5336 prtetereuntem,
3074 5283 3133 5321 ea
3173 5266 3311 5336 quod
3340 5282 3442 5320 tum

1857 5361 2093 5415 habuerit
2115 5361 2489 5425 indumentum,
2520 5366 2569 5413 et
2584 5361 2774 5428 absque
2794 5361 3108 5429 operimento
3135 5376 3443 5431 pauperem;

1861 5526 2138 5599 probanda
2162 5526 2331 5599 magis
2369 5525 2580 5581 videtur
2598 5541 2702 5581 vox
2731 5526 3013 5587 latitudini,
3041 5539 3159 5593 quae
3187 5525 3241 5579 in
3266 5527 3447 5595 potio-

1860 5597 2007 5655 ribus
2034 5597 2160 5651 Mss.
2195 5598 2439 5650 habetur.

1934 5680 1957 5737 τι
2002 5667 2241 5737 Elimia,
2278 5664 2424 5737 |.yr.,
2451 5665 2646 5737 Bigot.,
2679 5666 3063 5736 (ediﬁcalionis.

1927 5736 1953 5775 εἰ
1996 5736 2154 5799 Εοιὶιί,
2187 5736 2252 5789 ab
2282 5736 2492 5793 wtcrno.

1936 5818 1959 5846 ο
2000 5806 2207 5872 Νοτιιιη
2239 5807 2294 5861 S.
2332 5808 2477 5875 Alb.,
2515 5808 2769 5877 Floriac.,
2802 5808 3066 5868 Colbcrt.,
3092 5820 3294 5863 exerat.
