3976 6330
499 258 599 313 615

1702 249 1942 307 SANCTI
1982 246 2311 304 GREGORII
2353 246 2563 302 MAGNI

3658 245 3762 301 516

498 374 538 426 si
566 388 671 426 non
694 372 1067 427 benedixerunt
1095 370 1218 425 mihi
1261 370 1427 423 latera
1466 366 1602 436 ejus,
1645 371 1693 417 et
1722 365 1785 417 de
1812 363 2081 418 velleribus
2109 364 2155 422 Α
2186 361 2389 431 liquet,
2417 360 2540 429 quia
2563 359 2889 414 adversitate
2919 375 3026 415 non
3055 358 3263 417 modica
3290 358 3494 416 laboris
3519 364 3623 416 mei
3653 370 3767 415 stu-

498 468 663 519 ovium
685 481 915 519 mearum
942 464 1220 535 calefactus
1247 468 1323 514 est
1371 456 1525 529 (Job.
1551 468 1698 521 xxxt,
1733 452 1798 506 16
1826 454 1875 506 ἐι
1902 469 2006 523 seq.
2033 453 2073 521 ).

438 596 441 599 λ
498 556 628 621 Qua:
654 556 905 611 vrdeiicet
948 554 992 608 si
1032 554 1097 607 ad
1126 550 1395 619 allegoria:
1437 562 1651 602 sensum
1682 545 1947 599 violenter
1997 544 2079 597 in-

500 646 779 712 flectimus,
813 651 1006 699 cuncta
1033 643 1147 711 ejus
1184 639 1560 695 misericordia:
1600 636 1737 691 facta
1766 649 2074 690 vacuamus.

501 735 718 790 Divinos
737 738 934 788 etenim
955 746 1133 786 sermo
1154 731 1291 785 sicut
1317 729 1584 799 mysteriis
1614 727 1899 796 prodeuntes
1920 739 2080 779 exer-

500 833 604 890 cet,
635 825 712 879 sic
737 823 1050 892 plerumque
1076 818 1360 890 superﬁcie
1398 819 1665 887 simplices
1691 814 1917 871 refovet.
1968 813 2081 869 Ha.

500 912 590 965 bet
608 911 658 963 in
681 910 893 979 publico
916 909 1053 964 unde
1076 908 1329 979 parvulos
1350 908 1572 971 nutriat,
1592 913 1769 961 servat
1797 908 1848 959 in
1869 912 2081 959 secreto

499 999 640 1053 unde
679 1004 890 1052 mentes
934 998 1241 1053 sublimium
1285 998 1339 1051 in
1365 996 1721 1052 admiratione
1764 993 2077 1064 suspendat.

499 1089 658 1156 Quasi
687 1089 903 1158 quidam
943 1090 1142 1160 quippe
1177 1097 1258 1144 est
1301 1091 1356 1159 6
1402 1087 1611 1153 ﬂuvius,
1645 1094 1703 1142 ut
1731 1087 1803 1141 ita
1831 1086 2079 1151 dixerim,

500 1180 690 1249 planus
720 1187 775 1233 et
799 1179 957 1246 altus,
989 1180 1042 1233 in
1069 1193 1178 1249 quo
1201 1186 1256 1233 et
1284 1193 1451 1248 agnos
1496 1176 1753 1244 ambulet,
1783 1184 1838 1231 et
1862 1175 2082 1246 elephas

501 1280 669 1325 natet.
704 1269 771 1325 Ut
796 1283 925 1337 ergo
947 1268 1362 1339 uniuscujusque
1380 1268 1479 1323 loci
1503 1266 1876 1337 opportunitas
1904 1272 2083 1335 posto-

502 1365 597 1433 lat,
630 1365 704 1418 ita
740 1372 765 1400 ι
795 1378 855 1418 se
882 1378 980 1433 per
1006 1362 1237 1417 studium
1265 1358 1617 1431 expositionis
1642 1356 1775 1412 ordo
1804 1356 2078 1422 immutat;

500 1463 765 1524 quatenus
814 1461 967 1507 tanto
995 1453 1174 1508 verius
1219 1465 1432 1505 sensum
1461 1449 1651 1502 divinae
1680 1445 1967 1501 locutionis
1997 1445 2081 1499 in-

503 1544 720 1608 veniat,
749 1549 951 1610 quanto
980 1547 1039 1593 ut
1066 1555 1154 1595 res
1178 1552 1405 1609 quzeque
1443 1536 1716 1607 exegerit,
1765 1550 1864 1605 per
1889 1548 2081 1590 causa—

503 1650 617 1691 rum
644 1633 853 1704 species
880 1631 1129 1686 alternat.

1127 1717 1355 1776 CAPUT
1394 1718 1460 1773 V.

575 1812 850 1884 Gregorius
872 1810 1174 1881 wgritudine
1192 1809 1438 1863 laborans
1460 1823 1587 1879 opus
1607 1823 1820 1878 sequens
1844 1806 2078 1880 perfecit.

502 1904 673 1956 Artem
690 1902 932 1972 loquendi
953 1900 1199 1972 neglexit.
1232 1897 1427 1963 Quibus
1456 1907 1635 1953 utatur
1656 1898 1943 1970 Scriptum
1974 1915 2083 1952 ver-

501 1994 745 2048 sionibus.
774 2025 846 2035 —
869 1990 1042 2058 Quam
1069 1990 1320 2046 videlicet
1355 1990 1749 2060 expositionem
1794 2003 2084 2043 recensen-

500 2086 621 2141 dam
654 2095 757 2139 tuze
783 2082 1126 2152 beatitudini,
1156 2098 1262 2139 non
1289 2083 1414 2152 quia
1442 2082 1588 2137 velut
1627 2081 1842 2150 dignam
1879 2080 2041 2136 debui
2062 2122 2078 2146 ,

501 2177 591 2232 sed
621 2177 744 2247 quia
774 2184 827 2231 te
853 2184 1071 2246 petente
1118 2174 1339 2229 memini
1387 2172 1731 2244 promisisse,
1781 2172 2080 2227 transmisi.

502 2267 557 2321 In
587 2282 692 2338 qua
719 2265 978 2336 quidquid
1009 2275 1098 2319 tua
1141 2264 1397 2319 sanctitas
1437 2262 1677 2332 tepidum
1717 2262 2083 2332 incultumque

503 2358 783 2428 repererit,
808 2366 958 2411 tanto
982 2356 1112 2411 mihi
1132 2356 1412 2412 celerrime
1443 2355 1732 2424 indulgeat,
1754 2362 1957 2423 quanto
1978 2354 2085 2410 hoc

502 2463 588 2502 me
617 2463 816 2517 :egrnm
847 2448 1028 2502 dicere
1068 2462 1175 2501 non
1224 2447 1457 2516 ignorat.
1505 2445 1639 2499 Nam
1670 2446 1795 2499 dum
1835 2445 2085 2501 molestia

503 2554 695 2608 corpus
721 2538 989 2604 atteritur,
1014 2537 1041 2574 ι»
1066 2537 1255 2592 affecta
1282 2545 1463 2591 mente
1484 2537 1647 2591 etiam
1674 2535 1883 2591 dicendi
1912 2536 2085 2591 studia

503 2628 877 2696 languescunt.
927 2627 1089 2681 Multa
1127 2628 1327 2697 quippe
1370 2641 1633 2681 annorum
1674 2625 1785 2695 jam
1817 2625 2086 2682 curricula

503 2718 874 2785 devolvuntur,
895 2717 1037 2788 quod
1056 2719 1257 2773 crebris
1277 2717 1540 2773 viscerum
1558 2716 1834 2772 doloribus
1851 2717 2082 2783 crucior,

503 2809 646 2862 horis
676 2812 1067 2879 momentisque
1094 2810 1342 2865 omnibus
1381 2809 1549 2864 fracta
1594 2811 1857 2865 stomachi
1886 2811 2087 2866 virtute

2180 452 2279 507 diis
2308 453 2361 505 in
2392 452 2496 507 hoc
2536 452 2785 505 molestia
2824 451 3121 521 corporalis
3149 452 3384 518 obsistit,
3414 451 3559 521 quod
3585 454 3769 508 carnis

2178 544 2349 597 virtus
2376 558 2497 598 cum
2537 542 2820 598 locutionis
2849 544 3204 598 ministerium
3234 544 3496 599 exhibere
3524 545 3614 599 vix
3653 546 3769 599 suf-

2180 635 2312 703 ficit,
2340 649 2492 689 mens
2524 634 2683 702 digne
2734 650 2841 687 non
2896 642 3075 703 potest
3127 635 3378 690 intimare
3406 635 3551 704 quod
3576 636 3766 690 sentit.

2181 726 2323 793 Quid
2373 740 2603 794 namque
2659 733 2741 778 est
2790 724 3020 780 ollicium
3067 726 3330 795 corporis,
3364 725 3468 780 nisi
3506 739 3772 794 organum

2181 815 2394 872 cordis?
2438 814 2508 869 Et
2556 815 2848 885 quamlibet
2895 816 3096 885 peritus
3146 816 3217 870 sit
3262 814 3516 871 cantandi
3554 814 3769 881 artifex,

2182 907 2398 983 explere
2423 914 2591 960 artem
2623 921 2728 960 non
2766 906 2934 974 valet,
2966 906 3066 960 nisi
3094 905 3163 959 ad
3191 907 3328 961 hanc
3355 906 3456 960 sibi
3486 914 3543 960 et
3581 906 3772 962 minis-

2182 1006 2316 1052 tena
2338 997 2608 1052 exteriora
2632 995 2966 1051 concordent
2993 1013 3006 1050 :
3046 995 3173 1065 quia
3196 996 3445 1051 nimirum
3474 996 3767 1063 canticum,

2181 1088 2327 1158 quod
2353 1088 2509 1142 docta
2544 1102 2735 1141 manus
2764 1086 3011 1156 imperat,
3042 1094 3294 1156 quassata
3323 1100 3525 1154 organa
3551 1088 3771 1156 proprie

2181 1197 2289 1237 non
2337 1178 2636 1245 resultant;
2688 1193 2788 1233 nec
2817 1188 2986 1233 artem
3018 1177 3176 1233 ﬂatus
3205 1186 3477 1249 exprmnt,
3529 1177 3576 1232 si
3602 1177 3769 1234 scissa

2183 1272 2333 1327 rimis
2380 1270 2557 1327 ﬁstu'a
2587 1268 2799 1326 stridet.
2833 1268 3046 1336 Quanto
3091 1268 3273 1338 itaque
3309 1269 3523 1337 gravius
3552 1267 3767 1337 exposi~

2181 1360 2343 1415 tionis
2364 1374 2496 1414 mea:
2522 1358 2752 1429 qualitas
2782 1358 3059 1425 premitur,
3085 1356 3136 1411 in
3166 1372 3271 1426 qua
3298 1356 3508 1412 dicendi
3538 1357 3769 1425 gratiam

2182 1450 2260 1505 sic
2287 1448 2516 1504 fractura
2546 1447 2731 1517 organi
2760 1448 3001 1517 dissipat,
3033 1455 3093 1503 ut
3117 1447 3258 1503 hanc
3284 1447 3489 1519 peritiae
3510 1462 3602 1503 ars
3621 1449 3769 1504 nulla

2183 1541 2507 1612 componat?
2536 1538 2729 1606 Quaeso
2771 1549 2953 1594 autem
2980 1546 3041 1593 ut
3079 1539 3240 1608 hujus
3265 1540 3446 1610 operis
3473 1538 3620 1595 dicta
3650 1554 3769 1609 per-

2184 1649 2427 1702 currens,
2454 1633 2507 1688 in
2535 1633 2620 1689 his
2643 1633 2932 1687 verborum
2956 1630 3083 1687 folia
3111 1646 3217 1686 non
3239 1631 3500 1700 requiras,
3523 1632 3652 1702 quia
3679 1648 3769 1702 per

2112 1730 2159 1789 Β
2185 1739 2337 1778 sacra
2387 1723 2602 1792 eloquia
2656 1723 2723 1778 ah
2762 1736 2950 1777 eorum
3000 1721 3378 1777 tractatoribus
3424 1721 3770 1779 inlroctooszo

2184 1814 2526 1884 loquacitatis
2575 1813 2766 1868 levitas
2812 1812 3054 1867 studiose
3080 1812 3482 1881 compescitur,
3539 1814 3671 1866 dtsm
3719 1813 3769 1869 in

2182 1903 2383 1974 templo
2404 1902 2501 1957 Dei
2522 1918 2712 1958 nemus
2734 1903 2958 1972 plantari
2982 1903 3298 1974 prohibetur
3319 1903 3497 1975 (Deut.
3523 1919 3635 1969 xvr,
3657 1902 3768 1973 21).

2184 1991 2248 2048 Et
2274 1994 2455 2049 cuncti
2482 1993 2671 2063 procul
2695 1993 2858 2049 dubio
2884 1993 3102 2060 scimus,
3133 1995 3256 2065 quia
3284 1995 3501 2063 quoties
3532 1996 3586 2050 in
3636 1995 3772 2052 foliis

2185 2085 2325 2140 male
2354 2085 2489 2139 liene
2517 2086 2714 2154 segetis
2740 2085 2900 2140 culmi
2927 2086 3247 2155 proﬁciunt,
3289 2086 3484 2140 minori
3534 2086 3773 2156 plenitu-

2184 2174 2309 2230 dine
2346 2175 2615 2245 spicarum
2645 2189 2809 2244 grana
2850 2184 3180 2244 turgescunt.
3217 2173 3369 2230 Unde
3394 2184 3452 2230 et
3490 2175 3666 2245 ipsam
3697 2175 3773 2230 lo-

2185 2262 2385 2333 quendi
2414 2272 2607 2332 artem,
2637 2280 2799 2333 quam
2828 2265 3136 2334 magisteria
3174 2264 3466 2335 disciplina:
3492 2263 3776 2321 exterioris

2186 2356 2478 2422 insinuant,
2510 2372 2727 2413 servare
2752 2356 2993 2427 despexi.
3033 2357 3166 2412 Nam
3196 2358 3335 2414 sicut
3362 2359 3522 2427 hujus
3558 2373 3776 2430 quoque

2186 2447 2428 2517 epistolae
2458 2457 2613 2502 tenor
2637 2447 2900 2516 enuntiat,
2925 2444 2953 2485 ἀ
2984 2463 3089 2503 non
3120 2448 3419 2503 mctacismi
3445 2448 3777 2503 collisionem

2186 2536 2353 2605 fugio,
2382 2550 2489 2590 non
2518 2536 2834 2592 barbarismi
2874 2535 3245 2592 confusionem
3277 2537 3477 2603 devito,
3507 2537 3651 2591 situs
3673 2551 3779 2591 uio-

2187 2635 2381 2695 tusque
2410 2633 2465 2681 et
2492 2627 2931 2696 praepositionum
2978 2642 3135 2682 casus
3177 2642 3396 2682 servare
3446 2635 3776 2695 contemno,

2186 2718 2309 2786 quia
2341 2717 2613 2787 indignum
2661 2716 2841 2787 (Dist.
2884 2717 2978 2786 38,
3009 2735 3055 2773 c.
3082 2714 3399 2790 Indignum)
3428 2718 3779 2772 vehementer

2188 2808 2463 2876 existimo,
2488 2814 2546 2863 ut
2571 2808 2734 2863 verba
2778 2809 3015 2873 caelestis
3065 2812 3266 2866 oraculi
3312 2810 3641 2874 restringam
3680 2810 3775 2865 sub

502 2898 754 2964 lassesco,
784 2900 942 2954 lentis
986 2900 1226 2969 quidem,
1258 2898 1352 2953 sed
1393 2908 1572 2953 tamen
1623 2901 1892 2955 continuis
1920 2898 2085 2956 febri-
2188 2897 2388 2965 regulis
2418 2897 2630 2952 Donati.
2676 2897 2860 2967 Neque
2903 2900 3043 2953 enim
3070 2899 3187 2955 haec
3212 2902 3279 2956 ab
3308 2900 3428 2955 olus
3466 2900 3777 2969 interpreti-

501 2989 599 3044 bus
629 2990 845 3045 anhelo.
880 2990 1126 3059 Interque
1154 2990 1268 3045 lucc
1293 2990 1418 3044 dum
1445 2990 1704 3046 sollicitus
1741 3005 1910 3060 penso
1937 2991 2083 3060 quia,
2188 2989 2309 3056 bus,
2335 2988 2386 3042 in
2417 2986 2710 3059 Scriptum
2736 3004 2900 3045 sacrze
2928 2991 3253 3045 auctoritate
3279 3000 3493 3045 servata
3520 2997 3673 3045 sunt.
3703 2988 3777 3043 Ex

501 3079 779 3150 Scriptura
832 3090 1006 3147 teste,
1041 3079 1221 3135 Omnis
1267 3080 1406 3151 ﬁlius
1460 3081 1545 3149 qui
1592 3097 1625 3133 a
1663 3080 1774 3134 Deo
1818 3081 2083 3152 recipitur,
2114 3095 2160 3158 ο
2188 3094 2295 3150 qua
2328 3079 2577 3133 nimirum
2607 3079 2730 3148 quia
2766 3088 2951 3134 nostra
2998 3079 3266 3148 expositio
3310 3081 3506 3148 oritur,
3557 3078 3777 3150 dignum

501 3170 798 3241 ﬂagellatur
830 3170 1017 3242 (Hebr.
1048 3186 1146 3239 xu,
1174 3170 1227 3239 6)
1247 3212 1261 3237 ,
1294 3185 1401 3239 quo
1436 3170 1589 3223 malis
1619 3170 1972 3239 praesentibus
1999 3171 2091 3225 du-
2189 3168 2436 3240 profecto
2464 3178 2547 3225 est
2572 3178 2632 3225 ot
2657 3170 2809 3239 quasi
2838 3170 2980 3225 edita
3008 3170 3220 3226 soboles
3256 3171 3491 3240 speciem
3517 3186 3637 3225 sum
3664 3184 3777 3223 ma-

504 3263 615 3317 rios
658 3260 953 3330 deprimor,
984 3275 1050 3314 eo
1086 3271 1108 3299 ο
1137 3260 1203 3313 de
1226 3268 1426 3313 aeterna
1454 3260 1652 3314 certius
1675 3260 2090 3330 prmsumptione
2190 3262 2288 3317 tris
2317 3261 2574 3317 imitetur.
2603 3260 2806 3316 Novam
2828 3276 2960 3316 vero
2987 3261 3392 3317 translationem
3415 3260 3661 3327 dissero;
3688 3259 3779 3314 sed

504 3348 729 3415 respiro.
784 3347 849 3401 Et
887 3346 1114 3402 fortasse
1158 3346 1264 3402 hoc
1300 3346 1493 3401 divinae
1530 3347 1882 3417 providentiae
1909 3350 2089 3404 consi-
2190 3365 2313 3405 cum
2343 3350 2678 3421 probationis
2703 3365 2862 3405 causa
2885 3350 3071 3419 exigit,
3104 3364 3246 3405 nunc
3271 3365 3489 3415 novam,
3521 3363 3671 3404 nunc
3694 3363 3780 3402 ve-

506 3439 635 3493 linm
680 3436 798 3501 fuit,
841 3448 899 3492 ut
929 3451 1242 3507 percussum
1272 3435 1377 3491 Job
1407 3451 1693 3506 percussos
1718 3451 2045 3507 exponerem
2071 3478 2087 3506 ,
2191 3449 2363 3497 terem
2400 3455 2495 3512 per
2525 3440 2827 3496 testimonia
2849 3456 3094 3505 assumo;
3128 3448 3187 3495 ut
3223 3440 3347 3509 quia
3376 3439 3533 3495 sedes
3563 3446 3782 3509 aposto-

505 3535 555 3580 ct
589 3527 836 3594 llagellati
886 3538 1123 3583 mentem
1173 3526 1364 3581 melius
1415 3541 1512 3596 per
1564 3524 1771 3595 flagella
1809 3529 2086 3583 sentirem.
2138 3592 2139 3595 η
2193 3531 2321 3597 lica,
2348 3531 2435 3586 cui
2465 3529 2578 3586 Deo
2605 3538 2831 3587 auctore
2871 3530 3165 3601 praesideo,
3182 3539 3409 3600 utraque
3453 3528 3651 3597 utitur,
3678 3526 3781 3582 mei

504 3617 647 3690 [νει.
680 3627 729 3672 et
760 3617 883 3672 Rec.
912 3615 1014 3688 V.]
1044 3615 1150 3672 Sed
1201 3622 1382 3671 tamen
1429 3625 1578 3672 recte
1628 3616 2092 3675 considerantibus

583 3781 610 3842 ξι
636 3771 703 3842 _S.
732 3771 879 3838 Alh.,
902 3772 978 3824 ita
1006 3786 1207 3842 semper
1227 3770 1473 3842 studium.

576 3839 768 3912 ιγΕώιὶ
790 3882 806 3907 ,
828 3837 1087 3912 "afﬂicta.
1116 3837 1478 3912 Elegantius
1506 3837 1634 3912 Mss.
1674 3837 1834 3912 Beg.,
1885 3839 2046 3895 Corb.
2069 3880 2085 3906 ,

504 3909 563 3965 S.
597 3909 738 3977 Alb.,
767 3912 787 3963 ι
827 3907 1049 3967 νὶἰίιιοο.
1070 3948 1086 3975 ,
1116 3910 1322 3979 affecta.
1354 3908 1390 3961 2
1420 3907 1647 3964 Vindoc.
1688 3907 1850 3965 habet
1880 3920 2088 3965 utram-

507 3996 612 4049 que
641 3981 916 4117 ξὲᾟίεεη
948 4050 1049 4105 nisi
1078 4046 1225 4119 quod
1255 4049 1307 4103 in
1338 4047 1470 4119 Reg.
1495 4056 1552 4105 et
1570 4048 1808 4106 Colbert.
1853 4048 2097 4131 legitur;

2196 3634 2414 3692 quoque
2438 3619 2592 3677 labor
2613 3620 2778 3677 studii
2803 3636 2871 3675 ex
2891 3629 3120 3691 utraque
3131 3619 3419 3676 Tulciatur.

2196 3774 2259 3830 de
2283 3781 2479 3830 eterna
2507 3782 2674 3829 certus
2703 3774 3075 3830 consolatione.
3106 3773 3267 3840 Editi,
3296 3776 3362 3831 de
3390 3775 3627 3831 uternis.

2268 3842 2293 3881 ἀ
2347 3844 2653 3901 Leeendom
2686 3862 2787 3898 non
2819 3844 3088 3900 Iotacismi
3123 3857 3303 3901 monet
3334 3845 3606 3901 illustriss.
3638 3840 3777 3895 Hoe-

2268 3859 2293 3881 ιι
2347 3859 2421 3898 Le
2458 3859 2653 3899 enoom
2686 3862 2787 3898 non
2819 3859 3088 3900 latactsmt
3123 3859 3303 3901 monet
3334 3859 3606 3901 lllUSll‘lSS.
3638 3859 3777 3895 noe-

2197 3915 2303 3989 tius
2335 3859 2470 3984 (Lig.
2504 3916 2704 3989 de‘opt.
2733 3932 2850 3989 gen.
2880 3917 3096 3989 iuterp_._,
3128 3932 3242 3989 cap.
3268 3915 3410 3985 42),
3459 3914 3778 3989 ουίυξοοηο

2192 3984 2416 4053 jectum
2463 3984 2596 4038 nulli
2621 3984 2748 4038 Mss.
2790 3984 2990 4040 favent.
3042 3984 3385 4040 MetaCislnos
3420 4000 3449 4037 a
3480 3984 3780 4053 μετὰιὲειμαι

2200 4054 2434 4109 derivari
2462 4062 2661 4124 potest,
2692 4063 2748 4109 et
2784 4053 2974 4110 Latine
3001 4053 3109 4110 dici
3138 4056 3496 4125 transpositio.

531 4213 3769 4250 ’Μ

1736 4375 2379 4557 ἦβτθείᾱιὶο
2426 4451 2458 4491 a

1131 4637 1205 4699 In
1235 4654 1359 4717 qua
1385 4656 1519 4717 quae
1550 4643 1683 4699 toto
1712 4652 1897 4716 opere
1931 4635 2320 4701 sdisserenda
2343 4650 2492 4703 sunt
2522 4644 2741 4723 paucis
2762 4646 3153 4725 perstringit.

1027 4853 1251 4917 CAPUT
1291 4857 1581 4916 PRIMUM.

582 4964 630 5034 7
655 4961 707 5015 l.
752 4959 877 5025 Quis
914 4956 1134 5024 scriptor
1171 4952 1290 5008 libri
1317 4951 1438 5006 Job.
1464 4982 1534 4993 —
1555 4948 1700 5004 Inter
1722 4947 1922 5003 multos
1950 4961 2096 5018 saepe

510 5054 786 5126 quaeritur,
808 5048 927 5119 quis
948 5046 1066 5101 libri
1083 5044 1227 5100 beati
1241 5042 1343 5099 Job
1358 5041 1590 5111 scriptor
1610 5039 1892 5094 habeatur.
1914 5037 1985 5092 Et
2003 5038 2098 5093 alii

512 5147 730 5219 quidem
781 5143 1027 5214 Moysen,
1059 5139 1149 5194 alii
1181 5151 1345 5193 unum
1382 5133 1676 5205 quemlibet
1706 5146 1773 5186 ex
1820 5131 2098 5201 prophetis

512 5239 829 5308 scriptorem
857 5233 1015 5303 hujus
1034 5231 1212 5301 operis
1233 5227 1397 5283 fuisse
1416 5224 1775 5295 suspicantur.
1799 5221 1935 5289 Quia
1951 5223 2095 5278 enim

513 5333 563 5386 in
587 5333 726 5387 libro
746 5330 1018 5385 Geneseos
1043 5324 1252 5395 (Cenes.
1281 5334 1465 5382 xxxvr,
1498 5316 1604 5385 5'5)
1634 5313 1805 5371 Jobab
1835 5315 1900 5370 de
1927 5314 2097 5385 stirpe

514 5421 652 5479 Esau
695 5418 1056 5484 descendisse,
1086 5424 1142 5473 et
1166 5413 1295 5470 Bale
1320 5410 1431 5466 lilio
1469 5408 1608 5464 Beor
1628 5407 1682 5463 in
1705 5420 1933 5476 regnum
1970 5421 2095 5463 suc-

584 5597 610 5626 ι
647 5587 707 5642 ιιι
736 5585 985 5643 omnibus
1014 5591 1122 5636 vel.
1170 5580 1295 5635 Mss.
1327 5580 1417 5635 hic
1456 5576 1645 5646 incipit
1692 5576 1864 5646 prima
1895 5588 2020 5646 pars
2046 5580 2102 5629 et

516 5658 608 5713 lib.
640 5675 678 5720 ι,
710 5657 854 5711 nulla
886 5654 1024 5707 facta
1064 5650 1392 5719 prmfationis
1441 5644 1733 5720 mentione.
1768 5644 2102 5720 Prasfari‘tan

517 5712 642 5786 men
667 5712 919 5787 sanctum
947 5712 1237 5779 Doctorem
1265 5720 1433 5789 liquet
1470 5732 1538 5773 ex
1582 5715 1665 5772 his
1705 5714 1882 5773 verbis
1911 5713 1964 5770 in
1996 5712 2103 5769 line

2118 4863 2422 4926 Dcessisse
2449 4865 2791 4931 describitur,
2846 4867 2988 4922 hunc
3036 4869 3256 4924 beatum
3300 4868 3403 4926 Job
3450 4871 3611 4941 longe
3660 4883 3780 4931 ante

2198 4951 2370 5024 Moysi
2399 4962 2641 5025 tempora
2689 4957 2961 5012 exstitisse
3002 4959 3378 5027 crediderunt,
3418 4978 3626 5019 morem
3656 4982 3779 5035 pro-

2196 5040 2341 5099 fecto
2387 5046 2529 5101 sacri
2572 5046 2772 5115 eloquii
2811 5049 3147 5116 nescientes,
3178 5049 3307 5119 quia
3332 5051 3386 5107 in
3416 5054 3779 5121 superioribus

2198 5133 2309 5189 suis
2333 5135 2574 5203 partibus
2601 5137 2741 5191 solet
2775 5137 3010 5192 breviter
3046 5139 3204 5208 longe
3232 5148 3352 5210 post
3384 5152 3632 5198 secutura
3664 5158 3777 5212 per-

2200 5224 2487 5294 stringere,
2517 5243 2639 5281 cum
2668 5228 2847 5283 studet
2871 5229 2937 5283 ad
2966 5230 3069 5285 alia
3095 5232 3342 5289 subtilius
3371 5244 3394 5270 ⁸
3422 5232 3775 5290 enumeranda

2199 5329 2517 5385 properare.
2549 5315 2703 5373 Unde
2728 5326 2784 5373 et
2821 5318 2931 5373 illic
2968 5319 3159 5388 Jobab,
3202 5323 3510 5395 priusquam
3540 5340 3688 5394 reges
3725 5324 3775 5377 iu

2198 5402 2365 5459 Israel
2420 5409 2753 5475 existerent,
2815 5407 2976 5464 fuisse
3024 5421 3375 5467 memoratur.
3434 5412 3776 5483 Nequaquam

2206 5573 2481 5650 legendis:
2514 5572 2579 5627 In
2618 5576 2828 5650 longum
2865 5580 3189 5650 praefationis
3220 5581 3368 5635 verba
3416 5578 3771 5650 protraxintus.

2279 5646 2306 5685 ιι
2346 5643 2469 5711 Ed.,
2500 5643 2822 5700 enuntianda
2835 5643 3218 5713 {correximus
3254 5667 3323 5710 ex
3363 5643 3625 5707 consensu
3652 5644 3772 5701 Mss.
