3976 6316
163 288 284 342 517
1242 276 1601 334 MORALIUM
1640 276 1844 334 LIBRI.
1885 303 1953 317 —-
1994 271 2378 328 Pii/EFATIU.
3340 275 3446 328 tus

160 410 315 467 ergo
338 393 606 451 exstitisse
635 397 761 445 ante
799 388 970 460 legem
999 388 1359 456 cognoscitur,
1386 389 1476 457 qui
1506 387 1759 444 lsracliti-
1789 389 1837 447 Α
1865 401 1973 455 gem
2004 399 2199 444 meant;
2231 382 2478 435 inclinate
2503 396 2679 435 aurem
2706 390 2926 437 vestram
2953 384 3007 437 in
3036 382 3185 437 verba
3213 382 3319 437 oris
3345 383 3447 437 mei

160 504 367 545 eorum
402 484 643 555 judicum
674 491 920 549 tempore
958 478 1123 533 fuisse
1160 478 1421 545 signatur.
1453 476 1607 543 Quod
1635 476 1762 530 dum
1864 474 2035 541 (Psal.
2071 490 2272 538 Lxxvn,
2309 472 2384 541 l).
2419 472 2535 526 Non
2566 475 2709 526 enim
2740 474 2822 528 lex
2857 473 3059 538 David,
3084 484 3177 529 aut
3214 475 3447 544 populus

162 578 397 649 quidam
438 575 616 629 minus
652 580 811 626 caute
838 568 1201 634 considerant,
1234 567 1451 638 Moysen
1492 574 1763 634 gestorum
1863 563 2049 630 David,
2079 562 2176 618 sed
2207 577 2495 633 personam
2520 562 2657 631 ejus,
2694 578 2761 618 ex
2791 580 2899 634 quo
2927 565 3267 634 loquebatur,
3297 578 3451 620 assu-

165 669 325 724 illius
368 664 522 735 quasi
569 661 728 729 longe
754 659 1044 729 antepositi
1070 658 1388 728 scriptorem
1429 664 1661 727 putant;
1707 662 1767 709 ut
1864 667 2035 717 mens,
2069 652 2239 723 ipsius
2267 652 2589 708 auctoritate
2630 653 2885 723 loquitur,
2917 654 3070 724 cujus
3098 654 3451 724 inspiratione

164 757 433 811 videlicet
470 754 516 808 is
541 750 634 822 qui
663 750 840 821 potuit
865 749 930 803 ad
970 748 1329 804 eruditionem
1360 755 1599 801 nostram
1630 744 1765 813 legis
1862 743 2190 811 replebatur.
2223 741 2340 799 Hoc
2366 742 2606 813 quotidie
2637 743 2751 799 ﬁeri
2790 744 2845 799 in
2885 744 3124 800 Ecclesia
3154 745 3449 811 cernimus,

168 853 452 919 praecepta
482 843 664 905 edere,
696 842 812 911 ipse
839 839 1092 894 credatur
1115 840 1277 893 etiam
1318 854 1387 891 ex
1425 837 1639 906 gentilis
1664 834 1764 889 viri
1861 832 1909 886 si
1938 833 2219 900 vigilanter
2248 833 2547 889 intuemur.
2589 833 2723 889 Nam
2752 844 2900 891 stans
2944 837 2997 891 in
3045 837 3223 891 medio
3261 838 3447 905 populi

170 937 432 1004 historia,
457 934 672 989 virtutis
696 931 765 988 ad
788 946 888 986 nos
910 929 1157 999 exempla
1180 929 1480 983 mandasse.
1514 925 1767 981 Nonnulli
1863 924 2035 978 lector
2063 923 2257 978 clamat
2287 942 2301 977 :
2332 922 2448 995 Ego
2474 941 2588 978 sum
2616 924 2755 980 Deus
2783 927 3065 993 Abraham,
3101 926 3240 981 Deus
3271 926 3448 993 Isaac,

178 1036 344 1082 vero,
388 1026 445 1069 ut
490 1018 692 1071 dictum
723 1022 832 1077 est,
875 1014 1195 1081 scriptorem
1226 1013 1384 1080 hujus
1408 1012 1588 1082 cperis
1618 1028 1785 1067 unum
1864 1023 1915 1069 et
1952 1013 2086 1067 Deus
2124 1012 2287 1067 Jacob
2318 1012 2515 1085 (Exod.
2548 1031 2625 1079 ιιι,
2658 1015 2735 1082 6).
2788 1015 2854 1069 Et
2882 1017 3025 1086 quod
3054 1017 3168 1087 ipse
3197 1017 3336 1072 Deus
3362 1018 3452 1079 sit,

175 1108 491 1180 quemlibet
520 1122 587 1161 ex
617 1103 893 1174 prophetis
922 1103 1254 1157 arbitrantur
1279 1119 1291 1155 :
1319 1109 1624 1159 asserentes
1642 1103 1785 1171 quod
1864 1123 1994 1165 vere
2020 1106 2264 1177 profecto
2292 1123 2401 1161 non
2430 1107 2587 1171 dicit;
2614 1122 2713 1161 nec
2743 1114 2921 1163 tamen
2952 1125 3047 1179 per
3068 1110 3170 1164 hoc
3197 1110 3338 1179 quod
3367 1109 3453 1163 di-

181 1203 376 1257 nullus
404 1210 515 1253 tam
546 1197 772 1267 mystica
796 1194 891 1250 Dei
917 1194 1083 1250 verba
1104 1207 1436 1263 cognoscere
1464 1193 1658 1262 potuit,
1684 1194 1785 1249 nisi
1866 1203 1958 1267 cit,
1987 1199 2232 1256 veritatis
2258 1199 2501 1268 regulam
2543 1198 2782 1265 deserit;
2815 1202 2939 1268 quia
2968 1201 3054 1255 cui
3097 1201 3452 1255 ministerium

177 1294 351 1362 cujus
379 1299 615 1348 mentem
653 1287 953 1360 prOpbetire
980 1286 1203 1357 spiritus
1233 1284 1303 1341 ad
1341 1299 1575 1355 superna
1606 1285 1788 1340 suble-

177 1386 363 1441 vavit.

1867 1292 2101 1347 lectione
2127 1289 2368 1354 exhibet,
2394 1288 2512 1357 ejus
2536 1288 2831 1344 dominium
2855 1306 2988 1345 voce
3014 1293 3321 1360 praetendit.
3350 1274 3473 1345 lta-“

1868 1398 1973 1454 que
1999 1382 2289 1451 scriptores
2312 1381 2452 1438 sacri
2477 1380 2698 1449 eloquii,
2728 1381 2854 1449 quia
2882 1381 3072 1450 repleti
3112 1388 3302 1437 sancto
3332 1382 3453 1449 Spi-

254 1477 322 1533 2.
351 1477 543 1531 Auctor
572 1474 800 1547 Spiritus
829 1470 1263 1529 sanctus.-Sed
1284 1469 1406 1540 quis
1419 1469 1536 1526 htec
1556 1470 1789 1539 scripse-
1867 1474 1975 1530 ritu
1996 1487 2157 1542 super
2174 1487 2232 1529 se
2251 1472 2556 1541 trahuntur,
2582 1472 2738 1543 quasi
2761 1479 2915 1528 extra
2942 1472 3265 1542 semetipsos
3288 1472 3455 1537 ﬁunt;

175 1570 295 1633 rit,
338 1569 495 1624 valde
531 1580 861 1636 supervacue
900 1562 1181 1633 quaeritur,
1228 1575 1350 1616 cum
1381 1567 1558 1614 tamen
1598 1567 1790 1613 auctor
1869 1571 1926 1619 et
1950 1563 2028 1617 sic
2047 1562 2113 1616 de
2133 1577 2192 1617 se
2218 1564 2534 1627 sententias,
2558 1562 2712 1633 quasi
2735 1562 2802 1618 de
2822 1563 2942 1618 aliis
2971 1562 3273 1635 proferunt.
3306 1561 3459 1618 Unde

179 1651 318 1707 libri
361 1650 593 1722 Spiritus
636 1658 854 1706 sanctus
896 1650 1122 1706 ﬁdeliter
1148 1649 1415 1705 credatur.
1448 1648 1567 1719 Ipse
1611 1647 1772 1718 igitur
1873 1659 1929 1708 et
1948 1652 2136 1707 beatus
2156 1648 2257 1705 Job
2277 1662 2467 1707 sancto
2491 1651 2695 1721 Spiritu
2724 1651 2955 1716 afflatus,
2978 1652 3257 1722 potuitsua
3283 1660 3456 1721 gesta,

180 1743 313 1798 lucc
332 1742 565 1811 scripsit,
589 1742 681 1812 qui
708 1741 983 1796 scribenda
1009 1740 1247 1796 dictavit.
1278 1740 1392 1811 Ipse
1418 1740 1651 1808 scripsit,
1679 1737 1771 1806 qui
1800 1738 1846 1799 B
1873 1755 1993 1809 qua:
2021 1748 2176 1794 erant
2205 1738 2454 1796 videlicet
2478 1755 2724 1811 superna:
2750 1741 3090 1811 aspirationis
3118 1741 3281 1808 dona,
3305 1740 3459 1811 quasi

182 1839 241 1887 et
273 1832 333 1887 in
365 1832 506 1886 illius
530 1845 695 1901 opere
722 1831 1011 1900 inspirator
1036 1831 1261 1897 exstitit,
1291 1838 1347 1885 et
1374 1844 1470 1899 per
1488 1828 1774 1884 scribentis

181 1938 386 1979 vocem
412 1922 665 1978 imitanda
693 1921 761 1977 ad
789 1937 889 1977 nos
917 1922 1032 1991 ejus
1058 1921 1201 1978 facta
1228 1920 1539 1977 transmisit.
1570 1918 1628 1974 Si
1655 1934 1771 1973 ma~

184 2013 279 2084 gni
304 2013 581 2080 cujusdam
598 2012 699 2067 viri
718 2012 982 2083 susceptis
1004 2012 1246 2081 epistolis
1268 2012 1568 2081 legeremus
1588 2010 1772 2077 verba,

184 2102 288 2157 sed
318 2118 427 2173 quo
455 2102 662 2157 calamo
692 2101 914 2157 fuissent
936 2103 1133 2172 scripta
1161 2117 1541 2172 quaereremus,
1570 2100 1774 2156 ridicu-

186 2194 305 2249 lum
338 2193 579 2264 profecto
624 2204 766 2249 esset
793 2194 1141 2265 epistolarum
1178 2201 1453 2249 auctorem
1479 2193 1620 2249 scire
1647 2207 1744 2247 sen

185 2298 424 2353 sumque
455 2296 805 2352 cognoscere,
836 2283 931 2338 sed
958 2283 1102 2353 quali
1137 2284 1345 2339 calamo
1387 2297 1572 2339 earum
1610 2282 1778 2338 verba

187 2372 457 2442 impressa
506 2370 704 2426 fuerint
730 2371 1001 2440 indagare.
1032 2371 1164 2427 Cum
1193 2386 1322 2442 ergo
1349 2386 1465 2428 rem
1491 2370 1776 2442 cognosci-

188 2478 337 2527 mus,
370 2462 593 2531 ejusque
619 2462 699 2517 rei
727 2461 983 2533 Spiritum
1022 2472 1268 2517 sanctum
1306 2470 1585 2519 auctorem
1623 2470 1780 2517 tene-

188 2572 338 2623 mus,
368 2555 491 2625 quia
520 2555 838 2624 scriptorem
880 2556 1190 2624 quterimus,
1214 2554 1341 2625 quid
1383 2554 1525 2610 aliud
1549 2555 1778 2624 agimus,

189 2648 299 2703 nisi
331 2646 570 2715 legentes
600 2645 825 2710 litteras,
858 2645 926 2701 de
964 2646 1174 2701 calamo
1198 2657 1222 2684 ⁸
1250 2647 1672 2717 percontamur?

261 2737 415 2812 [Vet.
450 2735 562 2808 11.]
587 2736 641 2790 ‘5.
685 2736 797 2800 Quo
826 2738 1110 2809 inspirante
1137 2739 1234 2794 Job
1263 2756 1359 2794 sua
1385 2739 1671 2793 certamina
1693 2739 1781 2794 de-

187 2833 427 2903 scripsit.
460 2862 526 2872 ——
556 2831 818 2886 Arbitrari
866 2840 1042 2887 tamen
1072 2833 1253 2889 verius
1290 2848 1594 2903 possumus,
1638 2832 1783 2903 quod

195 2926 339 2979 idem
397 2923 585 2977 beatus
635 2920 767 2989 Job,
808 2923 901 2994 qui
947 2924 1243 2978 certamina
1288 2924 1546 2994 spiritalis
1591 2937 1782 2995 pugna:

196 3014 470 3079 sustinuit,
501 3014 662 3069 etiam
684 3022 1069 3068 consummatae
1096 3030 1204 3070 suae
1230 3013 1468 3070 victoria:
1487 3028 1637 3084 gesta
1662 3031 1785 3070 nar-

1874 1846 1981 1886 uon
2010 1844 2106 1886 sua
2135 1830 2411 1885 scribere:
2444 1830 2570 1900 quia
2601 1846 2667 1886 eo
2691 1830 2912 1886 alterius
2943 1839 3097 1886 erant
3122 1846 3242 1899 quae
3271 1831 3460 1899 loque-

1872 1920 2051 1986 batur,
2079 1934 2187 1989 quo
2212 1920 2378 1975 homo
2406 1920 2728 1990 loquebatur
2754 1928 2873 1991 qua:
2902 1922 2995 1978 Dei
3021 1930 3179 1988 sunt;
3206 1930 3262 1977 et
3284 1936 3352 1977 eo
3381 1921 3460 1975 al-

1874 2017 1959 2065 ter
1978 2024 2099 2079 quce
2125 2016 2281 2065 erant
2316 2010 2458 2066 illius
2486 2010 2823 2080 loquebatur,
2848 2028 2956 2083 quo
2986 2011 3222 2083 Spiritus
3243 2018 3461 2068 sanctus

1873 2099 2197 2170 loquebatur
2223 2114 2343 2170 quae
2371 2100 2603 2157 hominis
2639 2111 2784 2158 sunt.

2327 2211 2556 2268 CAPUT
2593 2212 2636 2268 ιι
2677 2215 2822 2288 [γει.
2865 2214 3007 2287 111].

1944 2301 2000 2372 9
2028 2299 2081 2355 4.
2116 2300 2384 2368 Praecepta
2414 2300 2608 2355 homini
2637 2304 2782 2356 data.
2824 2335 2897 2346 —
2933 2304 3041 2358 Sed
3065 2304 3180 2374 jam
3206 2304 3465 2363 debemus

1875 2389 1979 2447 ista
2008 2400 2337 2462 postponere
2365 2429 2381 2456 ,
2422 2399 2479 2447 et
2513 2391 2582 2447 ad
2611 2393 2998 2447 consideranda
3029 2394 3197 2450 sacra:
3224 2394 3463 2450 historiae

1876 2488 2028 2551 gesta
2058 2495 2371 2551 properare.
2399 2479 2586 2539 Omnis
2614 2482 2778 2539 homo
2797 2500 2863 2540 eo
2891 2484 3010 2556 ipso
3036 2500 3145 2555 quo
3168 2487 3331 2542 homo
3359 2496 3466 2554 est,

1876 2586 2031 2628 suum
2080 2571 2383 2642 intelligere
2426 2571 2589 2628 debet
2633 2583 2940 2641 auctorem;
2997 2576 3151 2645 cujus
3202 2576 3467 2632 voluntati

1883 2668 2035 2715 tanto
2061 2658 2233 2729 magis
2261 2659 2494 2729 serviat,
2522 2672 2728 2731 quanto
2756 2678 2816 2717 se
2843 2666 2967 2733 quia
2998 2664 3064 2720 de
3101 2681 3158 2721 se
3188 2666 3304 2737 ipso
3333 2668 3466 2723 nihil

1878 2750 1948 2805 sit
1971 2756 2192 2820 pensat;
2219 2763 2350 2805 ecce
2377 2759 2555 2805 autem
2580 2752 2778 2807 conditi
2808 2753 2973 2809 Deum
3002 2757 3345 2815 considerare
3374 2774 3467 2814 ne-

1880 2841 2165 2911 gleximus.
2196 2839 2444 2896 Adhibita
2472 2851 2599 2897 sunt
2617 2853 2885 2914 praecepta
2905 2886 2920 2910 ,
2946 2847 3225 2916 praeceptis
3253 2863 3468 2919 quoque

1881 2934 2259 3003 obtemperare
2290 2933 2578 2989 noluimus.
2623 2934 2998 3005 Adjunguntur
3027 2938 3296 3007 exempla,
3350 2938 3468 3007 ipsa

1881 3038 2099 3093 quoque
2155 3023 2354 3077 imitari
2388 3024 2633 3095 exempla
2675 3026 3008 3083 declinamus
3032 3068 3047 3093 ,
3091 3044 3210 3098 qua:
3239 3030 3470 3084 edidisse

196 3104 356 3156 ravit.
384 3104 489 3157 Nec
507 3117 725 3157 movere
750 3101 911 3157 debet
935 3104 1079 3172 quod
1108 3104 1162 3158 in
1192 3104 1381 3159 eodem
1404 3104 1540 3160 libro
1565 3104 1781 3171 dicitur,
1814 3100 1857 3160 C
1888 3115 1917 3155 ιι
1936 3116 2091 3172 nobis
2110 3116 2315 3186 ροείιοε
2330 3116 2562 3186 ευωθεε
2591 3119 2968 3189 conspicimus.
3000 3120 3135 3187 Quia
3165 3115 3306 3176 enim‘
3332 3122 3471 3177 Deus

198 3192 351 3245 Dixit
394 3191 528 3256 Job;
573 3192 690 3257 vel,
742 3192 852 3247 lucc
892 3200 1043 3265 atque
1089 3192 1180 3247 illa
1210 3194 1420 3263 pertulit
1461 3193 1580 3249 Job.
1620 3194 1785 3251 Moris

194 3285 248 3354 8
271 3284 418 3339 enim
451 3282 740 3352 Scriptura:
770 3298 935 3338 sacra:
963 3291 1045 3339 est
1082 3290 1140 3339 ut
1169 3284 1269 3354 ipsi
1293 3285 1383 3354 qui
1412 3284 1673 3353 scribunt,
1704 3286 1785 3342 sic

196 3377 263 3431 de
294 3391 353 3432 se
384 3376 435 3431 in
468 3376 555 3430 illa
600 3376 752 3445 quasi
783 3376 848 3430 de
877 3375 994 3431 aliis
1034 3376 1341 3446 loquantur.
1369 3376 1507 3434 llinc
1534 3386 1618 3434 est
1642 3380 1786 3434 enim

198 3468 345 3539 quod
375 3467 587 3536 Moyses
616 3467 726 3521 ait:
757 3465 889 3520 Erat
942 3465 1150 3537 Moyses
1188 3469 1266 3522 vir
1303 3468 1605 3524 mitissimus
1633 3485 1788 3541 super

201 3577 382 3616 omnes
403 3560 650 3625 homines,
674 3559 758 3630 qui
781 3558 1119 3613 morabantur
1139 3560 1191 3613 in
1215 3569 1351 3613 terra
1381 3558 1566 3632 (Num.
1588 3577 1681 3627 xu,
1706 3561 1785 3631 5).

201 3652 342 3707 llinc
386 3649 623 3705 Joannes
649 3649 816 3705 dicit:
848 3649 1146 3721 Discipulus
1182 3650 1308 3717 iLle,
1352 3667 1501 3722 quem
1542 3650 1788 3723 diligebat

202 3742 358 3797 Iesus
390 3740 570 3812 (Joan.
604 3756 715 3803 xix,
746 3739 861 3809 ‘26).
901 3738 1038 3794 Hinc
1066 3738 1238 3794 Lucas
1264 3740 1378 3794 ait:
1413 3738 1562 3804 Quod
1604 3740 1789 3794 ambu-

203 3834 373 3889 larent
400 3831 502 3887 duo
522 3847 588 3886 ea:
615 3831 881 3901 discipulis
906 3832 962 3885 in
982 3832 1094 3898 via,
1119 3830 1370 3902 Cle0phas
1397 3841 1445 3886 et
1468 3833 1602 3886 alius
1625 3830 1786 3895 (Luc.

206 3940 357 3987 xxiv,
388 3922 514 3993 1‘5);
544 3937 703 3992 quem
735 3923 980 3993 profecto
1008 3924 1193 3990 alium,
1222 3923 1346 3978 dum
1394 3932 1503 3978 tam
1551 3924 1794 3980 studiose

208 4015 401 4082 tacuit,
432 4022 491 4069 ut
519 4013 738 4085 quidam
767 4013 971 4080 dicunt,
1000 4015 1239 4084 seipsum
1261 4014 1425 4071 fuisse
1451 4018 1789 4074 monstravit.

207 4107 519 4173 Scriptores
548 4106 708 4172 igitur
735 4104 875 4160 sacri
907 4098 1139 4175 eloquii,
1171 4104 1296 4174 quia
1339 4106 1571 4174 impulsu
1618 4107 1793 4161 sancti

1885 3214 2073 3276 aperte
2096 3206 2416 3275 quibusdam
2445 3207 2543 3263 sub
2572 3209 2689 3279 lege
2715 3210 2906 3279 positis
2934 3211 3143 3267 locutus
3171 3223 3284 3278 est,
3318 3215 3469 3282 quasi

1889 3298 2095 3353 alienos
2123 3312 2223 3353 nos
2260 3297 2329 3351 ab
2360 3298 2562 3354 eisdem
2600 3302 2883 3371 przcceptis
2916 3292 3235 3373 aspicimus,
3274 3306 3471 3374 quibus

1888 3389 2006 3444 haec
2034 3388 2341 3460 specialiter
2366 3388 2578 3445 locutus
2608 3406 2715 3446 non
2745 3402 2849 3449 est.
2894 3393 3048 3451 Unde
3087 3395 3152 3449 ad
3191 3396 3474 3452 confutan-

1888 3479 2010 3535 dam
2046 3478 2433 3550 impudentiam
2461 3488 2724 3550 nostram,
2756 3485 2969 3553 gentilis
2997 3485 3159 3542 homo
3187 3485 3257 3541 ad
3285 3502 3474 3542 exem-

1888 3572 2038 3640 ptum
2069 3568 2390 3636 deducitur;
2423 3578 2481 3625 ut
2511 3572 2632 3642 quia
2663 3573 2883 3629 obedire
2909 3575 3073 3631 homo
3101 3575 3203 3645 legi
3232 3580 3331 3634 sub
3359 3580 3476 3649 lege

1890 3661 2099 3731 positus
2128 3661 2388 3731 despicit,
2418 3662 2534 3732 ejus
2567 3664 2757 3719 saltem
2785 3668 3192 3737 comparatione
3224 3672 3475 3740 evigilet,

1890 3753 1983 3823 qui
2020 3752 2137 3809 sine
2176 3754 2295 3823 lege
2340 3756 2586 3824 legaliter
2617 3756 2769 3812 vixit.
2813 3755 3031 3815 Erranti
3072 3761 3237 3832 igitur
3266 3764 3475 3821 homini

1891 3842 2014 3897 data
2051 3849 2136 3896 est
2172 3842 2288 3909 lex;
2328 3846 2529 3899 erranti
2555 3861 2684 3901 vero
2716 3848 2879 3902 etiam
2916 3849 3016 3904 sub
3044 3849 3165 3921 lege
3198 3852 3477 3910 adducitur

1892 3933 2257 3987 testimonium
2300 3949 2488 3990 eorum
2526 3938 2615 4006 qui
2655 3947 2807 3993 extra
2837 3938 3012 4007 legem
3055 3952 3212 4011 sunt,
3260 3952 3320 4000 ut
3351 3949 3476 4015 quia

1893 4023 2217 4079 conditionis
2251 4031 2451 4080 nostra:
2479 4026 2722 4082 ordinem
2752 4044 2969 4085 servare
2995 4031 3292 4100 noluimus,
3336 4051 3477 4107 pra:-

1893 4116 2063 4186 ceptis
2090 4115 2536 4186 admonerentur;
2568 4127 2624 4173 et
2643 4119 2764 4189 quia
2797 4123 3080 4194 praeceptis
3106 4124 3326 4181 obedire
3345 4142 3478 4184 con-

208 4196 446 4267 Spiritus
474 4198 765 4264 agitantur,
794 4195 873 4251 sic
896 4194 966 4251 de
992 4210 1052 4251 se
1077 4196 1130 4249 in
1159 4196 1252 4251 illo
1281 4196 1644 4251 testimonium
1675 4205 1796 4251 tan-
1895 4208 2229 4279 ιεωρείιηιιε,
2260 4209 2519 4279 exemplis
2546 4210 3030 4281 confunderemur;
3060 4215 3479 4282 memmium

209 4301 373 4357 quam
402 4285 472 4340 de
497 4284 616 4340 aliis
665 4283 961 4352 proferunt.
1014 4286 1153 4353 Ergo
1181 4294 1397 4340 sanctus
1431 4285 1661 4354 Spiritus
1698 4301 1788 4355 per

1896 4309 2000 4369 est,
2031 4313 2217 4354 eorum
2240 4299 2501 4369 exemplis
2519 4342 2535 4369 ,
2565 4315 2702 4369 quos
2722 4300 2811 4357 lex
2839 4304 3196 4374 astringeret,
3224 4306 3319 4363 sed
3346 4322 3481 4379 quos

212 4375 437 4446 Moysen
468 4375 676 4430 locutus
706 4382 790 4430 est
830 4373 899 4429 de
937 4372 1151 4445 Moyse;
1190 4382 1411 4429 sanctus
1440 4375 1671 4445 Spiritus
1701 4390 1797 4444 per
1896 4387 1987 4443 ιεχ
2016 4403 2047 4442 a
2078 4396 2304 4458 peccaro
2334 4389 2484 4444 nulla
2510 4390 2806 4447 cohiberet,

212 4463 477 4519 Joannem
506 4462 719 4518 locutus
744 4470 829 4519 est
862 4462 931 4519 de
957 4461 1184 4519 Joanne.
1212 4463 1408 4545 Paulus
1434 4480 1650 4536 quoque
1673 4466 1788 4536 quia

1975 4477 2026 4534 5.
2072 4478 2340 4550 Praecepta
2365 4481 2708 4534 contemnenti
2731 4481 2910 4535 addita
2930 4484 3166 4554 exempla
3194 4484 3293 4539 Job
3322 4486 3482 4542 homi-

215 4567 325 4606 non
347 4566 414 4607 ex
437 4566 497 4607 se
517 4551 633 4620 ipso
658 4551 990 4621 loqueretur,
1006 4553 1241 4608 insinuat
1259 4553 1442 4610 dicens
1466 4572 1478 4608 :
1504 4556 1585 4609 Αη
1605 4558 1788 4624 experi-

1900 4574 1979 4625 nis
2007 4570 2235 4641 gentilis.
2262 4599 2332 4610 —
2354 4568 2785 4641 Circumscripsit
2810 4551 3111 4627 nos-divina
3127 4576 3484 4644 providentia,

218 4651 441 4696 mentum
490 4643 722 4714 quaeritis
770 4644 882 4714 ejus
928 4644 1012 4713 qui
1067 4644 1122 4697 in
1169 4660 1248 4697 me
1297 4643 1523 4716 loquitur
1567 4644 1788 4701 Cliristut

1901 4661 2254 4717 circumvortit
2274 4661 2679 4717 excusationem
2705 4670 2976 4729 nostram;
3009 4664 3245 4731 undique
3269 4643 3485 4721 conclué

219 4732 325 4803 (II
356 4732 477 4787 Cor.
511 4748 627 4801 xm,
656 4732 690 4786 5
712 4734 769 4803 )‘i
794 4731 933 4788 Hinc
958 4742 1040 4788 est
1068 4733 1211 4802 quod
1248 4735 1467 4802 angelus
1508 4736 1600 4803 qui
1629 4735 1788 4808 Moysi

1902 4765 1991 4806 sus
2019 4757 2103 4805 est
2134 4750 2311 4806 aditus
2338 4751 2798 4820 tergiversationis
2836 4751 3102 4806 humanae.
3142 4752 3315 4809 Homo
3351 4768 3485 4822 gen-

218 4822 537 4891 apparuisse
565 4821 909 4889 describitur,
936 4822 1099 4877 modo
1137 4823 1378 4893 angelus,
1410 4823 1573 4879 modo
1620 4824 1804 4881 Domi-

218 4926 322 4965 nus
342 4922 707 4966 memoratur:
736 4912 957 4981 angelus
978 4912 1246 4980 videlicet,
1272 4922 1493 4984 propter
1513 4915 1634 4982 boc,
1658 4916 1802 4985 quod

221 5004 461 5058 exterius
483 5002 753 5073 loquendo
768 5003 1065 5071 serviebat;
1092 5004 1347 5060 Dominus
1375 5015 1554 5062 autem
1585 5006 1800 5077 dicitur,

221 5094 347 5164 quia
371 5094 596 5150 interius
622 5094 913 5165 praesidens
942 5094 1194 5165 loquendi
1223 5096 1514 5153 efﬁcaciam
1535 5100 1805 5155 ministra-

222 5186 335 5241 bat.
392 5185 528 5241 Cum
577 5200 708 5255 ergo
744 5188 974 5259 loquens
1002 5189 1071 5243 ab
1101 5189 1343 5245 interiori
1371 5184 1596 5261 regitur,
1627 5202 1682 5248 et
1709 5208 1807 5264 per

225 5278 540 5346 obsequium
588 5278 845 5348 angelus,
883 5286 940 5333 et
968 5294 1064 5349 per
1092 5279 1496 5349 inspirationem
1549 5283 1808 5343 Dominus

224 5371 555 5425 nominatur.
585 5368 719 5426 llinc
747 5369 916 5425 David
941 5370 1016 5424 ait
1041 5388 1054 5423 :
1084 5371 1346 5427 Attendite
1368 5374 1553 5444 popule
1570 5392 1711 5433 meus
1734 5379 1808 5431 le-

297 5510 321 5536 δ
362 5499 566 5578 C_orb.,
596 5499 790 5578 Rhein.
812 5542 828 5569 ,
860 5500 1069 5569 Remig.
1099 5509 1155 5556 et
1193 5503 1455 5575 plerique,
1496 5520 1803 5578 percuncta-

227 5586 358 5625 ntur.
390 5569 448 5624 lu
471 5569 731 5640 Vulgatis,
761 5578 1168 5640 pet-scrutamur.

296 5640 323 5677 δ
367 5640 557 5702 Gilot.,
581 5639 788 5707 ’Vatic.’,
830 5639 1119 5703 Gussanv.,
1154 5643 1301 5697 nobis
1341 5645 1523 5714 positis
1552 5648 1643 5702 sub
1672 5650 1720 5703 le
1754 5669 1802 5706 e.
1835 5674 1838 5678 ’

296 5709 641 5766 ueudavimus
670 5725 738 5765 ex
758 5709 882 5768 Mss.
910 5709 1011 5767 hac
1032 5711 1240 5771 ratione
1266 5712 1414 5775 fulti;
1447 5716 1695 5775 nimirum
1720 5668 1804 5775 fo-

1745 5737 1804 5777 ο-

229 5707 641 5766 Etueudavimus
670 5725 738 5765 ex
758 5709 882 5768 Mss.
910 5709 1011 5767 hac
1032 5711 1240 5771 ratione
1266 5707 1414 5785 fulti;
1447 5716 1695 5775 nimirum

1903 4841 2032 4905 tilis,
2063 4841 2226 4896 homo
2248 4841 2363 4895 sine
2382 4840 2523 4910 lege,
2551 4842 2617 4901 ad
2638 4841 2868 4896 medium
2891 4842 3196 4911 adducitur,
3218 4853 3277 4897 ut
3297 4860 3485 4900 eorum

1906 4931 1999 5001 qui
2028 4931 2127 4986 sub
2156 4931 2275 4998 lege
2312 4939 2439 4984 sunt
2468 4932 2701 5005 pravitas
2742 4932 3120 4987 confundatur.
3162 4932 3315 4999 Quod
3352 4936 3487 4990 bene

1908 5036 2006 5092 per
2031 5021 2348 5091 prophetam
2377 5036 2441 5076 ac
2464 5022 2699 5076 breviter
2723 5022 2950 5078 dicendo
2976 5024 3276 5079 ostenditur
3306 5041 3320 5078 :
3354 5023 3488 5079 Eru-

1911 5110 2084 5181 besce,
2135 5111 2335 5175 Sidon,
2382 5113 2458 5165 ait
2491 5128 2635 5166 mare
2666 5111 2833 5182 (Isai.
2868 5129 3031 5180 xxm,
3059 5111 3150 5184 4).
3195 5113 3252 5169 ln
3291 5114 3489 5171 Sidone

1909 5202 2111 5271 quippe
2138 5199 2397 5270 ﬁguratur
2411 5201 2678 5257 stabilitas
2699 5202 2752 5257 in
2774 5205 2892 5272 lege
2912 5206 3210 5274 positorum
3231 5223 3244 5234 ·
3276 5206 3329 5261 in
3354 5207 3489 5261 mari

1912 5302 2123 5358 autem,
2166 5292 2277 5346 vita
2310 5292 2610 5360 gentilium.
2654 5292 2927 5349 Erubesce
2969 5308 3131 5363 ergo,
3173 5294 3373 5367 Sidon,
3415 5301 3490 5353 ait

1913 5396 2096 5457 mare,
2135 5382 2260 5452 quia
2289 5397 2356 5437 ex
2395 5382 2504 5438 vita
2539 5383 2818 5452 gentilium
2857 5381 3200 5453 redarguitur
3236 5386 3345 5441 vita
3392 5388 3492 5443 sub

1912 5514 2015 5586 qui
2033 5521 2278 5569 sanctum
2307 5512 2621 5586 Gregorium
2647 5514 2714 5569 de
2741 5512 3060 5572 Christianis
3083 5518 3173 5586 qui
3196 5519 3293 5573 sub
3316 5516 3493 5574 Evan-

1914 5584 2056 5659 gelio
2082 5584 2590 5659 positi,_dec|inant
2624 5586 2871 5659 exempla
2906 5584 3215 5659 sanctorum
3252 5591 3349 5643 sub
3379 5591 3494 5659 lege

1952 5654 2233 5709 ositorum.
2276 5654 2399 5708 Anti
2444 5670 2506 5709 ua
2538 5663 2716 5708 tamen
2738 5664 2822 5710 est
2851 5656 3009 5711 lectio
3035 5657 3176 5722 hinc,
3215 5660 3413 5727 quippe
3433 5654 3493 5714 ἶιι

1913 5668 2012 5777 Bis.
2043 5722 2183 5777 Utic.
2211 5740 2307 5777 seu
2336 5671 2679 5777 thbruluhi
2708 5725 2902 5777 legitur
2932 5729 3109 5777 positis
3136 5736 3186 5777 et
3210 5732 3425 5777 nositas.

1968 5739 2012 5779 s.
2043 5722 2183 5780 Utic.
2211 5740 2307 5782 seu
2336 5725 2395 5781 S.
2423 5722 2679 5797 Ebrulphi
2708 5725 2902 5796 legitur
2929 5729 3109 5797 positis
3136 5736 3186 5785 et
3209 5722 3425 5800 positos.
