3976 6314
556 242 661 299 ara
1770 234 2009 289 saacrr
2045 232 2367 289 enecatur
2408 230 2619 288 MAGNI
2963 205 2967 213 “
3684 243 3766 303 δξο

555 357 672 423 lege
694 362 1010 424 posrtorum,
1041 362 1204 421 atque
1229 366 1294 406 ex
1315 351 1526 406 actione
1549 348 1881 404 saecularium
1903 349 2131 404 confun-
2159 347 2207 408 Α
2235 347 2331 399 luit
2362 345 2501 416 (Job.
2534 360 2684 409 χχχι,
2713 341 2826 411 52).
2861 341 3162 412 Di.-eiplin:n
3184 344 3429 412 vigorem.
3452 349 3630 414 lenuit,
3655 355 3768 414 sicut

555 447 700 500 ditur
727 446 870 501 actio
897 445 1267 515 religiosorum
1291 460 1303 495 :
1327 442 1455 497 dum
1483 442 1557 496 illi
1579 441 1742 495 etiam
1772 441 2133 510 promittendo

557 553 666 592 non
693 544 913 593 servant
938 550 1058 605 qua:
1079 535 1130 588 in
1160 533 1438 602 prmceptis
1460 530 1712 596 audiunt;
1735 537 1790 584 et
1807 530 1890 583 isti
1908 528 2134 584 vivendo

557 641 622 682 ea
649 626 979 692 custodiunt,
1011 624 1062 678 in
1085 622 1278 693 quibus
1301 635 1640 690 nequaquam
1661 620 1927 675 mandatis
1949 618 2134 688 legali-

559 721 658 773 bus
701 718 1064 785 astringunlur
1113 715 1256 787 [νει.
1291 712 1422 784 IV].
1474 712 1591 781 Qua
1637 728 1768 768 vero
1814 712 2136 768 auctoritate

556 810 690 864 liber
710 809 808 862 iste
833 807 904 861 sit
938 804 1191 874 prmditus
1209 846 1224 872 ,
1257 804 1370 876 ipsa
1399 819 1674 860 sacrarum
1702 803 2018 873 paginarum
2046 817 2136 857 so-

553 900 730 955 liditas
770 904 1073 962 attestatur,
1113 896 1256 954 .dum
1303 911 1400 967 per
1439 894 1776 950 Ezechielern
1818 893 2134 964 prophetam

551 987 746 1040 dicitur
773 988 792 1051 (
820 984 1014 1038 Ezech.
1042 1000 1153 1050 xrv,
1187 984 1275 1055 14)
1294 1025 1313 1050 ,
1353 983 1499 1054 quod
1527 991 1637 1038 tres
1667 983 2005 1040 solummodo
2033 981 2134 1037 viri

553 1076 870 1144 liberentur,
898 1075 1010 1131 Noe
1028 1077 1253 1142 scilicet,
1286 1076 1470 1130 Daniel
1493 1083 1548 1130 et
1573 1073 1695 1129 Job.
1727 1073 1836 1130 Nec
1867 1073 2133 1127 immerito

552 1166 690 1221 inter
720 1167 1068 1221 Hebr-morum
1104 1167 1270 1232 vitas,
1315 1167 1370 1222 in
1409 1166 1746 1221 auctortatis
1773 1164 2131 1220 reverentiam

549 1258 656 1312 vita
683 1257 812 1328 jnin
841 1258 1056 1326 gentilis
1085 1257 1383 1322 adducitur,
1419 1256 1544 1327 quia
1572 1255 1903 1324 Redemptor
1926 1261 2128 1320 noster,

549 1348 689 1402 sicut
711 1347 776 1401 ad
801 1345 1226 1417 redemptionem
1252 1345 1556 1402 Judmorum
1584 1352 1638 1399 et
1657 1344 1934 1413 gentilium
1961 1342 2130 1406 venit,

553 1437 626 1492 ita
675 1453 733 1493 se
775 1435 1081 1492 Judaeorum
1129 1447 1183 1490 et
1225 1437 1504 1504 gentilium
1550 1432 1860 1504 prOphetar-i
1908 1431 2132 1489 vocibus

553 1528 754 1593 voluit;
787 1537 845 1581 ut
873 1543 969 1597 per
995 1536 1279 1593 utrumque
1303 1523 1556 1595 populum
1584 1523 1881 1588 diceretur,
1910 1520 2001 1591 qui
2032 1535 2130 1591 pro

553 1625 780 1683 utroque
806 1613 1003 1682 populo
1025 1613 1349 1682 quandoque
1381 1622 1673 1682 pateretur.

2232 435 2349 505 ipse
2375 435 2578 490 indicat
2605 437 2787 490 dicens
2821 452 2832 486 :
2865 434 3138 504 Principes
3160 439 3428 490 cessabant
3456 438 3606 510 loqui,
3632 457 3676 499 et
3697 450 3765 503 di.

2232 526 2394 596 gitum
2421 522 2834 596 superponebant
2859 525 2940 578 ori
2962 538 3054 578 suo
3081 522 3232 595 (Job.
3263 541 3414 593 xxxx,
3442 525 3523 601 9).
3555 530 3766 594 Mansue-

2233 615 2472 670 tudinem
2528 615 2582 669 in
2637 616 2821 684 vigore
2860 614 3183 680 custodivit,
3229 615 3370 670 sicut
3419 617 3528 685 ipse
3574 622 3767 697 fatetur,

2231 704 2449 760 dicens:
2473 703 2696 777 Cumque
2715 705 2942 758 sederem
2971 705 3116 776 quasi
3144 722 3256 772 rear,
3281 707 3630 766 circumstante
3647 731 3771 772 exer-

2233 796 2335 848 citu
2354 834 2370 861 ,
2412 811 2554 849 eram
2583 804 2753 849 tamen
2794 795 3114 848 maerentium
3148 796 3445 851 consolator
3475 797 3646 870 (Ibid.,
3673 805 3766 877 25).

2232 883 2709 955 Eleemosynarnm
2740 885 3041 952 largitatem
3070 889 3347 954 amplexus
3376 897 3456 942 est
3474 932 3490 953 ,
3529 894 3652 949 sicut
3677 898 3769 966 ipse

2232 975 2466 1031 insinuat
2492 977 2676 1031 dicens
2706 994 2719 1032 :
2745 977 2817 1045 Si
2845 977 3041 1032 comedi
3071 976 3351 1032 buccellam
3379 997 3541 1036 meam
3566 986 3706 1056 solus,
3728 1001 3767 1044 et

2231 1083 2335 1121 non
2361 1067 2577 1122 comedit
2604 1068 2828 1136 pupillus
2847 1083 2914 1121 ea:
2934 1084 2996 1121 ea
3012 1065 3156 1139 (Job.
3180 1083 3330 1136 εχει,
3362 1069 3472 1142 l7).
3495 1074 3617 1128 Cum
3638 1077 3769 1147 igitur

2231 1160 2410 1215 omnia
2431 1159 2686 1215 virtutum
2717 1159 2968 1214 mandata
2995 1158 3301 1230 perliceret,
3333 1178 3495 1218 unum
3524 1166 3570 1220 ei
3595 1168 3765 1240 deerat,

2230 1258 2290 1304 ut
2318 1253 2478 1305 etianr
2506 1249 2803 1320 ﬂagr-llatus
2831 1265 2991 1321 agere
3021 1252 3221 1320 gratias
3258 1253 3440 1308 sciret.
3472 1254 3648 1311 Notum
3673 1270 3767 1316 erat

2230 1341 2354 1412 quia
2393 1342 2595 1396 servire
2633 1342 2746 1397 Deo
2785 1341 2928 1396 inter
2957 1341 3098 1397 dona
3143 1351 3371 1399 noverat
3408 1362 3421 1398 :
3469 1347 3557 1400 sed
3583 1349 3764 1419 dignum

2229 1431 2404 1487 fuerat
2433 1439 2491 1486 ut
2518 1431 2779 1488 districtio
2825 1432 3128 1490 severitatis
3163 1434 3462 1504 inquireret
3509 1447 3665 1494 utrum
3691 1445 3764 1500 de.

2229 1531 2388 1578 votus
2415 1523 2523 1578 Deo
2551 1531 2604 1579 et
2633 1522 2774 1578 inter
2801 1521 3008 1594 ﬂagella
3033 1533 3396 1594 permaneret.
3428 1525 3582 1584 Pmna
3601 1532 3766 1604 quippe

2229 1612 2549 1684 interrogat,
2599 1614 2646 1670 si
2693 1615 2909 1684 quietus
2949 1614 3070 1686 quis
3117 1615 3386 1671 veraciter
3430 1629 3583 1673 amat.
3625 1621 3760 1687 Quem

621 1708 673 1760 6.
707 1706 835 1775 Ejus
860 1707 1037 1768 virtus,
1069 1720 1166 1776 quo
1187 1705 1353 1773 magis
1376 1706 1654 1775 fragraret,
1685 1703 1906 1774 ﬂagellis
1927 1703 2126 1756 attrita.
2160 1700 2208 1760 Β
2233 1703 2402 1759 hostis
2446 1704 2660 1774 quidem
2689 1712 2749 1759 ut
2785 1705 3039 1760 deficeret
3068 1705 3256 1774 petiit,
3303 1708 3397 1762 sed
3439 1719 3493 1762 ut
3526 1711 3766 1779 proliceret

551 1829 617 1840 —
649 1797 738 1851 Vir
768 1797 946 1866 itaque
979 1797 1080 1850 isre
1110 1793 1334 1848 summis
1362 1793 1567 1847 viribus
1606 1793 1800 1858 fultus,
1840 1791 1943 1846 sibi
1972 1800 2131 1848 notus

548 1901 666 1946 erat
693 1899 746 1944 et
772 1889 884 1943 Deo
915 1905 929 1942 :
961 1890 1050 1958 qui
1079 1888 1124 1943 si
1156 1903 1262 1942 non
1293 1886 1681 1956 ﬂagellaretur,
1712 1901 1742 1938 a
1773 1885 1928 1940 nobis
1956 1885 2128 1940 nulla-

549 1986 704 2033 tenus
731 1987 1130 2045 agnosceretur.
1165 1974 1344 2031 Virtus
1366 1975 1563 2046 quippe
1589 1975 1752 2030 etiam
1778 1989 1874 2046 per
1891 1974 2130 2044 quietem

548 2085 608 2124 se
636 2071 895 2128 exercuit.
926 2070 1022 2124 sed
1052 2067 1266 2123 virtutis
1292 2067 1477 2137 opinio
1507 2073 1778 2123 commota
1805 2081 1901 2137 per
1923 2064 2130 2136 ﬂagella

550 2161 825 2230 fragravit.
863 2159 930 2214 Et
955 2159 1047 2228 qui
1073 2159 1288 2229 quietus
1319 2158 1372 2213 in
1402 2175 1462 2213 se
1490 2158 1609 2227 ipso
1639 2157 1782 2229 quod
1812 2166 1931 2213 erat
1959 2157 2132 2214 conti-

549 2254 682 2319 nuit,
730 2260 1034 2308 commotus
1079 2249 1154 2306 ad,
1192 2250 1436 2306 notitiam
1477 2250 1716 2305 omnium
1761 2249 1981 2304 odorem
2021 2265 2132 2306 suae

550 2344 878 2399 fortitudinis
907 2344 1155 2413 aspersit.
1194 2341 1346 2398 Sicut
1373 2341 1516 2397 enim
1546 2348 1814 2409 unguenta
1855 2340 2014 2395 latius
2040 2354 2131 2394 re-

547 2435 730 2490 dolere
759 2434 1005 2489 nesciunt
1035 2431 1134 2488 nisi
1164 2439 1433 2488 commota
1457 2469 1474 2495 ,
1505 2438 1560 2485 et
1587 2431 1725 2486 sicut
1754 2437 1995 2485 aromata
2023 2427 2131 2485 fra-

547 2525 811 2592 grantiam
856 2539 1007 2579 suam
1059 2538 1165 2578 non
1203 2522 1304 2578 nisi
1350 2537 1470 2577 cum
1527 2521 1884 2578 incenduntur
1927 2537 2131 2593 expan-

547 2614 719 2678 dunt;
764 2615 836 2668 ita
867 2614 1038 2668 sancti
1062 2612 1162 2668 viri
1194 2627 1354 2668 omne
1383 2611 1527 2683 qrrod
1568 2613 1852 2668 virtutibus
1887 2615 2132 2670 redolent

546 2706 598 2759 in
622 2704 1054 2760 tribulationibus
1078 2705 1438 2759 innotescunt.
1462 2701 1614 2758 Unde
1635 2713 1690 2758 et
1711 2714 1856 2758 recte
1880 2705 1933 2760 in
1958 2704 2132 2760 Evan-

545 2798 685 2865 gelia
724 2797 919 2852 dicitur
951 2813 964 2850 :
1000 2795 1062 2851 Si
1111 2794 1394 2850 habueritis
1433 2794 1587 2862 ﬁdem
1629 2811 1873 2866 tanquam
1909 2812 2130 2868 granum

547 2888 762 2958 sinapis,
807 2887 984 2941 dicetis
1017 2887 1135 2940 huic
1165 2886 1324 2940 monti
1353 2901 1372 2942 :
1407 2886 1592 2940 Transi
1633 2886 1771 2950 hinc,
1812 2896 1862 2940 et
1891 2889 2130 2942 transibit

547 2979 771 3049 (Matt/2.
804 2995 936 3046 xvn,
970 2977 1100 3050 19).
1133 2979 1372 3034 Granum
1411 2979 1612 3050 quippe
1653 2981 1754 3050 ιο
1789 2980 1991 3050 s‘napis
2027 2979 2132 3035 nisi

2232 1794 2458 1864 accepit.
2497 1793 2639 1849 Fieri
2682 1793 2938 1850 Dominus
2981 1796 3210 1865 benigne
3253 1797 3490 1866 permisit
3526 1801 3652 1868 quod
3673 1803 3764 1857 dia-

2229 1883 2384 1939 bolus
2414 1883 2593 1954 inique
2615 1883 2925 1954 postulavit.
2953 1884 3084 1940 Nam
3106 1900 3227 1940 cum
3251 1885 3449 1942 idcirco
3473 1888 3608 1943 illum
3632 1907 3765 1961 expe-

2231 1976 2385 2031 tisset
2421 1977 2589 2031 hostis
2627 1984 2686 2032 ut
2729 1986 3105 2047 consumeret,
3145 1979 3406 2036 tentando
3448 1981 3551 2050 egit
3588 1994 3636 2037 ut
3670 1986 3764 2053 ejus

2230 2065 2422 2120 merita
2452 2075 2691 2136 augeret.
2733 2066 3004 2136 Scriptum
3044 2068 3246 2140 quippe
3275 2077 3359 2124 est
3402 2087 3417 2124 :
3466 2069 3528 2124 In
3565 2074 3763 2129 omnibus

2231 2158 2311 2213 Iris
2338 2174 2440 2214 non
2475 2159 2706 2228 peccavit
2738 2157 2836 2213 Job
2878 2157 3030 2213 labiis
3057 2160 3164 2215 suis
3196 2157 3346 2232 (Job.
3378 2176 3422 2228 ι,
3452 2159 3564 2232 22).
3591 2161 3649 2217 Et
3667 2165 3762 2232 qui-

2230 2249 2351 2305 dem
2395 2251 2639 2320 quaedam
2688 2249 2850 2306 verba
2900 2251 3316 2320 responsionum
3362 2251 3500 2309 illius
3544 2254 3764 2324 imperitis

2230 2340 2519 2398 lectoribus
2544 2356 2737 2412 aspera
2763 2350 3036 2409 resonant,
3067 2341 3195 2413 quia
3224 2349 3529 2398 sanctorum
3554 2343 3674 2399 dicta
3691 2345 3764 2415 pie

2230 2437 2550 2507 intelligere,
2579 2439 2719 2495 sicut
2742 2439 3008 2504 dicuntur,
3040 2439 3315 2508 ignorant;
3347 2448 3400 2494 et
3423 2441 3540 2510 quia
3563 2443 3762 2497 animum

2230 2527 2460 2586 dolentis
2481 2537 2536 2585 et
2555 2529 2685 2599 justi
2707 2529 2760 2584 in
2780 2529 3083 2599 semetipsis
3102 2544 3381 2585 assumere
3403 2531 3644 2596 nesciunt,
3665 2532 3761 2588 ideo

2227 2617 2431 2673 doloris
2453 2617 2617 2672 verba
2639 2617 2776 2672 bene
2797 2616 3140 2687 interpretari
3165 2632 3278 2672 non
3303 2626 3535 2687 possunt.
3565 2617 3760 2673 Mentem

2227 2708 2429 2779 quippe
2465 2707 2720 2779 patientis
2763 2706 2902 2764 bene
2953 2722 3185 2779 pensare
3227 2709 3381 2765 novit
3417 2707 3762 2768 condescensio

2227 2800 2511 2870 passionis.

2298 2889 2352 2944 8.
2392 2891 2469 2944 Ab
2497 2889 2852 2960 imperitorum
2893 2889 3339 2945 criminationibus
3369 2888 3464 2944 Dei
3483 2887 3661 2960 judicio
3684 2885 3760 2938 ab-

2228 2981 2462 3036 solvitur.
2493 3011 2564 3022 —
2591 2980 2832 3037 Credunt
2855 2993 2985 3050 ergo
3013 2979 3232 3035 beatum
3263 2979 3362 3034 Job
3388 2981 3437 3034 in
3463 2979 3565 3035 suis
3585 2992 3760 3033 sermo-

545 3081 880 3138 conteratur,
924 3087 1267 3142 nequaquam
1298 3071 1376 3127 vis
1405 3072 1619 3126 virtutis
1653 3073 1769 3141 ejus
1798 3073 2125 3141 agnoscitur.
2153 3070 2198 3132 C
2231 3070 2388 3127 nibus
2416 3071 2722 3140 deliquisse,
2753 3071 2930 3126 minus
2951 3079 3109 3126 caute
3135 3070 3426 3136 intuentes,
3455 3070 3569 3140 quia
3587 3070 3627 3122 si
3647 3069 3762 3122 beati

545 3159 674 3217 Nam
719 3177 824 3215 non
873 3162 1168 3217 contritum
1212 3161 1332 3216 lene
1371 3171 1453 3217 est
1490 3181 1503 3215 :
1535 3163 1580 3216 si
1626 3178 1756 3218 vero
1792 3170 2126 3233 conteratur,

544 3251 860 3317 inardescit,
879 3260 949 3325 ,ει
977 3251 1122 3319 quod
1152 3251 1204 3305 in
1234 3267 1294 3306 se
1319 3251 1642 3306 acerriarum
1675 3253 1906 3318 latebat,
1938 3261 2125 3308 osten-

544 3345 638 3399 dit.
667 3343 758 3398 Sic
787 3343 1150 3411 unusquisqrre
1178 3342 1264 3397 vir
1292 3351 1530 3409 sanctus,
1575 3359 1696 3400 cum
1725 3361 1829 3400 non
1859 3346 2124 3416 pulsatur,

544 3433 883 3502 despicabilis
903 3448 967 3486 ac
989 3433 1124 3489 lenis
1155 3433 1417 3503 aSpicitur
1445 3453 1458 3489 :
1490 3436 1535 3490 si
1566 3451 1670 3505 qua
1699 3453 1828 3492 vero
1854 3437 2000 3492 illum
2024 3437 2124 3493 tri-

543 3532 664 3576 tura
695 3521 1082 3591 persecutionis
1110 3523 1402 3592 opprimat,
1435 3539 1560 3580 mox
1591 3540 1784 3594 omne,
1813 3526 1955 3596 quod
1984 3527 2126 3583 cali-

545 3613 671 3668 dum
711 3613 870 3682 sapit,
901 3621 1166 3678 ostentat;
1205 3622 1367 3685 atque
1396 3615 1448 3670 in
1474 3614 1738 3671 fervorem
1766 3617 1977 3685 virtutis
2001 3634 2125 3674 ver-

539 3705 708 3769 titur,
748 3704 1004 3775 quidquid
1036 3703 1088 3758 in
1120 3705 1214 3759 illo
1243 3713 1371 3761 ante
1398 3705 1722 3776 despic‘abile
1748 3707 2125 3778 infirmumque

537 3795 850 3858 rvidebatur;
883 3794 1134 3864 quodque
1163 3793 1214 3848 in
1244 3809 1303 3849 se
1328 3809 1424 3863 per
1453 3796 1853 3866 tranquillitatis
1880 3807 2123 3869 tempora

533 3885 715 3946 slibens
744 3894 1065 3953 Operuerat,
1105 3884 1406 3954 exagitatus
1435 3885 1866 3943 tribulationibus
1903 3897 2124 3945 coactus

534 3975 848 4031 rinnotescit.
893 3971 1045 4028 Unde
1075 3976 1211 4028 bene
1238 3990 1333 4044 per
1357 3977 1676 4047 prophetam
1710 3976 1906 4034 dicitur
1942 3998 1956 4033 :
1999 3989 2024 4018 ει
2055 3979 2123 4035 In

539 4068 628 4122 die
646 4067 910 4122 mandavit
938 4065 1185 4120 Dominus
1208 4067 1612 4122 misericordiam
1637 4085 1805 4135 suam,
1831 4080 1882 4124 et
1899 4071 1952 4124 in
1975 4080 2125 4126 nocte

543 4159 822 4213 declaravit
855 4157 984 4228 (Ps.
1016 4173 1122 4219 xu,
1158 4155 1236 4228 9).
1268 4156 1630 4212 Misericordia
1658 4161 1800 4215 enim
1829 4161 2038 4218 Domini
2069 4165 2123 4220 in

534 4248 632 4308 .die
659 4247 981 4308 mandatur,
1025 4246 1149 4314 quia
1199 4247 1250 4300 in
1293 4247 1580 4317 tranquillo
1611 4257 1865 4320 tempore
1893 4268 2123 4324 cognos-

538 4337 718 4391 cendo
767 4336 1086 4405 percipitur;
1138 4336 1190 4390 in
1233 4345 1390 4391 nocte
1433 4352 1561 4393 vero
1606 4338 1945 4412 declaratur,
1993 4345 2121 4414 quia

2227 3159 2326 3216 Job
2349 3175 2605 3230 reSponsa
2635 3161 2984 3231 redarguunt,
3015 3161 3200 3215 falsam
3222 3159 3388 3216 etiam
3409 3159 3475 3215 de
3499 3174 3561 3214 eo
3586 3157 3763 3212 Domini

2225 3252 2547 3308 sententiam
2577 3251 2740 3307 fuisse
2771 3259 3058 3308 testantur.
3088 3251 3314 3308 Diabolo
3349 3263 3569 3320 namque
3608 3263 3635 3302 a
3677 3248 3762 3302 Do-

2224 3342 2372 3397 mino
2401 3342 2596 3398 dicitur
2625 3360 2638 3396 :
2670 3343 3021 3398 Considerasti
3052 3359 3252 3398 servum
3290 3358 3454 3396 meum
3487 3339 3613 3405 Job,
3651 3337 3761 3410 quod

2225 3449 2330 3488 non
2360 3433 2426 3487 sit
2455 3434 2501 3486 ei
2529 3434 2715 3488 similis
2745 3450 2899 3504 super
2926 3442 3116 3488 terram
3146 3449 3164 3488 :
3203 3434 3285 3487 vir
3310 3431 3519 3500 simplex
3554 3439 3599 3484 et
3623 3436 3764 3482 rectus

2225 3543 2287 3580 ac
2317 3528 2498 3582 timens
2526 3525 2712 3592 Deum,
2741 3535 2788 3580 et
2819 3527 3058 3582 recedens
3085 3543 3118 3579 a
3143 3531 3284 3581 malo
3313 3524 3484 3596 (Vers.
3513 3521 3606 3589 8)?
3632 3520 3712 3575 Cui
3737 3533 3761 3573 a

2224 3617 2441 3673 diabolo
2471 3633 2594 3672 mox
2623 3617 2981 3687 respondetur
3014 3634 3026 3669 :
3061 3614 3318 3688 Nunquid
3343 3614 3501 3687 gratis
3534 3610 3623 3667 Job
3659 3609 3760 3663 colit

2224 3708 2428 3764 Deum?
2465 3707 2657 3764 Nonne
2699 3718 2751 3762 tu
2779 3707 2982 3762 vallasti
3010 3723 3126 3762 eum
3154 3714 3482 3774 cunctamque
3500 3713 3519 3742 ε
3538 3700 3758 3772 familiam

2221 3801 2334 3872 ejus
2359 3803 2383 3854 ?
2407 3799 2516 3855 Sed
2544 3799 2684 3853 mitte
2710 3801 2920 3852 manum
2948 3807 3107 3865 tuam,
3136 3805 3184 3851 et
3212 3805 3369 3868 tange
3391 3811 3517 3859 eum,
3544 3795 3586 3848 si
3605 3808 3691 3846 non
3717 3789 3760 3842 in

2225 3890 2414 3962 facient
2453 3888 2766 3942 benedixerit
2807 3888 2898 3942 tibi
2935 3886 3117 3958 (Vers.
3158 3885 3275 3957 10).
3306 3884 3480 3941 Hostis
3521 3887 3681 3950 itaque
3717 3879 3761 3932 in

2223 3980 2384 4035 beato
2410 3977 2510 4033 Job
2551 3979 2692 4034 vires
2718 3993 2842 4033 suas
2883 3977 3144 4042 exercuit,
3189 3977 3286 4030 sed
3317 3984 3486 4029 tamen
3523 3979 3757 4028 certamen

2224 4082 2414 4128 contra
2450 4076 2548 4143 ιι
2579 4071 2746 4126 Deum
2791 4069 3098 4140 assumpsit.
3145 4069 3295 4124 lntrr
3330 4069 3490 4123 Deum
3535 4065 3691 4132 itaque
3713 4066 3755 4114 et

2221 4164 2494 4219 diabolum
2533 4165 2724 4219 beatus
2768 4161 2868 4216 Job
2909 4162 2964 4217 in
3003 4160 3184 4215 medio
3231 4159 3450 4215 materia
3491 4150 3754 4212 certaminis

2223 4256 2342 4311 fuit.
2373 4255 2531 4327 ['Vet.
2573 4255 2652 4310 VI
2669 4254 2706 4327 ].
2739 4254 2990 4322 Quisquis
3016 4266 3145 4321 ergo
3183 4259 3422 4307 sanctum
3450 4249 3607 4303 virum
3643 4245 3753 4298 inter

2223 4347 2434 4417 ﬂagella
2479 4346 2934 4417 positum,‘dictis
2971 4345 3082 4402 suis
3121 4357 3372 4413 peccasse
3412 4339 3610 4403 asserit,
3649 4331 3752 4404 quid

545 4426 766 4488 donum,
797 4425 938 4494 quod
966 4425 1018 4480 in
1045 4425 1431 4494 tranquillitate
1451 4428 1696 4496 sumitur,
1730 4431 1782 4486 in
1810 4433 2118 4490 tribulatio-
2149 4439 2192 4496 D
2217 4438 2396 4504 aliud,
2425 4451 2585 4506 quam
2611 4436 2776 4490 Deum
2795 4476 2810 4501 ,
2842 4434 2931 4504 qui
2958 4449 3056 4505 pro
3085 4434 3178 4490 illo
3206 4437 3578 4504 proposuerat,
3607 4421 3752 4496 perdi-

546 4517 706 4578 nihus
737 4515 1136 4573 manifestatur.

1002 4606 1229 4663 CAPUT
1265 4609 1331 4664 ιιι
1370 4610 1532 4684 [γει.
1562 4610 1662 4684 r].

613 4697 665 4750 1.
717 4695 941 4750 Virtutes
969 4695 1068 4751 Job
1097 4710 1443 4776 recensentur.
1479 4733 1552 4744 —
1582 4701 1687 4756 Sed
1717 4703 1964 4759 subtilius
1993 4721 2119 4776 per-

538 4783 886 4840 scrutandum
913 4794 997 4841 est
1041 4802 1139 4842 cur
1167 4795 1247 4844 tot
1275 4775 1484 4858 ﬂirgella
1520 4792 1758 4861 pertulit,
1795 4794 1885 4862 qui
1915 4775 2121 4850 tantam

536 4877 794 4932 virtutum
822 4877 1120 4931 custodiam
1143 4876 1257 4932 sine
1279 4879 1694 4948 reprehensione
1716 4883 1969 4938 servavit.
2000 4882 2115 4939 Hu-

541 4969 822 5021 militatem
852 4967 1052 5037 quippe
1090 4966 1310 5034 habuit,
1355 4969 1478 5038 quia
1511 4956 1570 5024 et
1599 4970 1712 5039 ipse
1740 4980 1968 5028 testatur
1999 4991 2011 5027 :
2053 4973 2116 5030 Si

535 5060 817 5128 contempsi
848 5057 1103 5129 judicium
1123 5056 1294 5113 subire
1317 5075 1431 5113 cum
1469 5076 1615 5114 seruo
1651 5077 1794 5127 meo,
1839 5072 1888 5116 et
1922 5065 2116 5120 ancilla

535 5165 667 5211 mea,
700 5148 725 5185 δ
746 5164 862 5202 cum
882 5148 1229 5218 disceptarent
1255 5147 1524 5204 adversum
1549 5167 1629 5204 me
1655 5150 1794 5221 (Job.
1817 5169 1967 5222 xxxx,
2001 5155 2114 5226 15).

535 5236 964 5303 Hospitalitatem
994 5235 1256 5304 exhibuit,
1286 5237 1425 5292 sicut
1454 5239 1567 5310 ipse
1593 5241 1859 5310 perhibet,
1891 5244 2110 5302 dicens:

533 5325 688 5381 Foris
719 5345 820 5382 non
843 5329 1033 5385 mansit
1059 5331 1382 5400 peregrinus,
1413 5331 1601 5385 ostium
1626 5348 1792 5387 meum
1816 5335 2001 5390 viatori
2027 5353 2114 5405 pa-

601 5488 626 5515 ι
651 5479 734 5553 Ita
751 5480 871 5553 Mss.
899 5480 1111 5553 Ehem,
1138 5481 1583 5553 liernig.,7Corb.,
1609 5483 1818 5553 Bajoc.,
1841 5494 1944 5540 etc.
1967 5486 2106 5543 Edit.

482 5587 488 5596 .
530 5562 667 5670 ἔερΖῖ
695 5548 883 5617 GrloL,
916 5550 1116 5620 γεω,
1145 5548 1328 5617 ϐυδεᾷ
1371 5552 1434 5606 In
1461 5554 1495 5606 d
1517 5570 1545 5607 e
1571 5548 1904 5610 mandauit...
1933 5557 2110 5612 decla-

559 5635 590 5670 a
628 5635 643 5670 ι
671 5659 685 5670 .

559 5635 685 5672 αυιι.

602 5686 628 5729 δ
660 5687 874 5748 Ebroic.
905 5690 1056 5759 b155,,
1081 5692 1206 5746 Cum
1233 5691 1571 5750 decertarent.
1604 5694 1721 5752 Vox
1747 5695 1910 5754 llebr.
1941 5699 2107 5770 signi-
2161 5757 2165 5760 ,

2222 4529 2370 4585 disse
2405 4525 2782 4599 reprehendit?
2813 4525 2936 4596 Ipse
2963 4525 3163 4595 quippe
3189 4523 3245 4579 in
3278 4538 3338 4579 se
3368 4519 3546 4576 tentati
3570 4524 3751 4570 causam

2222 4619 2496 4688 suscipere
2515 4616 2706 4684 voluit,
2735 4616 2828 4686 qui
2854 4630 2975 4671 eum
3000 4625 3054 4671 et
3077 4623 3204 4670 ante
3227 4612 3432 4682 ﬂagella
3459 4605 3683 4680 praetulit,
3709 4605 3750 4654 et

2221 4711 2514 4781 prmlerens
2566 4709 2766 4764 tentari
2823 4723 2921 4777 per
2973 4706 3182 4775 ﬂagella
3237 4704 3489 4777 permisit.
3543 4697 3594 4753 Si
3645 4705 3751 4761 ergo

2220 4801 2516 4856 excessisse
2564 4798 2667 4855 Job
2713 4799 2927 4865 dicitur,
2981 4799 3229 4854 laudator
3277 4798 3414 4852 illius
3453 4786 3751 4849 succubuisse

2221 4890 2554 4962 perhibetur,
2580 4890 2824 4962 quamvis
2841 4905 2964 4945 eum
2993 4888 3298 4944 nullatenus
3323 4884 3591 4954 deliqui-se
3616 4877 3749 4933 etiam

2215 4982 2359 5048 dona
2389 4990 2671 5037 testantur.
2715 4979 2843 5047 Quis
2872 4981 3014 5035 enim
3052 4979 3258 5034 nesciat
3293 4977 3431 5048 quod
3466 4971 3622 5041 culpis
3659 4979 3748 5020 non

2215 5071 2457 5141 prtemia,
2483 5071 2577 5127 sed
2607 5087 2779 5141 pinnae
2806 5071 3135 5126 debeantur?
3162 5068 3261 5137 Qui
3290 5083 3414 5137 ergo
3441 5060 3651 5132 duplicia
3680 5069 3746 5109 re.

2215 5165 2396 5232 cipere
2423 5177 2543 5232 qua:
2570 5163 2826 5217 amiserat
2854 5163 3067 5226 meruit,
3098 5177 3166 5218 ex
3192 5157 3606 5216 remuneratione
3633 5149 3744 5203 edo-

2216 5255 2330 5309 ουίι
2360 5255 2485 5323 quia
2533 5269 2868 5325 nequaquam
2920 5253 3108 5308 vitium
3153 5254 3248 5310 sed
3285 5252 3446 5308 virtus
3485 5246 3575 5301 frrit
3612 5251 3745 5296 omne

2214 5346 2357 5415 quod
2381 5345 2534 5400 dixit.
2561 5345 2858 5400 Assertioni
2887 5358 3100 5414 quoque
3119 5345 3242 5400 huic
3262 5341 3430 5398 adhuc
3457 5331 3742 5404 adjurrgilur.

2211 5495 2580 5576 ticattitiqare.
2723 5564 2766 5576 ﬂ
2810 5565 2823 5576 _
2901 5573 2910 5576 _
3041 5565 3074 5576 η

2289 5575 2312 5602 ε
2358 5559 2498 5618 Editi
2546 5564 2983 5637 cumUVulgata,
3035 5565 3375 5637 Cunctamque
3417 5559 3739 5618 substantiam.

2215 5634 2338 5691 Mss.
2373 5649 2522 5701 vero,
2555 5635 2833 5707 familiam.

3915 745 3928 832 .

3919 907 3928 1280 Ι
