3976 6312
226 291 323 347 εει

1303 296 1479 352 LIBRI
1520 296 1902 354 MORALIUM.
1934 329 1999 342 —
2042 304 2428 365 ΡΒΑΞΕΑΠΟ.

3394 330 3495 384 532‘!

224 398 370 470 quod
412 398 528 470 ipse
566 413 667 470 pro
714 401 903 458 amicis
941 401 1373 472 delinquentibus
1409 405 1708 462 intercedit.
1755 408 1811 462 ln
1842 410 1892 469 Α
1917 409 1985 466 de
2005 412 2347 477 interioribus
2367 420 2681 479 sentiamus.
2711 423 2964 484 Inimicus
2993 445 3225 503 namque
3245 440 3496 509 szeviens,

227 491 483 559 gravibus
506 506 736 561 namque
757 495 991 564 peccatis
1014 494 1133 563 quis
1157 496 1361 563 positus
1384 496 1577 567 (Causa
1599 499 1652 563 5,
1679 516 1728 569 ᾳ.
1760 498 1811 563 7,

227 599 277 636 c.
315 581 380 636 In
405 582 692 653 gravibus),
721 584 846 637 dum
868 584 979 639 suis
1002 587 1281 654 premitur,
1313 587 1485 641 alit-na
1510 603 1614 641 non
1638 588 1811 642 diluit.

228 673 459 729 Mundus
500 690 629 743 ergo
669 675 975 730 ostenditur
1016 691 1134 732 esse
1176 677 1244 732 de
1285 694 1366 744 se,
1415 680 1507 747 qui
1552 681 1811 734 emunda-

229 768 432 822 tionem
461 767 637 837 potuit
660 767 905 823 obtinere
930 784 1027 839 pro
1055 770 1193 825 aliis.
1222 771 1277 826 Si
1300 786 1432 827 vero
1458 773 1563 828 hoc
1588 772 1812 841 quibus—

222 861 348 916 dam
373 862 644 932 displicet,
667 863 811 932 quod
840 863 981 918 bona
1001 879 1095 918 sua
1119 864 1235 934 ipse
1260 864 1513 929 narravit,
1535 865 1811 921 sciendum

224 960 309 1005 est
363 951 489 1021 quia
540 950 681 1007 inter
722 960 803 1006 tot
858 967 1038 1007 rerum
1092 955 1309 1021 damna,
1368 957 1508 1011 inter
1563 965 1643 1010 tot
1688 973 1812 1013 cor-

227 1044 377 1116 poris
402 1044 645 1109 vulnera,
678 1044 819 1099 inter
848 1052 924 1099 tot
955 1045 1237 1114 pignorum
1274 1047 1477 1113 funera,
1516 1049 1705 1103 amicis
1741 1049 1809 1104 ad

228 1135 658 1190 consolationem
722 1136 1095 1201 venientibus,
1151 1146 1205 1192 et
1257 1138 1324 1192 ad
1380 1138 1806 1209 increpationem

226 1225 723 1296 prorumpentibus,
762 1225 829 1280 de
865 1227 971 1279 vita
1013 1241 1109 1281 sua
1150 1226 1439 1297 desperare
1478 1231 1805 1300 cogebatur;

223 1326 278 1371 et
305 1331 468 1386 quem
503 1324 582 1371 tot
611 1315 932 1371 detrimenta
960 1316 1282 1384 afflixerant,
1314 1321 1702 1377 contumeliosa
1726 1322 1808 1377 iu-

223 1421 386 1477 super
426 1406 818 1476 increpantium
862 1407 1022 1462 verba
1066 1407 1348 1464 feriebant.
1401 1418 1427 1447 ι
1456 1409 1521 1465 lli
1552 1426 1805 1481 namque,

223 1496 315 1564 qui
344 1495 413 1551 ad
439 1496 825 1552 consolandum
848 1505 1138 1564 venerant,
1187 1497 1315 1553 dum
1341 1498 1495 1569 quasi
1522 1494 1647 1570 eius
1667 1500 1804 1570 iniu-

226 1588 389 1642 stitia:
437 1588 860 1658 exprobrabant,
906 1588 1194 1659 desperare
1241 1606 1367 1646 eum
1407 1592 1475 1648 de
1512 1593 1804 1663 semetipso

220 1676 457 1734 funditus
483 1679 903 1749 compellebant.
932 1679 1088 1745 Quod
1114 1692 1244 1749 ergo
1266 1681 1409 1736 bona
1435 1696 1530 1737 sua
1559 1680 1627 1736 ad
1653 1696 1804 1737 men-

1917 509 1973 557 ct
2013 506 2199 562 urbem
2249 510 2583 568 circumfusis
2630 518 2956 575 exercitibus
3002 521 3237 591 vallans,
3286 528 3333 582 si
3379 506 3497 598 eius

1917 597 2210 653 munimina
2251 601 2447 659 invicta
2488 609 2859 677 conspexerit,
2897 612 2963 666 ad
2992 613 3097 669 alia
3136 631 3194 671 se
3222 622 3494 688 pugnandi

1915 699 2229 777 argumenta
2279 696 2574 763 convertit,
2633 707 2693 753 ut
2739 701 2879 755 intus
2930 705 3091 760 etiam
3136 712 3492 777 quorumdam

1914 776 2109 832 civium
2140 782 2303 837 corda
2333 797 2677 858 corrumpat;
2715 801 2981 859 quatenus
3009 810 3130 852 cum
3158 776 3497 859 extrinsecus

1913 866 2311 960 impugnatores
2335 877 2655 947 admoverit,
2676 883 2916 942 internus
2936 902 3149 960 quoque
3172 893 3369 949 habeat
3396 896 3494 949 ad-

1906 956 2145 1025 iutores,
2178 970 2340 1032 atque
2369 965 2699 1025 increscente
2727 973 2851 1030 belli
2889 956 3033 1032 foras
3060 956 3385 1052 certamine,
3426 988 3494 1042 de

1910 1061 2138 1139 quorum
2186 1052 2329 1108 intus
2366 1055 2469 1111 fide
2504 1060 2827 1131 conliditur,
2876 1081 3062 1122 eorum
3103 1072 3323 1139 perfidia
3366 1077 3492 1131 urbs

1908 1137 2163 1194 destituta
2191 1142 2451 1211 capiatur.

1981 1226 2066 1281 {0.
2109 1227 2267 1284 Foris
2298 1229 2511 1298 bellum,
2540 1236 2793 1292 virulenta
2820 1242 2960 1296 intus
2988 1249 3205 1303 consilia
3230 1251 3485 1310 adhibuit.

1908 1347 1979 1357 —
2026 1314 2212 1389 Itaque
2241 1321 2481 1381 exterius
2507 1326 2659 1382 quasi
2702 1328 2871 1384 ariete
2908 1336 3233 1404 constituto,
3276 1357 3487 1399 murum

1907 1407 2143 1467 civitatis
2171 1411 2323 1470 istius
2352 1422 2431 1469 tot
2461 1416 2656 1473 ictibus
2684 1422 2942 1490 perculit,
2980 1435 3114 1493 quot
3156 1430 3361 1488 vicibus
3386 1435 3485 1489 ad-

1905 1513 2058 1555 versa
2085 1502 2365 1558 nuntiavit.
2390 1504 2538 1562 Intus
2563 1517 2740 1565 autem
2767 1514 2924 1582 qua~i
2951 1514 3149 1571 civium
3171 1520 3334 1576 corda
3360 1538 3486 1578 coro

1906 1592 2084 1680 rupit,
2114 1592 2241 1648 dum
2271 1596 2427 1651 fortia
2456 1599 2604 1655 urbis
2625 1600 2785 1672 huius
2812 1605 3107 1663 munimina
3136 1612 3486 1680 persuasione

1908 1679 2187 1770 destruere
2237 1687 2481 1759 conjugis
2529 1692 2755 1749 studuit.
2804 1695 2973 1754 Foras
3018 1679 3199 1770 itaque
3250 1705 3488 1761 admovit

217 1777 326 1823 tem
357 1777 602 1835 revocat,
635 1785 739 1825 non
766 1784 935 1840 seper
954 1769 1269 1837 iactantiam
1297 1772 1503 1839 elevat;
1526 1772 1620 1829 sed
1643 1772 1800 1842 quasi
1832 1756 1880 1817 Β
1907 1767 2165 1841 impetum
2196 1756 2353 1846 belli,
2378 1756 2521 1837 intus
2546 1795 2754 1839 venena
2779 1791 3025 1846 consilii:
3063 1756 3128 1844 ut
3150 1756 3487 1852 tanto—citius

217 1862 517 1933 collapsum
555 1862 693 1918 inter
724 1864 888 1918 verba
928 1873 984 1919 et
1022 1865 1243 1921 vulnera
1280 1866 1347 1922 ad
1375 1882 1524 1939 spem
1562 1867 1801 1924 animum

217 1953 493 2008 reformat.
523 1952 685 2009 Gravi
712 1955 854 2010 enim
886 1955 912 1994 ι’
942 1956 1334 2027 desperationis
1363 1958 1471 2014 telo
1492 1974 1648 2015 mens
1672 1975 1799 2029 per-

214 2044 434 2111 cutitur,
471 2057 494 2086 ε
522 2060 646 2101 cum
674 2059 919 2116 supernae
942 2045 1035 2100 irae
1055 2045 1489 2103 tribulationibus
1512 2049 1797 2118 premitur,

214 2144 268 2190 et
295 2136 427 2191 foris
455 2136 752 2206 linguarum
784 2136 1089 2207 opprobriis
1114 2144 1355 2205 urgetur.
1397 2138 1595 2194 Beatus
1636 2139 1799 2208 igitur

216 2223 316 2279 Job
344 2233 428 2280 tot
452 2224 699 2282 dolorum
722 2225 1052 2295 iaculatione
1077 2227 1357 2285 confossus
1375 2270 1390 2295 ,
1437 2228 1564 2285 dum
1591 2230 1796 2287 labefa-

215 2318 351 2373 ctari
376 2334 474 2389 per
493 2319 783 2389 opprobria
816 2320 1023 2387 timuit,
1072 2320 1139 2376 ad
1167 2328 1366 2376 statum
1401 2337 1461 2378 se
1498 2323 1702 2379 fiduciae
1727 2340 1795 2382 ex

212 2417 469 2464 anteacta
521 2409 629 2464 vita
682 2408 1051 2466 conﬁrmando
1100 2412 1395 2467 revocavit.
1448 2412 1795 2485 Nequaquam

212 2515 342 2570 ergo
372 2498 402 2539 ἀ
432 2501 486 2557 in
512 2502 834 2572 arrogantiae
858 2505 1042 2559 vitium
1072 2505 1296 2573 cecidit,
1335 2508 1460 2577 quia
1496 2518 1684 2566 contra
1716 2512 1797 2566 in-

213 2598 427 2644 ternum
447 2590 837 2661 desperationis
855 2592 1163 2663 impulsum,
1187 2609 1285 2666 per
1303 2597 1571 2653 exteriora
1592 2613 1797 2668 praeco-

212 2681 427 2736 niorum
456 2697 674 2739 suorum
708 2683 871 2738 verba
905 2684 1195 2754 pugnavit;
1238 2693 1296 2739 ut
1332 2685 1460 2742 dum
1498 2686 1639 2743 bona
1675 2703 1795 2759 qua

212 2771 417 2827 fecerat
460 2772 685 2837 diceret,
730 2788 1068 2844 nequaquam
1110 2773 1180 2831 de
1223 2776 1369 2832 bono
1402 2785 1427 2816 θ
1465 2776 1611 2850 quod
1650 2794 1796 2850 quae-

210 2862 379 2919 sierat
405 2863 737 2935 desperaret.

637 2952 866 3011 CAPUT
901 2949 970 3010 tv
1011 2953 1156 3027 [νει.
1208 2955 1362 3028 νιι].

279 3063 333 3119 9.
366 3062 557 3119 Omnia
584 3065 801 3122 Satanae
828 3067 1240 3123 machinamenta
1268 3078 1447 3125 contra
1466 3070 1565 3126 Job
1594 3083 1784 3129 erecta.

1906 1862 2090 1917 urbem
2121 1875 2361 1934 caperet,
2386 1877 2590 1937 quanto
2616 1886 2738 1927 eam
2758 1886 2998 1933 exterius
3019 1878 3349 1951 interiusque
3374 1891 3487 1939 tur-

1902 1954 2074 2010 baret.
2113 1955 2269 2026 [γει.
2313 1958 2513 2030 VIII.]
2563 1962 2697 2029 Quia
2727 1976 2907 2021 autem
2942 1983 3325 2041 nonnunquam
3365 1974 3484 2043 plus

1900 2045 2223 2100 conturbant
2249 2048 2412 2103 verba
2452 2066 2613 2119 quam
2642 2054 2895 2122 vulnera,
2936 2058 3265 2127 amicorum,
3312 2070 3370 2118 ut
3394 2064 3479 2119 di-

1898 2142 2045 2188 ctum
2067 2142 2167 2201 est,
2190 2151 2248 2191 se
2261 2137 2453 2206 linguis
2473 2142 2717 2204 armavit.
2733 2144 2833 2211 Qui
2852 2147 3067 2215 quidem
3082 2150 3208 2218 quia
3234 2153 3480 2211 seniores

1900 2226 2175 2315 eranttde
2205 2240 2390 2282 eorum
2421 2230 2597 2285 verbis
2625 2233 2802 2290 minus
2828 2234 3059 2293 fortasse
3083 2238 3102 2278 ί
3132 2240 3301 2298 doleri
3327 2255 3482 2314 pote-

1899 2324 2002 2369 rat.
2033 2315 2189 2371 ileliu
2209 2315 2391 2386 iunior
2416 2319 2758 2389 subrogatur,
2788 2330 2845 2378 ut
2862 2335 3108 2381 sanctum
3128 2340 3315 2399 pectus
3336 2340 3484 2389 tanto

1900 2407 2095 2463 acriori
2127 2408 2351 2467 vulnere
2378 2420 2717 2481 percuteret,
2743 2425 2946 2485 quanto
2974 2428 3159 2475 contra
3190 2422 3318 2477 illud
3347 2424 3483 2481 ictus

1898 2496 2101 2553 brachii
2131 2507 2157 2545 8
2186 2498 2390 2556 vilioris
2411 2501 2693 2565 excitaret.
2720 2503 2860 2562 Ecce
2888 2507 2957 2563 ad
2984 2507 3283 2566 feriendum
3312 2512 3483 2571 invic—

1900 2587 2161 2644 tissimum
2191 2590 2358 2646 robur
2386 2591 2634 2650 inimicus
2662 2596 2888 2653 smviens
2905 2638 2923 2666 ,
2964 2610 3097 2668 quot
3125 2603 3481 2663 tentationum

1895 2682 2072 2753 iacula
2101 2685 2335 2755 invenit;
2376 2703 2504 2747 ecce
2529 2701 2663 2761 quot
2689 2694 3027 2752 obsidionum
3053 2700 3481 2756 machinamenta

1896 2775 2308 2848 circumposuit;
2360 2795 2490 2837 ecce
2537 2793 2670 2852 quot
2707 2788 3114 2855 percussionum
3155 2790 3260 2846 tela
3304 2800 3482 2848 trans-

1896 2865 2046 2921 misit
2076 2882 2090 2921 :
2121 2867 2215 2923 sed
2236 2868 2291 2923 in
2314 2868 2401 2925 his
2420 2871 2671 2929 omnibus
2699 2876 2897 2932 mansit
2922 2892 3076 2934 mens
3096 2878 3479 2951 imperterrita,

1894 2965 1971 3013 stt
1981 2956 2045 3013 tit
2072 2958 2261 3015 civitas
2284 2959 2621 3019 inconcussa.

2516 3072 2747 3132 CAPUT
2785 3077 2848 3134 V.

212 3164 281 3199 '-—
316 3155 423 3211 Sed
463 3155 574 3225 iam
804 3158 978 3230 ipsum
1007 3159 1268 3263 .ordinem
1314 3163 1790 3263 tentet-ionisneius
1813 3120 1866 3190 ϐ
1968 3177 2055 3232 il.
2104 3177 2371 3235 Patientia
2396 3180 2495 3237 Job
2525 3183 2579 3238 in
2608 3186 2856 3243 adversis.
2904 3219 2974 3230 —
3003 3190 3234 3248 Student
3267 3192 3480 3263 hostes,

210 3262 588 3316 exsequamur.
619 3248 870 3306 inimicus
894 3250 1139 3315 stcviens,
1172 3261 1228 3307 et
1253 3252 1424 3308 sancti
1447 3254 1545 3310 viri
1573 3255 1790 3311 validis-

209 3339 404 3393 simum
431 3349 619 3409 pectus
644 3339 916 3396 debellare
944 3340 1304 3411 contendens,
1343 3352 1567 3399 cunctas
1603 3354 1789 3401 contra

209 3442 331 3484 eum
360 3429 719 3485 tentationum
747 3430 1022 3486 machinas
1050 3431 1253 3497 erexit;
1293 3433 1511 3489 abstulit
1537 3434 1788 3490 substan-

137 3505 143 3510 ’
208 3518 362 3583 tiam,
411 3518 681 3575 interfecit
726 3517 881 3585 filios,
930 3519 1195 3590 percussit
1246 3534 1461 3591 corpus,
1517 3521 1790 3592 instigavit

210 3622 456 3674 uxorem,
499 3606 703 3663 amicos
730 3607 799 3662 ad
828 3606 1256 3662 consolationem
1295 3608 1548 3676 adduxit;
1598 3610 1693 3667 sed
1733 3611 1786 3667 in

208 3696 554 3766 asperitatem
592 3695 975 3766 increpationis
1015 3696 1269 3752 excitavit
1309 3714 1324 3751 :
1366 3698 1532 3754 alium
1572 3713 1789 3770 quoque

211 3786 441 3841 amicum
481 3786 665 3842 durius
699 3786 1095 3856 increpantem,
1142 3786 1196 3841 in
1239 3795 1479 3843 extrema
1509 3796 1567 3843 et
1592 3788 1789 3845 acriori

211 3874 518 3931 lnvectione
545 3876 798 3942 servavit,
841 3886 901 3930 ut
937 3876 1129 3932 saltem
1158 3877 1400 3932 crebrius
1428 3877 1668 3934 feriendo
1693 3894 1791 3935 cor

209 3965 523 4035 attingeret,
554 3966 696 4036 quod
730 3981 870 4022 novo
895 3966 1117 4022 vulnere
1144 3981 1357 4037 semper
1385 3966 1627 4025 iteraret.
1652 3969 1787 4037 Quia

208 4056 352 4111 enim
393 4056 447 4111 in
484 4056 683 4111 sacculo
711 4064 988 4127 potentem
1025 4056 1185 4121 vidit,
1231 4057 1441 4114 damnis
1478 4059 1790 4115 substantia:

207 4163 331 4202 eum
362 4147 567 4203 moveri
595 4148 850 4215 credidit,
878 4162 1038 4217 quem
1067 4162 1176 4203 non
1204 4162 1521 4204 concussum
1548 4165 1616 4206 ex
1644 4150 1787 4207 lilio-

204 4253 326 4291 rum
365 4246 540 4292 morte
573 4238 825 4308 pulsavit.
856 4238 1053 4294 Videns
1080 4246 1261 4294 autem
1288 4240 1413 4309 quia
1441 4240 1507 4295 ad
1532 4254 1788 4309 augmen-

206 4336 321 4381 tum
354 4327 550 4383 divinae
588 4328 760 4383 laudis
783 4328 944 4383 etiam
973 4344 1041 4384 ex
1069 4328 1293 4385 vulnere
1319 4330 1492 4385 crevit
1521 4330 1785 4398 orbitatis,

209 4420 366 4489 petiit
394 4418 685 4475 feriendam
710 4420 938 4476 salutem
961 4421 1220 4491 corporis.
1253 4421 1473 4477 lntuens
1484 4422 1646 4478 etiam
1662 4423 1785 4493 quia

209 4526 306 4581 per
329 4511 571 4567 dolorem
592 4512 836 4581 corporis
861 4513 1143 4582 pervenire
1164 4514 1466 4583 nequiverit
1493 4515 1560 4568 ad
1585 4515 1789 4585 passio-

209 4618 331 4657 ncm
362 4602 587 4667 mentis,
628 4602 901 4671 instigavit
938 4617 1184 4658 uxorem.
1234 4600 1518 4658 Civitatem
1551 4604 1787 4674 quippe,

209 4710 369 4763 quam
403 4708 711 4764 expugnare
746 4694 998 4763 appetiit,
1040 4692 1198 4749 nimis
1232 4694 1494 4749 munitam
1531 4695 1694 4762 vidit;
1737 4704 1793 4751 et

210 4784 414 4840 idcirco
442 4786 677 4840 exterius
699 4794 776 4839 tot
804 4786 986 4855 plagas
1007 4784 1262 4851 inferens,
1290 4788 1441 4855 quasi
1473 4786 1618 4841 foras
1641 4798 1793 4841 exer-

205 4878 372 4932 citum
401 4877 671 4943 admovit;
711 4878 944 4931 animum
974 4893 1106 4932 vero
1136 4878 1318 4933 uxoris
1347 4878 1399 4933 in
1427 4878 1607 4933 verbis
1635 4878 1790 4932 ma'a:

204 4967 569 5039 persuasionis
595 4971 696 5038 12
716 4966 1035 5035 accendens,
1064 4967 1213 5037 quasi
1241 4968 1383 5024 intus
1408 4968 1603 5023 civium
1625 4975 1789 5023 corda

206 5057 471 5128 eorrupit.
503 5057 583 5113 Ex
613 5059 767 5113 bellis
812 5058 955 5113 enim
984 5057 1344 5113 exterioribus
1370 5056 1625 5114 discimus
1661 5057 1792 5127 quid

280 5225 305 5253 ι
346 5214 573 5271 Additur
601 5216 653 5270 in
685 5215 783 5271 Ms.
824 5214 1070 5275 Carnut.,
1119 5215 1405 5268 amicorum
1445 5214 1533 5284 qui
1580 5214 1649 5268 ad
1676 5231 1790 5270 eum

207 5285 500 5349 perdebant,
530 5286 673 5354 quod
696 5285 835 5339 forte
865 5285 1074 5353 irrepsit
1094 5299 1160 5338 ex
1191 5283 1451 5351 margine.

282 5354 309 5392 δ
341 5354 398 5410 1η
421 5351 680 5423 Vulgatis,
706 5355 909 5424 desper.
931 5351 1277 5423 stimulo,’pro
1301 5354 1401 5406 telo
1420 5351 1566 5421 quod
1591 5354 1793 5410 habent

207 5423 337 5481 Mss.
370 5441 509 5494 pene
543 5441 751 5479 onmes.

288 5508 309 5533 τ
341 5490 606 5559 Colbert.,
634 5511 748 5547 cum
779 5509 1000 5562 superne
1026 5491 1272 5563 tribulat._
1284 5508 1445 5560 prem.
1478 5490 1514 5544 2
1540 5491 1789 5563 Vindoc.,

210 5581 325 5620 eum
354 5583 447 5634 pro
477 5567 627 5634 benis,
651 5561 903 5617 malorum
933 5561 1348 5634 retributionibus
1374 5563 1641 5632 premitur.

280 5635 306 5672 ά
338 5632 429 5689 Sic
458 5634 580 5690 Mss.
616 5633 753 5687 Editi
775 5648 923 5701 vero,
955 5632 1009 5685 in
1031 5632 1324 5701 jactautite.

287 5716 310 5742 ε
342 5705 418 5758 Ita
450 5704 686 5758 Barthol.
720 5720 841 5757 cum
883 5700 1009 5757 Mss.
1032 5698 1100 5756 'In
1142 5701 1309 5757 Vatic.
1353 5710 1407 5757 et
1445 5698 1624 5769 Guss.,
1650 5707 1788 5772 quod

502 5800 773 5859 Parum.
812 5799 913 5858 LX
928 5799 979 5857 Χ
993 5798 1063 5857 V.

1895 3280 2023 3322 cum
2063 3277 2254 3323 contra
2302 3269 2493 3327 faciem
2523 3274 2771 3341 veniunt,
2802 3277 2939 3333 alios
2966 3293 3034 3334 ex
3064 3281 3277 3337 occulto
3307 3292 3480 3339 trans-

1890 3356 2126 3423 mittere,
2154 3358 2246 3426 qui
2274 3372 2344 3414 eo
2372 3359 2621 3417 licentius
2649 3366 2935 3433 pugnantis
2963 3366 3103 3423 latus
3130 3369 3342 3436 lcriant,
3373 3386 3481 3441 quo

1891 3447 1936 3504 is
1955 3448 2048 3518 qui
2072 3458 2273 3519 pugnat
2302 3449 2557 3507 intentius
2582 3454 2859 3512 venientes
2872 3457 3059 3514 hostes
3078 3470 3266 3516 contra
3286 3461 3477 3517 faciem

1891 3546 2152 3609 aspectat.
2186 3539 2350 3613 [Rec.
2392 3539 2493 3613 V.]
2544 3541 2709 3611 igitur
2735 3544 2867 3612 Job,
2908 3546 2963 3601 in
2989 3545 3146 3617 huius
3172 3550 3481 3606 certaminis

1892 3629 2037 3686 bello
2082 3631 2484 3701 deprehensus,
2536 3637 2776 3706 suscepit
2820 3637 3048 3708 damna,
3096 3643 3250 3710 quasi
3292 3643 3480 3700 hostes

1892 3718 2080 3776 contra
2116 3720 2338 3788 faciem;
2368 3723 2625 3779 sustinuit
2674 3727 2837 3781 verba
2868 3728 3259 3784 consolantium
3278 3772 3293 3796 ,
3323 3732 3480 3800 quasi

1893 3810 2076 3866 hostes
2113 3825 2181 3865 ex
2224 3810 2394 3867 latere
2442 3811 2583 3867 :sed
2632 3812 2685 3866 in
2733 3814 2817 3869 his
2867 3817 3117 3871 onmibus
3151 3818 3480 3874 circumacto

1892 3898 2173 3968 gravitatis
2200 3915 2310 3955 suae
2344 3900 2567 3971 clypeo,
2600 3902 2796 3970 ubique
2824 3905 3064 3960 munitus
3092 3907 3287 3972 astitit,
3324 3908 3483 3961 undi-

1898 4002 2003 4057 que
2034 3988 2374 4043 vcnientibus
2402 3989 2589 4057 gladiis
2612 3991 2895 4059 vigilanter
2914 3994 3149 4049 obviavit
3180 4013 3193 4048 :
3228 3997 3479 4051 amissam

1892 4079 2251 4135 substantiam
2278 4080 2443 4135 tacite
2469 4080 2715 4151 despicit,
2745 4098 2961 4138 carnem
2985 4084 3037 4137 in
3062 4084 3181 4139 ﬁliis
3211 4093 3478 4139 mortuam

1891 4169 2266 4240 aequanimiter
2283 4168 2451 4236 dolet,
2480 4185 2698 4225 carnem
2722 4170 2773 4225 in
2795 4187 2854 4227 se
2878 4187 3187 4242 percussam
3208 4174 3480 4244 patienter

1893 4258 2110 4323 tolerat,
2131 4273 2348 4314 carnem
2370 4260 2424 4314 in
2446 4259 2679 4329 conjuge
2701 4262 2841 4317 male
2862 4261 3180 4318 suadentem
3203 4264 3478 4334 sapienter

1892 4346 2070 4403 docet.
2115 4345 2291 4417 Super
2333 4346 2450 4403 haec
2487 4349 2647 4404 amici
2690 4350 2743 4404 in
2785 4365 3032 4420 asperam
3076 4354 3475 4424 correptionem

1815 4437 2209 4547 Dprosiliunt;
2259 4446 2314 4492 et
2358 4452 2460 4508 pro
2503 4437 2747 4515 sedando
2784 4439 2972 4496 dolore
3009 4442 3320 4507 venientes,
3368 4444 3475 4498 vim

1902 4524 2096 4547 ΔΑΙΑμΞ-
2130 4524 2416 4547 --12--....--..Α
2468 4524 2652 4547 Π..-..2Α
2692 4541 2805 4547 -___
2843 4544 2919 4547 ,-_-
2948 4529 2976 4547 ,I
3003 4530 3014 4541 ο
3070 4546 3079 4547 κ
3162 4546 3169 4547 ,
3222 4540 3233 4547 .
3306 4541 3316 4547 .
3400 4543 3410 4547 -

1896 4524 2100 4579 doloris
2127 4524 2438 4594 adiungunt.
2468 4524 2659 4581 Onmia
2684 4541 2814 4596 ergo
2841 4529 3270 4585 machinamenta
3304 4541 3477 4587 tenta-

1899 4616 2105 4671 tionum
2134 4624 2325 4671 sancto
2346 4619 2464 4673 viro
2494 4627 2779 4673 vertuntur
2800 4621 2853 4674 in
2884 4628 3167 4688 augmenta
3194 4621 3474 4680 virtutum.

1899 4705 2003 4761 Per
2050 4707 2274 4762 vulnera
2320 4707 2522 4777 quippe
2569 4710 2830 4779 probatur
2874 4709 2990 4777 ejus
3037 4711 3326 4779 patientia;
3382 4729 3478 4782 per

1896 4798 2061 4854 verba
2083 4814 2216 4854 vero
2240 4807 2526 4855 exercetur
2552 4799 2669 4869 eius
2696 4801 2982 4872 sapientia.
3028 4800 3235 4870 Ubique
3263 4804 3478 4862 fortiter

1872 4887 2149 4953 ’occurrit,
2183 4887 2308 4956 quia
2352 4895 2409 4941 et
2448 4887 2659 4956 ﬂagella
2702 4888 2920 4955 robore,
2963 4898 3021 4944 et
3057 4891 3217 4945 verba
3266 4893 3476 4948 ratione

1895 4977 2186 5047 superavit.
2228 4976 2399 5031 Amici
2441 4991 2572 5032 vero
2611 4977 2757 5046 eius,
2800 4979 2893 5046 qui
2935 4979 3003 5032 ad
3047 4981 3475 5037 consolationem

1893 5069 2113 5139 quidem
2147 5068 2398 5136 veniunt,
2444 5069 2539 5125 sed
2584 5085 2754 5141 usque
2786 5072 2852 5126 ad
2888 5071 3053 5126 verba
3092 5070 3478 5142 increpationis

1932 5223 2212 5276 rwsrierat.
2260 5221 2375 5276 Vet.
2408 5220 2504 5278 Ed.
2545 5222 2715 5279 Paris.
2755 5232 2809 5279 et
2838 5222 2998 5280 Basil.
3031 5238 3152 5278 cum
3183 5223 3347 5278 Gilot.
3381 5224 3478 5279 ha-
3536 5234 3541 5237 '

1932 5239 2212 5276 rwsnerat.
2263 5239 2375 5276 vet.
2409 5239 2504 5278 eo.
2545 5239 2646 5278 rar

1892 5239 2022 5347 Kent
2050 5304 2331 5360 utramque
2360 5292 2482 5347 lect.
2644 5353 2646 5356 ,

1977 5361 1994 5400 ῐ
2042 5361 2149 5427 AL,
2183 5361 2385 5426 Dolere,
2420 5372 2478 5415 ut
2514 5363 2715 5417 habent
2748 5362 2937 5428 Gilot.,
2966 5362 3166 5429 Vatic.,
3210 5363 3475 5421 (iussam.

1972 5431 2280 5502 sultaultlss.
2312 5431 2544 5499 Anglic,
2583 5432 2768 5487 Norm.
2806 5443 2860 5487 et
2891 5448 3025 5502 pene
3050 5449 3257 5487 oumcs.
3301 5434 3479 5487 Editin

1896 5499 2057 5572 Basil.
2091 5500 2247 5572 15M,
2280 5512 2337 5555 et
2372 5502 2488 5555 alite
2524 5518 2664 5572 seq.,
2695 5499 2917 5572 excepta
2944 5502 3231 5564 Gussanv..
3278 5505 3477 5559 brachii

1894 5570 2180 5624 validioris.
2215 5570 2421 5643 Retttig.
2455 5570 2805 5643 alter—habet,
2834 5570 3035 5627 brachii
3060 5574 3302 5643 junioris.
3342 5573 3474 5628 For—

1893 5648 2036 5695 tasse
2061 5648 2285 5709 propter
2312 5641 2467 5697 lleliu
2499 5642 2784 5712 iuniorem,
2813 5644 2880 5700 de
2905 5659 3013 5715 quo
3044 5641 3203 5713 paulo
3225 5653 3402 5700 antea.

3001 5802 3070 5861 l7
