3976 6312
552 305 655 362 525
1756 299 1997 359 S.\NCTl
2036 295 2358 353 GREGORII
2405 297 2445 355 31
2454 297 2613 353 AGNl

550 417 834 486 excedunt,
868 421 1167 491 ignorantia
1191 422 1357 491 magis
1379 418 1633 477 credendi
1661 427 1806 485 sunt,
1833 429 1993 485 quam
2016 425 2131 465 ma-
2161 412 2207 471 A
2233 416 2357 465 sunt
2372 410 2439 464 de
2460 408 2715 479 injustitia
2734 408 3054 478 reprohare;
3081 406 3377 463 nescientes
3396 408 3624 468 videlicet
3642 422 3760 487 quod

551 512 664 566 litia
700 512 1008 583 deliquisse.
1048 513 1230 584 Neque
1283 515 1424 568 enim
1479 521 1685 566 tantum
1722 510 1897 563 virum
1928 505 2130 559 amicos
2235 502 2436 556 idcirco
2463 500 2759 571 ﬂagellatus
2789 498 2983 569 fuerat,
3012 508 3072 554 ut
3098 516 3198 570 pro
3224 498 3432 568 ﬂagello
3471 503 3579 571 ejus
3602 506 3762 565 divina:

552 602 764 672 iniquos
786 602 1039 657 habuisse
1062 603 1388 657 credendum
1410 601 1650 658 est:sed
1670 600 1795 657 dum
1826 597 2133 651 discernere
2232 591 2415 661 glorim
2465 591 2581 646 laus
2629 599 2931 657 cresceret,
2983 598 3089 645 non
3135 598 3311 645 autem
3361 600 3417 645 ut
3459 608 3549 662 per
3588 596 3762 665 ﬂagella

492 745 500 759 ,
552 706 771 745 causam
846 689 1177 760 ﬂagellorum
1235 700 1546 760 nequeunt,
1619 691 1673 745 in
1730 688 1941 757 culpam
2001 683 2132 739 dila-
2233 692 2455 754 peccata
2511 698 2629 752 quas
2684 698 3026 753 nequaquam
3077 683 3417 738 commiserat
3477 689 3747 746 emendaret

494 765 500 843 ᾗ
550 780 767 834 buntur.
1578 832 1583 837 ,
2236 772 2387 828 Unde
2408 783 2464 828 et
2483 773 2549 829 ad
2568 773 2777 829 veniam
2802 774 2957 829 citius
2977 773 3223 839 redeunt,
3248 774 3371 844 quia
3398 776 3668 844 ignorantia
3686 798 3762 851 po-

622 866 765 937 [νιιι.
795 865 938 938 IX
958 867 1042 922 12.
1082 868 1245 922 Var-2a
1271 884 1655 931 percussionum
1681 884 1888 939 genera.
1920 897 1992 908 -——
2014 862 2137 917 Per-

551 957 856 1011 cussionum
887 958 1085 1028 quippe
1112 958 1323 1013 diversa
1351 968 1481 1013 sunt
1505 972 1721 1027 genera.
1758 957 1873 1010 Alia
1905 969 2134 1024 namque

552 1054 636 1099 est
664 1045 941 1115 percussio
963 1087 977 1111 ,
1009 1062 1114 1116 qua
1146 1057 1401 1118 peccator
1438 1048 1742 1118 percutitur
1762 1090 1778 1114 ,
1817 1053 1877 1100 ut
1905 1046 2020 1100 sine
2049 1059 2134 1098 rev

554 1133 877 1188 tractatione
905 1135 1187 1204 puniatur;
1220 1138 1352 1203 alia,
1389 1152 1494 1207 qua
1526 1143 1785 1206 peccator
1813 1134 2135 1206 percutitur,

549 1230 611 1276 ut
637 1223 965 1292 corrigatur;
997 1225 1123 1292 alia,
1152 1238 1257 1295 qua
1283 1241 1667 1295 nonnunquam
1696 1228 1922 1295 quisque
1943 1240 2136 1296 percu-

553 1312 703 1377 titur,
735 1328 841 1368 non
864 1323 927 1374 ut
951 1319 1222 1386 prteterita
1252 1318 1506 1387 corrigat,
1530 1316 1626 1371 sed
1652 1331 1719 1370 ne
1742 1325 1964 1370 ventura
1988 1330 2130 1370 com-

555 1404 765 1472 mittat;
797 1406 900 1460 alia
926 1421 1029 1477 qua
1060 1410 1159 1480 13
1182 1408 1495 1478 plerumque
1520 1407 1834 1479 percutitur,
1857 1421 1955 1476 per
1974 1421 2134 1474 quam

556 1509 656 1549 nec
676 1499 944 1565 praeterita
964 1498 1120 1567 culpa
1147 1500 1449 1568 corrigitur,
1474 1515 1574 1554 nec
1595 1498 1771 1554 futura
1788 1498 2133 1569 prohibetur;

554 1582 649 1638 sed
682 1595 774 1653 ut,
806 1585 931 1640 dum
964 1585 1237 1658 inopinata
1268 1589 1413 1643 salus
1441 1589 1843 1658 percussionem
1874 1590 2135 1659 sequitur,
2237 1585 2565 1655 pensationis
2588 1600 2753 1655 opera
2775 1599 2999 1641 cernere
3021 1586 3296 1656 quonodo
3320 1587 3385 1642 ad
3413 1588 3764 1646 illuminandam

554 1675 814 1731 salvantis
852 1679 1021 1735 virtus
1053 1683 1268 1750 cognita
1308 1681 1584 1737 ardentius
1626 1689 1866 1747 ametur;
1909 1696 2138 1751 cumque
2238 1688 2452 1733 noctem
2482 1678 2604 1731 vita:
2632 1677 2912 1747 prmsentis
2940 1684 3085 1731 astra
3116 1692 3345 1747 quasque
3371 1678 3479 1734 suis
3506 1680 3686 1735 vicibus
3724 1681 3764 1737 in

553 1765 804 1822 uiuoxius
832 1766 1042 1837 ﬂagello
1071 1772 1339 1837 atteritur,
1371 1771 1421 1826 ei
1446 1787 1544 1841 per
1567 1771 1880 1841 patientiam
1910 1771 2128 1826 merito-
2169 1769 2207 1825 Β
2237 1768 2357 1824 ρωῐί
2388 1767 2576 1823 faciem
2616 1767 2866 1835 veniant,
2908 1781 3188 1838 quousque
3224 1767 3279 1822 in
3311 1767 3465 1823 linem
3501 1768 3659 1823 noctis
3681 1767 3764 1825 Rc-

550 1876 669 1916 rum
716 1876 924 1915 summa
977 1862 1301 1917 eumuletur.
1348 1862 1651 1934 Aliquando
1696 1862 1836 1917 enim
1877 1869 2135 1932 peccator
2235 1858 2485 1926 demptor
2511 1855 2727 1911 humani
2753 1857 2986 1926 generis,
3012 1857 3166 1926 quasi
3195 1864 3353 1912 verus
3384 1855 3765 1926 lucifer.sdrgat.

550 1952 868 2023 percutitur,
915 1961 974 2008 ut
1018 1948 1222 2023 absque
1259 1954 1645 2009 retractatione
1682 1954 1956 2024 puniatur,
1997 1951 2136 2007 sicut
2235 1946 2566 2002 Nocturnum
2594 1961 2828 2015 namque
2856 1948 3110 2017 spatium,
3138 1947 3267 2001 dum
3293 1946 3642 2002 decedentium
3666 1964 3766 2003 suc-

549 2043 800 2113 periturse
837 2040 1036 2097 Judarte
1062 2041 1258 2098 dicitur
1302 2061 1315 2097 :
1361 2042 1533 2115 Plaga
1567 2042 1766 2097 inimici
1800 2042 2024 2111 percussi
2054 2049 2130 2107 te,
2234 2036 2647 2107 cedentiumque
2674 2035 2953 2091 stellarum
2983 2037 3231 2091 cursibus
3261 2036 3578 2103 illurtratur,
3607 2051 3766 2105 magno

548 2130 887 2200 castigatione
916 2129 1112 2185 crudeli
1141 2130 1273 2200 (Jer.
1304 2147 1431 2197 xxx,
1463 2130 1578 2198 14).
1611 2129 1679 2184 Et
1705 2145 1916 2184 rursum
1949 2146 1961 2181 :
1997 2127 2136 2192 Quid
2234 2126 2353 2181 coeli
2376 2124 2575 2181 decore
2596 2126 2887 2196 peragitur.
2909 2124 2979 2181 Ut
3000 2139 3130 2195 ergo
3154 2128 3332 2183 noctis
3351 2136 3540 2182 nostrae
3560 2128 3767 2184 tenebras

547 2220 743 2275 clamas
778 2221 848 2274 ad
890 2236 991 2285 me,
1024 2239 1176 2292 super
1205 2223 1513 2279 contritione
1544 2223 1674 2277 tua?
1712 2222 2031 2277 Insatiabilis
2059 2230 2135 2275 est
2234 2230 2331 2270 suo
2362 2223 2606 2284 tempore
2646 2215 2858 2283 editus,
2889 2215 3232 2284 vicissimque
3272 2224 3591 2286 permutatus
3613 2217 3765 2270 stella-

553 2311 701 2366 dolor
722 2320 838 2365 tuus
858 2310 1176 2381 (Ibid.,15).
1208 2313 1508 2382 Aliquando
1538 2320 1794 2384 peccator
1813 2314 2130 2383 percutitur,
2233 2322 2351 2361 rum
2381 2306 2560 2361 radius
2590 2314 2864 2377 tangeret,
2894 2305 2962 2361 ad
3007 2307 3395 2363 ostendendam
3425 2307 3766 2375 innocentiam,

549 2413 606 2457 ut
651 2403 972 2474 corrigatur,
1020 2403 1159 2459 sicut
1206 2404 1417 2459 cuidam
1458 2406 1512 2459 in
1559 2404 1849 2473 Evangelio
1890 2402 2130 2457 dicitur:
2233 2396 2381 2451 venit
2408 2395 2571 2461 Abel;
2612 2396 2677 2450 ad
2723 2395 3024 2451 docendam
3064 2396 3165 2468 14
3204 2398 3437 2453 actionis
3469 2398 3767 2463 munditiam,

552 2495 682 2549 Ecce
708 2506 864 2548 sanus
888 2494 1053 2566 factus
1076 2510 1148 2560 es,
1174 2494 1287 2564 jam
1312 2495 1418 2548 noli
1443 2510 1672 2565 peccare,
1705 2509 1769 2547 ne
1797 2492 1888 2547 tibi
1910 2491 2134 2545 deterius
2232 2486 2381 2541 venit
2410 2484 2632 2551 Enoch;
2661 2485 2728 2538 ad
2740 2485 3122 2540 insinuandam
3146 2487 3591 2557 longanimitatrm
3614 2488 3710 2556 spei
3727 2496 3768 2542 et

548 2583 744 2653 aliquid
774 2585 1039 2655 contingat
1070 2582 1248 2655 (Joan.
1276 2598 1333 2650 v,
1373 2582 1478 2655 τι).
1509 2582 1683 2638 Verba
1713 2583 1855 2637 enim
1879 2580 2133 2637 salvantis
2233 2572 2433 2642 operiS.
2464 2573 2612 2628 venit
2654 2571 2803 2641 Noe;
2831 2571 2901 2627 ad
2928 2574 3386 2631 manifestaudam
3421 2576 3769 2641 obedientiam.

545 2672 804 2739 indicant,
835 2673 959 2744 quia
984 2681 1205 2743 peccata
1232 2672 1588 2743 praecedentia
1610 2672 1773 2726 habiti
1796 2671 1903 2725 vim
1931 2670 2133 2726 doloris
2231 2663 2382 2718 venit
2409 2662 2716 2728 Abraham;
2763 2664 2831 2719 ad
2860 2664 3337 2721 demonstrandam
3378 2666 3650 2735 coniugalis
3673 2666 3769 2719 vita}

544 2764 853 2834 exigebant.
873 2763 1176 2833 Aliquando
1195 2764 1421 2835 quisque
1444 2766 1555 2817 non
1568 2778 1666 2834 pro
1682 2762 1952 2832 praeterita
1974 2761 2130 2833 culpa
2233 2753 2624 2819 castimoniam,
2654 2753 2803 2809 venit
2822 2753 3001 2823 Isaac;
3024 2755 3091 2810 ad
3121 2756 3490 2811 iusinuandam
3512 2755 3688 2810 laboris
3706 2766 3770 2809 to-

542 2855 822 2919 diluenda,
862 2855 957 2911 sed
997 2870 1095 2926 pro
1127 2853 1304 2910 futura
1351 2854 1568 2912 vitanda
1607 2854 1947 2922 percutitur;
1985 2853 2131 2922 quod
2233 2845 2538 2911 lerantiam,
2566 2848 2714 2901 venit
2739 2845 2940 2915 Jacob;
2976 2859 2997 2886 ο
3030 2847 3096 2902 ad
3127 2848 3518 2919 rependendam
3546 2864 3635 2919 pro
3656 2848 3771 2902 malo

544 2953 731 3015 aperte
760 2942 955 3002 Paulus
994 2945 1270 3016 apostolus
1306 2944 1374 3000 de
1417 2944 1713 3014 semetipso
1752 2951 2001 3005 testatur,
2046 2942 2129 2997 di-
2234 2936 2387 2991 bona:
2410 2936 2782 2993 retributionis
2815 2938 3065 3007 gratiam,
3095 2939 3247 2995 venit
3275 2936 3501 3010 Ioseph;
3528 2939 3590 2992 ad
3615 2946 3768 2993 osten-

2235 864 2340 917 tius
2379 878 2537 933 quam
2565 864 2768 918 malitia
2809 872 3189 933 peccaverunt.
3230 863 3465 929 Quorum
3502 870 3764 936 superbiam

2235 956 2411 1011 divina
2438 955 2642 1025 justitia
2679 971 2746 1012 eo
2773 957 3128 1011 vehementer
3166 957 3434 1021 humiliat,
3473 972 3573 1026 quo
3599 976 3764 1029 nequa-

2233 1060 2394 1114 quam
2427 1046 2545 1100 illos
2573 1046 2638 1100 ad
2661 1062 2811 1102 suam
2842 1047 3097 1114 gratiam,
3122 1046 3220 1101 nisi
3244 1061 3341 1115 per
3368 1062 3485 1101 eum
3506 1064 3647 1117 quem
3667 1052 3765 1106 des-

2236 1141 2517 1202 pexeram,
2545 1135 2824 1189 reformat.
2855 1135 3022 1189 Valde
3048 1136 3246 1205 quippe
3286 1135 3422 1189 elata
3447 1152 3588 1191 mens
3612 1150 3764 1196 retun-

2235 1224 2399 1293 ditur,
2426 1224 2470 1279 si
2494 1224 2592 1294 ipsi
2616 1240 2779 1294 super
2805 1240 2964 1293 quem
2994 1240 3054 1280 se
3078 1226 3270 1279 extulit
3296 1235 3630 1295 supponatur.

2708 1313 2934 1369 CAPUT
2966 1315 3027 1368 Vl
3054 1314 3199 1388 [Vet.
3230 1314 3325 1387 X].

2313 1404 2394 1459 l5.
2419 1404 2603 1459 Sancti
2625 1421 2800 1459 omnes
2818 1406 2961 1475 quasi
2982 1407 3078 1459 stet
3101 1421 3164 1471 ω,
3193 1417 3390 1461 noctem
3412 1409 3523 1463 vita:
3541 1414 3766 1481 premitis

2236 1496 2554 1549 illuminant.
2593 1525 2663 1537 -—
2690 1493 2799 1549 Sed
2837 1495 2970 1550 libet
2999 1496 3139 1550 inter
3176 1496 3291 1552 haec
3319 1498 3449 1552 mira
3483 1499 3654 1555 divina:
3677 1503 3764 1556 dis-

543 3051 670 3091 cens
696 3056 709 3090 :
745 3034 830 3091 Ne
858 3036 1160 3108 magnitudo
1204 3035 1571 3090 revelatinnum
1600 3033 1816 3086 extollat
1845 3049 1943 3097 me,
1979 3032 2129 3085 datus
2232 3027 2464 3084 dendam
2490 3030 2978 3097 mansuetudinem,
3001 3031 3151 3086 venit
3172 3030 3413 3104 Moyses;
3435 3032 3499 3087 ad
3520 3031 3770 3087 informan-

542 3134 618 3180 est
640 3124 764 3180 mihi
789 3127 1026 3181 stimulus
1053 3127 1227 3180 carnis
1253 3141 1400 3193 mem,
1429 3125 1641 3195 anqelus
1669 3123 1906 3189 Satanas,
1933 3124 2020 3191 qui
2049 3140 2129 3177 me
2157 3131 2201 3192 ο
2232 3119 2353 3173 dam
2385 3129 2575 3176 contra
2599 3120 2823 3176 adversa
2856 3122 3123 3189 fiduciam,
3150 3126 3304 3180 venit
3325 3124 3506 3192 Josue;
3532 3124 3594 3181 ad
3619 3133 3772 3181 osten-

543 3217 825 3287 colaphizet
868 3216 964 3288 (II
997 3216 1119 3273 Cor.
1152 3232 1247 3282 xu,
1279 3216 1365 3286 7).
1395 3214 1497 3281 Qui
1527 3214 1670 3269 enim
1700 3229 1809 3268 non
1854 3215 1955 3279 ait,
2000 3214 2125 3283 quia
2232 3209 2837 3281 dendaminterﬂagella
2852 3206 3770 3285 patientiam,venit.loh.Eccequam

542 3305 755 3372 extulit,
785 3306 880 3362 sed
907 3322 978 3363 ne
998 3307 1247 3374 extollat,
1284 3313 1475 3375 aperte
1499 3303 1701 3360 indicat
1738 3303 1881 3373 quod
1909 3318 2128 3374 pereus-
2229 3300 2493 3369 fulgentes
2518 3302 2700 3359 stellas
2728 3303 2780 3357 in
2809 3303 2949 3359 creto
2974 3305 3278 3372 cernimus,
3310 3314 3369 3361 ut
3394 3306 3637 3361 inolfenso
3661 3306 3773 3376 pede

542 3397 698 3454 sione
727 3398 815 3451 illa
836 3437 853 3463 ,
884 3404 952 3454 ne
981 3397 1223 3463 eveniat,
1249 3395 1638 3465 compescitur,
1668 3409 1775 3449 non
1805 3402 1984 3449 autem
2009 3409 2127 3463 quae
2230 3392 2409 3461 operis
2438 3391 2541 3448 iter
2561 3401 2760 3449 nostra:
2781 3395 2956 3451 noctis
2981 3396 3339 3451 ambulemus.
3370 3396 3501 3452 Nam
3519 3394 3774 3465 cognitioni

543 3487 726 3541 evenit
768 3488 923 3557 culpa
971 3494 1247 3558 purgatur.
1298 3486 1690 3555 Nonnunquam
1730 3500 1861 3540 vero
1900 3485 2128 3553 quisque
2228 3484 2505 3540 hominum
2551 3486 2731 3543 divina
2786 3487 3117 3558 dispensatio
3163 3498 3301 3559 quot
3347 3490 3518 3559 justus
3551 3486 3774 3549 exhibuit,

543 3592 644 3633 nec
670 3594 770 3648 pro
799 3579 1103 3648 praeterita,
1144 3592 1246 3633 nec
1285 3592 1384 3647 pro
1412 3576 1592 3632 futura
1621 3577 1901 3646 iniquitate
1930 3591 2125 3647 percu-
2228 3575 2383 3642 quasi
2423 3582 2511 3629 tot
2549 3584 2693 3631 astra
2739 3591 2902 3647 super
2930 3579 3274 3649 peccantium
3324 3579 3564 3635 tenebras
3609 3578 3772 3634 cceluzn

543 3668 703 3734 titur;
732 3668 826 3723 sed
855 3676 915 3723 ut
940 3679 1056 3725 sota
1086 3668 1280 3723 divmm
1311 3668 1524 3723 virtutis
1550 3669 1814 3739 potentia,
1842 3683 1911 3723 ex
1939 3683 2127 3739 ampu-
2227 3665 2395 3734 misit,
2418 3664 2445 3704 τι
2468 3682 2747 3738 quousque
2772 3684 2932 3724 verus
2960 3669 3427 3741 lucifersurgerct,
3440 3672 3524 3740 qui
3546 3678 3771 3724 aeternum

543 3765 652 3811 tata
678 3759 1028 3827 percussione
1056 3766 1407 3814 monstretur.
1456 3756 1608 3813 Unde
1652 3773 1772 3814 cum
1815 3758 2041 3813 Domino
2071 3758 2124 3812 in
2228 3768 2276 3812 ns
2299 3756 2382 3812 bis
2411 3771 2570 3812 mane
2591 3759 2867 3826 nuntians,
2893 3748 3060 3815 stellis
3080 3760 3295 3815 caneris
3320 3760 3513 3815 clarius
3530 3774 3593 3813 ex
3612 3756 3775 3812 divini-

540 3847 832 3917 Evangelio
877 3848 946 3904 de
987 3863 1133 3905 cznco
1166 3855 1297 3903 nato
1335 3847 1647 3903 diceretur:
1682 3855 1707 3883 α
1732 3846 1834 3900 llic
1875 3846 2124 3918 peccavit,
2230 3855 2340 3903 tate
2368 3849 2621 3904 radiaret.

538 3947 630 3989 aut
656 3947 896 4007 parentes
922 3940 1065 4011 ejus,
1098 3947 1152 3993 ut
1180 3954 1346 3993 ctecus
1374 3946 1672 3993 nasceretur
1698 3936 1884 4010 (Joan.
1916 3952 1991 4003 tx,
2022 3936 2125 4008 2)?
2234 3968 2235 3971 η
2302 3935 2385 3991 η.
2418 3935 2599 3991 Cuncti
2628 3936 2885 3993 Christum
2909 3944 3350 4011 pmnuntiarunt,
3377 3943 3589 3995 maxime
3611 3938 3775 3993 Job.—

539 4030 822 4098 respondit
846 4031 1105 4087 Dominus
1132 4031 1317 4087 dicens
1342 4048 1357 4084 :
1387 4028 1568 4102 Neque
1595 4030 1678 4084 hic
1696 4030 1943 4100 peccavit,
1965 4045 2126 4099 neque
2228 4025 2397 4092 Quem
2437 4026 2813 4085 electi-omnes
2852 4030 2979 4084 dum
3008 4031 3146 4087 bene
3185 4032 3708 4101 vivendoprteeuut,
3734 4033 3774 4079 et

538 4128 780 4186 parentes
831 4122 975 4192 ejus;
1029 4123 1123 4177 sed
1174 4130 1229 4176 ut
1284 4124 1680 4192 manifestentur
1734 4136 1892 4191 opera
1943 4118 1971 4158 ιο
2026 4118 2126 4174 Dei
2227 4116 2389 4172 rebus
2429 4125 2484 4171 et
2527 4119 2749 4175 vocibus
2780 4120 3151 4190 prophetando
3191 4122 3572 4192 promiserunt.
3616 4117 3774 4174 Nullus

540 4208 708 4286 (Ibid.
740 4213 839 4283 3)?
877 4212 935 4267 ln
965 4227 1071 4281 qua
1094 4212 1524 4268 manifestatione
1550 4212 1679 4283 quid
1707 4214 1904 4282 agitur,
1936 4211 2037 4267 nisi
2067 4219 2127 4266 ut
2228 4209 2425 4264 etenim
2446 4209 2624 4279 justus
2652 4211 2773 4281 fuit,
2801 4214 2892 4281 qui
2920 4229 3027 4270 non
3056 4214 3173 4283 ejus
3202 4231 3301 4285 per
3330 4213 3546 4283 figuram
3590 4212 3774 4268 nuntius

539 4323 605 4362 ex
632 4304 847 4374 ﬂagello
874 4306 1189 4360 meritorum
1218 4306 1389 4360 virtus
1419 4312 1712 4375 augeatur;
1743 4311 1799 4358 et
1825 4318 1948 4359 cum
1977 4302 2122 4357 nulla
2226 4300 2512 4354 exstiterit.
2534 4300 2755 4371 Dignum
2778 4304 2977 4375 quippe
2998 4312 3117 4360 erat
3140 4315 3199 4359 ut
3219 4305 3273 4359 in
3291 4305 3587 4374 semetipsis
3605 4302 3774 4359 bonum

538 4395 810 4466 praeterita
840 4394 1095 4463 iniquitas
1132 4397 1381 4464 tergitur,
1410 4408 1603 4463 magna
1629 4395 1698 4450 de
1724 4394 1983 4464 patientia
2015 4392 2125 4449 for-
2226 4404 2415 4447 omnes
2445 4392 2815 4462 ostenderent,
2845 4394 2913 4451 de
2939 4410 3048 4466 quo
3076 4404 3134 4451 et
3157 4411 3351 4452 omnes
3378 4396 3504 4450 boni
3530 4400 3711 4457 essent,
3728 4394 3775 4443 et

540 4486 711 4539 titudo
750 4492 1058 4553 generetur.
1105 4482 1261 4541 Unde
1301 4485 1445 4540 idem
1482 4486 1674 4542 beatus
1700 4484 1803 4541 Job
1839 4485 2123 4556 praefertur
2150 4499 2200 4559 ι)
2225 4479 2368 4549 quod
2399 4482 2661 4551 prodesse
2688 4485 2936 4541 omnibus
2961 4487 3183 4541 scirent.
3222 4484 3373 4542 Unde
3398 4495 3452 4542 et
3479 4486 3589 4541 sine
3615 4494 3772 4538 cessa-

2226 4571 2375 4627 tione
2402 4574 2639 4643 promitti
2669 4574 2852 4631 debuit
2877 4576 3022 4647 quod
3046 4585 3100 4632 et
3121 4578 3238 4633 sine
3264 4578 3613 4633 aestimatione
3637 4571 3774 4625 daba-

2225 4668 2312 4716 tur
2338 4663 2563 4733 percipi,
2588 4672 2645 4721 et
2668 4665 2784 4721 sine
2812 4667 2916 4721 ﬂne
2944 4667 3193 4732 retineri;
3226 4676 3286 4722 ut
3312 4666 3471 4725 simul
3498 4664 3661 4721 omnia
3687 4674 3773 4716 saa-

2224 4753 2343 4808 cula
2376 4763 2399 4791 ε
2429 4755 2670 4811 dicerent
2694 4758 2819 4827 quid
2847 4758 2899 4812 in
2930 4757 3304 4830 redemptione
3332 4758 3598 4816 communi
3626 4768 3769 4811 smon-

2226 4843 2400 4899 lorum
2432 4844 2552 4900 linis
2591 4846 2889 4901 exhiberet.
2924 4844 3075 4903 Unde
3102 4857 3160 4904 et
3184 4863 3409 4905 necesse
3433 4846 3529 4902 fuit
3556 4854 3610 4900 ut
3632 4842 3769 4898 etiam

537 4575 686 4646 prius
714 4590 849 4631 voce
882 4575 1080 4645 judicis
1101 4618 1118 4645 ,
1169 4585 1225 4632 et
1252 4586 1376 4648 post
1412 4577 1595 4632 manui
1621 4577 1973 4634 committitur
2001 4586 2120 4634 ten-

536 4667 728 4724 tatoris
758 4684 772 4721 :
803 4682 963 4738 quem
992 4675 1115 4740 post
1144 4665 1586 4737 ﬂagellum‘Deus
1612 4667 1743 4723 dum
1770 4683 2119 4724 remunerans

530 4758 848 4816 familiarius
884 4757 1208 4827 alloquitur,
1256 4766 1445 4828 aperte
1482 4765 1743 4828 quantum
1781 4756 1849 4812 de
1893 4758 2120 4813 verbere

530 4851 765 4906 creverit
792 4849 1080 4905 indicatur.
1111 4850 1286 4905 Amici
1312 4864 1445 4919 ergo
1476 4849 1623 4905 beati
1649 4849 1786 4916 Job,
1826 4849 1954 4908 dum
1995 4865 2119 4919 per-

528 4940 837 4997 cussionum
875 4954 1073 5009 genera
1111 4940 1443 5012 distinguere
1479 4940 1761 5007 nesciunt,
1801 4956 2117 5011 percussum
2221 4932 2412 4990 beatus
2430 4933 2557 5003 Job,
2579 4936 2669 5006 qui
2693 4944 2840 4990 tanta
2866 4935 3249 4993 incarnationis
3268 4937 3386 5008 ejus
3406 4936 3648 5010 mysteria
3666 4946 3771 5003 pro-

529 5047 629 5101 pro
652 5032 810 5104 culpa
836 5032 1185 5089 crediderunt.
1213 5049 1227 5086 :
1255 5040 1313 5088 et
1331 5031 1457 5087 dum
1486 5031 1655 5087 Deum
1678 5030 1881 5100 justmu
1912 5033 1965 5087 in
1994 5046 2119 5102 per-
2218 5026 2359 5094 tulit,
2386 5042 2509 5082 eum
2534 5043 2696 5097 quem
2716 5042 2853 5083 voce
2874 5027 3080 5084 diceret
3102 5044 3171 5084 ex
3195 5028 3601 5085 conversatione
3617 5024 3770 5093 signa-

528 5124 897 5180 cnssionesua
918 5133 1183 5180 conantur
1202 5137 1473 5191 asserere,
1494 5122 1709 5177 beatum
1734 5120 1836 5177 Job
1852 5123 2114 5194 compulsi
2217 5125 2335 5183 ret;
2392 5127 2448 5173 et
2494 5133 2590 5189 per
2626 5133 2688 5173 ea
2733 5132 2854 5187 quae
2896 5119 3151 5189 pertulit,
3195 5134 3316 5189 qua:
3363 5131 3611 5190 passurus
3647 5119 3769 5168 esset

2220 5275 2481 5346 plevimus
2508 5290 2576 5331 ex
2601 5274 2730 5346 Mss.
2759 5276 2911 5346 et_al.
2943 5275 3205 5346 Vulgatis.

2287 5354 2314 5385 ο
2359 5344 2460 5399 Ed.
2505 5360 2625 5414 cum
2665 5344 2764 5400 Ms.
2798 5343 3306 5414 Colbertfaliisqne
3333 5343 3630 5409 nonnullis,
3659 5352 3762 5414 893“-

2214 5416 2485 5469 discerent.
2515 5413 2852 5469 meerimus
2879 5408 3243 5471 dicerentcum
3264 5416 3429 5469 duob.
3456 5408 3659 5472 Rhem.,
3681 5408 3769 5462 lle-

2212 5501 2263 5539 m
2287 5498 2366 5553 g.,
2397 5499 2506 5540 uno
2546 5485 2797 5549 Vindoc.,
2832 5483 2995 5539 Corb.
3027 5483 3239 5552 Germ.,
3274 5486 3509 5539 maxime
3544 5498 3683 5553 cum
3706 5475 3765 5529 de

2212 5550 2312 5608 Job
2342 5550 2466 5607 mox
2494 5554 2705 5625 legatur
2728 5572 2741 5607 :
2767 5570 2917 5625 quem
2943 5571 3062 5610 voce
3089 5550 3297 5617 diceret,
3320 5570 3386 5607 ea:
3409 5550 3766 5608 conversatione

2211 5626 2460 5707 signaret.
2478 5623 2595 5690 Quo
2617 5623 2892 5696 postremo
2909 5625 3030 5682 loco
3046 5626 3188 5697 apud
3212 5625 3393 5691 Guss.,
3423 5637 3543 5678 men
3565 5625 3687 5684 lose.
3708 5626 3765 5666 ⁸-⁸

2211 5709 2565 5750 conversione.
2894 5731 2897 5734 -

597 5309 622 5336 ι·
667 5299 755 5369 Sic
781 5311 889 5356 vet.
921 5300 1057 5357 Edit.
1085 5317 1205 5358 eum
1225 5300 1413 5369 Corb.,
1457 5300 1673 5365 Rhem.,
1712 5297 1943 5369 Remig.,
1987 5300 2112 5358 Col-

525 5368 692 5438 bert.,
715 5368 968 5425 German.
994 5388 1059 5427 ac
1080 5372 1216 5441 pler.
1240 5371 1296 5425 ιη
1325 5368 1536 5426 Ebroic.
1560 5388 1573 5423 :
1600 5371 1701 5426 llic
1726 5370 1861 5441 quod
1878 5368 2110 5441 peccavit

525 5448 879 5522 nutrias-entes
902 5440 1236 5522 ejusiﬂCoec.
1270 5441 1411 5496 Edit.
1444 5448 1499 5496 et
1525 5456 1640 5509 seq.
1668 5458 1683 5493 :
1713 5440 1840 5504 Quis
1861 5440 2110 5510 peccavit,

531 5509 610 5560 hic
639 5519 728 5563 aut
792 5509 994 5565 arentes
1020 5512 1170 5581 ejus?
1863 5509 1868 5510 ν
2095 5509 2098 5510 ν

597 5578 623 5615 ιι
652 5575 711 5657 μμ
748 5528 790 5631 ζ
812 5579 1029 5657 Rheam
1062 5580 1226 5657 duob.
1258 5580 1412 5657 Item.
1438 5589 1493 5657 et
1514 5579 1672 5657 Vind.
1699 5579 1764 5657 ‘2,
1790 5578 1888 5657 ρςὶ
1914 5580 2105 5657 in_i_llo.

600 5657 621 5729 ξ
647 5646 833 5729 (iussn,
846 5648 915 5700 ad
924 5658 1127 5729 repeten
1136 5650 1276 5702 dam.
1293 5649 1696 5729 Emendatgr'ex
1707 5651 1778 5703 al.
1793 5648 1869 5703 Ed
1899 5658 1959 5713 et
1978 5649 2105 5705 Mss.

596 5715 623 5755 δ
649 5713 953 5774 Exciderat.
978 5713 1036 5771 in
1059 5716 1324 5775 Gussanv.
1355 5735 1519 5773 verus.
1551 5718 1722 5783 Quam
1749 5733 1939 5775 vocem
1962 5734 2097 5788 sup-

3914 102 3923 361 ι

3918 372 3921 439 l

3920 772 3927 847 i
