3976 6344
282 331 399 385 ses

1378 330 1553 385 LIBRI
1592 330 1974 387 MURALIUM.
2014 361 2082 373 —-
2118 331 2503 389 ΡΠίΕΕΑΤΙΟ.

3468 341 3573 396 59.6

278 440 628 507 ostenderet;
653 448 910 509 tantoque
924 439 1102 496 verius
1114 440 1533 510 passionisillius
1547 452 1880 499 sacramenta
1910 452 1957 506 Α
1984 444 2321 516 exprimitur,
2349 460 2469 516 qua:
2493 447 2773 520 multiplici
2805 451 3080 520 prmsentis
3108 452 3232 508 vita:
3260 452 3573 522 fatigatione

274 535 630 603 praediceret,
668 542 870 604 quanto
900 534 1014 589 hare
1041 549 1148 589 non
1186 534 1457 603 loquendo
1488 533 1881 601 tantummodo,

275 625 384 681 sed
411 625 576 679 etiam
621 622 874 693 patiendo
906 623 1275 693 praphctaret.
1300 624 1442 695 [νει.
1473 623 1523 678 Χ
1532 622 1604 695 1.]
1623 623 1727 680 Sed
1756 624 1880 694 quia

280 713 624 783 Redemptor
674 721 859 767 noster
887 728 1047 767 unam
1095 728 1155 768 se
1203 728 1489 783 personam
1531 729 1655 768 cum
1696 720 1880 769 sancta

276 806 548 872 Ecclesia,
583 816 607 842 ι·
638 821 801 875 quam
833 805 1141 876 assumpsit,
1172 806 1443 871 exhibuit;
1474 805 1540 859 de
1580 806 1697 875 ipso
1736 805 1880 859 enim

276 899 505 964 dicitur,
525 896 624 964 Qui
644 907 720 953 est
740 908 895 969 caput
916 898 1142 952 omnium
1165 906 1397 952 nostrum
1421 896 1637 968 (Ephcs.
1668 911 1740 961 tv,
1766 894 1879 965 15);

281 1000 337 1045 et
360 991 430 1044 de
450 990 687 1045 Ecclesia
710 988 827 1058 ejus
849 989 1111 1059 scriptum
1134 997 1216 1044 est
1242 1007 1255 1042 :
1288 988 1484 1060 Corpus
1510 987 1720 1053 Christi,
1745 988 1882 1058 quod

276 1086 361 1133 est
394 1078 629 1133 Ecclesia
674 1078 867 1133 (Colos.
899 1094 947 1146 ι,
996 1077 1122 1147 24);
1152 1078 1396 1147 quisquis
1433 1092 1557 1132 eum
1604 1077 1658 1131 in
1700 1090 1879 1132 seme-

280 1168 323 1222 ti
332 1184 431 1237 pso
452 1167 738 1239 signiﬁcat,
753 1168 915 1223 modo
935 1169 1076 1223 hunc
1096 1183 1164 1223 ex
1180 1168 1374 1237 capite,
1392 1167 1552 1223 modo
1565 1182 1632 1221 ex
1650 1181 1882 1237 corpore

274 1258 563 1329 designat,
586 1266 772 1314 utnon
802 1258 976 1314 solum
1003 1272 1191 1314 vocem
1221 1257 1439 1328 capitis,
1467 1256 1561 1311 sed
1583 1255 1741 1311 etiam
1761 1269 1876 1310 cor-

276 1350 436 1419 poris
460 1358 662 1405 teneat.
686 1348 843 1405 Unde
863 1357 918 1405 et
937 1348 1099 1404 Isaias
1120 1350 1386 1419 propheta
1408 1347 1647 1417 ejusdem
1668 1344 1881 1404 Domini

275 1440 454 1495 verba
485 1432 813 1512 exprimens,
846 1441 921 1495 ait
954 1458 967 1493 :
1002 1437 1164 1505 Quasi
1199 1455 1390 1515 sponso
1418 1440 1590 1511 posuit
1622 1439 1747 1493 mihi
1776 1437 1879 1491 mi-

276 1540 445 1599 tram,
482 1541 533 1586 et
560 1526 708 1602 quasi
735 1547 979 1603 sponsam
1006 1531 1206 1585 ornavit
1249 1546 1328 1584 me
1359 1528 1666 1584 ornamento
1694 1528 1879 1601 (Isaite

275 1634 396 1686 ιιι,
427 1621 539 1692 10).
573 1621 708 1688 Quia
741 1622 904 1691 igitur
932 1621 1046 1691 ipse
1087 1620 1139 1674 in
1168 1620 1344 1689 capite
1372 1634 1622 1689 sponsus,
1652 1620 1767 1689 ipse
1794 1627 1880 1676 est

276 1713 335 1767 iu
368 1726 598 1781 corpore
640 1723 858 1781 sponsa,
892 1724 1115 1766 necesse
1141 1717 1225 1765 est
1251 1717 1309 1764 ut
1338 1724 1459 1764 cum
1490 1724 1876 1779 nonnunquam

1985 536 2274 592 cruciatur.
2320 537 2491 595 Amici
2522 554 2736 609 quoque
2775 541 2892 611 ejus
2918 557 2985 597 ex
3030 544 3295 599 vocabulo
3338 545 3573 599 nominis

1984 626 2235 681 meritum
2261 642 2372 683 sure
2400 628 2641 684 indicant
2669 630 2917 687 actionis.
2946 632 3080 686 Nam
3120 632 3342 703 Eliphaz
3376 631 3567 687 Latina

1984 714 2165 787 lingua
2193 716 2388 773 dicitur
2417 718 2629 774 Domini
2654 728 3013 791 contemptus.
3044 722 3112 775 Et
3137 722 3262 791 quid
3292 724 3435 777 aliud
3464 724 3570 778 ba“:-

1984 805 2138 861 retici
2166 804 2386 873 faciunt,
2418 807 2521 862 nisi
2561 808 2729 878 quod,
2761 809 2887 863 dum
2916 809 3046 865 falsa
3075 810 3143 865 de
3172 809 3282 865 Deo
3310 810 3566 872 sentiunt,

1983 910 2105 950 eum
2133 898 2497 966 superbiendo
2525 901 2923 954 contemnunt?
2961 910 2983 938 ε
3018 899 3221 954 Baldad
3247 900 3572 970 interpreta-

1985 992 2073 1039 tur
2098 994 2337 1044 vetustas
2382 987 2520 1045 sola.
2550 987 2696 1044 Bene
2720 996 2900 1044 autem
2927 1003 3117 1044 omnes
3143 988 3379 1043 lrmretiei
3407 988 3461 1042 in
3487 987 3569 1042 his

1982 1088 2102 1145 qua:
2121 1074 2188 1131 de
2216 1076 2327 1131 Deo
2347 1076 2661 1145 loquuntur,
2683 1078 2809 1132 dum
2828 1094 2935 1132 non
2958 1078 3254 1133 intentione
3278 1084 3449 1143 recta,
3474 1076 3569 1132 sed

1982 1163 2314 1233 appetitione
2346 1163 2658 1233 temporalis
2678 1164 2862 1234 gloria:
2888 1164 3055 1220 videri
3077 1166 3456 1236 praedicatores
3476 1180 3569 1233 ap-

1982 1260 2195 1322 petunt,
2243 1259 2485 1309 vetustas
2536 1252 2655 1307 sola
2697 1252 3060 1307 nominantur.
3111 1253 3193 1307 Ad
3239 1250 3567 1322 loquendum

1980 1348 2179 1420 quippe
2205 1363 2313 1404 non
2342 1347 2460 1403 zelo
2490 1347 2615 1403 novi
2646 1346 2901 1413 hominis,
2945 1347 3041 1401 sed
3066 1347 3189 1400 vitae
3216 1347 3412 1400 veteris
3440 1360 3567 1416 pra-

1984 1446 2152 1501 vitate
2197 1443 2561 1502 concitantur.
2591 1441 2802 1513 Sophar
2830 1454 3048 1510 quoque
3094 1437 3286 1494 Latino
3315 1452 3568 1493 sermone

1980 1536 2178 1591 dicitur
2206 1533 2487 1604 dissipatio
2516 1532 2771 1603 specula),
2797 1528 2825 1569 ἀ
2854 1530 2941 1587 vel
2968 1528 3396 1600 speculationem
3419 1527 3569 1584 dissi-

1981 1639 2135 1696 pans.
2174 1623 2383 1679 Menles
2410 1634 2643 1692 namque
2672 1620 2909 1677 ﬁdelium
2936 1619 3005 1676 ad
3029 1615 3442 1690 contemplanda
3470 1633 3565 1675 su-

1979 1731 2147 1788 perna
2166 1730 2226 1772 se
2246 1715 2489 1786 erigunt;
2512 1713 2608 1771 sed
2627 1715 2754 1769 dum
2774 1712 3149 1769 bzereticorum
3170 1711 3332 1767 verba
3354 1724 3568 1782 perver-

278 1805 487 1875 sliquid
518 1804 586 1860 de
611 1804 788 1874 capite
822 1802 1047 1869 dicitur,
1079 1802 1279 1859 sensim
1319 1817 1384 1857 ac
1412 1800 1592 1858 subito
1618 1801 1780 1857 etiam
1810 1803 1876 1857 ad
1912 1820 1954 1879 Β
1981 1813 2098 1863 tere
2135 1814 2285 1862 recta
2314 1803 2740 1876 contemplantes
2767 1810 3055 1875 appetunt,
3105 1801 3379 1873 speculam
3406 1800 3562 1858 dissi-

277 1912 474 1953 vocem
500 1895 744 1966 corporis
770 1893 1069 1961 derivetur;
1098 1884 1162 1948 et
1182 1908 1391 1950 rursum
1412 1908 1533 1949 cum
1554 1893 1622 1949 de
1646 1908 1875 1965 corpore

278 1989 487 2061 aliquid
517 1989 730 2054 dicitur,
756 1994 981 2058 repente
1006 1985 1074 2041 a1
1101 2001 1290 2043 vocem
1311 1987 1502 2055 capitis
1530 1986 1867 2042 ascenda'ur.

278 2080 433 2156 [γει.
464 2078 578 2133 ΧΗ
591 2076 629 2150 .]
660 2078 857 2134 Beatus
879 2093 1009 2149 ergo
1030 2076 1129 2134 Job
1150 2078 1359 2134 venturi
1381 2092 1502 2133 cum
1522 2093 1620 2134 suo
1642 2092 1872 2148 corpore

278 2179 472 2241 typum
514 2168 891 2238 Redemptoris
929 2167 1198 2235 insinuat;
1229 2182 1368 2222 uxor
1394 2181 1523 2223 vero
1549 2166 1703 2236 ejus,
1749 2181 1870 2236 qua:

278 2275 407 2315 eum
430 2259 495 2312 ad
528 2257 951 2314 maledicendum
973 2264 1250 2327 provocat,
1274 2256 1435 2310 vitam
1457 2256 1751 2312 carnalium
1775 2256 1869 2311 de-

277 2349 493 2417 signat;
522 2347 613 2418 qui
644 2348 785 2402 intra
814 2355 1056 2401 sanctam
1083 2344 1381 2401 Ecclesiam
1402 2344 1719 2402 iueorreetis
1746 2358 1868 2400 mo-

277 2448 307 2492 r
331 2438 430 2493 bus
470 2437 651 2507 positi,
693 2450 801 2506 quo
825 2451 923 2507 per
949 2435 1106 2491 ﬁdem
1134 2434 1291 2491 bonis
1311 2434 1462 2504 juxta
1490 2442 1638 2503 sunt,
1678 2448 1746 2490 eo
1773 2448 1871 2504 per

281 2530 447 2585 vitam
478 2530 661 2583 durius
682 2536 966 2599 premunt;
997 2527 1123 2597 quia
1163 2524 1287 2581 dum
1316 2526 1467 2597 quasi
1498 2526 1684 2583 ﬁdeles
1710 2525 1869 2581 vitari

280 2638 391 2678 non
420 2628 666 2692 possunt,
697 2636 727 2675 a
759 2619 1001 2675 ﬁdelibus
1022 2627 1172 2675 tanto
1193 2618 1450 2684 deterius,
1472 2625 1676 2689 quanto
1703 2625 1758 2671 et
1785 2618 1868 2671 in-

280 2714 450 2769 terius
479 2713 796 2768 tolerantur.

356 2822 439 2878 I5.
467 2824 631 2879 Amici
657 2821 755 2879 Job
783 2822 1051 2876 luereticos
1076 2820 1405 2874 adumbrant.
1435 2847 1506 2859 —
1534 2818 1703 2874 Amici
1738 2831 1869 2873 vero

280 2918 427 2987 ejus,
458 2918 549 2989 qui
587 2917 712 2971 dum
741 2915 1027 2971 consulunt
1078 2913 1435 2978 invehuntur,
1482 2910 1864 2966 bmreticorum

280 3010 505 3079 ﬁguram
536 3008 866 3078 exprimunt,
896 3005 987 3075 qui
1018 3004 1118 3059 sub
1145 3003 1324 3075 specie
1365 3001 1678 3058 consulendi
1703 3008 1870 3069 agunt

1975 1912 2105 1969 pare
2122 1904 2409 1953 conantur.
2429 1895 2577 1970 [Vet.
2599 1893 2651 1949 Χ
2656 1894 2686 1950 1
2691 1893 2755 1973 1]
2763 1891 2801 1964 .]
2813 1893 2871 1955 In
2890 1893 3061 1949 tribus
3073 1890 3560 1962 itaqueamicorum

1971 1985 2074 2043 Job
2096 1986 2421 2054 nominibus,
2437 1994 2548 2042 tres
2567 1986 2939 2045 baereticarttm
2961 1984 3219 2040 mentium
3244 1982 3561 2055 perditionis

1973 2092 2130 2133 casus
2173 2077 2565 2147 exprimuntur.
2594 2075 2705 2132 Nisi
2745 2076 2889 2132 enim
2919 2075 3086 2130 Deum
3125 2081 3557 2138 contemnerent,

1974 2182 2311 2238 nequaquam
2333 2168 2402 2224 de
2427 2167 2520 2223 illo
2538 2181 2793 2238 perversa
2815 2166 3077 2223 sentirent
3100 2183 3116 2231 ;
3141 2174 3196 2220 et
3225 2164 3324 2219 nisi
3349 2174 3373 2202 ο
3405 2173 3558 2219 vetu-

1971 2260 2128 2316 statis
2152 2274 2249 2315 cor
2288 2258 2589 2325 traherent,
2634 2258 2688 2313 in
2727 2271 2882 2312 novae
2907 2257 3031 2311 vitae
3065 2255 3419 2324 intelligentia
3450 2271 3556 2311 non

1972 2360 2250 2417 errarent;
2287 2347 2305 2389 ί
2340 2357 2397 2405 et
2423 2349 2527 2406 nisi
2553 2347 2979 2418 speculationem
3008 2347 3276 2401 bonorum
3309 2345 3555 2400 destruc-

1970 2450 2122 2509 rent,
2166 2456 2506 2513 nequaquam
2536 2454 2633 2496 eos
2676 2452 2909 2509 superna
2931 2435 3136 2507 judicia
3164 2444 3273 2490 tam
3313 2434 3557 2491 districto

1970 2533 2218 2589 examine
2242 2547 2342 2603 pro
2387 2531 2676 2588 verborum
2725 2544 2945 2586 suorum
2978 2527 3136 2598 culpa
3180 2525 3553 2597 reprobarent.

1970 2623 2378 2681 Contemneudo
2404 2624 2566 2696 igitur
2589 2623 2781 2685 Deum.
2810 2621 2865 2677 in
2894 2627 3165 2676 vetustate
3192 2633 3254 2674 se
3276 2617 3508 2673 retinent
3540 2635 3552 2670 :

1971 2716 2066 2775 sed
2110 2716 2164 2771 in
2190 2723 2463 2772 vetustate
2505 2713 2819 2794 retinendo,
2868 2712 3049 2784 pravis
3076 2711 3188 2768 suis
3214 2710 3558 2768 sermonibus

1969 2804 2326 2875 speculationi
2354 2812 2637 2861 rectorum
2665 2810 2885 2893 nocent.

2560 2910 2792 2968 CAPUT
2820 2911 2955 2966 VIII.

2044 3004 2129 3058 I7.
2174 3002 2238 3058 In
2293 3006 2578 3059 amicorum
2613 3001 2712 3057 Job
2742 3000 3164 3056 reconciliatione
3198 2999 3555 3055 hwreticorum

282 3098 558 3167 negotium
587 3094 899 3151 seducendi.
944 3092 1095 3148 Unde
1124 3099 1181 3146 et
1224 3090 1291 3145 ad
1328 3091 1545 3146 beatum
1582 3087 1685 3145 Job
1714 3086 1866 3158 quasi
1970 3096 2230 3150 conversio
2256 3096 2530 3166 ﬁguram.
2561 3125 2633 3135 ..-
2654 3092 2789 3160 Quia
2817 3106 2947 3147 vero
2976 3104 3357 3160 nonnunquam
3388 3090 3556 3146 luere.

282 3204 380 3259 pro
412 3185 638 3241 Domino
667 3185 979 3255 loquuntur,
1001 3182 1094 3238 sed
1123 3189 1300 3238 tamen
1327 3196 1358 3236 ει
1381 3180 1609 3236 Domino
1630 3195 1737 3236 non
1768 3193 1863 3249 ap'
1894 3192 1940 3255 Ο
1974 3187 2062 3242 tici
2084 3186 2275 3241 divina:
2297 3186 2480 3257 gratiae
2502 3184 2750 3255 largitate
2769 3181 2967 3253 perfusi
2990 3181 3056 3236 ad
3079 3181 3339 3236 unitatem
3358 3190 3556 3236 sanch

282 3279 579 3357 Ρτυικιηῑιιζ
598 3294 612 3344 ;
634 3277 758 3346 (illia
782 3275 1033 3331 νῖάθιῖοεῑ
1054 3289 1241 3329 omnes
1261 3272 1497 3328 Ῑιωτθῐίοῖ
1521 3271 1708 3337 Deum.
1736 3270 1862 3326 dum
1973 3278 2227 3335 Ecclesia:
2256 3278 2501 3341 redeunt,
2530 3278 2669 3333 bene
2698 3277 2805 3331 hoc
2846 3274 2963 3344 ipsa
2987 3275 3283 3329 amicorum
3310 3272 3555 3328 reconci-

282 3369 570 3426 defendere
606 3370 707 3440 15
738 3368 1002 3432 nituntur,
1033 3365 1332 3421 oﬁendunt.
1380 3363 1533 3420 Unde
1572 3364 1650 3420 eis
1679 3372 1867 3433 aperte

1981 3370 2191 3426 liatiane
2218 3371 2479 3439 signatur.
2512 3366 2617 3423 Pro
2644 3360 2841 3438 quibus
2867 3375 3049 3422 tamen
3078 3365 3269 3423 beatus
3293 3363 3396 3420 Job
3424 3379 3555 3421 exo-

282 3472 333 3518 et
362 3462 431 3517 ab
460 3469 649 3516 eodem
678 3466 867 3516 sancto
893 3458 1007 3513 viro
1035 3457 1231 3513 dicitur
1259 3473 1272 3509 :
1305 3455 1584 3526 Disputare
1611 3472 1727 3509 eum
1756 3453 1866 3507 Deo
1969 3477 2091 3517 rare
2121 3461 2448 3532 praccipitur,
2490 3459 2616 3530 quia
2645 3459 3021 3516 bzeretieorum
3045 3458 3308 3515 sacritlcia
3333 3467 3553 3527 accepta

282 3550 432 3621 cupio
460 3566 480 3605 :
510 3549 653 3620 prius
682 3565 766 3603 vos
814 3546 1086 3601 ostendens
1117 3545 1453 3618 fabricatores
1495 3542 1772 3609 mendacii,
1818 3552 1867 3596 et

282 3644 501 3697 cultores
523 3658 617 3711 per
628 3655 889 3695 versor-nm
912 3639 1207 3709 dogmatum
1226 3635 1343 3708 (Job
1366 3652 1481 3701 xm,
1506 3637 1539 3690 5
1558 3645 1613 3689 et
1626 3634 1701 3705 4).
1727 3634 1870 3690 Cun-

285 3742 390 3789 stat
435 3748 567 3802 ergo
596 3748 690 3787 eos
733 3730 1111 3787 htereticorum
1160 3737 1344 3800 typum
1387 3727 1619 3783 errando
1658 3740 1865 3796 gerere,

286 3841 419 3894 quos
458 3833 676 3879 sanctus
704 3823 785 3876 vir
812 3820 1084 3890 redarguit
1109 3820 1275 3875 cultui
1318 3816 1700 3890 perversurum
1731 3817 1867 3886 dog-

287 3922 487 3968 matum
517 3913 807 3968 deservire.
839 3910 990 3985 [Rec.
1028 3909 1185 3981 γη]
1213 3909 1399 3965 Omnis
1427 3925 1557 3964 vero
1586 3908 1871 3964 hzereticus

289 4004 337 4059 in
367 4019 433 4058 eo
490 4003 633 4073 quod
663 4002 830 4057 Deum
870 4001 1156 4057 defendere
1184 4000 1442 4068 cernitur,
1487 3994 1697 4056 veritati
1729 4000 1871 4055 illius

289 4096 616 4159 adversatur,
645 4092 922 4148 Psalmista
944 4099 1254 4158 attestante,
1277 4092 1369 4161 qui
1389 4092 1464 4146 ait
1492 4108 1506 4144 :
1540 4090 1611 4146 Ut
1633 4091 1869 4145 destruas

290 4183 548 4237 inimicum
592 4191 641 4236 et
689 4182 1012 4255 defensorem
1054 4180 1281 4253 (Psalm.
1328 4196 1448 4245 vm,
1489 4179 1569 4252 ὅ).
1619 4178 1872 4238 Inimicus

290 4277 484 4348 quippe
512 4285 566 4333 et
586 4276 838 4333 defensor
865 4285 966 4344 est,
994 4275 1022 4313 δ
1049 4275 1140 4347 qui
1162 4275 1331 4331 Deum
1358 4289 1467 4346 quo
1487 4276 1743 4347 prmdicat
1771 4277 1870 4332 im-

291 4377 509 4440 pugnat'
888 4436 1118 4494 CAPUT
1149 4435 1258 4493 vu.

1972 3552 2081 3608 Deo
2108 3567 2228 3608 esse
2251 3559 2545 3622 nequeunt,
2575 3551 2677 3609 nisi
2716 3566 2817 3622 pro
2855 3550 2935 3607 eis
2956 3550 3276 3606 anniversalis
3302 3548 3557 3607 Ecclesia:

1972 3642 2219 3698 manibus
2245 3641 2569 3709 offerantur;
2600 3648 2661 3696 ut
2681 3639 2799 3710 ejus
2824 3640 3031 3695 meritis
3050 3640 3351 3695 remedium
3370 3639 3559 3695 salutis

1973 3731 2265 3796 inveniant,
2296 3746 2459 3800 quam
2489 3730 2778 3786 verborum
2798 3730 2995 3799 jaculis
3014 3730 3376 3800 impugnanda
3403 3728 3558 3785 ferie-

1973 3824 2123 3879 bant.
2156 3821 2307 3878 Unde
2335 3831 2391 3879 et
2420 3829 2628 3893 septem
2667 3837 2766 3892 pro
2792 3821 2871 3877 eis
2898 3820 3163 3876 sacriﬁcia
3188 3828 3559 3878 memorantur

1972 3912 2151 3968 oblata
2174 3929 2189 3979 ;
2219 3914 2344 3982 quia
2372 3912 2498 3967 dum
2528 3911 2858 3982 septiformis
2882 3912 3069 3981 gratia:
3097 3909 3355 3980 Spiritum
3384 3910 3552 3964 conli-

1973 4013 2147 4061 teutes
2167 4005 2454 4075 accipiunt,
2475 4004 2626 4073 quasi
2648 4012 2856 4074 septem
2871 4002 3234 4059 oblationibus
3252 4001 3556 4071 expiantur.

1975 4096 2112 4154 Illuc
2137 4104 2221 4153 est
2244 4097 2389 4168 quod
2413 4097 2467 4152 in
2494 4094 2718 4151 Joannis
2745 4094 3071 4166 Apocalypsi
3101 4106 3199 4164 per
3218 4100 3424 4163 septem
3452 4091 3560 4145 Ec-

1972 4189 2260 4247 clesiarum
2303 4202 2584 4245 numerum
2623 4186 2944 4243 universalis
2972 4184 3210 4241 Ecclesia
3254 4183 3562 4252 designatur

1975 4282 2159 4353 (Apoc.
2182 4299 2220 4347 ι,
2246 4281 2358 4351 ll).
2382 4280 2518 4336 llinc
2548 4279 2646 4350 per
2669 4266 3019 4334 Salomonem
3046 4276 3113 4331 de
3133 4274 3409 4346 Sapientia
3428 4273 3563 4328 dici-

1974 4380 2091 4427 tur:
2116 4371 2391 4443 Sapientia
2413 4369 2688 4440 wdiﬁcavit
2708 4366 2808 4422 sibi
2831 4366 3060 4431 domum,
3080 4365 3273 4419 excidit
3293 4364 3561 4418 columnas

1976 4471 2169 4533 septem
2193 4461 2376 4533 (Prov.
2403 4476 2480 4528 1x,
2505 4458 2581 4527 l).
2610 4458 2733 4530 Ipso
2759 4471 2887 4527 ergo
2916 4454 3306 4512 sacriﬁciorum
3338 4468 3563 4508 numero

358 4550 444 4604 16.
478 4548 791 4603 Nominibus
820 4548 925 4602 suis
948 4545 1045 4602 Job
1066 4544 1361 4636 Christum,
1380 4549 1535 4636 {unici
1563 4548 1676 4613 eius
1704 4548 1869 4603 ha're-

1981 4552 2317 4609 reconciliati
2356 4550 2619 4616 haeretici,
2650 4547 2779 4619 quid
2819 4548 2922 4620 ιθ
2953 4547 3102 4618 prius
3146 4544 3345 4602 fuerint
3384 4543 3564 4613 expri-

295 4645 414 4697 ticos
444 4643 764 4712 signiﬁcant.
789 4669 862 4682 —-
887 4639 1017 4694 Nam
1039 4640 1166 4709 quia
1193 4636 1513 4696 beatu‘s'Sob
1540 4640 1751 4695 venturi
1777 4638 1877 4695 Re-

295 4732 590 4803 demptoris
610 4732 846 4802 speciem
866 4739 1066 4797 teneat,
1090 4731 1252 4787 etiam
1278 4732 1498 4788 nomine
1517 4732 1872 4787 demonstrat.

296 4821 388 4878 lob
432 4823 633 4893 quippe
673 4822 1060 4892 interpretatur
1095 4822 1301 4878 dolens.
1334 4822 1453 4889 Quo
1501 4822 1753 4878 nimirum
1778 4821 1876 4877 do-

294 4914 425 4981 lore,
447 4913 538 4969 vel
558 4913 866 4969 Mediatoris
893 4914 1092 4984 passio,
1119 4912 1205 4969 vel
1232 4920 1432 4969 sanctae
1453 4911 1706 4968 Ecclesia:
1724 4910 1877 4968 labor

364 5097 386 5123 "
415 5087 606 5152 Corb.,
636 5104 791 5156 quam
820 5088 1056 5157 sumpsit.
1502 5156 1507 5157 γ
1560 5148 1563 5151 ,

364 5157 389 5196 1³
433 5157 663 5211 Coceius
712 5172 873 5227 quem
922 5156 1094 5227 secuti
1142 5156 1640 5227 suut‘posteriores
1688 5171 1878 5211 omnes

297 5224 431 5281 Eilit.
464 5227 625 5297 nullis
648 5224 772 5282 Mss.
798 5224 1241 5297 praelucentibus:
1263 5224 1362 5290 om
1388 5226 1549 5279 Deum
1576 5242 1725 5297 quem
1742 5241 1877 5297 prte-

301 5297 434 5368 dicat
462 5295 685 5368 moribus
707 5295 994 5368 impugnat.
1025 5297 1168 5351 Sane
1198 5298 1286 5351 hic
1314 5296 1381 5349 de
1409 5295 1677 5368 corruptis
1706 5295 1876 5368 mori-

300 5367 394 5423 bus
424 5385 532 5422 non
564 5367 755 5435 agitur,
780 5366 878 5422 sed
906 5367 973 5420 de
1003 5370 1138 5421 mala
1170 5368 1381 5421 illorum
1408 5366 1508 5418 lide
1534 5367 1622 5433 qui
1654 5366 1875 5434 speciem

299 5448 487 5510 gerunt
513 5438 838 5518 consulendi,
870 5445 918 5491 et
940 5448 1100 5521 agunt
1122 5438 1381 5557 negotium
1410 5435 1709 5490 seducendi.

371 5522 393 5550 ο
427 5509 644 5562 linem.
679 5506 911 5562 Remum.
956 5507 1134 5562 Lolb..
1213 5507 1384 5559 aldac.
1409 5505 1596 5562 Corb..
1624 5504 1843 5558 Baldach

494 5523 644 5564 rem"
679 5522 911 5571 uemtg.,
956 5522 1134 5569 δοιηη
1172 5522 1384 5559 uataac.
1409 5522 1596 5569 μοι-θη
1624 5522 1877 5571 nataaclt,

371 5522 393 5550 ο
427 5521 644 5564 linem"
679 5521 911 5576 uemtg.,
956 5521 1134 5569 δοκι,
1172 5521 1384 5559 uataac.
1409 5521 1596 5569 hOl'D.,
1624 5521 1876 5571 untaacn,

365 5577 390 5617 ἀ
426 5578 576 5634 Unus
604 5576 820 5641 Rlietn.,
855 5591 991 5630 unus
1022 5574 1225 5641 Remig.
1244 5584 1300 5630 et
1331 5575 1484 5642 Reg.,
1504 5576 1579 5628 uel
1596 5575 1876 5642 speculam.

301 5649 334 5704 2
361 5649 583 5703 Vindoe.
614 5657 898 5715 utramque
922 5646 1206 5700 lectionem
1230 5645 1475 5715 exhibet.

371 5731 392 5756 ε
423 5718 499 5771 Ita
529 5717 653 5772 Mss.
705 5711 936 5783 Bellum,
964 5714 1295 5783 Conipcnd.,
1328 5713 1485 5767 Corh.
1506 5752 1521 5775 ,
1562 5711 1774 5766 Ebroic.
1812 5714 1832 5765 Ι
1861 5755 1877 5778 ,

307 5789 507 5858 Iteruig.
528 5788 578 5852 l,
598 5787 813 5853 libanu,
836 5782 1090 5840 German.
1107 5782 1365 5840 Proxime
1379 5783 1587 5839 accedit
1614 5783 1878 5853 Colbert.,

1940 4700 1945 4701 ,
1977 4650 2151 4708 munt,
2178 4642 2270 4711 qui
2298 4640 2616 4711 perfectioni
2643 4637 2973 4710 septiformis
2999 4635 3184 4706 gratiae
3212 4650 3320 4689 non
3345 4634 3445 4688 nisi
3470 4650 3563 4687 re-

1977 4734 2193 4803 deundo
2216 4734 2533 4804 junguntur.

2049 4826 2136 4880 18.
2170 4825 2386 4880 Illorum
2410 4823 2686 4879 mactanda
2712 4819 2974 4890 superbia,
3000 4826 3056 4872 ut
3086 4817 3335 4871 Ecclesia
3356 4815 3450 4871 hoc
3478 4832 3565 4869 sa-

1975 4918 2178 4987 criﬁcio
2205 4915 2562 4971 restituantur.
2590 4944 2663 4956 —
2690 4911 2837 4967 Bene
2866 4916 3046 4965 autem
3082 4916 3267 4963 tauros
3297 4922 3397 4977 pro
3426 4922 3484 4961 se
3511 4916 3567 4961 et

1978 5090 2033 5145 in
2054 5105 2163 5158 quo
2184 5085 2743 5158 mendose,vetustati_s
2761 5081 3145 5158 contraherent.
3171 5079 3359 5158 In_uuo
3380 5078 3565 5158 Ileg._:

1988 5148 2266 5213 Veiustatis
2298 5148 2473 5211 vitium
2521 5154 2917 5216 contraherent;
2948 5151 2999 5206 in
3045 5151 3165 5215 alt.,
3196 5150 3338 5204 sicut
3378 5150 3431 5203 in
3464 5148 3563 5203 Ed.

1980 5228 2220 5283 Bartbol.
2263 5245 2277 5281 :
2332 5225 2625 5281 Vetustates
2670 5222 3049 5277 contraherent.
3092 5218 3234 5276 Utic.
3285 5227 3567 5287 utramque

1980 5299 2105 5353 lcet.
2119 5296 2353 5366 pnefert,
2370 5296 2634 5351 vetustatis
2656 5311 2745 5366 cor
2766 5292 3050 5366 traherent,
3059 5298 3125 5366 et
3145 5297 3417 5366 t‘etnstates
3429 5304 3565 5366 con-

1984 5359 2266 5422 traherent.
2311 5359 2367 5421 In
2398 5366 2493 5420 Ed.
2531 5364 2693 5418 Basil.
2740 5361 2896 5425 1514,
2923 5372 2979 5415 et
3004 5361 3123 5414 aliis
3163 5374 3304 5428 :eq.,
3335 5359 3438 5412 nisi
3466 5367 3563 5412 vet.

1983 5456 2080 5510 pra
2110 5437 2325 5510 acerba
2352 5438 2486 5491 elate
2511 5433 2763 5510 loquendo
2781 5432 3171 5510 contraherent.
3275 5504 3287 5510 Δ
3355 5496 3396 5510 ﬂ
3441 5497 3454 5510 ι
3531 5497 3567 5510 Α.

2061 5508 2079 5546 τ
2108 5508 2234 5560 Mss.
2267 5522 2407 5576 pene
2446 5496 2634 5560 omnes
2660 5501 3066 5576 sie_lg’gendum
3096 5502 3334 5576 (ἰοί-θυι..
3355 5496 3568 5576 vulgati

1983 5567 2316 5645 antiquiores
2335 5576 2701 5645 consentiunt.
2731 5567 2897 5629 Gilot.
2925 5585 3056 5624 vero
3085 5575 3139 5645 et
3172 5582 3288 5645 seq.
3323 5567 3523 5621 habent
3548 5584 3565 5633 ;

1983 5647 2053 5701 Et
2081 5640 2183 5768 zisi
2208 5648 2259 5700 in
2284 5664 2338 5702 se
2360 5686 2373 5700 .
2405 5686 2420 5701 .
2451 5685 2465 5700 .
2504 5644 2689 5702 destr..
2720 5684 2735 5698 .
2767 5684 2781 5699 .
2812 5682 2827 5697 .
2857 5656 3081 5714 superna
3100 5640 3305 5712 justitia
3339 5677 3352 5690 .
3388 5665 3400 5675 ι
3436 5675 3453 5688 .
3485 5655 3555 5691 re-

1985 5734 2076 5768 nro
2113 5727 2243 5768 uret.

1984 5727 2243 5785 procuret.
