3976 6302
543 283 646 340 597

1747 287 1990 342 SANCTI
2031 283 2353 340 CRECORII
2395 285 2608 341 MACNI
3692 276 3776 331 528

538 393 733 448 arietes
761 395 1019 451 ootulisse
1038 395 1428 461 describuntur.
1454 394 1510 449 ln
1539 403 1692 448 tauro
1719 397 1916 464 quippe
1941 394 2119 449 cervix
2150 398 2196 456 Α
2224 396 2531 462 verborum,
2574 393 2773 464 duplici
2818 391 3255 447 remuneratione
3294 393 3630 462 sublevatur;
3669 401 3776 467 quia

535 486 821 555 superbiae,
838 486 890 539 in
917 487 1083 541 ariete
1102 495 1281 540 autem
1298 487 1519 541 ducatus
1540 498 1756 553 gregum
1777 485 2116 554 sequentium

535 575 862 643 deﬁguntur.
896 576 1032 642 Quid
1079 585 1161 630 est
1189 588 1317 644 ergo
1341 590 1440 645 pro
1469 576 1546 630 eis
1583 583 1766 629 tauros
1812 576 2118 643 arietesque

535 675 798 731 mactare,
828 665 927 718 nisi
958 679 1143 718 eorum
1171 664 1463 733 superbum
1490 664 1742 718 ducatum
1772 664 2115 730 interlicere;

535 763 593 806 ut
621 755 686 808 de
715 768 775 807 se
804 752 1022 806 humilia
1049 753 1306 818 sentiant,
1338 761 1392 807 et
1419 761 1540 822 post
1568 768 1628 808 se
1655 755 1820 809 corda
1853 755 2117 809 innocens

532 848 665 899 tium
690 863 794 899 non
816 845 1109 899 seducunt?
1129 843 1352 902 Cervice
1373 849 1513 901 enim
1539 848 1762 902 tumenti
1784 849 1850 902 ab
1866 846 2116 903 Ecclesiae

533 932 738 986 unitate
768 932 1090 1000 resilierant,
1114 943 1170 989 et
1194 935 1437 990 inﬁrmos
1464 946 1587 1005 post
1614 951 1672 991 se
1699 938 1927 1006 populos
1962 937 2116 1005 quasi

528 1031 816 1089 sequentes
838 1035 1026 1092 greges
1047 1025 1350 1079 trahebant.
1378 1025 1607 1080 Veniant
1632 1026 1790 1094 igitur
1810 1027 1876 1080 ad
1899 1027 2114 1081 beatum

527 1109 649 1178 Job,
685 1113 735 1167 id
763 1123 865 1180 est,
897 1122 1242 1169 revertantur
1270 1116 1336 1170 ad
1368 1115 1690 1183 Ecelesiam,
1721 1125 1776 1172 et
1806 1118 2115 1186 septenario

526 1202 793 1258 sacriﬁcio
824 1213 1010 1261 tauros
1038 1214 1093 1260 et
1121 1206 1320 1261 arietes
1349 1207 1663 1262 mactandos
1686 1205 1940 1272 oﬁcrant;
1971 1216 1996 1243 α
2023 1209 2112 1276 qui

527 1302 584 1345 ut
608 1295 898 1351 universali
918 1293 1173 1350 Ecclesiae
1192 1297 1606 1366 eonjungantur,
1632 1298 1934 1352 humilitate
1957 1298 2117 1353 inter-

526 1382 779 1439 veniente
815 1382 1140 1438 interliciant
1176 1385 1430 1454 quidquid
1459 1386 1606 1454 prius
1647 1385 1906 1440 tumidum
1932 1386 1998 1441 de
2025 1401 2116 1442 su-

527 1474 694 1542 perbo
721 1473 917 1528 ducatu
942 1474 1242 1544 sapiebant.

1142 1559 1370 1618 CAPUT
1405 1563 1497 1618 1X.

595 1651 678 1705 19.
711 1651 994 1722 Superbus,
1022 1653 1138 1707 licet
1165 1659 1299 1708 recte
1322 1656 1568 1724 sentiens,
1594 1656 1961 1727 increpandus.
1995 1656 2108 1722 Qua

2218 485 2468 538 nimirum
2496 494 2682 538 saneta
2709 483 2973 549 Ecclesia,
2997 483 3172 538 adhuc
3193 483 3354 537 etiam
3384 484 3433 536 in
3461 485 3556 548 hac
3578 487 3677 540 vita
3697 505 3778 557 po-

2215 576 2339 638 sita,
2375 591 2472 643 pro
2501 575 2776 630 laboribus
2815 589 2950 642 quos
2976 574 3225 640 sustinet,
3258 573 3485 642 duplicia
3515 586 3536 613 ε
3578 592 3774 634 munera

2217 665 2436 734 recipit;
2467 679 2588 720 cum
2621 665 2885 734 susceptis
2913 665 3070 733 plene
3099 665 3368 733 gentibus,
3405 666 3455 719 in
3488 665 3588 722 ﬁne
3617 671 3775 725 mundi

2215 753 2518 807 Judacorum
2565 754 2728 807 etiam
2761 753 2828 807 ad
2856 768 2916 808 se
2957 752 3121 808 corda
3165 754 3449 808 convertit.
3481 754 3612 812 llinc
3645 761 3775 813 enim

2217 844 2478 913 scriptum
2499 851 2581 898 est
2606 861 2618 895 :
2652 842 2830 896 Donec
2853 842 3117 909 plenitudo
3145 844 3368 913 gratiam
3398 845 3630 912 intraret,
3651 857 3693 899 et
3715 851 3773 902 sit

2216 937 2382 989 omnis
2413 935 2585 989 Israel
2617 935 2789 989 salvus
2816 934 2965 1003 ﬁeret
3012 933 3190 1004 (Rom.
3221 950 3295 998 x1,
3324 933 3436 1002 25).
3488 935 3708 1005 Duplicia
3731 949 3774 992 et

2215 1028 2558 1095 postmodum
2611 1026 2836 1093 recipiet
2881 1041 2896 1078 :
2939 1025 3064 1092 quia
3105 1024 3254 1078 ﬁnito
3301 1024 3484 1077 labore
3524 1029 3775 1094 prasentis

2214 1115 2489 1184 temporis,
2507 1130 2611 1169 non
2635 1115 2809 1169 solum
2832 1115 2898 1168 ad
2916 1114 3215 1167 animarum
3237 1113 3507 1180 gaudium,
3525 1114 3613 1166 sed
3633 1116 3772 1168 etiam

2215 1205 2282 1258 ad
2313 1205 2700 1259 beatitudinem
2730 1220 3018 1273 corporum
3059 1205 3321 1258 ascendit.
3359 1204 3508 1259 Unde
3537 1205 3665 1259 bene
3693 1223 3773 1274 per

2213 1295 2534 1366 prophetam
2557 1295 2751 1351 dicitur
2783 1313 2796 1347 :
2831 1295 2898 1348 In
2927 1303 3065 1348 terra
3092 1311 3186 1348 sua
3215 1295 3444 1364 duplicia
3473 1295 3771 1365 possidebunt

2213 1383 2373 1454 (lsai.
2405 1400 2512 1447 LXI,
2555 1384 2633 1454 7).
2661 1383 2842 1438 Sancti
2872 1384 3070 1455 quippe
3097 1384 3149 1438 in
3193 1393 3335 1440 terra
3379 1384 3659 1439 viventium
3686 1386 3771 1441 du-

2213 1473 2369 1542 plicia
2396 1473 2692 1542 possident,
2722 1473 2846 1541 quia
2878 1473 3128 1527 nimirum
3158 1472 3489 1527 beatitudinc
3511 1475 3692 1529 mentis
3711 1476 3770 1530 si-

2214 1561 2323 1616 mul
2346 1572 2400 1617 et
2421 1561 2664 1632 corporis
2684 1561 2937 1630 gaudent.
2965 1560 3114 1617 Unde
3126 1561 3362 1617 Joannes
3384 1562 3435 1616 in
3461 1562 3768 1635 Apocalypsi,

2211 1655 2336 1725 quia
2379 1663 2506 1709 ante
2535 1653 2988 1708 resurrectionem
3039 1668 3327 1722 corporum
3354 1653 3640 1708 clamantes
3665 1671 3768 1710 san-

523 1741 725 1794 ratione
752 1757 855 1794 non
883 1742 1080 1812 indiget
1106 1743 1568 1813 sacriﬁcia—Per
1604 1744 1758 1801 Heliu
1785 1757 1984 1814 autem,
2014 1750 2104 1819 qui
2143 1760 2182 1818 Β
2209 1755 2418 1802 ctorum
2457 1746 2662 1801 animas
2705 1746 2858 1809 vidit,
2901 1745 3176 1814 accepisse
3221 1761 3313 1800 cas
3358 1745 3526 1801 stolas
3563 1746 3768 1815 singulas

522 1833 682 1888 reciis
709 1831 925 1901 quidem
957 1833 1200 1889 sensibus
1225 1834 1482 1903 loquitur,
1515 1837 1610 1891 sed
1638 1837 1704 1890 ad
1727 1839 1890 1893 stulta
1921 1840 2108 1896 elatio-

522 1924 601 1978 nis
629 1922 792 1977 verba
822 1923 1114 1990 derivatur,
1143 1935 1372 1994 persona
1411 1926 1827 1996 uniuscujusque
1854 1942 2111 1997 arrogan-

521 2014 586 2068 tis
604 2013 941 2083 exprimitur.
964 2013 1113 2069 Multi
1137 2030 1369 2086 namque
1384 2016 1525 2070 intra
1546 2027 1788 2072 sanctam
1809 2017 2106 2074 Ecclesiam

521 2107 698 2173 positi,
723 2114 872 2161 recta
895 2120 1015 2176 quae.
1037 2107 1252 2178 sapiunt
1281 2117 1428 2162 recte
1453 2109 1696 2177 proferre
1733 2117 2104 2165 contemnunt.

521 2198 675 2254 Unde
700 2207 755 2256 et
780 2199 974 2254 divina:
996 2200 1380 2272 increpationis
1408 2202 1585 2256 verbis
1607 2201 1869 2269 arguitur,
1901 2217 2002 2257 nec
2023 2211 2103 2256 ta-

519 2305 642 2346 men
672 2306 769 2361 pro
796 2291 889 2347 illo
910 2291 1237 2348 sacriﬁcium
1258 2291 1511 2358 oli‘ertur;
1539 2293 1664 2361 quia
1695 2292 1868 2348 ﬁdelis
1887 2294 2103 2363 quidem

517 2395 616 2449 est,
648 2385 743 2440 sed
773 2399 952 2442 tamen
986 2397 1245 2455 arrogans
1278 2403 1290 2436 :
1323 2399 1421 2455 per
1447 2386 1731 2440 veritatem
1772 2386 2104 2442 credulitatis

518 2478 658 2533 intus
683 2487 784 2542 est,
803 2479 899 2550 sed
927 2493 1025 2550 per
1045 2477 1273 2534 tumoris
1290 2477 1371 2532 sui
1392 2477 1730 2532 obstaculum
1759 2478 2103 2550 acceptabilis

517 2586 623 2625 non
653 2577 755 2626 est.
785 2548 1080 2638 itinciergo
1109 2569 1407 2638 increpatio
1435 2567 1740 2639 redarguit,
1769 2569 1863 2623 sed
1891 2548 2100 2624 sacriﬁ-

515 2661 653 2715 cium
685 2677 789 2714 non
819 2659 1063 2726 reducit;
1089 2659 1214 2728 quia
1243 2657 1297 2711 in
1326 2673 1390 2711 ea
1415 2642 1632 2725 quidem
1661 2657 1767 2713 ﬁde
1803 2667 1888 2712 est
1915 2658 1968 2712 in
1993 2673 2098 2728 qua

515 2765 634 2805 esse
662 2750 864 2814 debuit,
894 2748 988 2804 sed
1014 2763 1249 2820 superna
1275 2747 1422 2803 hunc
1441 2746 1647 2816 justitia
1685 2748 1970 2819 increpans
2000 2764 2099 2824 pro

513 2841 788 2912 superﬁuis
808 2839 1041 2912 repellit.
1062 2839 1212 2895 Unde
1232 2845 1287 2894 et
1305 2840 1443 2894 bene
1462 2837 1617 2894 Heliu
1633 2839 1825 2894 Latino
1848 2855 2099 2896 sermone

510 2933 727 3000 dicitur,
759 2932 898 2988 Deus
939 2945 1095 2986 meus
1117 2932 1239 2995 iste,
1269 2931 1355 2985 vel
1377 2929 1404 2968 ι)
1432 2930 1576 2984 Deus
1614 2928 1894 2986 Dominus.
1927 2931 2096 2985 Arro-

509 3033 696 3091 gantes
732 3024 874 3078 enim
917 3022 1016 3078 viri
1049 3023 1188 3077 intra
1228 3029 1470 3078 sanctam
1500 3019 1820 3090 Ecclesiam,
1850 3021 2095 3090 quamvis

2209 1837 2437 1906 aspexit,
2463 1835 2680 1890 dicens:
2714 1832 2781 1887 Et
2805 1834 2944 1888 data:
2965 1841 3082 1887 sunt
3111 1835 3213 1887 illis
3236 1833 3457 1904 singula:
3478 1834 3617 1889 stola:
3636 1835 3766 1902 albll’,

2208 1933 2260 1980 et
2288 1925 2482 1979 tﬁctnm
2511 1933 2586 1978 est
2624 1925 2750 1992 illis,
2781 1931 2838 1977 ut
2865 1924 3237 1991 requiescerent
3269 1931 3468 1993 tempus
3500 1925 3592 1993 17
3622 1923 3766 1976 adhuc

2207 2015 2482 2080 modicum,
2523 2015 2686 2068 donec
2721 2012 3021 2081 impleretur
3064 2028 3306 2066 numerus
3348 2029 3690 2067 tonservorum
3726 2024 3766 2068 et

2208 2111 2431 2179 fratrum
2457 2124 2632 2162 eorum
2663 2107 2847 2176 (Apoc.
2878 2104 3084 2174 vt,ll).
3117 2102 3140 2140 ἀ
3171 2103 3310 2160 Ante
3342 2106 3765 2162 resurrectionem

2205 2199 2406 2268 quippe
2430 2197 2600 2254 stolas
2628 2197 2864 2266 singulas
2889 2197 3166 2266 accepisse
3192 2195 3319 2251 dicti
3347 2205 3495 2265 sunt,
3523 2197 3637 2267 quia
3666 2197 3764 2253 sola

2204 2289 2378 2344 adhuc
2397 2287 2594 2342 mentis
2613 2286 2943 2342 beatitudine
2971 2301 3005 2355 p
3029 2284 3337 2340 ‘rl'ruuntur.
3370 2284 3532 2340 Binas
3551 2299 3670 2354 ergo
3690 2301 3765 2342 ac-

2203 2381 2410 2452 cepturi
2431 2387 2573 2444 sunt,
2599 2378 2816 2448 quando
2837 2393 2961 2432 cum
2988 2377 3288 2432 animarum
3310 2377 3553 2447 perfecto
3573 2378 3764 2448 gaudio,

2203 2473 2364 2527 etiam
2394 2485 2681 2540 corporum
2717 2467 3119 2538 incorruptione
3148 2467 3471 2522 vestientur.

2271 2581 2362 2636 21.
2391 2581 2612 2651 Aﬂlictio
2643 2580 2722 2634 hic
2749 2587 2921 2645 certa;
2945 2587 3190 2650 quantum
3217 2579 3476 2633 duratura
3506 2580 3588 2644 sit,
3617 2583 3766 2634 incer-

2203 2681 2330 2724 tum.
2355 2704 2425 2713 ——-
2453 2669 2623 2724 Recte
2651 2679 2831 2723 autem
2862 2668 3082 2723 afﬂictio
3111 2669 3326 2737 quidem
3357 2668 3501 2723 beati
3521 2667 3619 2724 Job
3647 2669 3764 2723 dici-

2203 2770 2289 2818 tur
2324 2761 2420 2817 sed
2468 2760 2738 2832 quantitas
2761 2760 3020 2830 temporis
3051 2759 3101 2813 in
3131 2758 3247 2828 ejus
3270 2760 3565 2817 amictione
3587 2761 3764 2816 retice.

2201 2861 2322 2920 tur;
2351 2852 2474 2921 quia
2502 2858 2704 2906 sanctas
2731 2848 2981 2904 Ecclesia:
3010 2850 3064 2904 in
3096 2851 3196 2904 hac
3222 2850 3330 2904 vita
3361 2850 3632 2906 tribulatio
3658 2867 3764 2904 ecr-

2199 2946 2363 3010 nitur,
2383 2943 2474 2999 sed
2495 2923 2697 3012 quanto
2723 2942 3072 3012 hictempore
3094 2944 3425 2998 conterenda
3450 2955 3606 3014 atque
3631 2943 3765 3000 diﬁc-

2197 3033 2364 3089 renda
2400 3033 2489 3099 sit,
2530 3033 2826 3101 ignoratur.
2860 3030 3011 3087 Unde
3041 3040 3095 3088 et
3123 3042 3218 3088 ore
3264 3032 3521 3089 Veritatis
3548 3034 3762 3089 dicitur:

509 3114 674 3169 Deum
705 3115 846 3169 elate
875 3113 1103 3169 vivendo
1132 3112 1422 3182 refugiunt,
1451 3127 1576 3167 eum
1608 3119 1789 3167 tamen
1818 3113 2088 3169 veraciter
2122 3131 2165 3191 ρ
2199 3121 2322 3178 Non
2343 3131 2418 3177 est
2443 3129 2664 3176 vestrum
2687 3137 2839 3174 nosse
2860 3129 3112 3190 tempora,
3137 3123 3213 3175 cel
3241 3132 3526 3188 momenta,
3553 3125 3649 3193 13
3668 3137 3765 3194 qua

509 3204 779 3258 credendo
802 3203 1146 3258 conﬁtentur.
1173 3200 1310 3268 Quid
1339 3211 1423 3257 est
1437 3201 1602 3271 enim,
1631 3201 1771 3258 Deus
1799 3217 1951 3258 meus
1972 3203 2090 3269 iste,

509 3295 727 3348 nomine
756 3293 954 3360 dicere,
986 3293 1087 3347 nisi
1111 3307 1253 3359 eum,
1284 3294 1369 3348 cui
1396 3293 1645 3360 credidit,
1678 3302 1865 3363 aperta
1887 3296 2092 3365 profes-

508 3385 662 3437 sione
702 3381 1045 3437 monstrare?
1083 3381 1170 3437 vel
1206 3382 1332 3451 quid
1361 3390 1462 3448 est,
1495 3383 1662 3438 Deum
1703 3383 1985 3438 Dominum
2013 3384 2095 3439 di-

507 3486 652 3535 cere,
683 3470 783 3524 nisi
821 3471 963 3526 hunc
983 3478 1039 3526 et
1069 3469 1236 3526 Deum
1264 3485 1361 3541 per
1385 3472 1720 3527 divinitatem
1746 3474 2006 3537 credere,
2038 3480 2094 3528 et

509 3561 791 3617 Dominum
821 3577 888 3616 cx
919 3561 1289 3617 incarnatione
1315 3561 1598 3631 perhibere
1620 3564 1645 3616 ‘l

948 3651 1179 3708 CAPUT
1204 3651 1271 3707 x.
1299 3651 1446 3725 [γει.
1468 3651 1556 3708 x1
1572 3652 1657 3725 v.1

574 3744 664 3799 20.
695 3744 795 3798 Job
829 3745 1056 3816 duplicia
1083 3745 1332 3815 recipiens
1373 3745 1496 3812 quid
1521 3748 1818 3816 ps-a’signet.
1868 3746 2090 3802 Sancto-

504 3851 616 3888 rum
644 3844 762 3888 ante
781 3836 1205 3888 resurrectionem
1227 3851 1331 3888 una
1356 3834 1638 3900 beatitudo;
1666 3846 1782 3905 post
1807 3836 2091 3906 duplex.—

502 3924 646 3977 Benc
668 3933 844 3977 autem
868 3932 990 3993 post
1003 3922 1200 3978 damna
1212 3939 1413 3986 rerum.
1435 3933 1557 3993 post
1581 3924 1766 3979 funera
1781 3925 2087 3996 pignorum,

503 4026 623 4083 post
665 4014 939 4070 cruciatus
967 4013 1273 4079 vulnerum,
1299 4022 1424 4084 post
1451 4014 1746 4070 certamina
1780 4031 2090 4087 pugnasilue

575 4162 603 4224 tt
634 4152 657 4205 1
693 4152 903 4221 Remig.
929 4169 943 4206 :
971 4149 1104 4216 Quia
1127 4161 1182 4205 ut
1213 4191 1227 4205 .
1264 4192 1278 4206 .
1313 4191 1326 4205 .
1359 4152 1761 4224 conjuugautur,
1793 4170 1996 4209 necesse
2014 4165 2090 4209 est

502 4232 557 4275 ut
585 4223 893 4275 humilitate.

574 4292 598 4328 δ
625 4291 785 4360 Apud
827 4289 1107 4356 Bartbol.,
1136 4289 1365 4357 Remb.,
1402 4290 1564 4360 Coc.,
1593 4300 1649 4348 et
1688 4293 1744 4348 in
1790 4292 1890 4348 Ed.
1921 4293 2082 4348 Basil.

509 4357 663 4419 1514,
684 4357 782 4413 1110
808 4360 1022 4413 additur
1048 4376 1207 4412 meus.

578 4441 598 4466 ο
631 4428 892 4482 Ouiissam
932 4429 984 4482 in
1015 4427 1110 4482 Ed.
1147 4427 1314 4483 \‘atic.
1348 4437 1405 4485 et
1444 4430 1706 4485 Gussanv.
1739 4447 1927 4488 vocem
1966 4450 2083 4486 mu-

2201 3213 2360 3267 Pater
2383 3211 2554 3282 posuit
2576 3211 2629 3264 in
2655 3227 2748 3264 sua
2770 3220 3022 3280 potestate
3040 3211 3174 3283 (Act.
3205 3227 3240 3276 ι,
3275 3211 3353 3279 7).
3384 3211 3490 3268 Ρι-ι·
3511 3214 3609 3268 boc
3630 3228 3764 3280 ergo,

2195 3307 2340 3376 quod
2381 3305 2522 3360 beati
2551 3302 2654 3358 Job
2681 3303 2862 3374 passio
2893 3304 3108 3371 dicitur,
3152 3305 3410 3360 docemur
3439 3307 3580 3375 quod
3620 3321 3765 3376 expe-

2196 3397 2383 3454 riendo
2423 3394 2692 3450 novimus.
2734 3393 2836 3449 Per
2865 3396 2969 3450 hoc
2995 3409 3125 3450 vero
3161 3396 3302 3466 quod
3335 3398 3611 3466 quantitas
3647 3407 3768 3451 tem-

2196 3489 2340 3562 poris
2361 3489 2415 3544 in
2442 3487 2691 3559 passione
2711 3485 2994 3552 reticetur,
3017 3485 3277 3541 docemur
3301 3487 3432 3556 quid
3462 3487 3662 3542 nescire
3681 3486 3767 3542 de-

2195 3583 2439 3639 beamus.

2264 3671 2320 3727 in
2350 3671 2566 3739 longum
2590 3665 2915 3741 praefationis
2938 3666 3101 3721 verba
3131 3668 3520 3736 protraximus,
3551 3678 3607 3723 ut
3627 3671 3764 3736 quasi

2195 3769 2367 3816 totum
2417 3758 2653 3814 breviter
2681 3755 3091 3827 perstringendo
3121 3755 3492 3825 loqueremur.
3523 3759 3626 3813 Sed
3655 3759 3766 3827 quia

2191 3852 2259 3907 ad
2290 3849 2544 3921 loquendi
2574 3848 2806 3915 initium,
2835 3847 2927 3902 diu
2955 3846 3246 3915 loquendo,
3277 3852 3640 3918 pervenimus,
3677 3849 3765 3904 de-

2191 3943 2381 3998 bemus
2425 3940 2573 4010 prius
2617 3937 2851 3991 liistorim
2891 3934 3126 3989 radicem
3168 3937 3366 4005 ﬁgere,
3411 3947 3475 3992 ut
3512 3939 3769 3994 valeamus

2191 4039 2426 4089 mentem
2455 4027 2793 4100 postmodum
2838 4024 2903 4078 de
2931 4024 3307 4093 allegoriarum
3338 4026 3521 4083 ﬂuctu
3560 4029 3764 4082 satiare.

2193 4173 2335 4219 uera,
2367 4151 2699 4208 restituimus
2742 4163 2806 4204 ex
2840 4146 2963 4199 Mss.
2996 4146 3476 4219 et_antiquioribus
3519 4147 3766 4214 Vulgatis.

2261 4227 2286 4263 ά
2325 4215 2519 4278 ’[ιορυε
2557 4228 2744 4275 notatu
2775 4219 2964 4285 dignus
3003 4215 3071 4268 ad
3103 4217 3431 4286 probandam
3473 4227 3764 4286 sanctorum

2196 4293 2616 4355 beatitudinem,
2648 4301 2772 4344 ante
2814 4287 3004 4354 judicii
3031 4288 3254 4340 extremi
3286 4288 3453 4340 diem.
3486 4287 3577 4341 Sic
3606 4285 3766 4354 expli-

2189 4375 2315 4422 cant
2343 4365 2486 4418 hunc
2515 4360 2684 4430 Apoc.
2715 4360 2892 4413 locum
2921 4357 3224 4414 Bernartius
3255 4365 3310 4410 et
3337 4358 3425 4410 alii
3460 4372 3566 4410 non
3597 4355 3761 4425 pauci.

501 4507 3747 4553 ξω

1656 4611 1686 4652 ³
1725 4615 2088 4776 ρπβ
2160 4605 2574 4785 prima
2613 4708 2647 4755 ,

1469 4845 1753 4908 LIBROS
1794 4847 2145 4922 QUINQUE
2186 4847 2346 4910 COM
2358 4838 2778 4905 PLECTENS.

1727 5038 2020 5118 LIBER
2112 5038 2526 5116 PRIMUS.

577 5179 818 5260 Cupitis
872 5179 1065 5259 primi
1115 5177 1268 5242 libri
1319 5177 1443 5240 Job
1495 5179 1744 5258 priores
1800 5197 2015 5260 versus
2063 5179 2354 5260 primum
2391 5178 2719 5254 historico,
2775 5179 2996 5242 deinde
3032 5178 3407 5258 allegorica,
3448 5186 3761 5258 postremo

1735 5258 1964 5319 morali
1997 5257 2178 5318 sensu
2205 5257 2529 5334 explanat.

1009 5447 1234 5504 CAPUT
1265 5445 1558 5502 PRIMUM.

566 5543 730 5598 Vsus.
758 5539 810 5596 1.
831 5568 905 5580 -
937 5541 1024 5594 Vir
1043 5549 1155 5592 erat
1175 5541 1391 5593 in'terra
1414 5536 1554 5603 Has,
1585 5541 1789 5594 nomine
1815 5538 1936 5595 Job.

494 5634 814 5688 lltsromcus
852 5627 1163 5684 sensus—1
1179 5668 1192 5681 .
1225 5627 1323 5681 Job
1345 5626 1478 5679 inter
1500 5627 1663 5684 malos
1684 5629 1846 5683 bonus
1859 5629 2069 5695 dicitur,

2107 5451 2158 5510 D
2183 5448 2317 5520 quod
2333 5465 2539 5501 summa
2562 5448 2678 5502 laus
2699 5447 3082 5503 est.—ldcirco
3103 5460 3322 5505 sanctus
3342 5450 3420 5504 vir
3446 5449 3536 5504 ubi
3559 5449 3756 5504 habitao

2181 5538 2320 5593 verit
2348 5538 2563 5602 dicitur,
2589 5547 2647 5592 ut
2661 5537 3036 5606 ejusmeritum
3057 5539 3270 5595 virtutis
3287 5541 3636 5610 exprimatur.
3651 5538 3754 5594 llus

2176 5643 2408 5697 namque
2422 5628 2542 5692 quis
2553 5627 2911 5696 nesciatquod
2924 5627 2993 5682 sit
3007 5637 3146 5682 terra
3164 5630 3465 5697 gentilium?
3481 5628 3637 5683 Genti
3662 5628 3752 5682 itas

567 5758 598 5784 σι
633 5743 692 5798 la
721 5741 850 5796 Mss.
878 5741 966 5793 hic
986 5740 1169 5796 titulus
1195 5736 1430 5796 occurrit
1455 5737 1714 5797 :Moralia
1739 5741 1870 5797 beati
1891 5741 2127 5812 Gregorii
2157 5757 2246 5811 per
2271 5741 2754 5813 contemplationem
2791 5749 3017 5810 sumpta.
3046 5741 3104 5797 In
3132 5741 3293 5799 Corb.
3327 5740 3587 5799 omittitur
3600 5738 3745 5794 beati.
