3976 6316
225 392 333 443 5‘39

1182 391 1533 453 MORALIUM
1572 394 1704 454 ΗΒ.
1742 397 1787 458 l.

1919 399 1996 457 ίΙΝ
2034 400 2186 458 CAP.
2232 402 2249 458 Ι
2290 400 2351 459 Β.
2393 403 2533 460 JOB.
3407 414 3513 471 550

226 519 411 564 autem
440 520 508 562 eo
531 504 758 576 obligata
784 506 926 562 vitiis
950 507 1179 576 exstitit,
1204 525 1315 580 quo
1342 511 1704 580 cognitionem
1733 512 1816 568 sui
1843 518 1893 576 Α
1922 515 2066 572 ditur
2091 518 2231 588 (Act.
2264 535 2319 585 ιι,
2349 520 2404 589 5)
2439 536 2455 573 :
2486 519 2611 589 quia
2634 520 2940 593 quicunque
2966 522 3059 579 illo
3087 523 3231 595 pleni
3260 534 3404 593 sunt,
3433 528 3512 584 sic

228 598 527 655 conditoris
568 599 853 668 ignoravit.
888 600 1106 656 Dicatur
1133 602 1313 671 itaque
1352 604 1441 659 ubi
1472 604 1814 673 habitaverit,

230 698 295 746 ut
317 689 422 744 hoc
450 689 566 759 ejus
594 689 841 744 laudibus
871 688 1135 759 proﬁciat,
1167 692 1310 761 quod
1337 694 1511 749 bonus
1539 694 1680 751 inter
1705 711 1819 750 ma-

1923 608 2319 663 mansuetudini
2335 609 2693 679 simplicitatis
2708 610 3023 680 inserviunt,
3038 621 3097 668 ut
3116 621 3305 669 contra
3324 614 3512 683 culpas

1918 694 2346 765 delinquentium
2374 698 2540 753 etiam
2582 698 2702 755 zelo
2746 699 3082 757 rectitudinis
3123 702 3507 759 accendantur.

231 782 314 836 los
348 781 465 835 fuit.
498 782 681 850 Neque
711 782 856 838 enim
883 782 1039 837 valde
1068 783 1331 839 laudabile
1357 794 1441 840 est
1468 785 1669 841 bonum
1698 801 1821 843 esse
1919 784 2174 855 Sequitur
2198 804 2215 839 :

230 889 353 930 cum
395 873 584 941 bonis,
632 873 727 927 sed
756 874 958 929 bonum
987 888 1108 930 esse
1134 888 1256 931 eum
1289 876 1467 932 malis.
1499 875 1651 932 Sicut
1674 878 1816 933 enim

226 965 496 1033 gravioris
518 964 690 1034 culpa;
712 972 818 1029 est,
839 965 979 1020 inter
1002 966 1176 1021 bonos
1196 968 1396 1021 bonum
1419 981 1526 1021 non
1551 981 1673 1022 esse
1697 984 1712 1032 ;
1743 968 1814 1021 ita

228 1055 475 1111 immensi
505 1064 589 1111 est
614 1056 887 1126 praeconii,
920 1057 1119 1111 bonum
1148 1056 1312 1112 etiam
1357 1057 1496 1111 inter
1523 1058 1695 1114 malos
1721 1072 1816 1112 ex-

219 1145 449 1201 stitisse.
476 1146 610 1201 llinc
632 1154 714 1201 est
742 1146 884 1215 quod
905 1146 1073 1202 isdem
1100 1147 1288 1203 beatus
1307 1145 1410 1202 Job
1433 1147 1649 1202 sibimet
1676 1157 1813 1204 atte-

217 1245 422 1305 statur,
454 1238 642 1294 dicens
674 1255 691 1291 :
720 1237 913 1293 Frater
959 1240 1035 1309 [ui
1064 1238 1366 1304 draconum,
1394 1248 1445 1294 et
1468 1240 1638 1294 socius
1677 1248 1817 1293 stru-

214 1326 462 1382 thionum
507 1326 651 1398 (Job.
683 1344 784 1382 xxx
811 1371 829 1396 ,
868 1325 982 1398 29).
1034 1328 1169 1384 llinc
1207 1326 1398 1384 Petrus
1424 1329 1631 1397 magnis
1676 1327 1815 1384 Loth

215 1414 475 1473 laudibus
495 1418 707 1485 extulit,
731 1418 875 1489 quod
904 1418 1106 1474 bonum
1132 1419 1278 1475 inter
1304 1420 1565 1490 reprobos
1586 1419 1815 1487 invenit,

212 1507 414 1562 dicens
463 1524 477 1561 :
519 1506 588 1560 Et
632 1507 835 1578 justum
874 1505 1009 1561 Loth
1054 1523 1358 1578 oppressum
1396 1524 1430 1561 a
1472 1508 1814 1579 nefandorum

215 1605 241 1633 ³
270 1597 475 1667 injusta
499 1596 887 1652 conversatione
905 1598 1113 1667 eripuit.
1145 1597 1369 1667 Aspectu
1396 1598 1536 1652 enim
1562 1604 1611 1650 et
1632 1596 1812 1650 auditu

212 1689 389 1759 justus
416 1696 549 1753 erat,
581 1687 822 1741 habitans
848 1688 988 1757 apud
1014 1704 1122 1755 eos,
1150 1688 1239 1758 qui
1260 1688 1323 1742 de
1350 1688 1435 1743 die
1458 1689 1512 1741 in
1534 1688 1669 1742 diem
1692 1687 1812 1741 ani-

210 1797 360 1832 mam
377 1781 509 1850 justi
530 1779 719 1850 iniquis
740 1777 976 1849 operibus
993 1779 1293 1834 cruciabant
1315 1778 1367 1851 (1
1374 1778 1404 1833 Ι
1425 1778 1543 1835 Pet.
1569 1797 1626 1847 ιι,
1651 1780 1705 1848 7,
1728 1779 1829 1861 8)._

2536 877 2770 934 CAPUT
2790 878 2879 935 ιιι.

1988 965 2115 1021 lato.
2147 996 2215 1006 -—
2242 968 2456 1023 Timens
2486 967 2670 1036 Deum,
2702 980 2751 1024 et
2779 972 3021 1026 recedens
3050 989 3082 1025 a
3110 972 3268 1028 malo.

1989 1056 2042 1111 '5.
2077 1055 2240 1111 Deum
2273 1059 2454 1113 timere
2490 1061 2613 1128 quid
2661 1061 2750 1114 sit.
2798 1061 2949 1116 Bona
2977 1063 3131 1116 mulis
3160 1063 3385 1117 admista
3418 1078 3505 1115 re-

1916 1146 2219 1219 probantur.
2252 1178 2322 1189 —
2364 1147 2532 1202 Deum
2565 1148 2752 1203 timere
2779 1158 2863 1204 est
2903 1151 3068 1216 nulla,
3096 1165 3216 1220 quze
3260 1151 3505 1207 facienda

1914 1245 2041 1292 sunt
2068 1237 2206 1291 bona
2232 1236 2528 1306 prmterire.
2562 1234 2716 1292 Unde
2744 1252 2842 1309 per
2887 1239 3237 1296 Salomonem
3268 1242 3471 1297 dicitur
3490 1258 3505 1296 :

1919 1326 2021 1392 Qui
2068 1327 2233 1382 Deum
2282 1329 2445 1393 timet,
2479 1326 2612 1382 nihil
2650 1329 2862 1400 negligit
2896 1328 3096 1400 (Eccle.
3120 1346 3215 1398 vn,
3257 1331 3367 1400 l9).
3398 1331 3505 1387 Sed

1915 1419 2040 1489 quia
2078 1418 2323 1473 nonnulli
2351 1418 2430 1473 sic
2459 1418 2601 1472 bona
2629 1420 2876 1489 quaedam
2918 1420 3144 1485 iaciunt,
3178 1430 3236 1475 ut
3265 1429 3447 1477 tamen
3474 1438 3505 1479 a

1914 1509 2233 1582 quibusdam
2274 1509 2429 1565 malis
2458 1509 2680 1565 minime
2702 1511 3123 1581 suspendantur,
3173 1512 3313 1569 bene
3357 1521 3506 1583 post-

1914 1616 2076 1672 quam
2107 1614 2305 1656 umens
2332 1600 2505 1655 Deum
2534 1601 2752 1668 dicitur,
2782 1601 3043 1659 recedens
3062 1617 3281 1672 quoque
3307 1619 3337 1657 a
3359 1604 3505 1657 malo

1913 1691 2249 1762 perhibetur.
2282 1688 2558 1760 Scriptum
2579 1690 2781 1760 quippe
2808 1698 2893 1745 est
2923 1708 2937 1744 :
2964 1690 3181 1746 Declina
3204 1708 3237 1745 a
3266 1691 3426 1755 malo,
3455 1699 3504 1745 et

1911 1784 2000 1854 {ac
2027 1782 2217 1837 bonum
2246 1780 2422 1853 (Psal.
2460 1794 2641 1847 xxxvi,
2674 1779 2789 1849 27).
2822 1779 3007 1850 Neque
3049 1781 3194 1837 enim
3223 1781 3366 1837 bona
3394 1779 3504 1835 Deo

209 1869 320 1935 Qui
354 1871 605 1923 nimirum
630 1869 856 1925 cruciari
886 1885 992 1925 non
1024 1879 1225 1939 posset,
1257 1871 1358 1925 nisi
1388 1886 1552 1942 prava
1584 1876 1806 1946 propin-
1838 1875 1887 1937 B
1912 1880 2133 1943 accepta
2157 1880 2303 1937 sunt,
2338 1873 2440 1943 ιθ
2466 1887 2586 1943 qua:
2609 1878 2737 1927 ante
2757 1871 2875 1942 ejus
2903 1872 3093 1930 oculos
3112 1873 3380 1929 malorum
3403 1871 3503 1926 ad-

208 1972 451 2028 quorum
494 1971 659 2028 opera
707 1965 764 2013 et
807 1958 1040 2025 audiret,
1099 1968 1156 2014 et
1198 1968 1470 2016 cerneret.
1516 1961 1582 2016 Et
1628 1972 1807 2023 tamen

209 2057 445 2118 aspectu
465 2057 521 2103 et
546 2048 727 2102 auditu
745 2048 925 2118 justus
948 2047 1164 2117 dicitur,
1191 2049 1316 2119 quia
1342 2051 1648 2122 iniquorum
1677 2057 1806 2124 vita,

212 2156 329 2195 non
376 2138 690 2196 delectando
734 2139 863 2209 justi
910 2154 1072 2195 aures
1122 2148 1288 2209 atque
1333 2142 1538 2208 oculos,
1592 2144 1687 2200 sed
1731 2146 1811 2202 fe-

210 2229 411 2286 riendo
439 2229 465 2268 δ
503 2231 777 2298 tangebat.
823 2229 959 2285 Hinc
987 2229 1184 2285 Paulus
1221 2231 1496 2301 discipulis
1533 2233 1707 2289 dicit:
1739 2236 1806 2292 In

210 2320 390 2373 medio
431 2321 655 2374 nationis
700 2336 872 2391 prava
897 2329 947 2374 et
989 2336 1262 2390 perversaa,
1293 2322 1431 2375 inter
1456 2339 1583 2394 quos
1627 2324 1809 2382 lucetis

208 2412 350 2464 sicut
376 2411 655 2464 luminaria
683 2411 738 2465 in
766 2411 956 2464 mundo
992 2410 1212 2482 (Philip.
1252 2428 1310 2478 ιι,
1343 2410 1455 2482 15).
1488 2415 1622 2471 llinc
1655 2428 1679 2455 ο
1709 2433 1809 2473 an-

210 2505 343 2574 gelo
384 2503 629 2574 Pergami
656 2504 897 2559 ecclesia
925 2503 1124 2559 dicitur
1152 2521 1167 2557 :
1198 2504 1323 2560 Scio
1350 2504 1437 2559 ubi
1465 2507 1689 2577 habitas,
1719 2508 1807 2565 ubi

208 2595 365 2649 sedes
383 2606 459 2651 est
488 2596 734 2659 Saturus;
753 2605 802 2649 et
819 2605 959 2649 tenes
976 2611 1160 2649 nomen
1190 2613 1375 2664 meum,
1408 2607 1580 2654 etnon
1604 2603 1808 2672 negasti

209 2688 377 2756 ﬁdem
402 2704 565 2741 meam
578 2687 758 2757 (Apoc.
782 2702 843 2755 ιι,
869 2686 978 2756 1⁸5).
1005 2686 1138 2742 Hinc
1158 2697 1343 2744 sancta
1362 2687 1601 2745 Ecclesia
1622 2693 1807 2761 sponsi

210 2793 353 2834 voce
374 2778 639 2844 laudatur,
655 2792 780 2833 cum
799 2776 851 2832 ei
873 2778 926 2832 in
948 2780 1148 2833 amoris
1166 2777 1391 2834 Cantico
1406 2779 1601 2836 dicitur
1625 2798 1638 2835 :
1658 2782 1809 2837 Sicut

208 2869 382 2923 lilium
410 2869 547 2922 inter
565 2868 766 2938 spinas,
788 2868 864 2921 sic
884 2870 1053 2922 amica
1085 2885 1199 2921 mea
1221 2870 1358 2923 inter
1374 2869 1516 2939 ﬁv'ias
1547 2871 1720 2942 (Cant.
1744 2888 1803 2943 ιι,

208 2958 293 3026 2).
327 2958 472 3014 Bene
490 2973 620 3028 ergo
648 2958 842 3014 beatus
860 2956 981 3022 Job,
1012 2969 1307 3015 memorata
1331 2968 1475 3016 terra
1496 2963 1699 3031 gentili,
1724 2964 1807 3019 in-

210 3062 302 3105 ter
328 3050 538 3120 iniquos
565 3050 763 3107 vixisse
789 3049 1146 3117 describitur;
1176 3060 1255 3118 ut,
1282 3052 1433 3122 juxta
1462 3056 1644 3123 sponsi
1671 3071 1804 3125 prte-

208 3143 451 3209 couium,
477 3142 617 3197 inter
634 3141 819 3212 spinas
834 3141 1002 3198 lilium
1019 3144 1255 3202 crevisse
1276 3154 1624 3202 monstretur.
1651 3144 1803 3205 Unde

208 3246 367 3294 recte
394 3253 520 3294 mox
546 3236 793 3293 subditur
822 3253 839 3291 :

841 3324 1070 3382 CAPUT
1098 3326 1165 3382 ll.

283 3418 411 3474 lam.
441 3447 516 3460 --
542 3419 796 3489 Simplex,
824 3428 876 3472 et
901 3428 1088 3473 rectus.

281 3510 336 3563 2.
364 3509 465 3565 Job
493 3509 799 3579 simplicitas
825 3518 875 3563 et
901 3508 1173 3564 rectitudo.
1219 3508 1449 3581 l'traque
1484 3513 1800 3567 necessaria.

206 3633 285 3647 -
328 3600 577 3655 Nonnulli
608 3614 839 3669 namque
880 3599 955 3653 ita
998 3606 1126 3655 sunt
1162 3599 1459 3670 simplices,
1494 3609 1555 3655 ut
1593 3611 1802 3658 rectum

206 3690 344 3763 quid
395 3690 464 3746 sit
504 3688 772 3759 ignorent.
816 3687 924 3743 Sed
966 3703 1033 3743 eo
1061 3703 1201 3743 vera:
1244 3689 1605 3759 simplicitatis
1646 3691 1802 3747 inno-

207 3782 445 3838 centiam
473 3781 749 3847 deserunt,
780 3795 889 3850 quo
917 3779 987 3833 ad
1031 3779 1286 3835 virtutem
1326 3781 1665 3838 rectitudinis
1692 3798 1803 3840 non

208 3878 530 3941 assurgunt;
558 3869 684 3939 quia
707 3868 836 3924 dum
861 3868 1006 3923 cauti
1026 3883 1147 3924 esse
1169 3884 1269 3939 per
1296 3869 1674 3926 rectitudinem
1701 3887 1803 3927 ne-

209 3964 407 4025 sciunt,
436 3973 774 4031 nequaquam
811 3958 1128 4013 innocentes
1155 3958 1447 4028 persistere
1474 3976 1572 4031 per
1594 3962 1801 4033 simpli-

209 4056 428 4110 citatem
455 4058 698 4123 possunt.
725 4048 860 4105 lline
883 4056 967 4105 est
993 4049 1138 4117 quod
1170 4047 1367 4104 Paulus
1387 4050 1681 4121 discipulos
1709 4052 1803 4106 ad-

210 4152 398 4200 monet
428 4144 615 4199 dicens
647 4157 662 4194 :
703 4139 829 4195 Volo
849 4155 937 4196 vos
966 4139 1221 4208 sapientes
1261 4156 1373 4195 esse
1396 4141 1452 4194 in
1492 4141 1646 4205 bono,
1677 4143 1803 4195 sim-

210 4237 367 4303 plices
408 4242 577 4287 outem
619 4232 675 4286 in
702 4232 841 4284 malo
883 4229 1061 4301 (Rom.
1113 4245 1226 4295 xvn,
1264 4230 1371 4299 l9).
1417 4230 1550 4285 llinc
1588 4246 1803 4285 rursum

211 4328 336 4382 dicit
368 4343 381 4378 :
417 4322 598 4379 Nolite
626 4323 773 4393 pueri
802 4322 932 4390 e/ﬁci
962 4321 1221 4389 sensibus,
1243 4322 1336 4375 sed
1364 4320 1571 4375 malitia
1601 4322 1802 4389 parvuli

211 4428 369 4473 estote
414 4415 469 4488 (ι
493 4415 615 4471 Cor.
647 4431 757 4477 xlv,
790 4412 903 4482 20).
938 4413 1071 4467 lllnc
1094 4428 1193 4482 per
1213 4412 1559 4482 semetipsam
1587 4413 1804 4469 Veritas

212 4507 484 4575 discipulis
529 4503 803 4575 praecipit,
847 4502 1033 4558 dicens
1068 4520 1082 4556 :
1125 4501 1305 4557 Estote
1348 4503 1629 4573 prudentes
1669 4503 1804 4558 sicut

1913 1963 2165 2019 mistione
2193 1962 2555 2017 maculantur.
2589 1960 2729 2018 Hinc
2755 1977 2987 2032 namque
3027 1978 3126 2033 per
3152 1963 3502 2019 Salomonem

1908 2053 2150 2108 dicitur:
2203 2052 2305 2115 Qui
2345 2053 2400 2106 in
2442 2068 2546 2105 uno
2594 2052 2896 2120 offenderit,
2939 2055 3103 2107 multa
3141 2053 3276 2108 bona
3323 2054 3502 2124 perdet

1909 2140 2111 2213 (Eccle.
2130 2159 2207 2208 1x,
2227 2141 2341 2209 l8).
2368 2141 2501 2197 llinc
2517 2140 2543 2178 ἀ
2562 2140 2793 2197 Jacobns
2814 2151 3100 2197 attestatur
3119 2142 3305 2200 dicens
3329 2160 3344 2197 :
3370 2142 3502 2208 Qui-

1906 2248 2107 2303 cunque
2134 2242 2292 2288 totam
2320 2235 2481 2303 legem
2513 2234 2810 2299 servaverit,
2833 2234 3066 2303 offendat
3092 2245 3262 2289 autem
3291 2237 3345 2289 in
3372 2250 3499 2304 uno,

1908 2327 2077 2396 {actus
2103 2332 2179 2378 est
2200 2324 2432 2378 omnium
2456 2339 2573 2378 reus
2600 2322 2822 2393 (Jaan,
2854 2323 2969 2393 10).
3002 2324 3137 2379 llinc
3162 2323 3361 2382 Paulus
3382 2328 3457 2382 ait
3481 2345 3496 2382 :

1907 2415 2174 2471 Modicum
2190 2418 2497 2488 fermentum
2542 2424 2701 2470 totam
2728 2432 2955 2470 massam
2985 2416 3266 2487 corrumpit
3296 2417 3349 2487 (1
3372 2418 3497 2475 Cor.

1909 2521 1970 2572 v,
2022 2506 2100 2577 6).
2140 2508 2284 2579 (Yet.
2318 2504 2465 2579 111.]
2496 2506 2692 2562 Beatus
2718 2507 2879 2576 igitur
2904 2506 3006 2562 Job
3028 2548 3043 2573 ,
3072 2515 3133 2562 ut
3183 2509 3502 2564 ostendatur

1905 2614 2068 2668 quam
2122 2598 2354 2655 mundus
2394 2599 2450 2653 in
2487 2598 2646 2654 bonis
2675 2600 2917 2668 exstitit,
2961 2601 3194 2657 solerter
3231 2600 3501 2660 indicatur

1905 2704 2068 2758 quam
2105 2687 2314 2743 alienus
2342 2703 2374 2742 a
2406 2687 2562 2742 malis
2587 2686 2703 2742 fuit.

1978 2777 2031 2831 4.
2060 2776 2164 2831 Cur
2191 2778 2401 2831 virtutes
2422 2776 2521 2832 Job
2546 2776 2610 2830 ab
2637 2778 2853 2832 exordio
2883 2776 3262 2834 describantur.
3284 2812 3356 2823 -—
3381 2780 3498 2837 Mos

1906 2885 2036 2925 vero
2063 2883 2185 2924 esse
2222 2868 2557 2922 narrantium
2587 2868 2746 2934 solet,
2779 2876 2839 2923 ut
2866 2884 2988 2924 cum
3018 2870 3278 2941 palmstne
3314 2881 3493 2927 certa-

1906 2976 2032 3017 men
2062 2959 2357 3027 insinuant,
2386 2958 2535 3029 prius
2563 2958 2882 3014 luctantium
2920 2960 3161 3015 membra
3188 2961 3495 3017 describant

1904 3068 2069 3122 quam
2113 3051 2281 3105 latum
2320 3049 2663 3118 validumque
2705 3050 2775 3104 sit
2816 3058 3032 3120 pectus,
3078 3066 3239 3121 quam
3278 3067 3495 3120 sanum,

1907 3156 2069 3212 quam
2090 3140 2235 3211 pleni
2258 3146 2501 3194 tumeant
2524 3139 2731 3207 lacerti,
2749 3154 2909 3209 quam
2941 3143 3335 3214 subterpositus
3364 3161 3497 3200 ven-

1826 3241 1873 3303 c
1906 3242 1989 3289 ter
2016 3248 2117 3288 nec
2155 3231 2298 3287 mole
2325 3240 2535 3300 gravet,
2576 3247 2677 3287 nec
2703 3234 3093 3289 extenuatione
3129 3235 3407 3301 debilitet;
3440 3246 3500 3291 ut

1903 3339 2025 3380 cum
2052 3322 2206 3394 prius
2245 3331 2401 3392 aptos
2439 3322 2722 3377 certamini
2763 3331 2911 3379 artus
2953 3324 3322 3392 ostenderint,
3370 3335 3499 3383 tunc

1903 3414 2117 3470 demum
2143 3428 2351 3484 magna:
2390 3412 2719 3467 lortitudinis
2758 3413 2895 3467 ictus
2925 3422 3166 3469 narrent.
3199 3414 3335 3481 Quia
3365 3429 3496 3484 ergo

1902 3505 2103 3559 athleta
2154 3513 2339 3560 noster
2379 3512 2569 3559 contra
2613 3502 2889 3558 diabolum
2940 3505 3116 3561 fuerat
3170 3515 3494 3573 certaturus,

1903 3596 2057 3666 quasi
2083 3604 2210 3649 ante
2236 3609 2412 3649 areum
2439 3594 2807 3663 spectaculum
2824 3635 2839 3659 ,
2867 3610 3034 3650 sacra:
3062 3596 3293 3666 scriptor
3317 3597 3495 3653 histo-

1903 3689 1997 3744 ria:
2020 3689 2074 3744 in
2098 3688 2297 3743 athleta
2310 3687 2417 3741 hoc
2436 3686 2707 3756 spiritales
2727 3686 2957 3741 virtutes
2976 3702 3322 3759 enumerans,
3347 3706 3497 3743 men-

1905 3780 1975 3834 tis
2003 3778 2244 3833 membra
2266 3775 2543 3841 describit,
2566 3774 2751 3829 dicens
2781 3792 2794 3827 :
2819 3774 2951 3828 Erat
2966 3777 3041 3829 vir
3066 3776 3155 3831 ille
3177 3778 3422 3848 simplex,
3448 3787 3497 3831 et

1902 3882 2091 3936 rectus,
2124 3888 2185 3923 ac
2214 3870 2399 3923 timens
2439 3866 2629 3933 Deum,
2660 3875 2711 3920 et
2738 3866 2979 3921 recedens
3006 3883 3036 3919 a
3066 3869 3227 3936 malo,
3259 3876 3338 3936 ut,
3369 3868 3493 3922 dum

1905 3962 2273 4018 membrorum
2303 3958 2501 4028 positio
2532 3970 2723 4025 magna
2754 3958 3118 4025 cognoscitur,
3151 3973 3216 4010 ex
3249 3957 3350 4012 hac
3382 3958 3495 4027 ipsa

1899 4054 2010 4124 jam
2040 4052 2165 4107 forti
2188 4050 2457 4119 positione
2482 4048 2815 4116 subsequens
2841 4047 3005 4102 etiam
3036 4048 3261 4102 victoria
3288 4064 3497 4119 puello-

1903 4152 2109 4201 scatur.
2132 4140 2390 4212 Sequitur
2420 4157 2435 4193 :

2526 4226 2755 4285 CAPUT
2785 4226 2875 4281 IV.

1978 4330 2142 4384 Vsus.
2190 4327 2245 4380 2.
2282 4357 2352 4368 —
2382 4322 2610 4395 Natique
2659 4330 2781 4376 sunt
2828 4322 2875 4375 ci
2922 4329 3112 4390 septem
3157 4322 3256 4391 ﬁlii
3300 4331 3349 4374 et
3394 4330 3496 4375 trrs

1904 4424 2053 4493 ﬁlice.

1976 4514 2028 4570 5.
2072 4512 2328 4566 Filiorum
2366 4506 2639 4562 multitudo
2676 4522 2792 4559 eum
2840 4505 2909 4557 ad
2938 4506 3211 4558 avaritiam
3251 4522 3352 4558 non
3383 4508 3496 4575 pel-

212 4607 491 4667 serpentes,
538 4606 589 4650 et
614 4594 871 4663 simplices
899 4594 1033 4648 sicut
1062 4594 1315 4648 columba:
1344 4592 1561 4665 (Matth,
1595 4609 1648 4647 Χ.
1680 4593 1792 4663 16).
1823 4622 1875 4681 D
1900 4608 2045 4667 (εχει,
2067 4638 2139 4647 ...
2158 4603 2313 4672 Swpc
2334 4599 2401 4653 ad
2430 4597 2714 4652 avaritiam
2740 4612 2836 4649 cor
2865 4594 3107 4664 parentis
3132 4594 3285 4648 illicit
3313 4593 3467 4648 fecu"
3486 4625 3497 4636 .

217 4691 454 4759 Utraque
479 4689 625 4746 enim
654 4687 960 4743 necessario
992 4686 1046 4740 in
1073 4686 1444 4741 admonitione
1472 4686 1791 4754 conjunxit;

215 4795 270 4840 ut
312 4795 370 4841 et
411 4785 815 4856 simplicitatem
850 4784 1116 4840 columba:
1150 4784 1350 4839 astutia
1402 4784 1668 4853 serpentis
1709 4784 1795 4838 in-

214 4889 466 4947 strueret,
494 4889 552 4935 et
578 4895 789 4936 rursum
817 4878 1083 4949 serpentis
1109 4878 1361 4933 astutiam
1384 4877 1648 4933 columba:
1674 4878 1801 4935 sim-

216 4974 424 5040 plicitas
472 4981 819 5043 temperaret.
862 4972 997 5026 llinc
1024 4979 1108 5027 est
1135 4970 1281 5040 quod
1321 4978 1542 5026 sanctus
1566 4971 1798 5043 Spiritus

217 5065 551 5131 pnesentiam
578 5079 731 5118 suam
761 5062 1085 5127 hominibus,
1112 5077 1220 5115 non
1241 5062 1293 5115 in
1315 5061 1560 5117 columba
1589 5062 1797 5117 solum-

218 5154 395 5220 modo,
414 5154 509 5208 sed
530 5154 694 5208 etiam
720 5153 772 5231 in
804 5152 927 5221 igne
948 5151 1203 5222 patefecit
1222 5150 1440 5223 (Matth.
1463 5167 1543 5215 ιιι,
1566 5152 1653 5216 ll,
1682 5152 1798 5221 l6).

219 5243 317 5301 Per
352 5247 658 5302 columbam
700 5247 897 5315 quippe
935 5244 1272 5314 simplicitas,
1316 5259 1412 5314 per
1460 5244 1635 5312 ignem
1665 5260 1798 5299 vero

218 5334 357 5390 zelus
386 5335 671 5390 indicatur.
702 5335 760 5389 In
800 5335 1050 5390 columba
1080 5334 1263 5403 igitur,
1290 5341 1345 5389 et
1373 5334 1427 5388 in
1457 5333 1582 5403 igne
1610 5344 1801 5390 osten-

289 5516 310 5540 ο
348 5505 614 5573 Plerique,
654 5507 847 5576 injuria
875 5504 1283 5576 conversatione.
1322 5502 1531 5576 Primus
1562 5504 1796 5576 Bemqu

219 5591 250 5647 ᾳ
273 5578 615 5645 nefandorum
644 5573 839 5647 injuria
864 5584 914 5628 et
942 5574 1328 5628 conversatione
1357 5575 1560 5643 eripu.t.
1587 5573 1643 5628 In
1670 5574 1800 5629 Col-

222 5644 382 5708 bcrt.,
405 5647 666 5715 impudica
691 5644 923 5700 convers.

292 5729 326 5786 υ,
354 5711 517 5769 Corb.
535 5757 549 5779 ,
581 5732 685 5768 non
725 5715 1032 5786 tangebam;
1059 5721 1116 5768 et
1159 5711 1319 5782 paulo
1346 5721 1471 5766 ante
1492 5750 1510 5776 ,
1548 5712 1803 5769 secundis

224 5784 378 5845 curis.
410 5786 531 5837 vitia
562 5800 661 5850 pro
689 5785 811 5838 vita.

295 5865 316 5894 δ
349 5855 591 5912 Vatie.et
610 5854 897 5918 Gussanv..
929 5863 981 5911 et
1012 5870 1150 5920 pene
1177 5869 1363 5911 omnes
1378 5851 1527 5917 M:$.,
1556 5852 1674 5909 hinc
1704 5869 1800 5908 an-

1902 4700 2045 4755 ditas
2074 4692 2260 4764 prolis.
2287 4688 2364 4743 Eo
2392 4689 2534 4742 enim
2565 4684 2633 4739 ad
2663 4684 2925 4738 ambitum
2969 4682 3359 4751 congreganda:
3388 4683 3496 4736 lucc

1903 4789 2146 4848 reditatis
2181 4781 2515 4844 accenditur,
2547 4793 2657 4848 quo
2688 4775 3207 4845 multishaeredibus
3236 4774 3497 4830 fecunda-

1906 4892 2011 4938 tur.
2063 4877 2135 4933 Ut.
2173 4888 2304 4943 ergo
2345 4869 2491 4924 beati
2520 4866 2622 4938 Job
2669 4881 2833 4935 quam
2882 4872 3070 4919 sancta
3119 4878 3275 4917 mens
3312 4861 3492 4927 fuerit,

1904 4970 2252 5031 ostendatur,
2283 4971 2340 5017 ct
2372 4961 2550 5031 justus
2577 4957 2803 5021 dicitur,
2833 4964 2887 5011 et
2920 4956 3104 5009 multa:
3141 4954 3312 5023 prolis
3343 4963 3497 5023 pater

1904 5064 2068 5118 luisse
2092 5054 2431 5129 perhibetur.
2465 5059 2489 5086 ο
2521 5048 2623 5115 Qui
2660 5047 2713 5101 in
2746 5047 2866 5101 libri
2894 5046 2977 5099 sui
3006 5044 3233 5099 exordio
3262 5044 3497 5100 devotus

1903 5147 2183 5207 sacriﬁciis
2202 5138 2491 5199 ollcrendis
2519 5137 2798 5201 asseritur,
2821 5144 3103 5205 promptus
3120 5144 3300 5188 autem
3332 5134 3496 5201 largi-

1907 5242 2109 5297 tatibus
2130 5237 2292 5293 etiam
2315 5238 2439 5302 post
2461 5244 2490 5282 a
2507 5226 2801 5296 semetipso
2823 5232 3178 5279 memoratur.
3204 5224 3499 5279 Pensemus

1908 5351 2040 5406 ergo
2083 5340 2285 5402 quanta
2327 5322 2649 5380 fortitudine»
2680 5319 2931 5390 praeditus
2958 5315 3189 5381 exstitit,
3225 5330 3387 5386 quem
3432 5316 3499 5371 ad

1920 5496 2633 5581 θειο-Ρρνυαηιὶτ-Εεεζςεὶωι.θ

1979 5559 2197 5630 [Unus
2216 5588 2281 5626 ex
2315 5568 2547 5632 Remig.,
2582 5564 2701 5616 hinc
2730 5559 3273 5632 Jacobusapostolm.

1982 5659 2005 5684 °
2034 5626 2248 5712 ῆύιςὶιιι
2269 5626 2502 5694 omnes?
2531 5626 2629 5697 Qui
2735 5634 2752 5685 ι
2775 5632 2867 5712 bri.
2882 5626 3056 5700 hujus.
3080 5630 3327 5712 ortassc
3354 5626 3497 5712 (χειρί)

1908 5699 2170 5771 Ειιίιοτθξ
2202 5725 2309 5764 non
2336 5712 2621 5762 censerent
2654 5703 2742 5756 hic
2767 5701 2869 5754 diei
2920 5699 3075 5771 posse
3107 5699 3294 5755 Latine
3314 5738 3329 5765 ,
3378 5700 3495 5755 libri

1908 5770 2009 5853 sui,
2041 5794 2097 5839 ut
2126 5782 2353 5838 habetur
2380 5778 2433 5832 in
2463 5772 2734 5842 Mss.,sed
2764 5770 3152 5841 scrupulosius.
