3976 6312
248 350 348 403 εδδ
1167 352 1520 408 Μοιςλιιιωι
1566 351 1693 405 LIB.
1737 350 1775 403 I.
1815 380 1822 387 -

1939 349 1981 405 Ν
2019 348 2245 407 CAPUT
2287 350 2303 405 Ι
2347 349 2403 406 Β.
2447 353 2577 410 JOB.

3411 362 3511 416 5.31

245 467 390 519 dium
448 465 515 521 de
562 467 960 521 resurrectione
1002 465 1279 520 nuntiatur
1322 465 1466 539 [γει.
1521 464 1673 535 l'II}.
1717 460 1828 518 Sed
1856 462 1903 520 Α
1933 462 2197 529 virtutum,
2245 474 2295 517 et
2346 463 2444 518 Dei
2471 466 2799 535 sapientiam.
2850 466 2902 535 (I
2931 467 3055 524 Cor.
3089 486 3145 535 ι,
3173 468 3290 542 2i).
3344 472 3515 541 Atque

246 556 366 625 quia
396 558 540 611 bcati
575 557 677 613 Job
709 558 799 612 lilii
830 565 979 611 tanta
1008 556 1220 611 fuerant
1256 558 1536 629 disciplina
1568 558 1721 611 bona:
1746 556 1828 610 in-

245 648 537 703 stitutionis
568 650 814 715 accincti,
857 658 916 703 ut
958 664 1131 717 neque
1160 664 1257 717 per
1286 648 1425 702 facta
1467 650 1519 702 in
1548 646 1827 711 conviviis,

250 754 421 808 neque
456 754 552 808 per
576 741 752 795 verba
792 741 1194 811 delinquerent,
1239 750 1424 811 aperte
1472 748 1827 803 moutra'ur,

247 845 369 885 cum
393 828 492 882 sub
513 830 637 884 ‘itur
669 849 681 883 :

713 919 895 976 CAPU
916 921 942 973 l‘
973 919 1043 974 1X
1075 918 1224 992 [Rea
1265 918 1353 988 Vl.

243 1010 373 1066 Iam.
416 1043 483 1053 —-
515 1012 729 1068 Dicebat
749 1012 888 1066 enim
919 1029 937 1065 :
970 1009 1050 1064 Ne
1084 1013 1220 1081 forte
1245 1011 1569 1079 peccaverint
1598 1008 1700 1079 ﬁlii
1723 1010 1824 1063 mei

242 1110 291 1155 et
317 1102 668 1157 benedirerint
698 1101 801 1156 Deo
824 1104 877 1155 in
902 1100 1141 1156 cordibus
1163 1101 1292 1169 suis.

320 1193 401 1247 t3.
430 1192 505 1247 De
532 1194 744 1247 alterius
785 1191 938 1245 corde
989 1208 1022 1244 η
1060 1208 1092 1244 n
1143 1200 1218 1243 est
1246 1199 1430 1243 temere
1452 1188 1819 1259 judicandum.

239 1280 310 1335 In
341 1292 561 1337 rectores
586 1283 816 1352 ﬁdelium
843 1282 929 1353 qui
948 1276 1125 1335 eorum
1150 1295 1309 1351 opera
1325 1280 1580 1333 nesciunt.
1606 1308 1677 1318 -—
1704 1277 1826 1332 Per-

238 1372 413 1427 tectos
442 1374 642 1443 quippe
668 1388 789 1428 esse
829 1371 881 1425 in
917 1386 1083 1441 Opere
1132 1378 1188 1425 et
1231 1385 1484 1424 sermone
1537 1368 1821 1432 docuerat,

236 1479 340 1534 pro
370 1464 563 1533 quibus
587 1463 656 1518 de
681 1463 796 1517 sola
825 1470 977 1533 pater
1002 1462 1335 1531 cogitatione
1365 1462 1662 1516 metuebat.
1688 1460 1821 1527 Quia

238 1569 373 1609 vero
394 1555 463 1611 de
493 1554 680 1610 alienis
711 1554 959 1609 cordibus
981 1553 1038 1622 ju
1060 1554 1227 1608 licare
1256 1562 1459 1607 temere
1484 1567 1593 1606 non
1624 1551 1823 1606 debea-

234 1661 387 1711 mus,
419 1648 472 1700 in
511 1647 683 1702 sancti
727 1646 887 1715 hujus
938 1645 1038 1699 viri
1087 1645 1262 1700 verbis
1312 1645 1672 1713 agnoscimus,
1730 1645 1824 1714 qui

236 1751 350 1790 non
379 1736 489 1789 ait:
524 1729 658 1799 Quia
681 1734 1047 1788 benedixerunt
1068 1734 1121 1787 in
1151 1734 1388 1789 cordibus
1411 1735 1517 1788 suis
1539 1751 1557 1788 :
1586 1735 1701 1800 sed,
1736 1733 1821 1789 Ne

1932 551 2047 607 hinc
2075 555 2186 622 ipsa
2235 554 2509 624 Sapientia
2563 572 2658 626 per
2709 558 3054 615 Salomonem
3085 561 3391 635 dicit:Ego
3440 582 3518 618 sa-

1930 644 2124 711 pientia
2152 644 2329 699 habito
2356 647 2407 699 in
2434 647 2670 712 consilio,
2700 657 2750 702 et
2780 650 2997 705 eruditis
3037 646 3284 706 t'n'ersum
3316 655 3516 725 rogita-

1930 733 2152 787 tionibus
2183 735 2452 805 (Proverb.
2486 753 2608 803 vni,
2646 738 2756 809 12).
2790 737 2901 795 llus
2947 756 3076 813 ergo
3126 752 3322 798 terram
3356 745 3509 797 inin.-

1930 821 2198 891 bitatlub,
2212 826 2335 893 quia
2357 826 2656 895 Sapientia,
2676 844 2793 895 qua:
2818 844 2915 898 pro
2945 832 3099 887 nobis
3129 832 3392 902 passionis
3416 833 3507 886 do-

1936 910 2098 966 lerent
2129 914 2401 983 sustinuit,
2432 916 2596 971 corda
2626 917 2745 971 vita:
2781 919 3019 976 consiliis
3068 920 3248 975 dedita
3296 919 3515 976 sibimet

1928 1002 2319 1058 habitationem
2345 1004 2496 1059 iecit.

2392 1094 2621 1150 CAPUT
2649 1096 2742 1150 xu
2775 1098 2899 1168 ιγρι
2921 1098 3017 1170 X].

1952 1249 1956 1253 η
1998 1189 2214 1235 lBlD.—
2245 1180 2312 1234 Et
2338 1189 2448 1235 erat
2469 1184 2544 1236 vir
2572 1184 2661 1237 ille
2691 1186 2912 1253 simplex
2941 1197 2989 1239 et
3027 1199 3222 1243 rectus.

2000 1269 2085 1325 16.
2141 1269 2541 1340 δὶηιριὶεἱιασετη
2600 1281 2649 1326 et
2702 1275 3058 1330 rectitudinem
3108 1280 3291 1333 tenuit.
3335 1308 3405 1321 -—
3442 1277 3511 1334 ‘ln

1924 1360 2482 1428 rectitudinejnstitia,
2514 1362 2566 1415 in
2596 1362 2940 1433 simplicitate
2979 1373 3159 1419 autem
3202 1381 3510 1422 mansuetu-

1924 1449 1995 1505 do
2050 1450 2308 1519 signatur.
2340 1450 2664 1519 Plerumque
2709 1467 2808 1506 nos
2856 1470 2980 1508 cum
3012 1452 3386 1510 rectitudinem
3433 1454 3509 1524 ju-

1924 1543 2085 1598 stitiac
2117 1544 2480 1612 exsequimur,
2530 1545 2995 1600 mansuetudinem
3050 1542 3509 1616 relinquimus;et

1923 1653 2044 1693 cum
2070 1638 2533 1694 mansuetudinem
2557 1655 2775 1695 servare
2804 1640 3072 1710 cupimus,
3096 1640 3317 1710 justitiae
3346 1642 3511 1695 recti-

1926 1728 2167 1784 tudinem
2198 1727 2552 1786 declinamus.
2580 1728 2891 1786 lncarnatus
2945 1734 3050 1802 22
3077 1745 3205 1786 vero
3255 1731 3511 1785 Dominus

236 1829 376 1898 forte
399 1823 885 1880 benedixerintDeo
911 1824 963 1878 in
1007 1824 1245 1879 cordibus
1292 1827 1419 1880 suis.
1470 1823 1624 1879 Unde
1681 1826 1820 1880 bene
1854 1820 1896 1880 Β
1926 1821 2327 1892 simplicitatem
2377 1838 2499 1878 cum
2540 1824 2863 1879 rectitudine
2914 1826 3129 1880 tenuit:
3160 1827 3286 1895 quia
3329 1840 3430 1881 nec
3458 1826 3510 1879 in

236 1929 336 1984 per
378 1914 600 1970 Paulum
653 1913 851 1969 dicitur
884 1932 897 1967 :
930 1911 1109 1969 Nolite
1128 1914 1371 1986 judicare
1430 1926 1552 1969 ante
1604 1927 1820 1987 tempus,

235 2008 566 2077 quoadusque
591 2008 760 2061 veniat
782 2006 1056 2069 Dominus,
1079 2007 1163 2078 qui
1184 2006 1498 2060 illuminabit
1520 2006 1824 2062 abscondita

232 2097 565 2163 tenebrarum
584 2136 601 2161 ,
624 2107 673 2150 et
702 2096 1053 2167 manifestabit
1082 2097 1306 2151 consilia
1332 2098 1564 2152 cordium
1610 2096 1666 2169 (I
1694 2098 1818 2152 Cor.

240 2203 317 2251 tv,
340 2184 415 2255 5).
435 2185 575 2258 [νει.
593 2184 779 2256 VIII].
801 2184 1049 2253 Quisquis
1061 2186 1204 2240 enim
1222 2186 1273 2240 in
1289 2186 1618 2255 cogitatione
1643 2203 1673 2241 a
1705 2202 1823 2242 rec-

236 2276 470 2331 titudine
496 2277 785 2342 exorbitat,
813 2277 865 2330 in
897 2276 1132 2332 tenebris
1160 2286 1371 2347 peccat.
1397 2277 1501 2332 Nos
1516 2293 1646 2347 ergo
1669 2285 1820 2332 tanto

237 2368 415 2421 minus
438 2368 695 2422 debemus
722 2368 894 2421 aliena
926 2367 1089 2423 corda
1117 2368 1371 2423 audacter
1400 2369 1819 2438 reprehendere,

235 2467 444 2528 quanto
466 2446 679 2523 scimus,
703 2460 829 2528 quia
852 2459 964 2513 visu
983 2469 1166 2515 nostro
1186 2476 1293 2515 non
1320 2476 1604 2529 possumus
1633 2462 1821 2518 aliena:

234 2550 580 2619 cogitationis
618 2550 869 2605 tenebras
912 2549 1203 2605 illustrare.
1238 2561 1263 2587 η
1304 2550 1411 2605 Sed
1455 2552 1555 2605 hac
1595 2551 1823 2607 solerter

236 2639 558 2715 intuendum
581 2649 683 2705 est,
714 2647 916 2710 quanta
963 2648 1117 2709 pater
1144 2640 1434 2695 severitate
1463 2640 1636 2710 potuit
1683 2641 1823 2696 tilio-

235 2748 359 2788 rum
389 2748 553 2803 opera
595 2731 887 2800 corrigere,
926 2731 1017 2801 qui
1045 2739 1195 2786 tanta
1224 2731 1586 2787 sollicitudine
1612 2733 1821 2787 studuit

235 2824 399 2879 corda
429 2823 708 2878 mundare.
759 2822 897 2888 Quid
926 2822 995 2877 ad
1044 2818 1159 2877 haec
1193 2831 1433 2878 rectores
1476 2821 1710 2878 ﬁdelium
1741 2823 1821 2878 di-

240 2920 411 2975 eunt,
466 2912 556 2981 qui
603 2911 991 2981 discipulorum
1048 2927 1268 2967 suorum
1318 2920 1373 2966 ct
1419 2921 1605 2980 aperta
1652 2928 1818 2982 opera

236 3005 519 3062 nesciunt?
548 3003 685 3070 Quid
736 3004 787 3058 in
817 3019 911 3058 sua
940 3004 1288 3058 excusatione
1337 3004 1598 3074 cogitant,
1648 3005 1818 3074 quiin

236 3097 539 3153 commissis
573 3096 672 3152 sibi
723 3110 823 3151 nec
864 3094 1085 3149 vulnera
1138 3095 1411 3151 actionum
1467 3096 1697 3149 curant?
1749 3093 1819 3149 Ut

1928 1915 2338 1971 mansuetudine
2362 1914 2757 1972 districtionem
2782 1914 3026 1985 iustitia},
3066 1931 3165 1972 nec
3214 1932 3428 1971 rursum
3456 1916 3509 1971 in

1926 2005 2258 2059 districtione
2292 2004 2514 2074 iustitia:
2566 2005 2818 2062 virtutem
2850 2006 3277 2063 mansuetudinis
3306 2007 3508 2062 amisit.

1932 2094 2084 2149 Unde
2111 2109 2230 2150 cum
2256 2095 2496 2165 quidam,
2524 2095 2753 2151 deducta
2809 2098 3070 2164 adultera,
3110 2097 3253 2153 hunc
3300 2106 3511 2153 tentare

1924 2176 2240 2252 valuissent,
2265 2197 2322 2242 ut
2353 2188 2405 2242 in
2430 2189 2645 2258 culpam
2686 2198 2779 2243 aut
2799 2190 3297 2245 immansuetudinis
3319 2198 3413 2244 aut
3432 2191 3511 2244 in-

1919 2277 2141 2348 justitia:
2170 2276 2464 2345 laberetur,
2496 2279 2563 2332 ad
2588 2287 2817 2348 utraque
2848 2279 3125 2348 respondit
3152 2279 3375 2333 dicens:
3411 2277 3510 2343 Qui

1923 2369 2034 2423 sine
2053 2378 2258 2437 peccato
2284 2378 2362 2421 est
2380 2377 2619 2433 vestrum,
2679 2370 2873 2439 primus
2902 2369 2955 2422 in
2984 2369 3128 2422 illaut
3151 2368 3379 2437 lapidem
3402 2371 3511 2421 mito

1925 2468 1997 2511 tat
2024 2445 2225 2528 (lcum,
2251 2474 2362 2524 vui,
2401 2458 2479 2528 7).
2506 2457 2607 2512 Dat
2652 2457 3053 2528 simplicitatem
3087 2459 3511 2515 mansuetudinis

1921 2547 2007 2617 qui
2034 2548 2148 2600 sine
2187 2557 2396 2616 peccato
2417 2557 2495 2600 est
2523 2538 2771 2613 vestrum;
2813 2547 2905 2601 dat
2936 2546 3107 2603 zelum
3133 2546 3376 2617 justitiae,
3403 2550 3511 2618 pri-

1922 2653 2034 2689 mus
2063 2636 2117 2689 in
2144 2636 2289 2690 illam
2310 2637 2534 2707 lapidem
2561 2639 2751 2691 mittut.
2772 2635 2922 2692 Unde
2935 2638 3049 2693 etei
3065 2638 3329 2708 propheta
3343 2638 3507 2694 dicit:

1923 2728 2163 2792 Intende,
2192 2747 2434 2801 prospere
2454 2732 2694 2801 procede,
2724 2740 2773 2787 et
2809 2748 2966 2803 regna
3007 2742 3214 2803 propter
3242 2736 3506 2789 veritatem

1919 2833 1968 2877 et
1995 2824 2436 2878 mansuetudinem
2467 2833 2515 2877 et
2562 2824 2824 2895 justitiam
2858 2814 3029 2895 (Psal.
3063 2838 3209 2887 xuv,
3240 2821 3320 2893 5).
3358 2821 3510 2877 Veri-

1921 2920 2087 2966 tatem
2117 2912 2315 2983 quippe
2335 2927 2671 2981 exsequens,
2708 2911 3175 2966 mansuetudinem
3198 2926 3321 2966 cum
3346 2911 3508 2980 justi-

1924 3002 1994 3056 tia
2024 3002 2395 3069 conservavit;
2420 3012 2481 3058 ut
2504 3018 2603 3058 nec
2632 3003 2804 3058 zelum
2821 3001 3157 3059 rectitudinis
3179 3004 3231 3058 in
3260 3018 3511 3059 mansue—

1921 3092 2117 3146 tudinis
2157 3092 2397 3163 pondere
2422 3094 2714 3160 amitteret,
2747 3110 2847 3151 nec
2874 3109 3086 3150 rursum
3110 3093 3324 3165 pondus
3362 3110 3510 3149 man-

239 3203 367 3242 vero
397 3185 553 3255 hujus
590 3186 762 3241 sancti
793 3184 818 3223 ιι
850 3186 1032 3255 operis
1060 3184 1223 3240 etiam
1267 3186 1669 3256 perseverantia
1716 3186 1813 3241 de-
1844 3193 1892 3256 ο
1922 3183 2218 3239 suetudinis
2259 3185 2375 3239 zelo
2402 3185 2738 3239 rectitudinis
2783 3186 3143 3254 perturbaret.
3204 3184 3465 3255 Sequitur
3491 3202 3508 3239 :

239 3287 589 3344 monstretur,
624 3287 769 3332 recte
797 3277 1167 3352 subjungitur:

870 3364 1099 3422 CAPUT
1130 3366 1193 3422 X.

312 3462 438 3517 lato.
464 3493 536 3505 —
562 3460 652 3515 Sic
680 3458 901 3532 faciebat
919 3458 1018 3513 Job
1045 3461 1242 3514 cunctis
1264 3459 1459 3514 diebus.

315 3553 401 3608 Μ.
435 3553 535 3607 Job
564 3552 963 3621 perseverantia.
998 3582 1069 3593 —-
1114 3550 1385 3621 Scriptum
1431 3552 1631 3622 quippe
1688 3561 1772 3607 est
1804 3568 1819 3606 :

244 3646 344 3710 Qui
374 3643 771 3714 perseveraverit
823 3658 980 3711 usque
1024 3643 1079 3695 in
1131 3642 1309 3712 ﬁnem,
1359 3642 1439 3695 hic
1491 3644 1663 3697 salvus
1702 3644 1819 3697 erit.

243 3734 459 3804 (Matth.
493 3750 547 3797 x,
577 3732 681 3796 2'2;
712 3746 857 3797 xxrv,
894 3731 1007 3801 15.)
1052 3730 1111 3784 In
1144 3732 1411 3786 sacriﬁcio
1442 3733 1603 3801 igitur
1638 3744 1823 3789 sancta

210 3825 407 3915 .actio,
439 3809 490 3877 in
513 3822 721 3877 cunctis
764 3829 942 3876 autem
992 3820 1181 3875 diebus
1223 3821 1490 3890 sacrilicii,
1521 3824 1824 3877 constantia

243 3924 445 3971 sancta:
472 3913 701 3968 actionis
747 3912 1069 3967 ostenditur.
1126 3911 1251 3967 Han:
1284 3912 1519 3968 breviter
1546 3914 1825 3969 historiam

243 4004 520 4076 sequendo
590 4003 1037 4069 transcurrimus;
1092 4018 1234 4059 nunc
1286 4004 1419 4059 ordo
1470 4006 1829 4075 expositionis

244 4098 414 4166 exigit
432 4106 490 4151 ut
518 4094 804 4150 exordium
833 4102 1160 4164 repetentes,
1192 4095 1574 4166 allegoriarum
1594 4096 1707 4167 jam
1737 4114 1823 4155 se-

244 4196 390 4243 creta
420 4188 735 4257 pendamus.

689 4274 916 4331 CAPUT
946 4274 1035 4329 χι.
1061 4275 1206 4347 [γει.
1238 4275 1365 4347 IX].

316 4374 480 4427 Vens.
518 4371 567 4423 1.
589 4401 661 4412 --
698 4369 789 4421 Vir
815 4376 926 4420 erat
946 4367 1000 4420 in
1023 4376 1161 4420 terra
1187 4365 1324 4435 Has,
1350 4368 1553 4421 nomine
1570 4367 1694 4423 Job.

319 4460 401 4514 l5.
430 4459 631 4514 Sensus
673 4470 931 4512 Αιιεοοιι.
962 4487 1033 4497 --
1056 4455 1292 4509 Christus
1319 4454 1417 4510 Job
1448 4459 1655 4510 nomine
1684 4458 1822 4512 desi-

2521 3284 2748 3339 CAPUT
2770 3283 2906 3339 XIII.

1995 3372 2121 3429 lem.
2146 3408 2215 3419 —
2253 3374 2455 3429 Timens
2474 3374 2658 3441 Deum,
2689 3385 2737 3428 et
2771 3375 3011 3429 recedens
3044 3392 3075 3428 a
3105 3375 3267 3429 malo.

1999 3464 2087 3521 Π.
2144 3465 2312 3521 Deum
2363 3469 2614 3539 quomodo
2668 3469 2952 3522 timuit.—
2990 3468 3260 3538 Scriptum
3319 3476 3400 3524 est
3445 3470 3511 3525 de

1927 3562 2021 3616 illo
2054 3579 2068 3616 :
2099 3561 2169 3615 Et
2198 3562 2405 3632 replevit
2432 3579 2547 3617 eum
2576 3562 2787 3631 spiritus
2847 3562 3044 3617 timoris
3089 3560 3305 3615 Domini
3352 3560 3510 3632 (Isai.

1927 3669 2003 3715 χι,
2028 3652 2106 3723 3).
2138 3653 2453 3709 lncarnatus
2477 3652 2620 3708 enim
2651 3652 2910 3707 Dominus
2936 3651 2987 3705 in
3014 3652 3304 3719 semetipso
3348 3667 3511 3705 omne

1924 3744 2073 3815 quod
2102 3745 2258 3800 nobis
2287 3742 2314 3781 ἀ
2337 3742 2634 3814 inspiravit,
2663 3742 2926 3810 ostendit;
2957 3750 3015 3796 ut
3066 3740 3209 3810 quod
3240 3749 3511 3810 praecepto

1926 3836 2151 3901 diceret,
2183 3835 2432 3905 exemplo
2461 3834 2732 3890 suaderet.
2762 3831 2925 3888 Juxta
2982 3831 3331 3887 humanitatis
3381 3845 3510 3899 ergo

1926 3932 2172 3980 naturam
2200 3924 2529 3994 Redemptor
2558 3930 2743 3979 noster
2797 3922 2968 3978 Deum
3021 3921 3233 3986 timuit;
3267 3920 3393 3990 quia
3452 3930 3511 3973 ut

1926 4014 2217 4082 superbum
2268 4012 2542 4068 hominem
2590 4012 2881 4067 redimeret
2912 4020 2934 4046 ο
2966 4017 3205 4064 mentem
3258 4024 3358 4079 pro
3417 4007 3509 4061 illo

1928 4103 2186 4160 humilem
2225 4102 2473 4171 sumpsit.
2524 4099 2690 4168 Cujus
2716 4099 2855 4155 bene
2904 4113 3000 4167 per
3026 4098 3149 4162 hoc,
3182 4095 3327 4167 quod
3354 4111 3509 4150 rece—

1926 4196 2056 4251 dere
2080 4209 2111 4249 a
2141 4194 2281 4249 malo
2325 4191 2428 4248 Job
2476 4191 2691 4257 dicitur,
2741 4198 2796 4245 et
2844 4189 2989 4244 actio
3028 4187 3358 4255 designatur.
3394 4185 3512 4255 Ipso

1925 4286 2126 4356 quippe
2149 4284 2372 4341 recessit
2394 4298 2425 4338 a
2455 4282 2621 4349 malo,
2648 4297 2757 4336 non
2784 4278 2930 4351 quod
2978 4276 3225 4333 faciendo
3259 4274 3508 4342 contigit,

1910 4378 2023 4445 sed
2046 4376 2191 4446 quod
2238 4374 2560 4431 inveniendo
2614 4370 2925 4441 reprobavit
2970 4386 2982 4421 :
3031 4367 3158 4438 quia
3214 4373 3509 4428 vetustam,

1927 4484 2087 4537 quam
2113 4474 2272 4523 natus
2322 4463 2545 4528 invenit,
2593 4463 2846 4517 humana:
2888 4455 3319 4515 conversationis
3345 4454 3509 4508 vitam

244 4563 453 4625 gnatus.
479 4579 547 4591 —
578 4548 699 4602 Haec
748 4560 844 4617 per
873 4546 1155 4601 historiam
1196 4545 1336 4601 facta
1383 4548 1671 4615 credimus,
1725 4549 1822 4603 sed

1933 4559 2276 4623 deseruit;et
2296 4570 2521 4618 novam,
2564 4568 2728 4624 quam
2756 4566 2938 4607 secum
2966 4547 3157 4605 detulit
3199 4545 3509 4618 sequacium

246 4662 339 4716 per
369 4641 681 4711 allegoriam
715 4638 827 4708 jam
855 4638 1084 4708 qualiter
1112 4639 1219 4694 sint
1241 4638 1490 4709 impleta,
1524 4641 1818 4697 videamus.

243 4736 342 4791 Job
376 4748 626 4803 namque,
659 4738 718 4786 ut
741 4730 989 4797 diximus,
1016 4731 1403 4799 interpretatur
1441 4732 1674 4789 dolens:
1711 4733 1823 4788 Hus

246 4843 372 4881 vero
398 4824 731 4881 consiliator.
760 4822 929 4889 Quem
952 4836 1082 4890 ergo
1123 4822 1287 4876 alium
1332 4822 1525 4878 beatus
1571 4823 1674 4880 Job
1725 4840 1824 4881 suo

246 4917 462 4973 nomine
484 4915 755 4985 exprimit,
780 4913 880 4968 nisi
906 4929 1028 4968 eum
1058 4912 1124 4967 de
1158 4928 1266 4980 quo
1298 4915 1561 4984 propheta
1588 4917 1826 4985 loquitur

244 5009 427 5064 dicens
454 5025 469 5061 :
496 5006 699 5061 dolores
728 5014 929 5058 nostros
960 5014 981 5042 ε
1009 5005 1118 5072 ipse
1145 5007 1364 5073 portav't
1397 5004 1553 5077 (Isai.
1588 5023 1699 5072 LIII,
1726 5007 1817 5079 4)?

243 5098 343 5164 Qui
371 5096 482 5151 llus
507 5104 707 5150 terram
739 5093 1021 5159 inhabitat,
1051 5094 1176 5162 quia
1202 5093 1253 5148 in
1285 5094 1450 5150 corda
1482 5099 1668 5165 populi
1691 5114 1824 5154 con-

244 5189 498 5244 siliatoris
527 5195 735 5256 regnat.
785 5185 981 5240 Paulus
1030 5185 1230 5256 quippe
1283 5187 1359 5240 ait
1407 5187 1669 5244 Christum
1726 5189 1826 5245 Dei

314 5350 339 5374 ε’
365 5338 489 5391 Mss.
516 5337 748 5409 Remig.,
776 5336 956 5403 Rcm.,
986 5334 1226 5403 Ebroic.,
1257 5345 1364 5404 etc,
1391 5340 1483 5392 sed
1530 5344 1626 5393 hac
1663 5342 1723 5394 in
1771 5360 1828 5398 re

243 5409 665 5558 “$22,119th
696 5474 880 5557 ρει-ιιι.
918 5480 977 5528 et
1007 5474 1142 5543 pler.
1200 5475 1323 5531 Mss.
1374 5476 1435 5532 In
1462 5477 1626 5547 Edit.,
1672 5483 1827 5555 hujus

244 5556 412 5601 sancti
440 5556 537 5612 ptri
566 5556 755 5608 operis.

249 5685 281 5692 _
316 5629 338 5654 ε
373 5610 757 5692 ΑΜεβερβοτι).
787 5619 843 5664 et
894 5611 1168 5692 nonnullis
1215 5614 1364 5669 abest
1396 5617 1519 5687 ipse,
1573 5621 1717 5689 quod
1767 5622 1821 5678 in

241 5685 430 5741 Germ.
462 5682 700 5737 additum
726 5682 977 5735 secundis
998 5682 1160 5736 curis.

315 5754 339 5792 (ι
390 5753 469 5807 Ita
500 5751 625 5824 Mss.
669 5766 857 5805 omnes
880 5750 1128 5824 ,_Al_i_e_m._,
1171 5750 1406 5824 Retnig.,
1451 5754 1628 5824 Colb.,
1680 5758 1817 5813 Cora

242 5826 470 5891 sciens,
503 5818 731 5889 Turon.,
759 5829 865 5877 etc.
895 5819 1069 5877 Editio
1092 5822 1252 5879 Basil.
1282 5822 1437 5891 15H,
1458 5818 1625 5883 Paris;
1664 5828 1813 5896 l518.

1928 4647 2168 4705 moribus
2196 4645 2486 4717 impressit.

2373 4733 2601 4790 CAPUT
2625 4731 2736 4787 XIV
2767 4731 2915 4803 [Rea
2944 4726 3069 4798 VI].

2007 4830 2150 4883 Vers.
2184 4827 2313 4880 2.-
2326 4825 2553 4896 Natique
2575 4834 2694 4878 sunt
2721 4824 2768 4877 ei
2796 4830 2987 4891 septem
3008 4818 3125 4888 ﬁlii,
3151 4824 3198 4870 et
3231 4824 3330 4869 tres
3351 4815 3501 4884 ﬁlia.

2002 4917 2088 4970 ‘18.
2146 4916 2485 4985 Septenarius
2538 4928 2779 4966 numerus
2833 4911 3105 4981 perfectus.
3159 4904 3504 4972 ——Quid;iu

1926 5008 2235 5081 septenario
2262 5022 2487 5061 numero
2519 5004 2620 5061 nisi
2660 5018 2871 5059 summa
2910 4998 3258 5072 perfectionis
3297 4996 3505 5065 accipi-

1928 5101 2057 5156 tur?
2087 5098 2157 5154 Ut
2207 5099 2352 5154 enim
2404 5098 2651 5152 humana:
2706 5094 2931 5150 rationis
2975 5106 3166 5148 causas
3211 5090 3280 5145 de
3326 5098 3508 5158 septe-

1928 5190 2080 5245 nario
2135 5203 2359 5243 numero
2415 5197 2713 5252 taceamus,
2753 5199 2873 5254 qua:
2921 5189 3190 5247 asserunt,
3235 5179 3378 5249 quod
3414 5179 3510 5232 .id-

1930 5353 1985 5400 et
2007 5344 2142 5408 aliae,
2176 5343 2399 5409 habent,
2427 5342 2563 5409 quod
2591 5340 2739 5394 nobis
2767 5339 3056 5408 imperavit.

2006 5425 2029 5453 ⁸
2061 5415 2139 5468 lta
2168 5412 2294 5467 Mss.
2316 5410 2372 5464 S.
2405 5410 2613 5470 Germ.
2640 5410 2810 5477 Regii,
2838 5410 3015 5473 Rem.,
3044 5415 3510 5477 etc.,veteresque

1930 5484 2072 5538 Edit.
2103 5482 2273 5537 Paris.
2306 5489 2362 5535 et
2389 5480 2546 5535 Basil.
2605 5475 2754 5534 Unus
2804 5479 3011 5545 Remig.
3060 5475 3243 5540 habet,
3288 5484 3507 5545 mortem

1930 5572 2023 5625 pro
2075 5552 2461 5625 illo__liumilem
2508 5552 2744 5618 sumpsit.
2775 5549 2909 5625 _lloc
2948 5544 3224 5625 M§.__usus
3275 5544 3503 5625 fortgsse

1927 5614 2121 5677 Ioann.
2152 5622 2384 5676 Gilotius
2421 5614 2748 5690 Campanus,
2774 5620 2826 5673 in
2857 5635 2952 5673 sua
2984 5618 3125 5672 Edit.
3167 5631 3315 5690 anno
3326 5614 3503 5690 Δ1571,

1927 5702 2212 5759 utramque
2238 5691 2524 5745 lectionem
2554 5684 2863 5757 adoptavit;
2887 5690 3004 5743 alim
3033 5695 3217 5759 postea
3247 5684 3500 5759 Edit.__re-

1925 5755 2205 5815 tinuetunt
2250 5761 2386 5815 hanc
2431 5761 2644 5816 unicam
2664 5755 2690 5814 “;
2720 5769 2933 5816 mortem
2973 5776 3066 5831 pro
3119 5757 3211 5813 illo
3258 5755 3503 5809 humilem

1924 5836 2141 5899 sumpsit
2162 5873 2176 5889 .
