3976 6320
487 372 584 401 σ’τκ

488 394 587 428 ἶ)ου

1653 357 1894 414 SANCTI
1935 354 2263 410 GRECORII
2306 354 2516 408 MAGNI

3643 341 3750 396 536

487 488 624 541 circo
647 487 919 555 perfectus
947 482 1038 550 sit,
1071 480 1197 549 quia
1228 493 1294 533 ex
1343 475 1517 545 primo
1571 471 1687 541 pari
1731 477 1962 536 constat,
2014 473 2077 522 et'
2099 478 2141 531 Α
2172 466 2377 533 mundi,
2408 481 2542 534 quas
2572 463 2862 555 possident,
2885 463 3010 516 dum
3037 461 3127 532 pla
3159 473 3324 555 opera
3351 456 3585 555 faciunt,

485 576 654 644 primo
679 574 899 641 impari;
931 587 996 625 ex
1026 570 1202 638 primo
1265 565 1357 634 qui
1385 562 1547 617 dividi
1578 567 1774 631 potest,
1803 567 1859 613 et
1885 558 2058 626 primo

480 663 570 734 qui
598 662 760 717 dividi
802 677 906 714 non
964 664 1176 728 potest;
1220 653 1520 708 certissime
1561 649 1762 704 scimus
1805 646 1946 716 quod
1975 661 2062 701 se-

480 752 778 822 ptenarium
803 762 1080 803 numerum
1111 744 1389 814 Scriptura
1418 756 1572 797 sacra
1603 755 1700 809 pro
1725 737 2060 808 perlectione

478 857 681 913 ponere
727 837 1007 894 consuevit
1051 834 1260 904 (Genes.
1292 849 1351 901 η,
1383 832 1462 901 5).
1519 829 1673 885 Unde
1728 836 1785 884 et
1830 825 2062 895 septimo

477 933 564 987 die
587 931 866 985 Dominum
902 927 1230 996 requievisse
1285 925 1354 980 ab
1403 925 1656 994 operibus
1680 920 1892 976 asserit.
1926 919 2063 975 Hine

475 1028 556 1073 est
583 1020 744 1074 etiam
773 1018 917 1088 quod
944 1016 1201 1086 septimus
1224 1015 1341 1068 dies
1372 1015 1424 1068 in
1447 1013 1688 1082 requiem
1718 1010 2052 1079 hominibus,

474 1110 526 1165 id
547 1118 658 1175 est,
691 1109 743 1164 in
770 1109 1050 1165 sabbatmn
1073 1107 1231 1161 datus
1254 1114 1355 1162 est.
1385 1104 1523 1161 llinc
1548 1112 1637 1159 est
1662 1102 1804 1174 quod
1825 1101 2062 1171 jubileus

474 1215 667 1266 annus,
707 1200 759 1253 in
789 1214 899 1270 quo
929 1197 1172 1269 plenaria
1217 1196 1433 1266 requies
1478 1195 1818 1263 exprimitur,
1851 1200 2055 1263 septem

475 1290 896 1346 hebdomadibus
940 1295 1373 1352 consummatur,
1406 1286 1496 1356 qui
1535 1284 1766 1340 monade
1803 1292 1829 1320 ἰ
1874 1283 2054 1338 addita

475 1391 678 1435 nostra:
699 1378 1039 1434 adunationis
1069 1378 1345 1446 impletur.

546 1492 690 1564 [Vet.
722 1487 888 1562 Χ11.]
916 1490 1002 1544 19.
1032 1486 1161 1543 Filii
1182 1488 1280 1543 Job
1309 1488 1569 1558 apostolos
1591 1487 1906 1557 signant.-—
1927 1483 2059 1538 Nati

474 1589 594 1633 sunt
620 1596 741 1650 ergo
770 1579 817 1633 ei
837 1587 1030 1646 septem
1058 1575 1178 1645 ﬁlii.
1211 1575 1290 1629 Ad
1320 1574 1720 1644 prmdicandum
1751 1572 1958 1628 scilicet
1979 1573 2059 1629 vi-

473 1669 647 1722 riliter
683 1666 994 1721 incedentes
1043 1663 1292 1734 apostoli.
1351 1663 1454 1729 Qui
1516 1663 1645 1718 dum
1708 1661 2058 1733 perfectionis

473 1765 735 1827 prmcepta
764 1762 1050 1825 peragunt,
1070 1754 1223 1824 quasi
1248 1753 1545 1823 superioris
1572 1769 1731 1809 sexus
1786 1754 2056 1809 fortitudi-

471 1861 594 1900 nem
639 1846 694 1900 in
734 1845 1147 1900 conversatione
1201 1851 1513 1899 tenuerunt.
1575 1843 1713 1899 Hinc
1765 1853 1844 1899 est
1895 1845 2058 1910 enim,

471 1935 615 2004 quod
645 1933 974 2004 pertectione
993 1932 1323 2002 septiformis
1343 1933 1528 2001 gratia:
1549 1931 1781 2003 Spiritus
1801 1934 2059 2002 implendi

470 2026 751 2082 duodecim
779 2033 906 2081 sunt
931 2025 1110 2080 electi.
1153 2025 1196 2079 Α
1219 2025 1533 2094 septenario
1583 2026 1784 2095 quippe
1833 2040 2058 2080 numero

473 2117 529 2170 in
560 2116 949 2171 duodenarium
979 2115 1236 2185 surgitur.
1283 2115 1418 2170 Nam
1451 2116 1793 2185 septenarius
1839 2117 1950 2172 suis
2003 2117 2058 2173 in

470 2219 528 2259 se
551 2204 793 2274 partibus
836 2203 1248 2274 multiplicatus,
1280 2204 1348 2259 ad
1377 2204 1766 2260 duodenarium
1799 2205 2055 2260 tenditur.

472 2294 600 2349 Sive
635 2295 779 2350 enim
807 2297 1041 2365 quatuor
1067 2308 1162 2364 per
1193 2291 1315 2360 tria,
1359 2295 1473 2350 sive
1527 2310 1626 2365 per
1676 2305 1908 2364 quatuor
1954 2297 2056 2352 tria

471 2386 762 2450 ducantur,
811 2389 1017 2455 septem
1066 2384 1122 2440 in
1161 2384 1444 2441 duodecim
1499 2394 1782 2442 vertuntur
1806 2387 1851 2441 δ.
1903 2387 2055 2443 Unde

471 2477 643 2531 sancti
664 2475 921 2546 apostoli,
951 2477 1076 2544 quia
1106 2483 1351 2532 sanctam
1373 2476 1696 2533 Trinitatem
1724 2478 1777 2533 in
1820 2489 2054 2548 quatuor

471 2566 713 2637 partibus
766 2566 951 2622 mundi
1005 2567 1298 2637 praedicare
1347 2569 1718 2636 mittebantur,
1769 2571 2053 2627 duodecim

472 2666 595 2711 sunt
623 2656 780 2712 electi
825 2674 839 2724 ;
881 2665 938 2711 ut
987 2658 1149 2712 etiam
1192 2669 1419 2714 numero
1449 2659 1839 2728 perfectionem
1869 2671 2056 2717 osten-

471 2745 679 2810 derent,
706 2760 866 2814 quam
892 2746 998 2800 vita
1028 2755 1082 2802 et
1114 2762 1248 2802 voce
1273 2748 1652 2818 praedicarent.

537 2855 622 2910 ΞΟ.
661 2856 813 2912 Filia:
840 2857 1073 2926 fidelium
1095 2858 1284 2929 plebes.
1310 2858 1572 2915 Fidelium
1602 2869 1705 2916 trcs
1730 2864 1958 2918 ordines.
1983 2897 2055 2907 —

471 2946 628 3003 Nate
655 2958 771 3001 sunt
799 2956 849 3002 et
876 2957 980 3002 tres
1006 2951 1151 3020 ﬁlim.
1185 2947 1325 3017 Quid
1361 2951 1415 3006 in
1447 2950 1679 3019 ﬁliabus,
1714 2953 1814 3008 nisi
1844 2955 1949 3025 23
1971 2956 2056 3010 in-

469 3037 731 3091 ﬁrmiores
761 3035 996 3092 ﬁdelium
1041 3038 1227 3107 plebes
1255 3039 1580 3109 accipimus,
1617 3051 1639 3079 α
1675 3056 1794 3111 qua:
1840 3043 1943 3098 etsi
1990 3044 2056 3097 ad

469 3127 858 3190 perfectionem
907 3128 1089 3197 Operis
1141 3142 1481 3198 nequaquam
1512 3129 1637 3183 forti
1686 3130 1883 3186 virtute
1929 3146 2056 3200 per-

465 3223 708 3280 manent,
737 3214 895 3269 tidem
924 3227 1104 3270 tamen
1135 3215 1414 3270 Trinitatis
1441 3218 1710 3286 cognitam
1735 3228 2055 3276 constanter
2082 3203 2124 3254 ίτ

468 3307 690 3357 tenent?
729 3303 789 3359 ln
823 3312 1030 3374 septem
1060 3319 1188 3374 ergo
1219 3305 1337 3362 ﬁliis
1366 3306 1498 3362 ordo
1529 3308 1953 3377 prmdicantium,
2001 3311 2054 3367 in

470 3395 637 3450 tribus
663 3411 791 3451 vero
821 3389 1029 3452 ﬁliabus
1049 3395 1340 3453 multitudo
1361 3399 1700 3468 signiﬁcatur
1726 3401 2052 3458 auditorum.

471 3484 701 3539 Possunt
756 3483 920 3540 etiam
972 3501 1070 3554 per
1101 3494 1210 3541 tres
1240 3486 1377 3541 ﬁlias
1408 3496 1520 3544 tres
1547 3489 1762 3544 ordines
1817 3490 2052 3546 ﬁdelium

470 3573 754 3642 designari.
787 3573 916 3629 Post
945 3573 1086 3630 ﬁlios
1108 3575 1311 3645 quippe
1368 3576 1488 3631 ﬁliae
1520 3577 1884 3647 nominantur,
1925 3582 2051 3650 quia

470 3675 595 3734 post
623 3665 990 3734 apostolorum
1011 3675 1357 3735 conspectam
1387 3667 1776 3736 fortitudinem,
1814 3680 1923 3726 tres
1943 3673 2053 3730 dis-

469 3754 758 3810 tinctiones
789 3754 1024 3809 ﬁdelium
1057 3755 1110 3809 in
1131 3754 1384 3811 Ecclesiae
1413 3759 1824 3815 conversatione
1853 3771 2051 3817 secutae

468 3856 591 3901 sunt
613 3855 918 3917 :pastorum
935 3847 1206 3914 videlicet,
1223 3855 1278 3902 et
1300 3850 1714 3918 continentium,
1733 3859 1896 3922 atque
1921 3869 2052 3909 con-

468 3941 788 4006 iugatorum.
823 3937 963 4010 [Vet.
997 3937 1048 3991 X
1054 3937 1198 4008 111.]
1227 3937 1379 3995 Unde
1405 3948 1460 3995 et
1487 3939 1738 3996 Ezechiel
1786 3945 2050 4014 propheta

468 4038 577 4084 tres
628 4029 882 4084 liberatos
911 4029 1056 4083 viros
1084 4029 1298 4084 audisse
1327 4043 1386 4084 se
1434 4031 1647 4099 asserit,
1679 4031 1794 4087 Noe
1821 4034 2049 4102 scilicet,

467 4128 522 4173 et
551 4119 846 4184 Danielem,
900 4126 955 4173 et
1001 4117 1104 4174 Job
1137 4116 1403 4188 (Ezechiel
1429 4121 1562 4190 xxv).
1597 4120 1733 4186 Quid
1765 4123 1908 4177 enim
1953 4139 2051 4192 per

465 4209 601 4273 Noe,
653 4209 744 4276 qui
793 4221 974 4262 arcam
1029 4209 1081 4262 in
1126 4208 1284 4264 undis
1312 4207 1469 4273 rexit,
1503 4209 1605 4266 nisi
1637 4211 2047 4280 praepositorum

468 4296 606 4351 ordo
640 4297 910 4364 signatur;
962 4296 1054 4364 qui
1083 4296 1210 4350 dum
1258 4295 1326 4351 ad
1378 4296 1604 4354 lormam
1659 4298 1779 4352 vitm
1829 4300 2048 4368 populis

468 4395 727 4461 praesunt,
753 4395 996 4441 sanctam
1027 4387 1322 4442 Ecelesiam
1347 4388 1401 4443 in
1422 4389 1776 4444 tentationum
1802 4387 2048 4445 ﬂuctibus

469 4481 696 4551 regunt?
721 4479 858 4548 Quid
889 4492 985 4548 per
1030 4479 1334 4546 Danielem,
1364 4479 1519 4550 cujus
1547 4480 1680 4534 mira
1724 4480 2048 4536 abstinentia

2165 571 2263 624 per
2291 564 2447 608 terrae
2471 555 2608 606 viam
2657 553 2723 606 ad
2752 553 3027 608 caelestem
3057 550 3288 621 patriam
3320 547 3586 602 tendunt?
3615 546 3753 611 Quia

2165 643 2326 710 igitur
2355 651 2474 711 post
2506 651 2725 697 sanctos
2753 640 3032 710 apostolos
3063 654 3176 693 tros
3224 637 3338 691 istae
3371 634 3607 689 lidelium
3637 633 3745 686 dis-

2166 729 2455 785 tinctiones
2481 738 2680 784 secuta:
2708 739 2851 794 sunt,
2883 744 3032 784 recte
3079 736 3207 798 post
3259 726 3420 793 lilios,
3471 732 3585 778 tres
3632 719 3753 774 ﬁlia:

2165 832 2304 878 naue
2332 831 2718 880 memorantur.
2752 822 3010 892 Sequitur
3041 840 3053 874 :

2754 932 2984 987 CAPUT
3025 931 3136 984 XV.

2238 1025 2475 1080 Vens.3.
2501 1054 2573 1066 --
2602 1023 2673 1077 Et
2705 1025 2802 1095 fuit
2857 1022 3114 1092 possessio
3164 1019 3281 1089 ejus
3319 1024 3517 1084 septem
3582 1015 3746 1069 millia

2162 1117 2349 1182 ovium,
2381 1124 2430 1171 et
2455 1118 2555 1170 tria
2578 1117 2744 1171 millia
2775 1115 3110 1169 camelorum.

2233 1229 2322 1284 21.
2379 1229 2570 1285 Ovibus
2625 1231 2962 1295 innocentes,
3015 1226 3225 1280 camelis
3288 1224 3464 1279 vitiosi
3534 1221 3749 1294 gentiles

2159 1322 2454 1376 admnbrati
2489 1331 2538 1376 et
2595 1321 2945 1377 Samaritani.
2970 1352 3041 1362 -—
3069 1319 3204 1385 Quia
3245 1317 3439 1376 ﬁdeles
3469 1313 3749 1368 auditores

2159 1427 2227 1467 ex
2260 1412 2404 1467 varia
2454 1412 2867 1468 conversatione
2921 1409 3138 1465 collecti
3196 1421 3341 1472 sunt,
3402 1404 3555 1476 quod
3608 1405 3748 1473 prius

2159 1502 2557 1571 universaliter,
2590 1502 2614 1539 ἀ
2647 1501 2959 1558 memoratis
2988 1501 3222 1566 ﬁliabus,
3252 1498 3476 1564 dicitur,
3512 1495 3620 1550 hoe
3641 1495 3747 1549 dis-

2157 1592 2324 1647 tincte
2349 1591 2690 1662 postmodum
2736 1589 3099 1660 appellatione
3129 1588 3445 1644 animalium
3477 1585 3748 1646 suliinler-

2158 1687 2265 1737 tur.
2308 1681 2444 1749 Quid
2481 1682 2624 1737 enim
2653 1682 2708 1736 in
2740 1689 2946 1750 septem
2973 1680 3210 1735 millibus
3240 1679 3450 1746 ovium,
3480 1675 3589 1733 nisi
3621 1691 3747 1745 per-

2157 1770 2353 1827 lectam
2382 1771 2736 1841 quorumdam
2763 1771 3124 1826 innocentiam
3165 1769 3448 1840 exprimit,
3473 1785 3594 1840 qua-
3633 1775 3657 1803 °
3683 1766 3748 1820 ad

2093 1847 2138 1906 Β
2166 1862 2551 1931 perfectionem
2579 1862 2786 1930 gratiae,
2829 1876 2897 1916 ex
2956 1859 3088 1928 legis
3118 1860 3332 1929 pascuis
3381 1859 3532 1913 venit
3558 1859 3583 1912 ?
3609 1856 3747 1922 Quid

2159 1967 2288 2007 vero
2316 1952 2370 2006 in
2397 1951 2567 2008 tribus
2614 1952 2849 2007 millibus
2878 1950 3228 2015 camelorum,
3282 1950 3384 2003 nisi
3415 1951 3483 2003 ad
3511 1949 3747 2018 plenitu~

2157 2041 2336 2097 dinem
2368 2041 2488 2097 ﬁdei
2541 2042 2784 2107 veniens,
2821 2039 2839 2079 ί
2874 2049 3014 2096 torta
3054 2041 3330 2109 gentilium
3361 2041 3629 2095 vitiositas
3657 2040 3743 2093 de-

2155 2131 2438 2199 signatur?
2467 2131 2612 2204 [Vet.
2645 2130 2730 2185 ΧΙ
2745 2129 2829 2203 V.]
2858 2130 2915 2186 ln
2944 2130 3222 2201 Scriptura
3253 2139 3433 2185 autem
3475 2146 3630 2185 sacra
3658 2130 3746 2183 ali-

2155 2226 2370 2294 quando
2386 2225 2576 2281 cameli
2611 2224 2828 2279 nomine
2873 2223 2987 2293 ipse
3015 2222 3292 2289 Dominus,
3324 2220 3618 2290 aliquando
3647 2236 3744 2273 au—

2155 2322 2264 2369 tem
2291 2315 2522 2385 populus
2570 2315 2786 2384 gintilis
2841 2314 3180 2383 exprimitur.
3232 2313 3440 2368 Cameli
3472 2313 3618 2368 enim
3651 2327 3746 2366 no-

2153 2407 2298 2460 mine
2353 2407 2608 2461 Dominus
2663 2406 2991 2474 designatur,
3027 2405 3166 2460 sicut
3196 2406 3264 2461 ab
3293 2405 3485 2460 eodem
3515 2405 3745 2460 Domino

2149 2495 2347 2551 Judznis
2374 2497 2778 2552 adversantibus
2806 2497 3001 2551 dicitur
3027 2514 3039 2551 :
3076 2495 3358 2569 Liquantes
3389 2498 3626 2562 culicem,
3655 2514 3745 2550 ea-

2152 2586 2337 2640 melum
2362 2586 2628 2656 glutientes
2658 2585 2871 2656 (Matth.
2909 2602 3036 2641 xxiu
3061 2627 3079 2655 ,
3109 2586 3226 2658 24).
3259 2586 3428 2641 Culex
3463 2588 3612 2642 enim
3644 2603 3742 2642 su-

2152 2677 2416 2731 surrando
2445 2678 2707 2742 vulnerat,
2739 2677 2982 2732 camelus
3011 2686 3190 2732 autem
3217 2687 3414 2746 sponte
3443 2692 3504 2733 se
3532 2678 3600 2730 ad
3632 2693 3745 2732 ως·

2155 2764 2395 2836 cipienda
2426 2781 2589 2822 onera
2617 2766 2856 2821 inclinat.
2892 2765 3255 2836 Liquaverunt
3277 2781 3408 2835 ergo
3433 2765 3608 2822 Judzei
3651 2785 3745 2823 cu-

2155 2855 2332 2921 licem,
2359 2856 2484 2925 quia
2514 2857 2828 2911 seditiosum
2855 2856 3051 2911 dimitti
3107 2857 3374 2912 latronem
3429 2858 3743 2927 petierunt;

2157 2946 2422 3004 camelum
2480 2961 2610 3002 vero
2665 2946 2978 3016 glutierunt,
3029 2947 3154 3016 quia
3184 2942 3306 3002 eum
3335 2949 3428 3017 qui
3473 2948 3540 3003 ad
3571 2949 3745 3005 διιςεὶ-

2159 3037 2350 3108 pienda
2378 3045 2577 3093 nostra:
2597 3036 2942 3092 mortalitatis
2964 3053 3132 3093 onera
3174 3047 3369 3107 sponte
3389 3039 3743 3096 descenderat

2159 3130 2500 3198 exstinguere
2542 3128 2825 3184 clamando
2877 3128 3059 3184 conati
3108 3137 3249 3184 sunt.
3285 3129 3490 3186 Rursus
3543 3132 3745 3187 cameli

2158 3217 2377 3274 nomine
2425 3218 2697 3287 gentilitas
2744 3218 3077 3288 designatur.
3115 3218 3265 3274 Unde
3303 3229 3357 3275 et
3395 3221 3644 3277 Rebecca
3681 3220 3745 3278 ad

2153 3307 2303 3365 Isaac
2329 3309 2551 3364 veniens
2605 3308 2818 3379 (Cenes.
2848 3325 2996 3378 xxiv,
3027 3308 3140 3379 6|),
3171 3310 3334 3366 dorso
3356 3313 3548 3367 cameli
3579 3314 3745 3367 dedu-

2155 3398 2324 3464 citur;
2353 3397 2479 3467 quia
2506 3397 2574 3452 ad
2600 3396 2873 3454 Christum
2900 3413 2966 3453 ex
2991 3399 3288 3469 gentilitate
3343 3399 3581 3458 Ecclesia
3610 3419 3745 3472 pro-

2153 3503 2367 3560 perans,
2402 3498 2427 3536 ες
2458 3488 2511 3544 in
2543 3489 2698 3544 tortis
2722 3489 3039 3560 vitiosisque
3065 3491 3187 3545 vita:
3220 3493 3424 3546 veteris
3449 3507 3744 3549 conversa-

2154 3580 2388 3636 tionibus
2413 3580 2702 3635 invenitur.
2736 3580 2887 3649 Quae,
2917 3579 3066 3635 Isaac
3094 3580 3231 3646 viso,
3272 3581 3582 3650 descendit;
3613 3584 3743 3653 quia

2154 3671 2381 3726 Domino
2411 3670 2650 3739 cognito,
2696 3670 2824 3724 vitia
2850 3685 2946 3725 sua
2976 3671 3250 3738 gentilitas
3275 3671 3540 3738 deseruit,
3584 3682 3638 3728 et
3672 3676 3739 3729 ab

2153 3760 2388 3816 elatione
2428 3760 2760 3817 celsitudinis
2812 3761 2916 3814 ima
2966 3761 3281 3815 humilitatis
3311 3763 3487 3831 petiit.
3521 3763 3653 3831 Qua:
3684 3776 3740 3819 et

2152 3849 2506 3906 verecundata
2536 3848 2697 3919 pallio
2745 3848 2975 3913 velatur,
3032 3851 3157 3918 quia
3187 3865 3370 3905 coram
3413 3851 3506 3906 illo
3538 3868 3603 3907 ex
3633 3870 3750 3912 ana

2152 3945 2329 3994 teaeta
2352 3938 2460 3992 vita
2489 3935 2853 3993 confunditur.
2895 3935 3048 3991 Unde
3077 3945 3132 3991 et
3162 3952 3258 4006 per
3285 3939 3602 4007 Apostolum
3627 3943 3736 3995 eis-

2154 4029 2276 4084 dem
2296 4029 2544 4098 gentibus
2565 4028 2761 4084 dicitur
2792 4044 2806 4081 :
2842 4024 3003 4091 Quem
3037 4044 3159 4096 ergo
3204 4029 3428 4096 fructum
3481 4029 3736 4084 habuistis

2153 4125 2274 4172 tunc
2298 4121 2352 4172 in
2376 4119 2501 4184 illis,
2520 4119 2573 4172 in
2598 4116 2778 4188 quibus
2804 4133 2939 4170 nunc
2953 4115 3288 4171 erubescitis?
3311 4117 3490 4189 (Rom.
3514 4136 3586 4186 vr,
3619 4121 3684 4173 21
3720 4123 3736 4188 )

2152 4209 2290 4274 Quia
2318 4209 2479 4277 igitur
2510 4223 2605 4278 per
2634 4223 2782 4271 oves,
2803 4206 2909 4278 24
2932 4205 3186 4262 Hebraeos
3215 4224 3245 4261 a
3277 4210 3643 4278 pascuislegis
3670 4212 3734 4264 ad

2154 4297 2312 4353 ﬁdem
2341 4297 2618 4353 venientes
2640 4297 2952 4365 accipimus,
3005 4296 3134 4351 nihil
3187 4299 3365 4352 obstat
3418 4307 3477 4353 ut
3509 4316 3606 4369 per
3643 4317 3733 4355 ca-

2151 4391 2344 4457 melos,
2374 4397 2547 4444 tortos
2584 4387 2847 4455 moribus,
2887 4395 3048 4456 atque
3077 4397 3298 4444 onustos
3321 4389 3588 4445 idolorum
3619 4394 3732 4447 cul-

2155 4482 2318 4547 tibus,
2343 4480 2618 4550 gentilium
2650 4480 2876 4548 populos
2898 4479 3211 4533 sentiamus.
3237 4477 3372 4543 Quia
3400 4481 3544 4534 enim
3563 4497 3631 4536 ex
3646 4499 3730 4538 se-

467 4573 740 4638 scribitur,
775 4571 876 4626 nisi
906 4571 1296 4627 continentium
1327 4573 1436 4626 vita
1477 4572 1766 4642 ﬁguratur;
1797 4573 1888 4641 qui
1919 4571 2046 4627 dum
2079 4581 2130 4639 Ι)
2155 4570 2987 4644 metipsissibiinveneruntdeos
3007 4585 3143 4640 quos
3159 4570 3638 4642 colerent,quasia
3659 4591 3732 4630 se

467 4672 682 4728 cuncta,
711 4677 830 4733 quas
857 4662 1037 4717 mundi
1068 4671 1210 4728 sunt,
1258 4663 1537 4722 deserunt,
1575 4662 1845 4731 despectze
1875 4662 2049 4734 Baby-

467 4755 626 4812 lonia:
654 4754 762 4808 alta
793 4758 974 4808 mente
1023 4753 1415 4807 dominantur?
1442 4751 1582 4818 Quid
1640 4767 1738 4822 per
1787 4752 1909 4819 Joh,
1948 4755 2049 4811 nisi

466 4846 730 4901 bonorum
784 4843 1072 4912 conjugum
1127 4843 1236 4896 vita
1291 4841 1562 4911 signatur;
1617 4842 1706 4912 qui
1762 4844 1832 4898 de
1885 4844 2050 4900 rebus

537 5049 563 5075 ι
592 5036 687 5091 llic
714 5035 925 5090 variant
955 5034 1102 5100 Mss.,
1133 5034 1252 5089 aliis
1281 5035 1720 5105 monadiaddita,
1752 5035 1873 5105 aliis
1926 5036 2046 5105 plu-

465 5106 612 5159 rilms
661 5105 882 5159 monade
925 5105 1140 5171 (addito,
1194 5104 1620 5171 prmferentibus.
1667 5104 1743 5157 Ex
1785 5104 1868 5159 his
1918 5104 2042 5160 sunt

465 5175 654 5240 Corh.,
678 5176 885 5237 Germ.,
919 5170 1062 5229 Utic.
1096 5170 1293 5244 Ibidem
1339 5175 1391 5244 in
1422 5171 1562 5228 Utic.
1595 5181 1650 5227 et
1690 5173 1788 5244 Ed.
1828 5174 2040 5244 legitur,

467 5254 659 5299 nostra:
686 5245 844 5296 adun.
874 5261 1093 5298 summa.
1131 5243 1414 5296 Rednndat
1449 5260 1651 5296 summa
1680 5243 2045 5312 depravatque

466 5330 703 5368 sensum.
748 5313 1039 5380 Gregorius
1069 5313 1469 5383 qnippegvocat
1515 5312 1799 5367 monadem
1837 5313 2043 5383 aduna-

466 5383 668 5437 tionern
706 5383 848 5436 illam
894 5397 998 5450 qua
1029 5381 1098 5436 in‘
1132 5381 1313 5436 mundi
1356 5385 1461 5436 line
1506 5382 1869 5452 congregandi
1915 5390 2041 5437 sunt

467 5452 644 5512 electi.
677 5459 734 5506 ut
763 5452 1201 5522 exsequentibus
1243 5452 1463 5522 patebit.

540 5521 564 5559 ⁸³
591 5523 765 5580 Rem.
798 5521 1043 5584 Vindoc.,
1073 5521 1288 5575 Ehroic.
1312 5531 1533 5575 vertunt.

542 5605 562 5627 υ
601 5593 654 5643 In
685 5591 813 5658 solis
841 5591 1070 5657 vulgatis
1100 5600 1222 5656 post
1244 5592 1544 5658 accipimus,
1579 5589 1865 5657 adjicitur:
1889 5591 2046 5658 ﬁdem

471 5660 682 5736 Sum-ta:
712 5657 899 5712 Trinit.
934 5669 1179 5723 tenentes,
1225 5657 1372 5728 quod
1397 5659 1665 5726 glossema
1695 5657 2044 5728 rejicieudum

470 5742 796 5784 ωηδιιιιηιινι.

543 5795 568 5832 ά
600 5794 774 5861 Editi,
821 5798 1113 5850 memoratis
1170 5797 1296 5864 ﬁliis
1341 5805 1388 5849 et
1433 5797 1634 5865 ﬁliab.,
1687 5798 2046 5854 renitentibus

2152 4666 2393 4736 metipsis
2413 4666 2491 4720 eis
2506 4680 2530 4717 r
2544 4679 2642 4718 nus
2661 4663 2712 4718 in
2735 4663 2895 4718 dorso
2913 4669 3247 4727 excreverat,
3262 4662 3407 4730 quod
3430 4674 3727 4732 portarent.

2223 4754 2346 4827 [γει
2368 4752 2419 4806 Χ
2433 4752 2519 4824 γ.]
2541 4752 2630 4806 22.
2664 4752 2847 4810 Potest
2880 4750 3042 4805 etiam
3069 4765 3166 4820 per
3223 4752 3485 4821 camelos,
3543 4755 3667 4822 quia
3700 4754 3722 4791 ιι

2150 4846 2454 4902 communia
2497 4852 2623 4902 sunt
2676 4842 2950 4910 animalia,
3005 4841 3468 4898 Samaritanorum
3514 4845 3623 4900 vita
3651 4846 3723 4901 si-

2151 5037 2309 5102 Mss.;
2349 5047 2404 5092 et
2428 5043 2623 5105 praeter
2649 5033 2909 5105 Gregorii
2944 5041 3202 5105 mentem,
3247 5033 3412 5105 paulo
3441 5044 3602 5090 antea
3635 5039 3727 5092 do-

2146 5101 2318 5161 centis
2349 5101 2518 5161 tribus
2542 5101 2782 5170 ﬁliabus;
2805 5103 3208 5175 nulla_ﬁliornm
3240 5101 3382 5157 facta
3427 5107 3724 5175 mentione,

2148 5185 2259 5230 tres
2282 5176 2517 5230 ﬁdelium
2548 5175 2766 5229 ordines
2794 5173 3104 5242 signiﬁcari.

2219 5255 2242 5283 θ
2267 5245 2365 5300 Ed.
2400 5245 2518 5299 Vet.
2543 5253 2596 5299 et
2629 5244 2779 5305 Περ..
2811 5244 2882 5312 ad
2909 5242 3312 5312 perceptionem,
3345 5242 3496 5312 quod
3531 5243 3724 5298 habent

2149 5314 2286 5370 [εἰς.
2315 5323 2370 5368 et
2398 5314 2653 5384 nonnulli,
2682 5313 2806 5384 Mss.
2844 5310 2990 5384 Unus
3020 5310 3248 5384 Vi_ndoc.
3275 5321 3330 5365 et
3357 5311 3430 5366 al.
3459 5314 3530 5365 ad
3561 5316 3724 5384 perfe-

2146 5385 2328 5437 ctionis
2357 5386 2597 5452 gratiam.
2631 5383 2919 5450 Sequimur
2946 5380 3042 5433 Ms.
3066 5378 3227 5452 (Σφὼ.

2228 5453 2246 5491 ῐ
2275 5449 2446 5507 Vatic.
2474 5462 2527 5507 et
2554 5449 2844 5517 Gussahv.,
2873 5458 2976 5504 tota
3002 5449 3291 5519 gentilium,
3313 5449 3593 5506 mendose.

2223 5533 2247 5570 σς
2278 5521 2465 5583 Gilot.,
2515 5521 2710 5586 Vatic,,
2750 5520 2932 5590 Guss.,
2959 5534 3066 5574 uno
3097 5519 3284 5582 verbo,
3315 5519 3547 5588 intortis,
3576 5536 3718 5590 repu-

2150 5593 2389 5660 gnantib.
2416 5592 2539 5645 Mss.
2576 5605 2640 5644 ac
2670 5597 2779 5644 vet.
2814 5588 2956 5642 Edit.

2225 5661 2248 5698 ¹ι
2283 5661 2489 5716 Primus
2521 5661 2695 5722 Reum,
2737 5674 3003 5712 commune
3061 5666 3133 5711 est
3190 5658 3410 5712 animal.
3461 5658 3624 5716 Corb.
3674 5667 3718 5714 ct

2148 5733 2353 5798 (ierim,
2387 5747 2652 5786 commune
2677 5740 2798 5784 sunt
2816 5728 3024 5783 auimab
