3976 6316
186 379 284 434 557

1093 366 1449 422 blORALlUM
1492 365 1620 422 LIB.
1662 364 1701 420 1.
1758 362 1885 418 σ-ῐΝ
1924 363 2148 419 CAPUT
2191 363 2208 418 l
2251 366 2313 420 Β.
2354 365 2491 422 JOB.

3351 374 3453 428 533

179 493 351 562 gnari.
381 489 582 544 Came’li
607 501 835 557 namque
863 485 1154 549 ruminant,
1185 483 1278 538 sed
1304 497 1642 554 nequaquam
1663 495 1764 533 un—
1795 483 1840 539 Α
1869 482 2192 537 ostenditur.
2230 482 2380 538 Unde
2415 481 2714 538 Jerusalem
2747 485 2972 541 tendens
3001 483 3283 555 Dominus,
3314 493 3468 544 asel-

182 583 363 654 gulam
391 580 618 635 ﬁndunt.
640 588 665 614 ιι
696 575 1017 631 Samaritani
1044 588 1261 642 quoque
1281 573 1434 641 quasi
1463 572 1761 638 ruminant,

178 675 307 743 quia
338 687 404 726 ex
435 678 586 740 parte
618 667 747 736 legis
776 665 940 720 verba
971 663 1273 734 recipiunt;
1308 671 1362 718 et
1391 661 1546 732 quasi
1598 674 1770 728 ungu-

181 765 289 818 lam
319 777 425 816 non
458 759 682 822 ﬁndunt,
711 754 836 826 quia
868 770 990 808 eam
1036 768 1133 824 pro
1183 760 1368 822 parte.
1389 756 1764 805 contemnunt.

179 854 283 920 Qui
306 861 362 906 et
387 865 546 920 grave
574 862 712 902 onus
767 845 820 900 in
852 844 1016 899 dorso
1045 841 1241 897 mentis
1297 841 1557 904 tolerant,
1589 837 1613 876 δ
1643 837 1768 907 quia

177 945 234 998 in
262 955 444 1003 omne,
468 937 613 1008 quod
637 935 854 1000 iaciunt,
870 933 986 988 sine
1007 947 1105 1002 spe
1131 930 1449 986 aeternitatis
1466 927 1766 982 elaborant.

178 1033 371 1088 Fidem
404 1031 607 1101 quippe
654 1024 1068 1082 resurrectionis
1095 1022 1364 1076 nesciunt.
1398 1017 1461 1072 Et
1490 1017 1615 1088 quid
1647 1031 1768 1071 esse

175 1123 400 1192 gravius
454 1128 616 1189 atque
668 1114 913 1170 onustius
956 1120 1156 1183 potest,
1208 1123 1369 1179 quam
1419 1105 1765 1160 aillictionem

175 1214 358 1268 saeculi
408 1206 780 1282 praetereuntis
817 1203 1048 1275 perpeti,
1100 1208 1156 1256 et
1205 1211 1544 1268 nequaquam
1580 1194 1647 1248 ad
1677 1209 1765 1248 re-

174 1305 503 1360 levationem
535 1300 730 1355 mentis
784 1295 974 1366 gaudia
1020 1290 1470 1348 remunerationis
1511 1287 1767 1358 sperare?

172 1395 285 1451 Sed
313 1396 438 1466 quia
469 1395 521 1447 in
555 1405 716 1447 carne
745 1388 1000 1443 Dominus
1019 1398 1304 1454 apparens,
1330 1390 1384 1438 et
1409 1380 1766 1434 Hebrzeorum

173 1487 412 1557 populos
457 1479 805 1554 perfectionis
833 1478 1004 1546 gratia
1050 1474 1315 1544 implevit,
1367 1480 1422 1528 et
1471 1471 1768 1526 Samarita-

174 1593 376 1632 norum
406 1575 672 1646 quosdam
703 1570 770 1626 ad
799 1568 1166 1637 cognitionem
1206 1565 1349 1632 ﬁdei,
1406 1565 1543 1619 mira
1597 1577 1765 1632 opera

174 1668 542 1732 ostendendo,
574 1663 856 1734 perduxit;
889 1662 1102 1717 dicatur
1130 1667 1278 1714 recte
1309 1658 1377 1714 de
1402 1658 1612 1738 umbra,
1644 1672 1765 1725 qua:

174 1757 461 1812 veritatem
491 1753 841 1823 exprimeret,
865 1751 1008 1820 quod
1033 1757 1088 1804 et
1116 1757 1326 1818 septem
1355 1748 1526 1802 millia
1557 1747 1762 1814 ovium,

176 1859 230 1905 et
258 1847 590 1908 camelorum
621 1843 722 1898 tria
743 1842 908 1896 millia
936 1841 1258 1910 possideret.
1289 1839 1542 1909 Sequitur
1576 1855 1590 1892 :

772 1996 1000 2052 CAPUT
1028 1995 1170 2050 XVI.

253 2114 382 2168 leto.
436 2141 506 2153 -
569 2108 864 2180 Quingenta
929 2106 1062 2177 juga
1119 2105 1310 2171 boum,
1366 2112 1415 2159 et
1476 2106 1768 2177 quingenta:

195 2221 383 2259 astute.

254 2314 346 2370 93.
382 2314 546 2368 Boum
596 2312 805 2366 nomine
833 2309 955 2382 quid
1003 2308 1321 2380 designetur.
1381 2307 1520 2372 Quid
1565 2309 1774 2362 nomine

180 2401 665 2461 asinorum—Jam
696 2401 945 2471 superius
973 2399 1176 2453 dictum
1210 2405 1316 2463 est,
1343 2398 1487 2468 quod
1534 2398 1586 2451 in
1615 2396 1773 2466 quin.

181 2496 517 2569 quagenario
561 2508 809 2559 numero,
865 2491 960 2561 qui
1013 2498 1222 2560 septem
1254 2490 1680 2546 hebdomadibus
1710 2505 1775 2545 ac

182 2588 415 2644 rnouade
437 2585 622 2640 addita
673 2583 948 2653 impletur,
1009 2583 1226 2652 requies
1279 2582 1630 2650 designatur;
1687 2583 1778 2637 de-

184 2677 338 2734 nario
367 2685 549 2732 autem
580 2688 804 2728 numero
831 2687 1039 2728 summa
1060 2671 1409 2742 perfectionis
1433 2671 1772 2742 exprimitur.

183 2771 322 2838 Quia
349 2784 484 2824 vero
544 2765 793 2820 ﬁdelibus
847 2762 1108 2835 perlectio
1163 2762 1363 2832 quietis
1421 2763 1774 2832 promittitur,

185 2864 341 2932 qua~i
393 2856 856 2931 quinquagenaria
903 2855 1087 2911 decies
1126 2855 1292 2911 ducto
1320 2855 1393 2911 ad
1419 2855 1780 2926 quingentesi-

193 2973 337 3012 mum
369 2953 705 3026 pervenitur.
759 2949 906 3022 [νει.
951 2947 1140 3020 ΧΠ.)
1169 2947 1226 3002 In
1271 2948 1547 3018 Scriptura
1597 2955 1778 3002 autem

190 3062 344 3103 sacra
382 3046 549 3099 boum
582 3041 802 3097 nomine
838 3039 1125 3108 aliquando
1177 3038 1447 3093 hebetudo
1486 3039 1777 3104 latuorum,

187 3133 485 3206 aliquando
514 3132 654 3188 bene
675 3130 1015 3200 operantium
1045 3129 1152 3182 vita
1183 3128 1442 3195 signatur.
1475 3126 1608 3194 Quia
1637 3127 1779 3182 enim

1873 573 1983 627 lum
2030 574 2238 630 sedisse
2283 574 2597 644 perhibetur
2644 574 2859 645 (Matth.
2895 577 3005 642 xxi,
3062 575 3142 646 5).
3191 570 3329 637 Quid
3376 585 3460 630 est

1871 664 2012 718 enim
2042 665 2280 720 sedendo
2309 677 2328 701 ε
2354 666 2561 720 asinum
2578 665 2875 720 Jerusalem
2896 669 3099 728 venire.
3121 667 3222 722 nisi
3241 666 3456 736 gentili-

1876 754 2001 807 tatis
2029 754 2294 824 simplicia
2342 756 2506 810 eorda
2561 755 2908 825 possidendo,
2959 772 3023 811 ea
3075 757 3142 811 ad
3197 758 3456 812 visionem

1873 844 2022 911 pacis
2052 845 2288 912 regendo
2329 855 2385 900 et
2419 846 2758 915 praesidendo
2789 848 3122 916 perducere?
3152 848 3307 914 Quod
3350 865 3460 902 uno

1870 939 1925 983 et
1946 931 2087 985 facili
2112 933 2420 988 testimonio
2448 935 2782 990 ostenditur:
2801 938 2925 1007 quia
2947 946 3001 991 et
3022 954 3118 1008 per
3139 939 3344 994 boves"
3364 939 3461 992 Ju-

1869 1019 1996 1074 daea:
2013 1023 2116 1091 25
2130 1022 2383 1091 operarii,
2412 1031 2468 1078 et
2495 1039 2592 1093 per
2614 1025 2823 1080 asinum
2852 1028 3079 1094 gentiles
3108 1029 3291 1097 populi
3316 1027 3456 1082 desi-

1867 1118 2117 1177 gnantur,
2166 1125 2288 1164 cum
2335 1127 2432 1180 per
2460 1113 2778 1181 prophetam
2824 1114 3056 1169 dicitur:
3089 1115 3338 1186 Cognovit
3368 1118 3460 1171 bos

1868 1217 2212 1270 possessorem
2261 1217 2439 1270 suum,
2489 1211 2538 1256 et
2591 1206 2770 1257 asinus
2830 1221 3060 1275 prtesepe
3113 1206 3325 1262 Domini
3376 1211 3457 1264 sui

1869 1291 2026 1363 (Isai.
2065 1309 2117 1362 ι,
2166 1293 2247 1360 5).
2293 1292 2424 1360 Quis
2454 1295 2597 1348 enim
2630 1295 2752 1359 bos,
2794 1296 2894 1349 nisi
2941 1296 3192 1351 Judaicus
3233 1301 3462 1369 populus

1869 1382 2092 1449 exstitit,
2118 1382 2271 1452 cujus
2297 1384 2560 1439 cervicem
2591 1385 2776 1454 jugum
2824 1384 2957 1454 legis
2988 1387 3227 1441 attrivit?
3254 1388 3318 1442 Et
3342 1392 3462 1457 quis

1868 1476 2076 1540 asinus,
2118 1475 2220 1530 nisi
2262 1477 2534 1545 gentilitas
2561 1477 2688 1546 l‘uit,
2734 1492 2896 1546 quam
2942 1478 3168 1548 quilibet
3210 1479 3464 1533 seductor

1866 1570 2070 1639 reperit
2087 1570 2239 1641 quasi
2268 1571 2482 1625 brutum
2520 1571 2750 1637 animal,
2781 1579 2836 1626 et
2862 1571 3007 1625 nulla
3058 1572 3268 1625 ratione
3316 1570 3463 1624 reni-

1867 1668 2007 1727 tens,
2035 1676 2144 1738 quo
2166 1661 2332 1717 voluit
2366 1677 2551 1717 errore
2588 1661 2913 1716 substravit?
2953 1661 3058 1716 Bos
3091 1674 3221 1728 ergo
3250 1676 3465 1730 posses-

1867 1769 2076 1822 sorem,
2100 1763 2155 1810 et
2181 1755 2364 1810 asinus
2393 1755 2602 1809 Domini
2629 1769 2869 1825 praesepe
2904 1753 3185 1822 cognovit,
3235 1753 3360 1821 quia
3409 1761 3466 1806 et

1793 1840 1840 1900 B
1868 1845 2160 1900 Hebraicus
2187 1846 2418 1915 populus
2449 1845 2639 1910 Deum,
2666 1859 2825 1914 quem
2858 1843 3092 1907 colebat,
3125 1842 3465 1913 sedignora-

1868 1937 1988 2001 bat,
2012 1936 2241 2006 reperit;
2272 1944 2326 1990 et
2354 1935 2624 2004 gentilitas
2670 1935 2803 2002 legis
2842 1933 3095 2004 pabulum
3116 1974 3131 1999 ,
3179 1931 3322 2001 quod
3356 1948 3464 1985 non

1870 2027 2134 2094 habebat,
2187 2027 2412 2095 accepit.
2455 2024 2610 2091 Quod
2659 2025 2822 2093 igitur
2876 2023 3124 2092 superius
3172 2022 3467 2076 nominatis

1871 2117 2061 2173 ovibus
2085 2125 2140 2174 et
2193 2117 2414 2173 camelis
2443 2113 2666 2184 dicitur,
2699 2116 2806 2171 hoc
2835 2114 3059 2171 inferius
3106 2114 3160 2169 in
3199 2114 3373 2169 bobus
3412 2121 3468 2167 et

1872 2207 2037 2263 asinis
2065 2207 2369 2276 replicatur.

1943 2316 2031 2371 ει.
2066 2315 2444 2372 Ρνιεάὶεαιονεε
2471 2315 2776 2372 Iudaeorum
2801 2315 2944 2371 boves
2964 2317 3094 2388 jugo
3123 2316 3250 2386 legis
3274 2316 3466 2385 pressi.

1872 2438 1945 2451 -—-
1971 2406 2168 2460 Habuit
2196 2422 2325 2462 vero
2365 2415 2420 2462 et
2468 2417 2593 2461 ante
2636 2406 3017 2476 Redemptoris
3045 2406 3340 2460 adventum
3370 2405 3468 2458 Ju-

1875 2494 1989 2549 daea
2031 2495 2218 2559 boves,
2264 2496 2390 2564 quia
2419 2495 2487 2549 ad
2528 2495 2926 2561 praedicandum
2969 2495 3112 2548 misit
3157 2496 3459 2563 operarios,

1877 2586 2070 2654 quibus
2097 2600 2233 2640 voce
2271 2584 2525 2640 Veritatis
2547 2585 2745 2639 dicitur
2788 2601 2802 2638 :
2845 2583 2938 2638 Va:
2967 2585 3129 2649 vobis,
3160 2585 3468 2653 hypocritar,

1877 2675 1962 2745 qui
1992 2675 2219 2728 circuitis
2246 2690 2390 2728 mare
2407 2681 2458 2727 et
2486 2673 2711 2738 aridam,
2730 2682 2787 2726 ut
2813 2673 3022 2743 faciatis
3048 2689 3207 2725 unum
3233 2674 3468 2742 proselg-

1883 2775 2019 2831 tum;
2050 2775 2099 2819 et
2127 2782 2241 2819 cum
2271 2766 2426 2836 fuerit
2456 2767 2650 2836 factus,
2678 2765 2853 2833 facitis
2882 2781 2996 2819 eum
3024 2765 3192 2833 filium
3224 2765 3469 2834 gehenna

1885 2857 2078 2927 duplo,
2111 2874 2269 2930 quam
2306 2874 2392 2911 vos
2417 2857 2636 2926 (Matth.
2685 2872 2834 2920 xxnt,
2884 2854 2992 2926 15).
3025 2855 3171 2922 Quos
3198 2870 3362 2924 grave
3383 2856 3469 2924 ju-

1880 2962 2004 3016 gum
2036 2949 2169 3017 legis
2208 2956 2497 3017 presserat,
2529 2948 2653 3018 quia
2697 2948 2967 3003 exteriora
2999 2948 3190 3002 littera:
3217 2949 3469 3002 mandata

1883 3037 2203 3094 tolerabant.
2232 3036 2435 3103 Quibus
2462 3054 2597 3094 voce
2644 3037 2900 3093 Veritatis
2926 3037 3154 3092 dicitur:
3199 3036 3377 3090 Venite
3401 3037 3470 3090 ad

1882 3145 1963 3182 me
1990 3145 2186 3194 omnes,
2218 3128 2304 3198 qui
2331 3128 2579 3184 laboratis
2623 3138 2673 3183 et
2701 3129 2904 3183 onerati
2945 3129 3087 3193 estis,
3128 3137 3178 3181 et
3206 3145 3300 3197 ego
3343 3128 3470 3196 refi-

191 3226 344 3283 bovis
367 3222 585 3278 nomine
607 3220 894 3275 stultorum
919 3217 1169 3272 vecordia
1200 3216 1479 3284 liguratur,
1506 3224 1659 3270 recte
1684 3231 1781 3285 per
1805 3214 1853 3276 C
1884 3222 2017 3274 ciam
2048 3237 2154 3275 υοε,
2204 3220 2391 3275 Tollite
2410 3223 2596 3292 jugum
2628 3239 2796 3275 meum
2823 3239 2978 3291 ,αρετ-
3005 3239 3114 3289 vos,
3153 3230 3203 3275 ει
3232 3222 3412 3274 discite
3439 3237 3471 3275 α

189 3316 540 3371 Salomonem
579 3311 777 3365 dicitur
809 3327 821 3361 :
857 3308 1149 3376 Statimque
1194 3324 1309 3361 eam
1349 3308 1580 3375 sequitur
1633 3307 1782 3378 quasi

188 3407 284 3461 bos
322 3406 504 3458 ductus
560 3402 628 3455 ad
679 3401 937 3455 victimam
981 3397 1250 3469 (Proverb.
1283 3415 1372 3463 vlt,
1404 3398 1518 3466 22).
1553 3397 1784 3451 Rursum

189 3497 320 3566 quia
376 3497 539 3548 boum
598 3491 817 3545 nomine
872 3490 982 3544 vita
1034 3488 1451 3558 uniuscujusque
1503 3489 1784 3558 operantis

190 3585 537 3657 exprimitur,
613 3581 746 3650 legis
810 3587 1079 3649 praecepta
1147 3586 1439 3643 testantur,
1497 3593 1618 3647 quae
1686 3592 1785 3648 per

193 3679 419 3748 Moysen
446 3674 719 3743 praecepit,
751 3669 935 3724 dicens
966 3687 979 3722 :
1012 3667 1136 3723 Non
1161 3669 1404 3740 alligabis
1434 3685 1491 3723 os
1526 3667 1641 3722 bovi
1689 3668 1786 3721 tri-

194 3768 392 3823 turanti
426 3763 603 3836 (Deut.
628 3777 754 3826 xxv,
788 3760 865 3829 4).
898 3758 1050 3825 Quod
1080 3767 1266 3827 aperte
1310 3773 1522 3813 rursum
1545 3756 1783 3812 dicitur:

194 3861 400 3930 Dignus
449 3864 524 3909 est
569 3852 837 3920 operarius
864 3848 1093 3903 mercede
1122 3864 1217 3901 sua
1249 3846 1403 3920 (Luc.
1435 3862 1490 3909 ι,
1525 3846 1603 3918 7).
1659 3846 1783 3901 Asi-

192 3962 393 4004 norum
422 3957 638 4013 quoque
669 3939 887 3995 nomine
908 3937 1198 4006 aliquando
1223 3937 1509 3991 stultorum
1537 3935 1779 4005 pigritia,

193 4034 488 4105 aliquando
511 4029 865 4085 immoderata
894 4026 1248 4097 petulantium
1271 4026 1503 4087 luxuria,
1531 4025 1783 4094 aliquan-

190 4129 264 4184 do
291 4125 566 4195 gentilium
617 4120 934 4190 simplicitas
976 4118 1310 4186 designatur.
1363 4117 1663 4172 Stultorum
1702 4117 1786 4186 pi-

191 4217 354 4286 gritia
407 4213 684 4269 asinorum
732 4209 1095 4281 appellatione
1152 4207 1453 4276 ﬁguratur,
1501 4208 1641 4263 sicut
1685 4222 1786 4277 per

191 4307 419 4376 Moysen
467 4303 660 4357 dicitur
694 4318 708 4354 :
750 4297 875 4354 Non
906 4298 1083 4352 arabis
1112 4298 1167 4352 in
1197 4297 1320 4353 bove
1372 4299 1527 4353 simul
1555 4309 1604 4354 et
1633 4301 1781 4354 asino

192 4397 378 4468 (Deut.
410 4409 538 4458 xxu,
570 4392 678 4462 10).
722 4389 801 4444 Ae
855 4389 898 4444 si
939 4387 1142 4443 diceret
1174 4404 1188 4440 :
1221 4385 1422 4443 Fatuos
1451 4388 1783 4457 sapientibus

191 4490 244 4543 iu
279 4483 662 4556 pnedicatione
690 4496 796 4535 non
819 4479 1025 4546 socies,
1070 4492 1136 4532 ne
1163 4492 1260 4547 per
1285 4493 1408 4533 eum
1437 4479 1529 4546 qui
1559 4479 1785 4549 implere

1887 3328 1986 3376 me,
2012 3312 2130 3382 quia
2150 3313 2289 3366 mitis
2309 3321 2488 3365 sumet
2509 3313 2717 3365 humilis
2738 3313 2891 3366 corde
2912 3311 3127 3382 (Matth.
3149 3328 3225 3379 xt,
3241 3310 3334 3378 28,
3355 3310 3470 3380 29).

1886 3401 2039 3467 Quod
2068 3415 2198 3470 ergo
2247 3401 2302 3455 in
2335 3401 2629 3470 Evangelio
2654 3402 2795 3457 bene
2841 3401 3213 3457 laborantibus
3259 3402 3472 3471 requies

1885 3494 2237 3565 promittitur,
2280 3493 2387 3549 hoc
2433 3503 2517 3549 est
2545 3495 2687 3565 quod
2711 3495 2801 3551 hic
2838 3495 2967 3565 juga
2989 3495 3151 3550 boum
3181 3496 3472 3565 quingenta

1885 3593 2295 3639 memorantur:
2346 3584 2473 3653 quia
2520 3585 2612 3655 qui
2642 3584 3019 3654 Redemptoris
3047 3584 3287 3640 dominio
3334 3585 3473 3640 colla

1884 3672 2177 3740 subjiciunt
2250 3687 2381 3742 quo,
2418 3673 2519 3728 nisi
2570 3672 2637 3727 ad
2691 3672 2957 3741 requiem,
3015 3672 3274 3727 tendunt?
3328 3671 3473 3743 [Vet.

1885 3762 2106 3834 XVII.)
2135 3763 2288 3819 Unde
2324 3772 2380 3820 et
2408 3765 2572 3818 asina:
2600 3763 2904 3833 quingenta:
2930 3763 3318 3833 perhibentur;
3349 3763 3474 3832 quia

1884 3861 2090 3908 vocatxc
2118 3853 2302 3924 plebes
2333 3852 2632 3922 gentilium,
2662 3851 2789 3906 dum
2817 3851 2884 3906 ad
2923 3851 3164 3920 requiem
3194 3852 3477 3922 pervenire

1885 3944 2217 4013 desiderant,
2239 3954 2433 4001 cuncta
2481 3944 2854 3999 mandatorum
2890 3958 3055 3998 oncra
3094 3943 3324 3998 libenter
3351 3960 3471 4013 por-

1887 4042 2019 4089 tant.
2041 4027 2362 4098 Undebene,
2395 4033 2539 4101 quod
2562 4032 2702 4087 hanc
2725 4031 2965 4100 requiem
2998 4032 3230 4102 populus
3265 4032 3476 4100 gentilis

1884 4123 2355 4195 appeteret,.lacob
2368 4123 2505 4177 lilios
2521 4121 2820 4191 alloquens,
2832 4121 3143 4191 prophetica
3158 4121 3262 4176 hoe
3275 4121 3476 4175 studuit

1885 4232 2022 4274 voce
2046 4217 2279 4285 signare,
2308 4216 2494 4270 dicens
2519 4231 2532 4268 :
2568 4212 2787 4267 Isachar
2814 4214 2990 4266 asinus
3014 4213 3186 4283 fortis,
3218 4212 3475 4268 accubans

1889 4319 1912 4348 ο
1931 4309 2065 4364 inter
2089 4307 2359 4371 terminos,
2397 4305 2523 4360 vidit
2544 4305 2767 4376 requiem
2800 4303 2935 4374 quod
2956 4314 3088 4357 esset
3111 4302 3270 4369 bona,
3298 4312 3344 4356 et
3369 4313 3474 4356 ter-

1884 4417 2000 4455 ram
2025 4399 2160 4472 quod
2197 4399 2411 4470 optima,
2449 4406 2498 4451 et
2537 4397 2805 4468 supposuit
2842 4397 3108 4450 humerum
3152 4396 3222 4448 ad
3262 4405 3476 4465 portan-

1887 4491 2006 4545 dum
2047 4490 2259 4563 (Cenes,
2315 4489 2405 4553 14,
2451 4488 2562 4559 15).
2614 4488 2759 4544 Inter
2803 4488 3063 4544 terminos
3113 4503 3345 4558 namque
3381 4503 3476 4542 ac-

190 4595 310 4635 rem
352 4593 459 4631 ηοη
481 4575 642 4636 valet.
666 4572 740 4626 illi
762 4572 852 4640 (Ιυί
881 4569 1135 4639 Dmvalet
1157 4569 1406 4625 οὺδίειθεο
1429 4569 1784 4642 Immoderala
1814 4572 1868 4633 D
1891 4582 2111 4649 cubare,
2128 4579 2530 4651 estpraestolato
2545 4579 2727 4633 mundi
2743 4577 2849 4633 ﬁne
2863 4578 3476 4647 requiescere,nihilque

191 4687 411 4743 quoque
456 4667 813 4739 petulantium
866 4664 1074 4718 luxuria
1123 4663 1394 4718 asinorum
1421 4662 1783 4735 apmllatione

190 4762 548 4833 exprimitur,
602 4765 659 4811 ut
698 4756 962 4826 propheta
1005 4761 1250 4817 testatur,
1291 4753 1382 4820 qui
1412 4752 1526 4805 ait:
1555 4750 1784 4815 Quorum

188 4870 376 4909 carnes
417 4860 537 4905 sunt
564 4858 620 4902 ut
669 4863 853 4901 carnes
907 4847 1172 4900 asinorum
1201 4844 1418 4915 (Ezech.
1465 4860 1616 4908 xxut,
1664 4844 1776 4914 20).

190 4947 487 5000 Asinorum
541 4953 728 4994 rursus
791 4937 1043 5003 nomine,
1097 4936 1415 5006 simplicitas
1463 4935 1783 5004 gentilitatis

265 5104 290 5133 ι
321 5093 378 5147 ln
409 5090 572 5147 Corb.
604 5097 658 5143 et
687 5085 894 5148 Germ.,
926 5085 1178 5141 Samarii.
1210 5084 1267 5139 In
1300 5084 1458 5152 Reg.,
1493 5085 1736 5139 Samarri
1760 5102 1780 5140 :

188 5167 269 5220 sie
297 5164 551 5218 dicuntur
580 5160 672 5214 lib.
705 5173 781 5224 vr,
821 5156 978 5226 epist.
1011 5157 1137 5212 olim
1168 5156 1221 5221 5,
1264 5164 1319 5210 et
1347 5155 1441 5209 lib.
1474 5171 1585 5223 vm,
1616 5157 1777 5225 epist.

189 5236 320 5290 olim
348 5233 440 5286 21.

262 5305 288 5342 ι»
317 5303 395 5355 Ita
419 5301 542 5353 Mss.
570 5298 758 5364 Corb.,
781 5297 987 5360 Germ.,
1019 5295 1197 5360 Rem_.,
1227 5301 1447 5364 etc.,_ac
1467 5302 1577 5348 vet.
1605 5293 1772 5362 Edit.,

188 5390 288 5442 pro
311 5373 368 5424 id
393 5385 563 5442 omne,
592 5361 960 5442 quod'legitur
986 5366 1043 5442 in
1060 5361 1506 5442 Yatiez‘etﬁus‘s.

264 5455 283 5480 ε
318 5442 497 5501 Rcm.,
531 5431 762 5502 Reinig.,
796 5431 948 5490 vetus
1003 5433 1180 5486 Editio
1226 5431 1410 5494 Basil,,
1444 5433 1514 5485 ita
1547 5432 1766 5487 habent.

191 5511 307 5565 Alia
334 5507 495 5572 15H,
534 5507 625 5560 sed
646 5507 759 5558 udo
791 5508 1011 5569 asinam.
1062 5503 1210 5555 llanc
1233 5509 1532 5572 sequuntur
1576 5517 1767 5556 recen-

189 5582 356 5635 tiores
381 5570 488 5632 Ed.
506 5575 841 5630 Prreferenda
867 5574 1074 5628 videtur
1114 5572 1260 5640 prior
1288 5570 1465 5632 lectio,
1500 5579 1552 5623 ut
1575 5639 1580 5640 ί
1602 5573 1769 5638 magis

190 5651 455 5705 accedens
495 5646 561 5700 ad
603 5645 776 5699 sancti
815 5642 1061 5705 Gregorii
1092 5639 1346 5704 mentem,
1380 5641 1469 5706 qui
1500 5639 1636 5692 infra
1667 5657 1765 5694 ex-

191 5719 354 5786 plirat
380 5717 510 5786 quid
538 5715 803 5783 signiticet
823 5713 1024 5786 asinus,
1054 5709 1652 5786 nonuasinaatlzeterum
1682 5726 1764 5762 se-

189 5778 313 5848 deus
343 5778 610 5852 as'elhunf
625 5793 757 5846 ctc.,
790 5781 1000 5854 phrasis
1029 5788 1109 5838 cst
1149 5778 1411 5848 Gregorio
1457 5793 1567 5834 non
1621 5778 1766 5835 inso-

1887 4671 2052 4750 dehis
2065 4685 2184 4740 quae
2196 4685 2338 4725 nunc
2351 4687 2402 4724 ιιι
2420 4669 2598 4725 medio
2614 4679 2897 4724 versantur
2911 4683 3172 4738 quaerere,
3185 4669 3275 4722 sed
3291 4669 3473 4724 ultima

1887 4762 2215 4817 desiderare.
2247 4760 2533 4831 Fortisque
2561 4761 2744 4815 asinus
2766 4760 3007 4829 requiem
3037 4776 3100 4816 ac
3117 4770 3311 4814 terram
3333 4763 3475 4830 opti-

1887 4865 2030 4904 mam
2046 4849 2212 4917 videt,
2241 4865 2362 4904 cum
2377 4850 2603 4920 simplex
2622 4851 2892 4918 gentilitas
2917 4849 3122 4906 idcirco
3144 4864 3203 4904 se
3217 4850 3284 4903 ad
3308 4851 3474 4905 robur

1885 4941 2014 4996 boni
2041 4941 2221 5010 operis
2237 4939 2414 5009 erigit,
2439 4940 2565 5008 quia
2586 4939 2653 4994 ad
2665 4948 2880 4995 aeternae
2894 4939 3015 4994 vitae
3037 4939 3264 5010 patriam
3280 4939 3470 4994 tendit.

1886 5092 2023 5155 lens,
2062 5105 2162 5146 nec
2211 5090 2263 5144 in
2308 5089 2659 5212 scrilptoribus
2688 5089 2858 5142 sacris
2887 5090 3188 5157 peregrina.
3220 5088 3468 5158 Optatus,

1886 5163 1976 5212 lib.
2006 5179 2040 5212 ιι
2062 5162 2129 5212 de
2159 5160 2379 5212 schism.
2427 5158 2753 5212 )onati.cat).
2775 5158 3162 5211 5:Cathed:am
3191 5163 3468 5212 unicum...

1886 5163 1976 5215 lib.
2005 5179 2040 5216 tl
2062 5162 2129 5216 de
2159 5160 2379 5216 schisnt.
2404 5158 2753 5226 Donati,cap.
2775 5158 3162 5211 5:Cathed:am
3191 5163 3468 5213 unicum...

1884 5233 2016 5285 sedit
2035 5234 2175 5300 prior
2201 5229 2405 5283 Petrus.
2430 5229 2620 5300 ltalib.
2651 5244 2688 5290 ι,
2706 5228 2860 5300 cujus
2883 5238 2935 5280 tu
2959 5229 3256 5281 cathedram
3287 5231 3431 5282 διάει
3447 5246 3468 5293 ;

1881 5311 1949 5364 et,
1975 5298 2087 5369 quis
2113 5299 2410 5352 cathedram
2436 5299 2634 5369 sederet
2663 5298 2900 5369 alteram.

1954 5365 2171 5423 d'Gilot.
2216 5379 2271 5422 et
2320 5384 2437 5437 seq.
2480 5366 2602 5437 Ed“
2646 5365 2820 5419 Judaei
2847 5383 2930 5433 ορ.
2963 5365 3033 5419 At
3052 5365 3311 5437 Corb.et_
3328 5366 3464 5437 pler.

1875 5438 2030 5559 glssq
2062 5438 2261 5493 ludam:
2294 5433 2415 5507 011.}
2446 5436 2590 5506 quod
2619 5436 2874 5490 convenit
2901 5451 3042 5504 seq.,
3076 5433 3253 5487 habuit
3279 5433 3468 5488 Iudaea

1909 5525 2046 5559 oves.
2077 5518 2182 5559 etc.

1909 5525 2046 5570 oves,
2077 5518 2182 5562 etc.

1951 5588 1973 5614 ι·
2009 5579 2185 5641 Rem.,
2222 5576 2454 5642 Remig.,
2494 5574 2638 5629 Corb
2669 5613 2684 5636 ,
2730 5573 2983 5637 Vindoc.,
3013 5582 3067 5626 et
3094 5587 3232 5640 pene
3255 5587 3466 5633 omnes.

1871 5646 2126 5699 accubans
2175 5647 2228 5698 in
2280 5647 2541 5700 terminos.
2590 5643 2653 5699 Et
2680 5643 2814 5700 intra
2840 5661 2854 5698 :
2885 5643 2949 5698 In
2975 5644 3219 5709 terminos
3248 5659 3476 5716 namque

1873 5716 2130 5782 habitare,
2157 5724 2263 5770 etc.
