  <div class='ocr_page' id='page_1' title='image "/cluster/home/n/w/nwhite01/storage/ocr_20150623/75/uva.x000827087/278.png"; bbox 0 0 3976 6310; ppageno 0'>
   <div class='ocr_carea' id='block_1_1' title="bbox 204 354 305 412">
    <p class='ocr_par' dir='ltr' id='par_1_1' title="bbox 204 354 305 412">
     <span class='ocr_line' id='line_1_1' title="bbox 204 354 305 412; baseline 0 -1"><span class='ocrx_word' id='word_1_1' title='bbox 204 354 305 412; x_wconf 63' lang='grc'><strong>561</strong></span> 
     </span>
    </p>
   </div>
   <div class='ocr_carea' id='block_1_2' title="bbox 1150 359 2573 426">
    <p class='ocr_par' dir='ltr' id='par_1_2' title="bbox 1150 359 2573 426">
     <span class='ocr_line' id='line_1_2' title="bbox 1150 359 2573 426; baseline 0.008 -11"><span class='ocrx_word' id='word_1_2' title='bbox 1150 359 1506 418; x_wconf 72' lang='lat' dir='ltr'><strong>MORALIUM</strong></span> <span class='ocrx_word' id='word_1_3' title='bbox 1551 360 1679 416; x_wconf 81' lang='lat' dir='ltr'><strong>Llll.</strong></span> <span class='ocrx_word' id='word_1_4' title='bbox 1712 359 1751 413; x_wconf 86' lang='grc' dir='ltr'><strong>Ι.</strong></span> <span class='ocrx_word' id='word_1_5' title='bbox 1793 390 1863 400; x_wconf 94' lang='grc'><strong><em>-</em></strong></span> <span class='ocrx_word' id='word_1_6' title='bbox 1902 359 1968 416; x_wconf 84' lang='grc' dir='ltr'><strong>ΙΝ</strong></span> <span class='ocrx_word' id='word_1_7' title='bbox 2008 364 2232 422; x_wconf 76' lang='lat' dir='ltr'><strong>CAPUT</strong></span> <span class='ocrx_word' id='word_1_8' title='bbox 2274 368 2291 422; x_wconf 91' lang='lat' dir='ltr'><strong>l</strong></span> <span class='ocrx_word' id='word_1_9' title='bbox 2334 369 2391 424; x_wconf 83' lang='grc' dir='ltr'><strong>Β.</strong></span> <span class='ocrx_word' id='word_1_10' title='bbox 2431 372 2573 426; x_wconf 85' lang='lat' dir='ltr'><strong>JOB.</strong></span> 
     </span>
    </p>
   </div>
   <div class='ocr_carea' id='block_1_3' title="bbox 3377 377 3480 431">
    <p class='ocr_par' dir='ltr' id='par_1_3' title="bbox 3377 377 3480 431">
     <span class='ocr_line' id='line_1_3' title="bbox 3377 377 3480 431; baseline 0 -1"><span class='ocrx_word' id='word_1_11' title='bbox 3377 377 3480 431; x_wconf 70' lang='lat'><strong>5&#39;3</strong></span> 
     </span>
    </p>
   </div>
   <div class='ocr_carea' id='block_1_4' title="bbox 207 473 3482 559">
    <p class='ocr_par' dir='ltr' id='par_1_4' title="bbox 207 473 3482 559">
     <span class='ocr_line' id='line_1_4' title="bbox 207 473 3482 559; baseline 0.005 -30"><span class='ocrx_word' id='word_1_12' title='bbox 207 490 312 529; x_wconf 90' lang='lat' dir='ltr'><strong>nec</strong></span> <span class='ocrx_word' id='word_1_13' title='bbox 330 473 530 530; x_wconf 78' lang='lat' dir='ltr'><strong>ﬂuenta</strong></span> <span class='ocrx_word' id='word_1_14' title='bbox 555 474 793 530; x_wconf 76' lang='lat' dir='ltr'><strong>historia:</strong></span> <span class='ocrx_word' id='word_1_15' title='bbox 822 475 1075 544; x_wconf 67' lang='lat' dir='ltr'><strong>exquirit.</strong></span> <span class='ocrx_word' id='word_1_16' title='bbox 1112 475 1176 530; x_wconf 86' lang='lat' dir='ltr'><strong>Et</strong></span> <span class='ocrx_word' id='word_1_17' title='bbox 1199 477 1413 532; x_wconf 90' lang='lat' dir='ltr'><strong>occulta</strong></span> <span class='ocrx_word' id='word_1_18' title='bbox 1435 477 1573 533; x_wconf 82' lang='lat' dir='ltr'><strong>sacri</strong></span> <span class='ocrx_word' id='word_1_19' title='bbox 1598 475 1796 544; x_wconf 85' lang='lat' dir='ltr'><strong>eloquii</strong></span> <span class='ocrx_word' id='word_1_20' title='bbox 1825 478 1877 537; x_wconf 78' lang='grc' dir='ltr'>Α</span> <span class='ocrx_word' id='word_1_21' title='bbox 1905 478 1986 532; x_wconf 92' lang='lat' dir='ltr'><strong>nis</strong></span> <span class='ocrx_word' id='word_1_22' title='bbox 2021 480 2279 548; x_wconf 82' lang='lat' dir='ltr'><strong>gloriam,</strong></span> <span class='ocrx_word' id='word_1_23' title='bbox 2325 486 2710 553; x_wconf 69' lang='lat' dir='ltr'><strong>cogitationum</strong></span> <span class='ocrx_word' id='word_1_24' title='bbox 2762 489 3036 559; x_wconf 82' lang='lat' dir='ltr'><strong>pulverem</strong></span> <span class='ocrx_word' id='word_1_25' title='bbox 3068 498 3301 559; x_wconf 55' lang='lat' dir='ltr'><strong>tergere,</strong></span> <span class='ocrx_word' id='word_1_26' title='bbox 3330 507 3482 559; x_wconf 83' lang='lat' dir='ltr'><strong>gres-</strong></span> 
     </span>
    </p>
   </div>
   <div class='ocr_carea' id='block_1_5' title="bbox 206 564 1796 636">
    <p class='ocr_par' dir='ltr' id='par_1_5' title="bbox 206 564 1796 636">
     <span class='ocr_line' id='line_1_5' title="bbox 206 564 1796 636; baseline 0.001 -17"><span class='ocrx_word' id='word_1_27' title='bbox 206 565 461 619; x_wconf 86' lang='lat' dir='ltr'><strong>mandata</strong></span> <span class='ocrx_word' id='word_1_28' title='bbox 493 573 546 619; x_wconf 90' lang='lat' dir='ltr'><strong>et</strong></span> <span class='ocrx_word' id='word_1_29' title='bbox 580 578 764 635; x_wconf 75' lang='lat' dir='ltr'><strong>aper&#39;a</strong></span> <span class='ocrx_word' id='word_1_30' title='bbox 805 579 865 619; x_wconf 89' lang='lat' dir='ltr'><strong>se</strong></span> <span class='ocrx_word' id='word_1_31' title='bbox 896 564 1226 621; x_wconf 75' lang='lat' dir='ltr'><strong>intellexisse</strong></span> <span class='ocrx_word' id='word_1_32' title='bbox 1258 574 1557 633; x_wconf 82' lang='lat' dir='ltr'><strong>testantur,</strong></span> <span class='ocrx_word' id='word_1_33' title='bbox 1589 565 1679 636; x_wconf 91' lang='lat' dir='ltr'><strong>qui</strong></span> <span class='ocrx_word' id='word_1_34' title='bbox 1710 581 1796 620; x_wconf 91' lang='lat' dir='ltr'><strong>re-</strong></span> 
     </span>
    </p>
   </div>
   <div class='ocr_carea' id='block_1_6' title="bbox 208 654 1800 725">
    <p class='ocr_par' dir='ltr' id='par_1_6' title="bbox 208 654 1800 725">
     <span class='ocr_line' id='line_1_6' title="bbox 208 654 1800 725; baseline 0.001 -17"><span class='ocrx_word' id='word_1_35' title='bbox 208 654 461 725; x_wconf 74' lang='lat' dir='ltr'><strong>probanti</strong></span> <span class='ocrx_word' id='word_1_36' title='bbox 498 670 557 709; x_wconf 91' lang='lat' dir='ltr'><strong>se</strong></span> <span class='ocrx_word' id='word_1_37' title='bbox 593 654 651 723; x_wconf 90' lang='lat' dir='ltr'><strong>ju</strong></span> <span class='ocrx_word' id='word_1_38' title='bbox 672 654 756 709; x_wconf 83' lang='lat' dir='ltr'><strong>lici</strong></span> <span class='ocrx_word' id='word_1_39' title='bbox 788 663 1181 723; x_wconf 59' lang='lat' dir='ltr'><strong>conquerentes</strong></span> <span class='ocrx_word' id='word_1_40' title='bbox 1202 656 1387 711; x_wconf 88' lang='lat' dir='ltr'><strong>dicunt</strong></span> <span class='ocrx_word' id='word_1_41' title='bbox 1414 674 1426 709; x_wconf 75' lang='grc' dir='ltr'>ε</span> <span class='ocrx_word' id='word_1_42' title='bbox 1458 655 1800 710; x_wconf 82' lang='lat' dir='ltr'><strong>Manducavi-</strong></span> 
     </span>
    </p>
   </div>
   <div class='ocr_carea' id='block_1_7' title="bbox 210 745 1800 820">
    <p class='ocr_par' dir='ltr' id='par_1_7' title="bbox 210 745 1800 820">
     <span class='ocr_line' id='line_1_7' title="bbox 210 745 1800 820; baseline 0.001 -19"><span class='ocrx_word' id='word_1_43' title='bbox 210 764 328 802; x_wconf 85' lang='lat' dir='ltr'><strong>mus</strong></span> <span class='ocrx_word' id='word_1_44' title='bbox 350 757 399 802; x_wconf 91' lang='lat' dir='ltr'><strong>et</strong></span> <span class='ocrx_word' id='word_1_45' title='bbox 420 748 636 802; x_wconf 77' lang='lat' dir='ltr'><strong>bibimus</strong></span> <span class='ocrx_word' id='word_1_46' title='bbox 665 762 842 801; x_wconf 88' lang='lat' dir='ltr'><strong>coram</strong></span> <span class='ocrx_word' id='word_1_47' title='bbox 869 758 916 800; x_wconf 86' lang='lat' dir='ltr'><strong>te</strong></span> <span class='ocrx_word' id='word_1_48' title='bbox 958 745 1112 818; x_wconf 88' lang='lat' dir='ltr'><strong>(Luc.</strong></span> <span class='ocrx_word' id='word_1_49' title='bbox 1144 762 1259 812; x_wconf 76' lang='lat' dir='ltr'><strong>xm,</strong></span> <span class='ocrx_word' id='word_1_50' title='bbox 1282 748 1397 820; x_wconf 72' lang='lat'><strong>2’3).</strong></span> <span class='ocrx_word' id='word_1_51' title='bbox 1431 748 1585 814; x_wconf 84' lang='lat' dir='ltr'><strong>Quod</strong></span> <span class='ocrx_word' id='word_1_52' title='bbox 1613 758 1800 818; x_wconf 87' lang='lat' dir='ltr'><strong>aperte</strong></span> 
     </span>
    </p>
   </div>
   <div class='ocr_carea' id='block_1_8' title="bbox 210 838 1799 911">
    <p class='ocr_par' dir='ltr' id='par_1_8' title="bbox 210 838 1799 911">
     <span class='ocr_line' id='line_1_8' title="bbox 210 838 1799 911; baseline -0.001 -16"><span class='ocrx_word' id='word_1_53' title='bbox 210 855 319 907; x_wconf 76' lang='lat' dir='ltr'><strong>exp</strong></span> <span class='ocrx_word' id='word_1_54' title='bbox 357 839 533 894; x_wconf 76' lang='lat' dir='ltr'><strong>netldo</strong></span> <span class='ocrx_word' id='word_1_55' title='bbox 561 838 893 909; x_wconf 85' lang='lat' dir='ltr'><strong>subjungunt</strong></span> <span class='ocrx_word' id='word_1_56' title='bbox 924 857 937 892; x_wconf 87' lang='lat'><strong>:</strong></span> <span class='ocrx_word' id='word_1_57' title='bbox 971 838 1041 895; x_wconf 82' lang='lat' dir='ltr'><strong>Et</strong></span> <span class='ocrx_word' id='word_1_58' title='bbox 1071 841 1123 894; x_wconf 84' lang='lat' dir='ltr'><strong>in</strong></span> <span class='ocrx_word' id='word_1_59' title='bbox 1153 840 1339 911; x_wconf 84' lang='lat' dir='ltr'><strong>plateis</strong></span> <span class='ocrx_word' id='word_1_60' title='bbox 1364 841 1555 895; x_wconf 84' lang='lat' dir='ltr'><strong>nostris</strong></span> <span class='ocrx_word' id='word_1_61' title='bbox 1580 840 1799 894; x_wconf 74' lang='lat' dir='ltr'><strong>docuisti</strong></span> 
     </span>
    </p>
   </div>
   <div class='ocr_carea' id='block_1_9' title="bbox 212 929 1799 1001">
    <p class='ocr_par' dir='ltr' id='par_1_9' title="bbox 212 929 1799 1001">
     <span class='ocr_line' id='line_1_9' title="bbox 212 929 1799 1001; baseline -0.001 -17"><span class='ocrx_word' id='word_1_62' title='bbox 212 929 431 1001; x_wconf 58' lang='grc' dir='ltr'><strong>(ΗΜ).</strong></span> <span class='ocrx_word' id='word_1_63' title='bbox 462 929 598 997; x_wconf 90' lang='lat' dir='ltr'><strong>Quia</strong></span> <span class='ocrx_word' id='word_1_64' title='bbox 629 944 759 999; x_wconf 86' lang='lat' dir='ltr'><strong>ergo</strong></span> <span class='ocrx_word' id='word_1_65' title='bbox 787 945 941 984; x_wconf 86' lang='lat' dir='ltr'><strong>sacra</strong></span> <span class='ocrx_word' id='word_1_66' title='bbox 970 930 1185 1000; x_wconf 87' lang='lat' dir='ltr'><strong>eloquia</strong></span> <span class='ocrx_word' id='word_1_67' title='bbox 1216 930 1270 984; x_wconf 90' lang='lat' dir='ltr'><strong>in</strong></span> <span class='ocrx_word' id='word_1_68' title='bbox 1309 930 1443 990; x_wconf 75' lang='lat' dir='ltr'><strong>locis</strong></span> <span class='ocrx_word' id='word_1_69' title='bbox 1471 929 1799 984; x_wconf 65' lang='lat' dir='ltr'><strong>obscuriorio</strong></span> 
     </span>
    </p>
   </div>
   <div class='ocr_carea' id='block_1_10' title="bbox 212 1018 1801 1088">
    <p class='ocr_par' dir='ltr' id='par_1_10' title="bbox 212 1018 1801 1088">
     <span class='ocr_line' id='line_1_10' title="bbox 212 1018 1801 1088; baseline -0.002 -15"><span class='ocrx_word' id='word_1_70' title='bbox 212 1018 315 1073; x_wconf 88' lang='lat' dir='ltr'><strong>bus</strong></span> <span class='ocrx_word' id='word_1_71' title='bbox 341 1018 662 1088; x_wconf 74' lang='lat' dir='ltr'><strong>exponendo</strong></span> <span class='ocrx_word' id='word_1_72' title='bbox 692 1020 1032 1087; x_wconf 82' lang='lat' dir='ltr'><strong>franguntur,</strong></span> <span class='ocrx_word' id='word_1_73' title='bbox 1060 1019 1113 1073; x_wconf 86' lang='lat' dir='ltr'><strong>in</strong></span> <span class='ocrx_word' id='word_1_74' title='bbox 1138 1019 1271 1073; x_wconf 86' lang='lat' dir='ltr'><strong>locis</strong></span> <span class='ocrx_word' id='word_1_75' title='bbox 1295 1034 1424 1074; x_wconf 90' lang='lat' dir='ltr'><strong>vero</strong></span> <span class='ocrx_word' id='word_1_76' title='bbox 1444 1018 1801 1088; x_wconf 76' lang='lat' dir='ltr'><strong>apertioribus</strong></span> 
     </span>
    </p>
   </div>
   <div class='ocr_carea' id='block_1_11' title="bbox 216 1106 1798 1179">
    <p class='ocr_par' dir='ltr' id='par_1_11' title="bbox 216 1106 1798 1179">
     <span class='ocr_line' id='line_1_11' title="bbox 216 1106 1798 1179; baseline -0.001 -17"><span class='ocrx_word' id='word_1_77' title='bbox 216 1109 313 1172; x_wconf 88' lang='lat' dir='ltr'><strong>ita,</strong></span> <span class='ocrx_word' id='word_1_78' title='bbox 341 1117 400 1163; x_wconf 89' lang='lat' dir='ltr'><strong>ut</strong></span> <span class='ocrx_word' id='word_1_79' title='bbox 423 1108 638 1163; x_wconf 91' lang='lat' dir='ltr'><strong>inventa</strong></span> <span class='ocrx_word' id='word_1_80' title='bbox 660 1108 875 1173; x_wconf 80' lang='lat' dir='ltr'><strong>fuerint,</strong></span> <span class='ocrx_word' id='word_1_81' title='bbox 904 1117 1179 1179; x_wconf 85' lang='lat' dir='ltr'><strong>potantur.</strong></span> <span class='ocrx_word' id='word_1_82' title='bbox 1210 1108 1422 1163; x_wconf 82' lang='lat' dir='ltr'><strong>dicatur</strong></span> <span class='ocrx_word' id='word_1_83' title='bbox 1447 1117 1592 1162; x_wconf 84' lang='lat' dir='ltr'><strong>recte</strong></span> <span class='ocrx_word' id='word_1_84' title='bbox 1622 1124 1637 1161; x_wconf 89' lang='lat'><strong>:</strong></span> <span class='ocrx_word' id='word_1_85' title='bbox 1671 1106 1798 1160; x_wconf 72' lang='lat' dir='ltr'><strong>Mit-</strong></span> 
     </span>
    </p>
   </div>
   <div class='ocr_carea' id='block_1_12' title="bbox 214 1197 1805 1263">
    <p class='ocr_par' dir='ltr' id='par_1_12' title="bbox 214 1197 1805 1263">
     <span class='ocr_line' id='line_1_12' title="bbox 214 1197 1805 1263; baseline -0.001 -12"><span class='ocrx_word' id='word_1_86' title='bbox 214 1207 380 1253; x_wconf 84' lang='lat' dir='ltr'><strong>tentes</strong></span> <span class='ocrx_word' id='word_1_87' title='bbox 410 1197 659 1254; x_wconf 81' lang='lat' dir='ltr'><strong>vocabant</strong></span> <span class='ocrx_word' id='word_1_88' title='bbox 689 1208 791 1252; x_wconf 84' lang='lat' dir='ltr'><strong>tres</strong></span> <span class='ocrx_word' id='word_1_89' title='bbox 818 1215 1021 1255; x_wconf 76' lang='lat' dir='ltr'><strong>sorores</strong></span> <span class='ocrx_word' id='word_1_90' title='bbox 1048 1215 1189 1263; x_wconf 89' lang='lat' dir='ltr'><strong>suas,</strong></span> <span class='ocrx_word' id='word_1_91' title='bbox 1219 1207 1276 1251; x_wconf 92' lang='lat' dir='ltr'><strong>ut</strong></span> <span class='ocrx_word' id='word_1_92' title='bbox 1306 1198 1624 1253; x_wconf 86' lang='lat' dir='ltr'><strong>comederent</strong></span> <span class='ocrx_word' id='word_1_93' title='bbox 1652 1206 1700 1250; x_wconf 87' lang='lat' dir='ltr'><strong>et</strong></span> <span class='ocrx_word' id='word_1_94' title='bbox 1727 1198 1805 1250; x_wconf 85' lang='lat' dir='ltr'><strong>bi-</strong></span> 
     </span>
    </p>
   </div>
   <div class='ocr_carea' id='block_1_13' title="bbox 216 1287 1805 1361">
    <p class='ocr_par' dir='ltr' id='par_1_13' title="bbox 216 1287 1805 1361">
     <span class='ocr_line' id='line_1_13' title="bbox 216 1287 1805 1361; baseline 0.001 -19"><span class='ocrx_word' id='word_1_95' title='bbox 216 1287 396 1343; x_wconf 85' lang='lat' dir='ltr'><strong>berent</strong></span> <span class='ocrx_word' id='word_1_96' title='bbox 422 1307 536 1344; x_wconf 89' lang='lat' dir='ltr'><strong>cum</strong></span> <span class='ocrx_word' id='word_1_97' title='bbox 556 1292 647 1345; x_wconf 87' lang='lat' dir='ltr'><strong>eis.</strong></span> <span class='ocrx_word' id='word_1_98' title='bbox 672 1289 749 1345; x_wconf 77' lang='lat' dir='ltr'><strong>Ac</strong></span> <span class='ocrx_word' id='word_1_99' title='bbox 769 1291 813 1345; x_wconf 92' lang='lat' dir='ltr'><strong>si</strong></span> <span class='ocrx_word' id='word_1_100' title='bbox 844 1300 1030 1361; x_wconf 89' lang='lat' dir='ltr'><strong>aperte</strong></span> <span class='ocrx_word' id='word_1_101' title='bbox 1051 1290 1322 1346; x_wconf 80' lang='lat' dir='ltr'><strong>diceretur</strong></span> <span class='ocrx_word' id='word_1_102' title='bbox 1346 1308 1357 1343; x_wconf 93' lang='lat'>:</span> <span class='ocrx_word' id='word_1_103' title='bbox 1386 1287 1624 1344; x_wconf 85' lang='lat' dir='ltr'><strong>inﬁrmos</strong></span> <span class='ocrx_word' id='word_1_104' title='bbox 1645 1304 1805 1358; x_wconf 87' lang='lat' dir='ltr'><strong>quos-</strong></span> 
     </span>
    </p>
   </div>
   <div class='ocr_carea' id='block_1_14' title="bbox 215 1379 1806 1450">
    <p class='ocr_par' dir='ltr' id='par_1_14' title="bbox 215 1379 1806 1450">
     <span class='ocr_line' id='line_1_14' title="bbox 215 1379 1806 1450; baseline -0.001 -17"><span class='ocrx_word' id='word_1_105' title='bbox 215 1393 327 1449; x_wconf 86' lang='lat' dir='ltr'><strong>que</strong></span> <span class='ocrx_word' id='word_1_106' title='bbox 354 1379 553 1434; x_wconf 86' lang='lat' dir='ltr'><strong>blanda</strong></span> <span class='ocrx_word' id='word_1_107' title='bbox 584 1380 651 1435; x_wconf 86' lang='lat' dir='ltr'><strong>ad</strong></span> <span class='ocrx_word' id='word_1_108' title='bbox 678 1394 738 1435; x_wconf 88' lang='lat' dir='ltr'><strong>se</strong></span> <span class='ocrx_word' id='word_1_109' title='bbox 780 1381 1130 1450; x_wconf 86' lang='lat' dir='ltr'><strong>persuasione</strong></span> <span class='ocrx_word' id='word_1_110' title='bbox 1156 1379 1510 1444; x_wconf 78' lang='lat' dir='ltr'><strong>deduceban&#39;,</strong></span> <span class='ocrx_word' id='word_1_111' title='bbox 1541 1388 1806 1447; x_wconf 84' lang='lat' dir='ltr'><strong>quatenus</strong></span> 
     </span>
    </p>
   </div>
   <div class='ocr_carea' id='block_1_15' title="bbox 216 1468 1808 1540">
    <p class='ocr_par' dir='ltr' id='par_1_15' title="bbox 216 1468 1808 1540">
     <span class='ocr_line' id='line_1_15' title="bbox 216 1468 1808 1540; baseline -0.001 -17"><span class='ocrx_word' id='word_1_112' title='bbox 216 1482 409 1523; x_wconf 89' lang='lat' dir='ltr'><strong>eorum</strong></span> <span class='ocrx_word' id='word_1_113' title='bbox 436 1480 668 1539; x_wconf 83' lang='lat' dir='ltr'><strong>mentes,</strong></span> <span class='ocrx_word' id='word_1_114' title='bbox 696 1478 751 1526; x_wconf 93' lang='lat' dir='ltr'><strong>et</strong></span> <span class='ocrx_word' id='word_1_115' title='bbox 771 1484 962 1539; x_wconf 88' lang='lat' dir='ltr'><strong>magna</strong></span> <span class='ocrx_word' id='word_1_116' title='bbox 984 1485 1079 1540; x_wconf 90' lang='lat' dir='ltr'><strong>per</strong></span> <span class='ocrx_word' id='word_1_117' title='bbox 1099 1469 1611 1539; x_wconf 86' lang='lat' dir='ltr'><strong>contemplationem</strong></span> <span class='ocrx_word' id='word_1_118' title='bbox 1638 1468 1808 1522; x_wconf 85' lang='lat' dir='ltr'><strong>disse-</strong></span> 
     </span>
    </p>
   </div>
   <div class='ocr_carea' id='block_1_16' title="bbox 217 1562 1807 1637">
    <p class='ocr_par' dir='ltr' id='par_1_16' title="bbox 217 1562 1807 1637">
     <span class='ocr_line' id='line_1_16' title="bbox 217 1562 1807 1637; baseline -0.001 -18"><span class='ocrx_word' id='word_1_119' title='bbox 217 1572 405 1620; x_wconf 87' lang='lat' dir='ltr'><strong>rentes</strong></span> <span class='ocrx_word' id='word_1_120' title='bbox 449 1574 767 1637; x_wconf 84' lang='lat' dir='ltr'><strong>pascerent,</strong></span> <span class='ocrx_word' id='word_1_121' title='bbox 817 1573 874 1622; x_wconf 90' lang='lat' dir='ltr'><strong>et</strong></span> <span class='ocrx_word' id='word_1_122' title='bbox 901 1579 1063 1635; x_wconf 86' lang='lat' dir='ltr'><strong>parva</strong></span> <span class='ocrx_word' id='word_1_123' title='bbox 1092 1579 1189 1635; x_wconf 91' lang='lat' dir='ltr'><strong>per</strong></span> <span class='ocrx_word' id='word_1_124' title='bbox 1223 1563 1503 1619; x_wconf 81' lang='lat' dir='ltr'><strong>historiam</strong></span> <span class='ocrx_word' id='word_1_125' title='bbox 1532 1562 1807 1618; x_wconf 72' lang='lat' dir='ltr'><strong>tradentes</strong></span> 
     </span>
    </p>
   </div>
   <div class='ocr_carea' id='block_1_17' title="bbox 216 1655 829 1725">
    <p class='ocr_par' dir='ltr' id='par_1_17' title="bbox 216 1655 829 1725">
     <span class='ocr_line' id='line_1_17' title="bbox 216 1655 829 1725; baseline 0.002 -18"><span class='ocrx_word' id='word_1_126' title='bbox 216 1656 508 1710; x_wconf 81' lang='lat' dir='ltr'><strong>nutrirent.</strong></span> <span class='ocrx_word' id='word_1_127' title='bbox 533 1655 786 1725; x_wconf 86' lang='lat' dir='ltr'><strong>Sequitur</strong></span> <span class='ocrx_word' id='word_1_128' title='bbox 816 1673 829 1708; x_wconf 84' lang='lat'><strong>:</strong></span> 
     </span>
    </p>
   </div>
   <div class='ocr_carea' id='block_1_18' title="bbox 600 1763 1418 1837">
    <p class='ocr_par' dir='ltr' id='par_1_18' title="bbox 600 1763 1418 1837">
     <span class='ocr_line' id='line_1_18' title="bbox 600 1763 1418 1837; baseline -0.004 -16"><span class='ocrx_word' id='word_1_129' title='bbox 600 1764 828 1821; x_wconf 83' lang='lat' dir='ltr'><strong>CAPUT</strong></span> <span class='ocrx_word' id='word_1_130' title='bbox 856 1764 993 1819; x_wconf 80' lang='lat' dir='ltr'><strong>xxn</strong></span> <span class='ocrx_word' id='word_1_131' title='bbox 1025 1763 1170 1837; x_wconf 88' lang='lat' dir='ltr'><strong>[Vet.</strong></span> <span class='ocrx_word' id='word_1_132' title='bbox 1198 1763 1418 1835; x_wconf 76' lang='lat' dir='ltr'><strong>XXII].</strong></span> 
     </span>
    </p>
   </div>
   <div class='ocr_carea' id='block_1_19' title="bbox 302 1876 1809 1946">
    <p class='ocr_par' dir='ltr' id='par_1_19' title="bbox 302 1876 1809 1946">
     <span class='ocr_line' id='line_1_19' title="bbox 302 1876 1809 1946; baseline 0.003 -17"><span class='ocrx_word' id='word_1_133' title='bbox 302 1877 459 1931; x_wconf 72' lang='lat' dir='ltr'><strong>Vens.</strong></span> <span class='ocrx_word' id='word_1_134' title='bbox 493 1876 547 1931; x_wconf 83' lang='lat'><strong>5.</strong></span> <span class='ocrx_word' id='word_1_135' title='bbox 575 1910 645 1920; x_wconf 92' lang='lat'><strong><em>——</em></strong></span> <span class='ocrx_word' id='word_1_136' title='bbox 677 1876 899 1946; x_wconf 82' lang='lat' dir='ltr'><strong>Cumque</strong></span> <span class='ocrx_word' id='word_1_137' title='bbox 927 1878 978 1930; x_wconf 88' lang='lat' dir='ltr'><strong>in</strong></span> <span class='ocrx_word' id='word_1_138' title='bbox 1009 1876 1180 1931; x_wconf 87' lang='lat' dir='ltr'><strong>orbem</strong></span> <span class='ocrx_word' id='word_1_139' title='bbox 1213 1879 1516 1931; x_wconf 88' lang='lat' dir='ltr'><strong>transissent</strong></span> <span class='ocrx_word' id='word_1_140' title='bbox 1544 1877 1652 1932; x_wconf 80' lang='lat' dir='ltr'><strong>dies</strong></span> <span class='ocrx_word' id='word_1_141' title='bbox 1681 1895 1809 1933; x_wconf 86' lang='lat' dir='ltr'><strong>cou-</strong></span> 
     </span>
    </p>
   </div>
   <div class='ocr_carea' id='block_1_20' title="bbox 219 1964 1811 2038">
    <p class='ocr_par' dir='ltr' id='par_1_20' title="bbox 219 1964 1811 2038">
     <span class='ocr_line' id='line_1_20' title="bbox 219 1964 1811 2038; baseline 0.001 -18"><span class='ocrx_word' id='word_1_142' title='bbox 219 1969 358 2031; x_wconf 80' lang='lat' dir='ltr'><strong>rivii,</strong></span> <span class='ocrx_word' id='word_1_143' title='bbox 410 1967 642 2021; x_wconf 79' lang='lat' dir='ltr'><strong>mittebat</strong></span> <span class='ocrx_word' id='word_1_144' title='bbox 669 1964 789 2031; x_wconf 85' lang='lat' dir='ltr'><strong>Job,</strong></span> <span class='ocrx_word' id='word_1_145' title='bbox 831 1974 881 2019; x_wconf 91' lang='lat' dir='ltr'><strong>et</strong></span> <span class='ocrx_word' id='word_1_146' title='bbox 908 1966 1270 2036; x_wconf 82' lang='lat' dir='ltr'><strong>sancti/icabat</strong></span> <span class='ocrx_word' id='word_1_147' title='bbox 1299 1983 1388 2020; x_wconf 90' lang='lat' dir='ltr'><strong>eos</strong></span> <span class='ocrx_word' id='word_1_148' title='bbox 1415 1983 1434 2021; x_wconf 88' lang='lat'><strong><em>:</em></strong></span> <span class='ocrx_word' id='word_1_149' title='bbox 1471 1983 1811 2038; x_wconf 84' lang='lat' dir='ltr'><strong>consurgens-</strong></span> 
     </span>
    </p>
   </div>
   <div class='ocr_carea' id='block_1_21' title="bbox 220 2057 1563 2128">
    <p class='ocr_par' dir='ltr' id='par_1_21' title="bbox 220 2057 1563 2128">
     <span class='ocr_line' id='line_1_21' title="bbox 220 2057 1563 2128; baseline 0.003 -19"><span class='ocrx_word' id='word_1_150' title='bbox 220 2076 321 2128; x_wconf 83' lang='lat' dir='ltr'><strong>que</strong></span> <span class='ocrx_word' id='word_1_151' title='bbox 350 2057 571 2111; x_wconf 84' lang='lat' dir='ltr'><strong>diluculo</strong></span> <span class='ocrx_word' id='word_1_152' title='bbox 597 2057 843 2127; x_wconf 74' lang='lat' dir='ltr'><strong>offerebat</strong></span> <span class='ocrx_word' id='word_1_153' title='bbox 872 2058 1173 2113; x_wconf 83' lang='lat' dir='ltr'><strong>holocausta</strong></span> <span class='ocrx_word' id='word_1_154' title='bbox 1190 2076 1281 2128; x_wconf 84' lang='lat' dir='ltr'><strong>per</strong></span> <span class='ocrx_word' id='word_1_155' title='bbox 1308 2058 1563 2128; x_wconf 86' lang='lat' dir='ltr'><strong>singulos.</strong></span> 
     </span>
    </p>
   </div>
   <div class='ocr_carea' id='block_1_22' title="bbox 295 2146 1813 2217">
    <p class='ocr_par' dir='ltr' id='par_1_22' title="bbox 295 2146 1813 2217">
     <span class='ocr_line' id='line_1_22' title="bbox 295 2146 1813 2217; baseline 0.003 -17"><span class='ocrx_word' id='word_1_156' title='bbox 295 2146 383 2201; x_wconf 79' lang='lat'><strong>30.</strong></span> <span class='ocrx_word' id='word_1_157' title='bbox 413 2146 642 2203; x_wconf 72' lang='lat' dir='ltr'><strong>Christus</strong></span> <span class='ocrx_word' id='word_1_158' title='bbox 665 2150 1062 2217; x_wconf 71' lang='lat' dir='ltr'><strong>praedicatorum</strong></span> <span class='ocrx_word' id='word_1_159' title='bbox 1086 2167 1296 2205; x_wconf 87' lang='lat' dir='ltr'><strong>suorum</strong></span> <span class='ocrx_word' id='word_1_160' title='bbox 1322 2150 1479 2206; x_wconf 87' lang='lat' dir='ltr'><strong>corda</strong></span> <span class='ocrx_word' id='word_1_161' title='bbox 1501 2150 1813 2204; x_wconf 84' lang='lat' dir='ltr'><strong>mundat.—</strong></span> 
     </span>
    </p>
   </div>
   <div class='ocr_carea' id='block_1_23' title="bbox 225 2236 1811 2311">
    <p class='ocr_par' dir='ltr' id='par_1_23' title="bbox 225 2236 1811 2311">
     <span class='ocr_line' id='line_1_23' title="bbox 225 2236 1811 2311; baseline 0.004 -22"><span class='ocrx_word' id='word_1_162' title='bbox 225 2236 282 2290; x_wconf 91' lang='lat' dir='ltr'><strong>In</strong></span> <span class='ocrx_word' id='word_1_163' title='bbox 324 2237 507 2292; x_wconf 90' lang='lat' dir='ltr'><strong>orbem</strong></span> <span class='ocrx_word' id='word_1_164' title='bbox 538 2237 653 2293; x_wconf 89' lang='lat' dir='ltr'><strong>dies</strong></span> <span class='ocrx_word' id='word_1_165' title='bbox 696 2240 928 2294; x_wconf 83' lang='lat' dir='ltr'><strong>convivii</strong></span> <span class='ocrx_word' id='word_1_166' title='bbox 978 2248 1281 2306; x_wconf 90' lang='lat' dir='ltr'><strong>transeunt,</strong></span> <span class='ocrx_word' id='word_1_167' title='bbox 1314 2256 1433 2295; x_wconf 90' lang='lat' dir='ltr'><strong>cum</strong></span> <span class='ocrx_word' id='word_1_168' title='bbox 1469 2240 1811 2311; x_wconf 80' lang='lat' dir='ltr'><strong>praedicatio-</strong></span> 
     </span>
    </p>
   </div>
   <div class='ocr_carea' id='block_1_24' title="bbox 225 2328 1809 2400">
    <p class='ocr_par' dir='ltr' id='par_1_24' title="bbox 225 2328 1809 2400">
     <span class='ocr_line' id='line_1_24' title="bbox 225 2328 1809 2400; baseline 0.003 -20"><span class='ocrx_word' id='word_1_169' title='bbox 225 2344 354 2382; x_wconf 91' lang='lat' dir='ltr'><strong>num</strong></span> <span class='ocrx_word' id='word_1_170' title='bbox 411 2328 706 2384; x_wconf 88' lang='lat' dir='ltr'><strong>ministeria</strong></span> <span class='ocrx_word' id='word_1_171' title='bbox 755 2338 1103 2400; x_wconf 81' lang='lat' dir='ltr'><strong>peraguntur.</strong></span> <span class='ocrx_word' id='word_1_172' title='bbox 1147 2329 1494 2398; x_wconf 89' lang='lat' dir='ltr'><strong>Peractisque</strong></span> <span class='ocrx_word' id='word_1_173' title='bbox 1531 2330 1809 2398; x_wconf 86' lang='lat' dir='ltr'><strong>conviviis,</strong></span> 
     </span>
    </p>
   </div>
   <div class='ocr_carea' id='block_1_25' title="bbox 223 2421 1814 2493">
    <p class='ocr_par' dir='ltr' id='par_1_25' title="bbox 223 2421 1814 2493">
     <span class='ocr_line' id='line_1_25' title="bbox 223 2421 1814 2493; baseline 0.002 -18"><span class='ocrx_word' id='word_1_174' title='bbox 223 2422 602 2476; x_wconf 67' lang='lat' dir='ltr'><strong>holocaustum</strong></span> <span class='ocrx_word' id='word_1_175' title='bbox 623 2421 725 2477; x_wconf 85' lang='lat' dir='ltr'><strong>Job</strong></span> <span class='ocrx_word' id='word_1_176' title='bbox 750 2438 847 2492; x_wconf 92' lang='lat' dir='ltr'><strong>pro</strong></span> <span class='ocrx_word' id='word_1_177' title='bbox 876 2422 998 2477; x_wconf 86' lang='lat' dir='ltr'><strong>filiis</strong></span> <span class='ocrx_word' id='word_1_178' title='bbox 1019 2422 1246 2487; x_wconf 87' lang='lat' dir='ltr'><strong>obtulit;</strong></span> <span class='ocrx_word' id='word_1_179' title='bbox 1278 2423 1401 2491; x_wconf 88' lang='lat' dir='ltr'><strong>quia</strong></span> <span class='ocrx_word' id='word_1_180' title='bbox 1434 2438 1533 2491; x_wconf 88' lang='lat' dir='ltr'><strong>pro</strong></span> <span class='ocrx_word' id='word_1_181' title='bbox 1553 2423 1814 2493; x_wconf 84' lang='lat' dir='ltr'><strong>apostolis</strong></span> 
     </span>
    </p>
   </div>
   <div class='ocr_carea' id='block_1_26' title="bbox 223 2512 1815 2583">
    <p class='ocr_par' dir='ltr' id='par_1_26' title="bbox 223 2512 1815 2583">
     <span class='ocr_line' id='line_1_26' title="bbox 223 2512 1815 2583; baseline -0.001 -17"><span class='ocrx_word' id='word_1_182' title='bbox 223 2514 292 2568; x_wconf 87' lang='lat' dir='ltr'><strong>de</strong></span> <span class='ocrx_word' id='word_1_183' title='bbox 353 2514 736 2583; x_wconf 66' lang='lat' dir='ltr'><strong>praedicatione</strong></span> <span class='ocrx_word' id='word_1_184' title='bbox 773 2514 1162 2577; x_wconf 86' lang='lat' dir='ltr'><strong>redeuntibus,</strong></span> <span class='ocrx_word' id='word_1_185' title='bbox 1213 2514 1425 2569; x_wconf 86' lang='lat' dir='ltr'><strong>Patrem</strong></span> <span class='ocrx_word' id='word_1_186' title='bbox 1486 2512 1815 2580; x_wconf 81' lang='lat' dir='ltr'><strong>Redemptor</strong></span> 
     </span>
    </p>
   </div>
   <div class='ocr_carea' id='block_1_27' title="bbox 224 2602 1808 2664">
    <p class='ocr_par' dir='ltr' id='par_1_27' title="bbox 224 2602 1808 2664">
     <span class='ocr_line' id='line_1_27' title="bbox 224 2602 1808 2664; baseline -0.004 -4"><span class='ocrx_word' id='word_1_187' title='bbox 224 2606 494 2660; x_wconf 80' lang='lat' dir='ltr'><strong>exoravit.</strong></span> <span class='ocrx_word' id='word_1_188' title='bbox 526 2604 671 2660; x_wconf 89' lang='lat' dir='ltr'><strong>Bene</strong></span> <span class='ocrx_word' id='word_1_189' title='bbox 701 2613 881 2663; x_wconf 88' lang='lat' dir='ltr'><strong>autem</strong></span> <span class='ocrx_word' id='word_1_190' title='bbox 912 2606 1175 2661; x_wconf 87' lang='lat' dir='ltr'><strong>mittendo</strong></span> <span class='ocrx_word' id='word_1_191' title='bbox 1213 2602 1554 2661; x_wconf 87' lang='lat' dir='ltr'><strong>sanctiﬁcare</strong></span> <span class='ocrx_word' id='word_1_192' title='bbox 1578 2603 1808 2664; x_wconf 91' lang='lat' dir='ltr'><strong>dicitur;</strong></span> 
     </span>
    </p>
   </div>
   <div class='ocr_carea' id='block_1_28' title="bbox 224 2691 1814 2764">
    <p class='ocr_par' dir='ltr' id='par_1_28' title="bbox 224 2691 1814 2764">
     <span class='ocr_line' id='line_1_28' title="bbox 224 2691 1814 2764; baseline -0.001 -18"><span class='ocrx_word' id='word_1_193' title='bbox 224 2695 351 2761; x_wconf 73' lang='lat' dir='ltr'><strong>quia</strong></span> <span class='ocrx_word' id='word_1_194' title='bbox 399 2693 526 2747; x_wconf 90' lang='lat' dir='ltr'><strong>dum</strong></span> <span class='ocrx_word' id='word_1_195' title='bbox 573 2703 818 2749; x_wconf 91' lang='lat' dir='ltr'><strong>sanctum</strong></span> <span class='ocrx_word' id='word_1_196' title='bbox 869 2692 1148 2764; x_wconf 89' lang='lat' dir='ltr'><strong>Spiritum,</strong></span> <span class='ocrx_word' id='word_1_197' title='bbox 1181 2704 1205 2730; x_wconf 76' lang='grc' dir='ltr'>ι</span> <span class='ocrx_word' id='word_1_198' title='bbox 1234 2695 1327 2763; x_wconf 89' lang='lat' dir='ltr'><strong>qui</strong></span> <span class='ocrx_word' id='word_1_199' title='bbox 1373 2708 1404 2747; x_wconf 91' lang='lat' dir='ltr'><strong>a</strong></span> <span class='ocrx_word' id='word_1_200' title='bbox 1457 2709 1516 2748; x_wconf 90' lang='lat' dir='ltr'><strong>se</strong></span> <span class='ocrx_word' id='word_1_201' title='bbox 1546 2691 1814 2762; x_wconf 84' lang='lat' dir='ltr'><strong>procedit,</strong></span> 
     </span>
    </p>
   </div>
   <div class='ocr_carea' id='block_1_29' title="bbox 223 2782 1816 2855">
    <p class='ocr_par' dir='ltr' id='par_1_29' title="bbox 223 2782 1816 2855">
     <span class='ocr_line' id='line_1_29' title="bbox 223 2782 1816 2855; baseline -0.002 -18"><span class='ocrx_word' id='word_1_202' title='bbox 223 2783 612 2853; x_wconf 88' lang='lat' dir='ltr'><strong>discipulorum</strong></span> <span class='ocrx_word' id='word_1_203' title='bbox 652 2783 906 2840; x_wconf 90' lang='lat' dir='ltr'><strong>cordibus</strong></span> <span class='ocrx_word' id='word_1_204' title='bbox 933 2785 1139 2848; x_wconf 88' lang='lat' dir='ltr'><strong>tribuit,</strong></span> <span class='ocrx_word' id='word_1_205' title='bbox 1165 2782 1619 2855; x_wconf 65' lang='lat' dir='ltr'><strong>quidquid&#39;eulpac</strong></span> <span class='ocrx_word' id='word_1_206' title='bbox 1641 2782 1816 2836; x_wconf 80' lang='lat' dir='ltr'><strong>inesse</strong></span> 
     </span>
    </p>
   </div>
   <div class='ocr_carea' id='block_1_30' title="bbox 224 2872 1813 2944">
    <p class='ocr_par' dir='ltr' id='par_1_30' title="bbox 224 2872 1813 2944">
     <span class='ocr_line' id='line_1_30' title="bbox 224 2872 1813 2944; baseline 0 -20"><span class='ocrx_word' id='word_1_207' title='bbox 224 2874 423 2942; x_wconf 82' lang='lat' dir='ltr'><strong>potuit,</strong></span> <span class='ocrx_word' id='word_1_208' title='bbox 449 2874 777 2929; x_wconf 89' lang='lat' dir='ltr'><strong>emundavit.</strong></span> <span class='ocrx_word' id='word_1_209' title='bbox 803 2874 1079 2944; x_wconf 78' lang='lat' dir='ltr'><strong>Recteque</strong></span> <span class='ocrx_word' id='word_1_210' title='bbox 1102 2874 1167 2928; x_wconf 88' lang='lat' dir='ltr'><strong>ad</strong></span> <span class='ocrx_word' id='word_1_211' title='bbox 1204 2873 1477 2929; x_wconf 86' lang='lat' dir='ltr'><strong>olTerenda</strong></span> <span class='ocrx_word' id='word_1_212' title='bbox 1500 2872 1813 2927; x_wconf 81' lang='lat' dir='ltr'><strong>holocausta</strong></span> 
     </span>
    </p>
   </div>
   <div class='ocr_carea' id='block_1_31' title="bbox 223 2960 1815 3033">
    <p class='ocr_par' dir='ltr' id='par_1_31' title="bbox 223 2960 1815 3033">
     <span class='ocr_line' id='line_1_31' title="bbox 223 2960 1815 3033; baseline -0.001 -17"><span class='ocrx_word' id='word_1_213' title='bbox 223 2962 465 3017; x_wconf 85' lang='lat' dir='ltr'><strong>diluculo</strong></span> <span class='ocrx_word' id='word_1_214' title='bbox 493 2976 822 3031; x_wconf 82' lang='lat' dir='ltr'><strong>consurgere</strong></span> <span class='ocrx_word' id='word_1_215' title='bbox 859 2964 1201 3033; x_wconf 88' lang='lat' dir='ltr'><strong>perhibetur;</strong></span> <span class='ocrx_word' id='word_1_216' title='bbox 1234 2964 1357 3032; x_wconf 90' lang='lat' dir='ltr'><strong>quia</strong></span> <span class='ocrx_word' id='word_1_217' title='bbox 1388 2979 1486 3033; x_wconf 89' lang='lat' dir='ltr'><strong>per</strong></span> <span class='ocrx_word' id='word_1_218' title='bbox 1524 2962 1629 3016; x_wconf 90' lang='lat' dir='ltr'><strong>hoc</strong></span> <span class='ocrx_word' id='word_1_219' title='bbox 1671 2960 1815 3030; x_wconf 91' lang='lat' dir='ltr'><strong>quod</strong></span> 
     </span>
    </p>
   </div>
   <div class='ocr_carea' id='block_1_32' title="bbox 225 3050 1815 3124">
    <p class='ocr_par' dir='ltr' id='par_1_32' title="bbox 225 3050 1815 3124">
     <span class='ocr_line' id='line_1_32' title="bbox 225 3050 1815 3124; baseline -0.002 -17"><span class='ocrx_word' id='word_1_220' title='bbox 225 3069 325 3123; x_wconf 88' lang='lat' dir='ltr'><strong>pro</strong></span> <span class='ocrx_word' id='word_1_221' title='bbox 348 3053 505 3109; x_wconf 88' lang='lat' dir='ltr'><strong>nobis</strong></span> <span class='ocrx_word' id='word_1_222' title='bbox 533 3053 936 3109; x_wconf 88' lang='lat' dir='ltr'><strong>intercessionis</strong></span> <span class='ocrx_word' id='word_1_223' title='bbox 966 3069 1077 3109; x_wconf 75' lang='lat' dir='ltr'><strong>sua:</strong></span> <span class='ocrx_word' id='word_1_224' title='bbox 1107 3053 1425 3124; x_wconf 88' lang='lat' dir='ltr'><strong>petitionem</strong></span> <span class='ocrx_word' id='word_1_225' title='bbox 1457 3051 1669 3117; x_wconf 90' lang='lat' dir='ltr'><strong>obtulit,</strong></span> <span class='ocrx_word' id='word_1_226' title='bbox 1704 3050 1815 3104; x_wconf 88' lang='lat' dir='ltr'><strong>dis-</strong></span> 
     </span>
    </p>
   </div>
   <div class='ocr_carea' id='block_1_33' title="bbox 223 3141 1810 3209">
    <p class='ocr_par' dir='ltr' id='par_1_33' title="bbox 223 3141 1810 3209">
     <span class='ocr_line' id='line_1_33' title="bbox 223 3141 1810 3209; baseline -0.004 -10"><span class='ocrx_word' id='word_1_227' title='bbox 223 3158 383 3199; x_wconf 89' lang='lat' dir='ltr'><strong>cussa</strong></span> <span class='ocrx_word' id='word_1_228' title='bbox 424 3145 623 3199; x_wconf 90' lang='lat' dir='ltr'><strong>erroris</strong></span> <span class='ocrx_word' id='word_1_229' title='bbox 654 3153 833 3209; x_wconf 88' lang='lat' dir='ltr'><strong>nocte,</strong></span> <span class='ocrx_word' id='word_1_230' title='bbox 864 3145 1113 3200; x_wconf 85' lang='lat' dir='ltr'><strong>humanae</strong></span> <span class='ocrx_word' id='word_1_231' title='bbox 1160 3145 1356 3200; x_wconf 90' lang='lat' dir='ltr'><strong>mentis</strong></span> <span class='ocrx_word' id='word_1_232' title='bbox 1401 3142 1649 3197; x_wconf 84' lang='lat' dir='ltr'><strong>tenebras</strong></span> <span class='ocrx_word' id='word_1_233' title='bbox 1691 3141 1810 3194; x_wconf 89' lang='lat' dir='ltr'><strong>illu-</strong></span> 
     </span>
    </p>
   </div>
   <div class='ocr_carea' id='block_1_34' title="bbox 224 3231 1817 3305">
    <p class='ocr_par' dir='ltr' id='par_1_34' title="bbox 224 3231 1817 3305">
     <span class='ocr_line' id='line_1_34' title="bbox 224 3231 1817 3305; baseline -0.003 -16"><span class='ocrx_word' id='word_1_234' title='bbox 224 3234 452 3301; x_wconf 80' lang='lat' dir='ltr'><strong>stravit;</strong></span> <span class='ocrx_word' id='word_1_235' title='bbox 480 3250 548 3289; x_wconf 89' lang='lat' dir='ltr'><strong>ne</strong></span> <span class='ocrx_word' id='word_1_236' title='bbox 576 3250 684 3304; x_wconf 89' lang='lat' dir='ltr'><strong>quo</strong></span> <span class='ocrx_word' id='word_1_237' title='bbox 717 3234 924 3305; x_wconf 88' lang='lat' dir='ltr'><strong>peccati</strong></span> <span class='ocrx_word' id='word_1_238' title='bbox 944 3235 1217 3303; x_wconf 79' lang='lat' dir='ltr'><strong>centagio,</strong></span> <span class='ocrx_word' id='word_1_239' title='bbox 1246 3249 1316 3289; x_wconf 80' lang='lat' dir='ltr'><strong>ex</strong></span> <span class='ocrx_word' id='word_1_240' title='bbox 1338 3234 1449 3303; x_wconf 90' lang='lat' dir='ltr'><strong>ipsa</strong></span> <span class='ocrx_word' id='word_1_241' title='bbox 1478 3231 1817 3302; x_wconf 84' lang='lat' dir='ltr'><strong>praedicatio-</strong></span> 
     </span>
    </p>
   </div>
   <div class='ocr_carea' id='block_1_35' title="bbox 224 3324 1813 3395">
    <p class='ocr_par' dir='ltr' id='par_1_35' title="bbox 224 3324 1813 3395">
     <span class='ocr_line' id='line_1_35' title="bbox 224 3324 1813 3395; baseline -0.001 -17"><span class='ocrx_word' id='word_1_242' title='bbox 224 3324 310 3379; x_wconf 89' lang='lat' dir='ltr'><strong>nis</strong></span> <span class='ocrx_word' id='word_1_243' title='bbox 351 3326 555 3392; x_wconf 84' lang='lat' dir='ltr'><strong>gratia,</strong></span> <span class='ocrx_word' id='word_1_244' title='bbox 586 3341 739 3381; x_wconf 88' lang='lat' dir='ltr'><strong>mens</strong></span> <span class='ocrx_word' id='word_1_245' title='bbox 769 3326 821 3379; x_wconf 92' lang='lat' dir='ltr'><strong>in</strong></span> <span class='ocrx_word' id='word_1_246' title='bbox 850 3327 1065 3381; x_wconf 90' lang='lat' dir='ltr'><strong>occulto</strong></span> <span class='ocrx_word' id='word_1_247' title='bbox 1094 3326 1364 3395; x_wconf 88' lang='lat' dir='ltr'><strong>polluatur</strong></span> <span class='ocrx_word' id='word_1_248' title='bbox 1389 3342 1403 3390; x_wconf 91' lang='lat'><strong>;</strong></span> <span class='ocrx_word' id='word_1_249' title='bbox 1454 3324 1543 3380; x_wconf 76' lang='lat' dir='ltr'><strong>ne‘</strong></span> <span class='ocrx_word' id='word_1_250' title='bbox 1560 3324 1662 3379; x_wconf 89' lang='lat' dir='ltr'><strong>sibi</strong></span> <span class='ocrx_word' id='word_1_251' title='bbox 1695 3338 1813 3392; x_wconf 73' lang='lat' dir='ltr'><strong>qua:</strong></span> 
     </span>
    </p>
   </div>
   <div class='ocr_carea' id='block_1_36' title="bbox 224 3414 1811 3485">
    <p class='ocr_par' dir='ltr' id='par_1_36' title="bbox 224 3414 1811 3485">
     <span class='ocr_line' id='line_1_36' title="bbox 224 3414 1811 3485; baseline 0 -18"><span class='ocrx_word' id='word_1_252' title='bbox 224 3415 339 3483; x_wconf 84' lang='lat' dir='ltr'><strong>agit</strong></span> <span class='ocrx_word' id='word_1_253' title='bbox 382 3416 612 3482; x_wconf 86' lang='lat' dir='ltr'><strong>tribuat;</strong></span> <span class='ocrx_word' id='word_1_254' title='bbox 646 3432 713 3471; x_wconf 89' lang='lat' dir='ltr'><strong>ne</strong></span> <span class='ocrx_word' id='word_1_255' title='bbox 741 3415 841 3471; x_wconf 88' lang='lat' dir='ltr'><strong>sibi</strong></span> <span class='ocrx_word' id='word_1_256' title='bbox 873 3416 1159 3473; x_wconf 89' lang='lat' dir='ltr'><strong>tribuendo</strong></span> <span class='ocrx_word' id='word_1_257' title='bbox 1184 3430 1303 3485; x_wconf 66' lang='lat' dir='ltr'><strong>quae</strong></span> <span class='ocrx_word' id='word_1_258' title='bbox 1331 3414 1543 3483; x_wconf 81' lang='lat' dir='ltr'><strong>agebat,</strong></span> <span class='ocrx_word' id='word_1_259' title='bbox 1575 3414 1811 3468; x_wconf 87' lang='lat' dir='ltr'><strong>amittat.</strong></span> 
     </span>
    </p>
   </div>
   <div class='ocr_carea' id='block_1_37' title="bbox 228 3500 959 3574">
    <p class='ocr_par' dir='ltr' id='par_1_37' title="bbox 228 3500 959 3574">
     <span class='ocr_line' id='line_1_37' title="bbox 228 3500 959 3574; baseline 0 -16"><span class='ocrx_word' id='word_1_260' title='bbox 228 3500 388 3560; x_wconf 87' lang='lat' dir='ltr'><strong>Unde</strong></span> <span class='ocrx_word' id='word_1_261' title='bbox 416 3515 562 3560; x_wconf 91' lang='lat' dir='ltr'><strong>recte</strong></span> <span class='ocrx_word' id='word_1_262' title='bbox 584 3504 922 3574; x_wconf 83' lang='lat' dir='ltr'><strong>subjungitur</strong></span> <span class='ocrx_word' id='word_1_263' title='bbox 946 3523 959 3558; x_wconf 94' lang='lat'>:</span> 
     </span>
    </p>
   </div>
   <div class='ocr_carea' id='block_1_38' title="bbox 370 3617 1676 3692">
    <p class='ocr_par' dir='ltr' id='par_1_38' title="bbox 370 3617 1676 3692">
     <span class='ocr_line' id='line_1_38' title="bbox 370 3617 1676 3692; baseline 0 -19"><span class='ocrx_word' id='word_1_264' title='bbox 370 3617 599 3673; x_wconf 82' lang='lat' dir='ltr'><strong>CAPUT</strong></span> <span class='ocrx_word' id='word_1_265' title='bbox 639 3617 798 3673; x_wconf 83' lang='lat' dir='ltr'><strong>XXIII</strong></span> <span class='ocrx_word' id='word_1_266' title='bbox 839 3618 984 3692; x_wconf 85' lang='lat' dir='ltr'><strong>[Vet.</strong></span> <span class='ocrx_word' id='word_1_267' title='bbox 1025 3618 1265 3684; x_wconf 77' lang='lat' dir='ltr'><strong>XXIII;</strong></span> <span class='ocrx_word' id='word_1_268' title='bbox 1309 3618 1433 3674; x_wconf 82' lang='lat' dir='ltr'><strong>Rec.</strong></span> <span class='ocrx_word' id='word_1_269' title='bbox 1484 3617 1676 3689; x_wconf 84' lang='lat' dir='ltr'><strong>VIII].</strong></span> 
     </span>
    </p>
   </div>
   <div class='ocr_carea' id='block_1_39' title="bbox 297 3704 1814 3780">
    <p class='ocr_par' dir='ltr' id='par_1_39' title="bbox 297 3704 1814 3780">
     <span class='ocr_line' id='line_1_39' title="bbox 297 3704 1814 3780; baseline 0.004 -21"><span class='ocrx_word' id='word_1_270' title='bbox 297 3704 505 3760; x_wconf 79' lang='lat' dir='ltr'><strong>Inm.—</strong></span> <span class='ocrx_word' id='word_1_271' title='bbox 533 3705 744 3761; x_wconf 87' lang='lat' dir='ltr'><strong>Dicebat</strong></span> <span class='ocrx_word' id='word_1_272' title='bbox 764 3709 925 3775; x_wconf 81' lang='lat' dir='ltr'><strong>enim,</strong></span> <span class='ocrx_word' id='word_1_273' title='bbox 951 3707 1034 3762; x_wconf 88' lang='lat' dir='ltr'><strong>Ne</strong></span> <span class='ocrx_word' id='word_1_274' title='bbox 1064 3711 1195 3780; x_wconf 76' lang='lat' dir='ltr'><strong>forte</strong></span> <span class='ocrx_word' id='word_1_275' title='bbox 1214 3711 1534 3780; x_wconf 84' lang='lat' dir='ltr'><strong>peccaverint</strong></span> <span class='ocrx_word' id='word_1_276' title='bbox 1567 3710 1664 3765; x_wconf 77' lang='lat' dir='ltr'><strong>lilii</strong></span> <span class='ocrx_word' id='word_1_277' title='bbox 1692 3712 1814 3777; x_wconf 89' lang='lat' dir='ltr'><strong>mei,</strong></span> 
     </span>
    </p>
   </div>
   <div class='ocr_carea' id='block_1_40' title="bbox 224 3797 1286 3854">
    <p class='ocr_par' dir='ltr' id='par_1_40' title="bbox 224 3797 1286 3854">
     <span class='ocr_line' id='line_1_40' title="bbox 224 3797 1286 3854; baseline 0 -1"><span class='ocrx_word' id='word_1_278' title='bbox 224 3808 275 3853; x_wconf 81' lang='lat' dir='ltr'><strong>et</strong></span> <span class='ocrx_word' id='word_1_279' title='bbox 298 3798 652 3852; x_wconf 73' lang='lat' dir='ltr'><strong>benedixerint</strong></span> <span class='ocrx_word' id='word_1_280' title='bbox 674 3797 785 3853; x_wconf 88' lang='lat' dir='ltr'><strong>Deo</strong></span> <span class='ocrx_word' id='word_1_281' title='bbox 814 3800 868 3852; x_wconf 87' lang='lat' dir='ltr'><strong>in</strong></span> <span class='ocrx_word' id='word_1_282' title='bbox 895 3798 1135 3853; x_wconf 82' lang='lat' dir='ltr'><strong>cordibus</strong></span> <span class='ocrx_word' id='word_1_283' title='bbox 1159 3802 1286 3854; x_wconf 83' lang='lat' dir='ltr'><strong>suis.</strong></span> 
     </span>
    </p>
   </div>
   <div class='ocr_carea' id='block_1_41' title="bbox 301 3885 1819 3962">
    <p class='ocr_par' dir='ltr' id='par_1_41' title="bbox 301 3885 1819 3962">
     <span class='ocr_line' id='line_1_41' title="bbox 301 3885 1819 3962; baseline 0.003 -21"><span class='ocrx_word' id='word_1_284' title='bbox 301 3886 390 3941; x_wconf 78' lang='grc'><strong>51.</strong></span> <span class='ocrx_word' id='word_1_285' title='bbox 417 3885 643 3941; x_wconf 70' lang='lat' dir='ltr'><strong>Hecatae</strong></span> <span class='ocrx_word' id='word_1_286' title='bbox 662 3906 693 3940; x_wconf 90' lang='lat' dir='ltr'><strong>a</strong></span> <span class='ocrx_word' id='word_1_287' title='bbox 714 3888 1141 3959; x_wconf 69' lang='lat' dir='ltr'><strong>prmdicatoribus</strong></span> <span class='ocrx_word' id='word_1_288' title='bbox 1162 3898 1442 3944; x_wconf 78' lang='lat' dir='ltr'><strong>contracta:</strong></span> <span class='ocrx_word' id='word_1_289' title='bbox 1461 3890 1715 3962; x_wconf 89' lang='lat' dir='ltr'><strong>quomodo</strong></span> <span class='ocrx_word' id='word_1_290' title='bbox 1738 3893 1819 3945; x_wconf 88' lang='lat' dir='ltr'><strong>di-</strong></span> 
     </span>
    </p>
   </div>
   <div class='ocr_carea' id='block_1_42' title="bbox 224 3979 1815 4050">
    <p class='ocr_par' dir='ltr' id='par_1_42' title="bbox 224 3979 1815 4050">
     <span class='ocr_line' id='line_1_42' title="bbox 224 3979 1815 4050; baseline 0.002 -17"><span class='ocrx_word' id='word_1_291' title='bbox 224 3980 454 4033; x_wconf 64' lang='lat' dir='ltr'><strong>luendae.</strong></span> <span class='ocrx_word' id='word_1_292' title='bbox 473 4011 545 4021; x_wconf 93' lang='lat'><strong><em>—</em></strong></span> <span class='ocrx_word' id='word_1_293' title='bbox 566 3979 678 4035; x_wconf 90' lang='lat' dir='ltr'><strong>Deo</strong></span> <span class='ocrx_word' id='word_1_294' title='bbox 698 3979 896 4050; x_wconf 89' lang='lat' dir='ltr'><strong>quippe</strong></span> <span class='ocrx_word' id='word_1_295' title='bbox 917 3979 1265 4047; x_wconf 86' lang='lat' dir='ltr'><strong>benedicere,</strong></span> <span class='ocrx_word' id='word_1_296' title='bbox 1289 3980 1342 4034; x_wconf 91' lang='lat' dir='ltr'><strong>id</strong></span> <span class='ocrx_word' id='word_1_297' title='bbox 1371 3988 1455 4035; x_wconf 90' lang='lat' dir='ltr'><strong>est</strong></span> <span class='ocrx_word' id='word_1_298' title='bbox 1476 3981 1815 4048; x_wconf 88' lang='lat' dir='ltr'><strong>maledicere,</strong></span> 
     </span>
    </p>
   </div>
   <div class='ocr_carea' id='block_1_43' title="bbox 223 4068 1819 4140">
    <p class='ocr_par' dir='ltr' id='par_1_43' title="bbox 223 4068 1819 4140">
     <span class='ocr_line' id='line_1_43' title="bbox 223 4068 1819 4140; baseline 0.003 -18"><span class='ocrx_word' id='word_1_299' title='bbox 223 4078 313 4123; x_wconf 86' lang='lat' dir='ltr'><strong>est</strong></span> <span class='ocrx_word' id='word_1_300' title='bbox 337 4069 405 4123; x_wconf 91' lang='lat' dir='ltr'><strong>de</strong></span> <span class='ocrx_word' id='word_1_301' title='bbox 427 4069 543 4138; x_wconf 87' lang='lat' dir='ltr'><strong>ejus</strong></span> <span class='ocrx_word' id='word_1_302' title='bbox 565 4085 786 4126; x_wconf 90' lang='lat' dir='ltr'><strong>munere</strong></span> <span class='ocrx_word' id='word_1_303' title='bbox 811 4070 912 4126; x_wconf 88' lang='lat' dir='ltr'><strong>sibi</strong></span> <span class='ocrx_word' id='word_1_304' title='bbox 941 4071 1168 4139; x_wconf 82' lang='lat' dir='ltr'><strong>gloriam</strong></span> <span class='ocrx_word' id='word_1_305' title='bbox 1199 4070 1459 4140; x_wconf 64' lang='lat' dir='ltr'><strong>praebere.</strong></span> <span class='ocrx_word' id='word_1_306' title='bbox 1494 4068 1648 4125; x_wconf 86' lang='lat' dir='ltr'><strong>Unde</strong></span> <span class='ocrx_word' id='word_1_307' title='bbox 1671 4080 1819 4127; x_wconf 87' lang='lat' dir='ltr'><strong>recte</strong></span> 
     </span>
    </p>
   </div>
   <div class='ocr_carea' id='block_1_44' title="bbox 223 4158 1819 4230">
    <p class='ocr_par' dir='ltr' id='par_1_44' title="bbox 223 4158 1819 4230">
     <span class='ocr_line' id='line_1_44' title="bbox 223 4158 1819 4230; baseline 0.002 -17"><span class='ocrx_word' id='word_1_308' title='bbox 223 4159 431 4215; x_wconf 80' lang='lat' dir='ltr'><strong>sanctis</strong></span> <span class='ocrx_word' id='word_1_309' title='bbox 459 4158 719 4228; x_wconf 89' lang='lat' dir='ltr'><strong>apostolis</strong></span> <span class='ocrx_word' id='word_1_310' title='bbox 746 4168 872 4230; x_wconf 88' lang='lat' dir='ltr'><strong>post</strong></span> <span class='ocrx_word' id='word_1_311' title='bbox 900 4159 1332 4230; x_wconf 54' lang='lat' dir='ltr'><strong>praedicationem</strong></span> <span class='ocrx_word' id='word_1_312' title='bbox 1362 4159 1622 4215; x_wconf 87' lang='lat' dir='ltr'><strong>Dominus</strong></span> <span class='ocrx_word' id='word_1_313' title='bbox 1653 4161 1819 4230; x_wconf 86' lang='lat' dir='ltr'><strong>pedes</strong></span> 
     </span>
    </p>
   </div>
   <div class='ocr_carea' id='block_1_45' title="bbox 223 4247 1816 4319">
    <p class='ocr_par' dir='ltr' id='par_1_45' title="bbox 223 4247 1816 4319">
     <span class='ocr_line' id='line_1_45' title="bbox 223 4247 1816 4319; baseline 0.003 -17"><span class='ocrx_word' id='word_1_314' title='bbox 223 4248 363 4302; x_wconf 62' lang='lat' dir='ltr'><strong>lavit</strong></span> <span class='ocrx_word' id='word_1_315' title='bbox 412 4247 728 4316; x_wconf 81' lang='lat' dir='ltr'><strong>(Joan.xm,</strong></span> <span class='ocrx_word' id='word_1_316' title='bbox 763 4247 854 4318; x_wconf 91' lang='lat'><strong>5);</strong></span> <span class='ocrx_word' id='word_1_317' title='bbox 902 4257 960 4303; x_wconf 92' lang='lat' dir='ltr'><strong>ut</strong></span> <span class='ocrx_word' id='word_1_318' title='bbox 998 4249 1246 4304; x_wconf 87' lang='lat' dir='ltr'><strong>videlicet</strong></span> <span class='ocrx_word' id='word_1_319' title='bbox 1273 4256 1462 4319; x_wconf 88' lang='lat' dir='ltr'><strong>aperte</strong></span> <span class='ocrx_word' id='word_1_320' title='bbox 1493 4258 1816 4307; x_wconf 85' lang='lat' dir='ltr'><strong>monstraret</strong></span> 
     </span>
    </p>
   </div>
   <div class='ocr_carea' id='block_1_46' title="bbox 225 4339 1815 4411">
    <p class='ocr_par' dir='ltr' id='par_1_46' title="bbox 225 4339 1815 4411">
     <span class='ocr_line' id='line_1_46' title="bbox 225 4339 1815 4411; baseline 0.002 -19"><span class='ocrx_word' id='word_1_321' title='bbox 225 4340 356 4407; x_wconf 84' lang='lat' dir='ltr'><strong>quia</strong></span> <span class='ocrx_word' id='word_1_322' title='bbox 379 4339 694 4409; x_wconf 89' lang='lat' dir='ltr'><strong>plerumque</strong></span> <span class='ocrx_word' id='word_1_323' title='bbox 722 4351 777 4394; x_wconf 86' lang='lat' dir='ltr'><strong>et</strong></span> <span class='ocrx_word' id='word_1_324' title='bbox 806 4340 858 4394; x_wconf 91' lang='lat' dir='ltr'><strong>in</strong></span> <span class='ocrx_word' id='word_1_325' title='bbox 888 4340 1030 4395; x_wconf 92' lang='lat' dir='ltr'><strong>bono</strong></span> <span class='ocrx_word' id='word_1_326' title='bbox 1061 4355 1227 4409; x_wconf 88' lang='lat' dir='ltr'><strong>opere</strong></span> <span class='ocrx_word' id='word_1_327' title='bbox 1248 4341 1457 4409; x_wconf 90' lang='lat' dir='ltr'><strong>peccati</strong></span> <span class='ocrx_word' id='word_1_328' title='bbox 1487 4341 1661 4411; x_wconf 90' lang='lat' dir='ltr'><strong>pulvis</strong></span> <span class='ocrx_word' id='word_1_329' title='bbox 1688 4357 1815 4396; x_wconf 83' lang='lat' dir='ltr'><strong>con-</strong></span> 
     </span>
    </p>
   </div>
   <div class='ocr_carea' id='block_1_47' title="bbox 226 4428 1817 4499">
    <p class='ocr_par' dir='ltr' id='par_1_47' title="bbox 226 4428 1817 4499">
     <span class='ocr_line' id='line_1_47' title="bbox 226 4428 1817 4499; baseline 0.002 -16"><span class='ocrx_word' id='word_1_330' title='bbox 226 4430 483 4493; x_wconf 82' lang='lat' dir='ltr'><strong>trahitur,</strong></span> <span class='ocrx_word' id='word_1_331' title='bbox 534 4438 589 4484; x_wconf 92' lang='lat' dir='ltr'><strong>et</strong></span> <span class='ocrx_word' id='word_1_332' title='bbox 630 4428 755 4484; x_wconf 90' lang='lat' dir='ltr'><strong>inde</strong></span> <span class='ocrx_word' id='word_1_333' title='bbox 798 4429 1147 4498; x_wconf 89' lang='lat' dir='ltr'><strong>inquinantnr</strong></span> <span class='ocrx_word' id='word_1_334' title='bbox 1192 4429 1418 4499; x_wconf 88' lang='lat' dir='ltr'><strong>vestigia</strong></span> <span class='ocrx_word' id='word_1_335' title='bbox 1463 4430 1817 4499; x_wconf 90' lang='lat' dir='ltr'><strong>loquentium,</strong></span> 
     </span>
    </p>
   </div>
   <div class='ocr_carea' id='block_1_48' title="bbox 223 4518 1820 4590">
    <p class='ocr_par' dir='ltr' id='par_1_48' title="bbox 223 4518 1820 4590">
     <span class='ocr_line' id='line_1_48' title="bbox 223 4518 1820 4590; baseline 0.001 -17"><span class='ocrx_word' id='word_1_336' title='bbox 223 4519 374 4574; x_wconf 85' lang='lat' dir='ltr'><strong>unde</strong></span> <span class='ocrx_word' id='word_1_337' title='bbox 416 4519 745 4574; x_wconf 89' lang='lat' dir='ltr'><strong>audientium</strong></span> <span class='ocrx_word' id='word_1_338' title='bbox 787 4519 950 4574; x_wconf 90' lang='lat' dir='ltr'><strong>corda</strong></span> <span class='ocrx_word' id='word_1_339' title='bbox 981 4519 1330 4574; x_wconf 89' lang='lat' dir='ltr'><strong>mundantur.</strong></span> <span class='ocrx_word' id='word_1_340' title='bbox 1362 4518 1493 4574; x_wconf 89' lang='lat' dir='ltr'><strong>Nam</strong></span> <span class='ocrx_word' id='word_1_341' title='bbox 1516 4534 1659 4590; x_wconf 65' lang='lat' dir='ltr'><strong>saepe</strong></span> <span class='ocrx_word' id='word_1_342' title='bbox 1680 4536 1820 4575; x_wconf 87' lang='lat' dir='ltr'><strong>non—</strong></span> 
     </span>
    </p>
   </div>
   <div class='ocr_carea' id='block_1_49' title="bbox 226 4609 1821 4683">
    <p class='ocr_par' dir='ltr' id='par_1_49' title="bbox 226 4609 1821 4683">
     <span class='ocr_line' id='line_1_49' title="bbox 226 4609 1821 4683; baseline 0.002 -21"><span class='ocrx_word' id='word_1_343' title='bbox 226 4610 361 4663; x_wconf 90' lang='lat' dir='ltr'><strong>nulli</strong></span> <span class='ocrx_word' id='word_1_344' title='bbox 393 4610 517 4664; x_wconf 83' lang='lat' dir='ltr'><strong>dum</strong></span> <span class='ocrx_word' id='word_1_345' title='bbox 540 4610 937 4683; x_wconf 81' lang='lat' dir='ltr'><strong>exhortationis</strong></span> <span class='ocrx_word' id='word_1_346' title='bbox 966 4609 1127 4665; x_wconf 86' lang='lat' dir='ltr'><strong>verba</strong></span> <span class='ocrx_word' id='word_1_347' title='bbox 1159 4610 1380 4678; x_wconf 90' lang='lat' dir='ltr'><strong>faciunt,</strong></span> <span class='ocrx_word' id='word_1_348' title='bbox 1414 4611 1710 4680; x_wconf 87' lang='lat' dir='ltr'><strong>quamlibet</strong></span> <span class='ocrx_word' id='word_1_349' title='bbox 1738 4620 1821 4665; x_wconf 89' lang='lat' dir='ltr'><strong>te-</strong></span> 
     </span>
    </p>
   </div>
   <div class='ocr_carea' id='block_1_50' title="bbox 227 4698 1824 4769">
    <p class='ocr_par' dir='ltr' id='par_1_50' title="bbox 227 4698 1824 4769">
     <span class='ocr_line' id='line_1_50' title="bbox 227 4698 1824 4769; baseline 0 -16"><span class='ocrx_word' id='word_1_350' title='bbox 227 4699 431 4765; x_wconf 87' lang='lat' dir='ltr'><strong>nuiter,</strong></span> <span class='ocrx_word' id='word_1_351' title='bbox 462 4714 585 4754; x_wconf 89' lang='lat' dir='ltr'><strong>sese</strong></span> <span class='ocrx_word' id='word_1_352' title='bbox 631 4698 970 4764; x_wconf 88' lang='lat' dir='ltr'><strong>intrinsecus,</strong></span> <span class='ocrx_word' id='word_1_353' title='bbox 1001 4698 1126 4768; x_wconf 88' lang='lat' dir='ltr'><strong>quia</strong></span> <span class='ocrx_word' id='word_1_354' title='bbox 1174 4715 1272 4769; x_wconf 88' lang='lat' dir='ltr'><strong>per</strong></span> <span class='ocrx_word' id='word_1_355' title='bbox 1300 4698 1327 4737; x_wconf 74' lang='lat' dir='ltr'><strong>b</strong></span> <span class='ocrx_word' id='word_1_356' title='bbox 1357 4715 1452 4754; x_wconf 91' lang='lat' dir='ltr'><strong>eos</strong></span> <span class='ocrx_word' id='word_1_357' title='bbox 1490 4700 1824 4769; x_wconf 78' lang='lat' dir='ltr'><strong>purgationis</strong></span> 
     </span>
    </p>
   </div>
   <div class='ocr_carea' id='block_1_51' title="bbox 228 4788 1821 4858">
    <p class='ocr_par' dir='ltr' id='par_1_51' title="bbox 228 4788 1821 4858">
     <span class='ocr_line' id='line_1_51' title="bbox 228 4788 1821 4858; baseline 0.001 -17"><span class='ocrx_word' id='word_1_358' title='bbox 228 4789 405 4857; x_wconf 87' lang='lat' dir='ltr'><strong>gratia</strong></span> <span class='ocrx_word' id='word_1_359' title='bbox 436 4789 750 4856; x_wconf 86' lang='lat' dir='ltr'><strong>derivatur,</strong></span> <span class='ocrx_word' id='word_1_360' title='bbox 794 4788 1093 4853; x_wconf 81' lang='lat' dir='ltr'><strong>extollunt;</strong></span> <span class='ocrx_word' id='word_1_361' title='bbox 1147 4803 1377 4858; x_wconf 89' lang='lat' dir='ltr'><strong>cumque</strong></span> <span class='ocrx_word' id='word_1_362' title='bbox 1428 4790 1592 4844; x_wconf 90' lang='lat' dir='ltr'><strong>verbo</strong></span> <span class='ocrx_word' id='word_1_363' title='bbox 1644 4788 1821 4844; x_wconf 89' lang='lat' dir='ltr'><strong>aliena</strong></span> 
     </span>
    </p>
   </div>
   <div class='ocr_carea' id='block_1_52' title="bbox 228 4878 1822 4950">
    <p class='ocr_par' dir='ltr' id='par_1_52' title="bbox 228 4878 1822 4950">
     <span class='ocr_line' id='line_1_52' title="bbox 228 4878 1822 4950; baseline -0.001 -16"><span class='ocrx_word' id='word_1_364' title='bbox 228 4894 399 4950; x_wconf 82' lang='lat' dir='ltr'><strong>Opera</strong></span> <span class='ocrx_word' id='word_1_365' title='bbox 431 4879 661 4943; x_wconf 90' lang='lat' dir='ltr'><strong>diluunt,</strong></span> <span class='ocrx_word' id='word_1_366' title='bbox 690 4879 843 4948; x_wconf 89' lang='lat' dir='ltr'><strong>quasi</strong></span> <span class='ocrx_word' id='word_1_367' title='bbox 874 4895 939 4933; x_wconf 82' lang='lat' dir='ltr'><strong>ex</strong></span> <span class='ocrx_word' id='word_1_368' title='bbox 968 4881 1112 4934; x_wconf 90' lang='lat' dir='ltr'><strong>bono</strong></span> <span class='ocrx_word' id='word_1_369' title='bbox 1142 4879 1335 4935; x_wconf 88' lang='lat' dir='ltr'><strong>itinere</strong></span> <span class='ocrx_word' id='word_1_370' title='bbox 1363 4878 1639 4949; x_wconf 87' lang='lat' dir='ltr'><strong>pulverem</strong></span> <span class='ocrx_word' id='word_1_371' title='bbox 1667 4878 1822 4934; x_wconf 63' lang='lat' dir='ltr'><strong>malae</strong></span> 
     </span>
    </p>
   </div>
   <div class='ocr_carea' id='block_1_53' title="bbox 231 4972 1820 5044">
    <p class='ocr_par' dir='ltr' id='par_1_53' title="bbox 231 4972 1820 5044">
     <span class='ocr_line' id='line_1_53' title="bbox 231 4972 1820 5044; baseline -0.001 -15"><span class='ocrx_word' id='word_1_372' title='bbox 231 4975 582 5044; x_wconf 84' lang='lat' dir='ltr'><strong>cogitationis</strong></span> <span class='ocrx_word' id='word_1_373' title='bbox 610 4981 850 5029; x_wconf 90' lang='lat' dir='ltr'><strong>sumunt.</strong></span> <span class='ocrx_word' id='word_1_374' title='bbox 882 4972 1021 5039; x_wconf 85' lang='lat' dir='ltr'><strong>Quid</strong></span> <span class='ocrx_word' id='word_1_375' title='bbox 1061 4986 1191 5042; x_wconf 83' lang='lat' dir='ltr'><strong>ergo</strong></span> <span class='ocrx_word' id='word_1_376' title='bbox 1212 4972 1313 5026; x_wconf 87' lang='lat' dir='ltr'><strong>fuit</strong></span> <span class='ocrx_word' id='word_1_377' title='bbox 1333 4980 1457 5043; x_wconf 89' lang='lat' dir='ltr'><strong>post</strong></span> <span class='ocrx_word' id='word_1_378' title='bbox 1478 4972 1820 5042; x_wconf 80' lang='lat' dir='ltr'><strong>praedicatio-</strong></span> 
     </span>
    </p>
   </div>
   <div class='ocr_carea' id='block_1_54' title="bbox 230 5065 1819 5139">
    <p class='ocr_par' dir='ltr' id='par_1_54' title="bbox 230 5065 1819 5139">
     <span class='ocr_line' id='line_1_54' title="bbox 230 5065 1819 5139; baseline -0.002 -16"><span class='ocrx_word' id='word_1_379' title='bbox 230 5081 358 5123; x_wconf 83' lang='lat' dir='ltr'><strong>nem</strong></span> <span class='ocrx_word' id='word_1_380' title='bbox 378 5067 545 5139; x_wconf 86' lang='lat' dir='ltr'><strong>pedes</strong></span> <span class='ocrx_word' id='word_1_381' title='bbox 569 5068 954 5138; x_wconf 89' lang='lat' dir='ltr'><strong>discipulorum</strong></span> <span class='ocrx_word' id='word_1_382' title='bbox 982 5065 1183 5131; x_wconf 86' lang='lat' dir='ltr'><strong>lavare,</strong></span> <span class='ocrx_word' id='word_1_383' title='bbox 1208 5066 1308 5121; x_wconf 88' lang='lat' dir='ltr'><strong>nisi</strong></span> <span class='ocrx_word' id='word_1_384' title='bbox 1337 5074 1459 5137; x_wconf 91' lang='lat' dir='ltr'><strong>post</strong></span> <span class='ocrx_word' id='word_1_385' title='bbox 1481 5065 1819 5136; x_wconf 67' lang='lat' dir='ltr'><strong>praedicatio-</strong></span> 
     </span>
    </p>
   </div>
   <div class='ocr_carea' id='block_1_55' title="bbox 305 5237 1824 5312">
    <p class='ocr_par' dir='ltr' id='par_1_55' title="bbox 305 5237 1824 5312">
     <span class='ocr_line' id='line_1_55' title="bbox 305 5237 1824 5312; baseline -0.002 -17"><span class='ocrx_word' id='word_1_386' title='bbox 305 5252 333 5280; x_wconf 79' lang='grc' dir='ltr'>ι</span> <span class='ocrx_word' id='word_1_387' title='bbox 362 5242 388 5295; x_wconf 83' lang='lat' dir='ltr'><strong>l</strong></span> <span class='ocrx_word' id='word_1_388' title='bbox 421 5242 613 5312; x_wconf 90' lang='lat' dir='ltr'><strong>Corb.,</strong></span> <span class='ocrx_word' id='word_1_389' title='bbox 654 5241 905 5307; x_wconf 85' lang='lat' dir='ltr'><strong>Vindoc.,</strong></span> <span class='ocrx_word' id='word_1_390' title='bbox 936 5238 1179 5307; x_wconf 86' lang='lat' dir='ltr'><strong>Ebroic.,</strong></span> <span class='ocrx_word' id='word_1_391' title='bbox 1224 5237 1388 5302; x_wconf 85' lang='lat' dir='ltr'><strong>Utic.,</strong></span> <span class='ocrx_word' id='word_1_392' title='bbox 1435 5246 1490 5293; x_wconf 86' lang='lat' dir='ltr'><strong>et</strong></span> <span class='ocrx_word' id='word_1_393' title='bbox 1518 5238 1612 5304; x_wconf 89' lang='lat' dir='ltr'><strong>al.,</strong></span> <span class='ocrx_word' id='word_1_394' title='bbox 1648 5242 1733 5308; x_wconf 86' lang='lat' dir='ltr'><strong>qui</strong></span> <span class='ocrx_word' id='word_1_395' title='bbox 1760 5255 1824 5292; x_wconf 78' lang='lat' dir='ltr'><strong>ea:</strong></span> 
     </span>
    </p>
   </div>
   <div class='ocr_carea' id='block_1_56' title="bbox 229 5314 1823 5449">
    <p class='ocr_par' dir='ltr' id='par_1_56' title="bbox 229 5314 1823 5449">
     <span class='ocr_line' id='line_1_56' title="bbox 229 5314 568 5381; baseline 0 -13"><span class='ocrx_word' id='word_1_396' title='bbox 229 5329 290 5368; x_wconf 69' lang='lat' dir='ltr'><strong>se</strong></span> <span class='ocrx_word' id='word_1_397' title='bbox 317 5314 568 5381; x_wconf 84' lang='lat' dir='ltr'><strong>procedit.</strong></span> 
     </span>
     <span class='ocr_line' id='line_1_57' title="bbox 308 5378 1823 5449; baseline -0.004 -12"><span class='ocrx_word' id='word_1_398' title='bbox 308 5382 334 5421; x_wconf 70' lang='grc' dir='ltr'>δ</span> <span class='ocrx_word' id='word_1_399' title='bbox 364 5383 441 5437; x_wconf 89' lang='lat' dir='ltr'><strong>Ita</strong></span> <span class='ocrx_word' id='word_1_400' title='bbox 471 5383 598 5437; x_wconf 78' lang='lat' dir='ltr'><strong>Mss.</strong></span> <span class='ocrx_word' id='word_1_401' title='bbox 632 5379 841 5449; x_wconf 84' lang='lat' dir='ltr'><strong>Anglic.</strong></span> <span class='ocrx_word' id='word_1_402' title='bbox 884 5387 940 5449; x_wconf 84' lang='lat' dir='ltr'><strong>et</strong></span> <span class='ocrx_word' id='word_1_403' title='bbox 964 5379 1309 5449; x_wconf 15' lang='lat' dir='ltr'><strong>pleriquerex</strong></span> <span class='ocrx_word' id='word_1_404' title='bbox 1339 5378 1693 5449; x_wconf 82' lang='lat' dir='ltr'><strong>nostris,nec</strong></span> <span class='ocrx_word' id='word_1_405' title='bbox 1716 5394 1823 5431; x_wconf 92' lang='lat' dir='ltr'><strong>non</strong></span> 
     </span>
    </p>
   </div>
   <div class='ocr_carea' id='block_1_57' title="bbox 231 5448 1819 5517">
    <p class='ocr_par' dir='ltr' id='par_1_57' title="bbox 231 5448 1819 5517">
     <span class='ocr_line' id='line_1_58' title="bbox 231 5448 1819 5517; baseline -0.005 -10"><span class='ocrx_word' id='word_1_406' title='bbox 231 5467 346 5507; x_wconf 78' lang='lat' dir='ltr'><strong>vet.</strong></span> <span class='ocrx_word' id='word_1_407' title='bbox 396 5451 536 5505; x_wconf 87' lang='lat' dir='ltr'><strong>Edit.</strong></span> <span class='ocrx_word' id='word_1_408' title='bbox 592 5448 740 5505; x_wconf 85' lang='lat' dir='ltr'><strong>Unus</strong></span> <span class='ocrx_word' id='word_1_409' title='bbox 776 5465 844 5503; x_wconf 88' lang='lat' dir='ltr'><strong>ex</strong></span> <span class='ocrx_word' id='word_1_410' title='bbox 889 5448 1176 5503; x_wconf 83' lang='lat' dir='ltr'><strong>Vindocin.</strong></span> <span class='ocrx_word' id='word_1_411' title='bbox 1221 5448 1402 5512; x_wconf 87' lang='lat' dir='ltr'><strong>habet,</strong></span> <span class='ocrx_word' id='word_1_412' title='bbox 1436 5448 1819 5517; x_wconf 72' lang='lat' dir='ltr'><strong>pra’dicutionis</strong></span> 
     </span>
    </p>
   </div>
   <div class='ocr_carea' id='block_1_58' title="bbox 269 5517 1820 5586">
    <p class='ocr_par' dir='ltr' id='par_1_58' title="bbox 269 5517 1820 5586">
     <span class='ocr_line' id='line_1_59' title="bbox 269 5517 1820 5586; baseline -0.005 -11"><span class='ocrx_word' id='word_1_413' title='bbox 269 5522 429 5575; x_wconf 83' lang='lat' dir='ltr'><strong>ratio.</strong></span> <span class='ocrx_word' id='word_1_414' title='bbox 477 5521 557 5575; x_wconf 87' lang='lat' dir='ltr'><strong>Ita</strong></span> <span class='ocrx_word' id='word_1_415' title='bbox 600 5521 766 5574; x_wconf 87' lang='lat' dir='ltr'><strong>etiam</strong></span> <span class='ocrx_word' id='word_1_416' title='bbox 795 5518 1009 5574; x_wconf 77' lang='lat' dir='ltr'><strong>Belvac.</strong></span> <span class='ocrx_word' id='word_1_417' title='bbox 1063 5517 1237 5572; x_wconf 82' lang='lat' dir='ltr'><strong>Verba</strong></span> <span class='ocrx_word' id='word_1_418' title='bbox 1275 5517 1554 5586; x_wconf 88' lang='lat' dir='ltr'><strong>sequentia</strong></span> <span class='ocrx_word' id='word_1_419' title='bbox 1586 5517 1820 5586; x_wconf 71' lang='lat' dir='ltr'><strong>priorem</strong></span> 
     </span>
    </p>
   </div>
   <div class='ocr_carea' id='block_1_59' title="bbox 256 5584 1825 5659">
    <p class='ocr_par' dir='ltr' id='par_1_59' title="bbox 256 5584 1825 5659">
     <span class='ocr_line' id='line_1_60' title="bbox 256 5584 1825 5659; baseline -0.004 -14"><span class='ocrx_word' id='word_1_420' title='bbox 256 5592 525 5646; x_wconf 89' lang='lat' dir='ltr'><strong>ectionem</strong></span> <span class='ocrx_word' id='word_1_421' title='bbox 572 5587 958 5659; x_wconf 65' lang='lat' dir='ltr'><strong>puerei-endam</strong></span> <span class='ocrx_word' id='word_1_422' title='bbox 1010 5587 1238 5659; x_wconf 86' lang='lat' dir='ltr'><strong>suadere</strong></span> <span class='ocrx_word' id='word_1_423' title='bbox 1268 5584 1561 5659; x_wconf 65' lang='lat' dir='ltr'><strong>videntur;</strong></span> <span class='ocrx_word' id='word_1_424' title='bbox 1588 5584 1825 5659; x_wconf 69' lang='lat' dir='ltr'><strong>Cumque</strong></span> 
     </span>
    </p>
   </div>
   <div class='ocr_carea' id='block_1_60' title="bbox 233 5655 1823 5727">
    <p class='ocr_par' dir='ltr' id='par_1_60' title="bbox 233 5655 1823 5727">
     <span class='ocr_line' id='line_1_61' title="bbox 233 5655 1823 5727; baseline -0.004 -13"><span class='ocrx_word' id='word_1_425' title='bbox 233 5661 386 5714; x_wconf 82' lang='lat' dir='ltr'><strong>verba</strong></span> <span class='ocrx_word' id='word_1_426' title='bbox 425 5655 597 5714; x_wconf 76' lang='lat' dir='ltr'><strong>aliena</strong></span> <span class='ocrx_word' id='word_1_427' title='bbox 623 5675 780 5727; x_wconf 87' lang='lat' dir='ltr'><strong>opera</strong></span> <span class='ocrx_word' id='word_1_428' title='bbox 810 5657 1030 5721; x_wconf 83' lang='lat' dir='ltr'><strong>diluunt,</strong></span> <span class='ocrx_word' id='word_1_429' title='bbox 1060 5658 1208 5726; x_wconf 88' lang='lat' dir='ltr'><strong>quasi</strong></span> <span class='ocrx_word' id='word_1_430' title='bbox 1231 5673 1294 5710; x_wconf 84' lang='lat' dir='ltr'><strong>ea:</strong></span> <span class='ocrx_word' id='word_1_431' title='bbox 1323 5655 1455 5709; x_wconf 88' lang='lat' dir='ltr'><strong>bono</strong></span> <span class='ocrx_word' id='word_1_432' title='bbox 1483 5657 1668 5709; x_wconf 87' lang='lat' dir='ltr'><strong>itinere</strong></span> <span class='ocrx_word' id='word_1_433' title='bbox 1708 5655 1823 5724; x_wconf 79' lang='lat' dir='ltr'><strong>pul-</strong></span> 
     </span>
    </p>
   </div>
   <div class='ocr_carea' id='block_1_61' title="bbox 237 5727 1598 5798">
    <p class='ocr_par' dir='ltr' id='par_1_61' title="bbox 237 5727 1598 5798">
     <span class='ocr_line' id='line_1_62' title="bbox 237 5727 1598 5798; baseline 0.011 -15"><span class='ocrx_word' id='word_1_434' title='bbox 237 5747 404 5784; x_wconf 77' lang='lat' dir='ltr'><strong>verem</strong></span> <span class='ocrx_word' id='word_1_435' title='bbox 434 5730 588 5783; x_wconf 77' lang='lat' dir='ltr'><strong>mqu</strong></span> <span class='ocrx_word' id='word_1_436' title='bbox 616 5727 946 5798; x_wconf 75' lang='lat' dir='ltr'><strong>cogitationis</strong></span> <span class='ocrx_word' id='word_1_437' title='bbox 967 5736 1251 5798; x_wconf 72' lang='lat' dir='ltr'><strong>sitntunt_-___</strong></span> <span class='ocrx_word' id='word_1_438' title='bbox 1335 5793 1370 5798; x_wconf 89' lang='lat'>_</span> <span class='ocrx_word' id='word_1_439' title='bbox 1442 5792 1475 5798; x_wconf 56' lang='lat'><strong>-_</strong></span> 
     </span>
    </p>
   </div>
   <div class='ocr_carea' id='block_1_62' title="bbox 313 5791 1827 5861">
    <p class='ocr_par' dir='ltr' id='par_1_62' title="bbox 313 5791 1827 5861">
     <span class='ocr_line' id='line_1_63' title="bbox 313 5791 1827 5861; baseline -0.005 -6"><span class='ocrx_word' id='word_1_440' title='bbox 313 5814 335 5839; x_wconf 73' lang='grc' dir='ltr'><em>ε</em></span> <span class='ocrx_word' id='word_1_441' title='bbox 375 5800 464 5855; x_wconf 86' lang='lat' dir='ltr'><strong>Sic</strong></span> <span class='ocrx_word' id='word_1_442' title='bbox 491 5791 823 5855; x_wconf 58' lang='lat' dir='ltr'><strong>ornues&#39;lllss.</strong></span> <span class='ocrx_word' id='word_1_443' title='bbox 848 5796 1036 5851; x_wconf 87' lang='lat' dir='ltr'><strong>nostri.</strong></span> <span class='ocrx_word' id='word_1_444' title='bbox 1070 5797 1135 5849; x_wconf 84' lang='lat' dir='ltr'><strong>At</strong></span> <span class='ocrx_word' id='word_1_445' title='bbox 1157 5795 1301 5851; x_wconf 85' lang='lat' dir='ltr'><strong>Edit.</strong></span> <span class='ocrx_word' id='word_1_446' title='bbox 1335 5792 1498 5850; x_wconf 85' lang='lat' dir='ltr'><strong>Basil.</strong></span> <span class='ocrx_word' id='word_1_447' title='bbox 1535 5791 1695 5861; x_wconf 65' lang='lat' dir='ltr'><strong>15H,</strong></span> <span class='ocrx_word' id='word_1_448' title='bbox 1724 5791 1827 5847; x_wconf 62' lang='grc' dir='ltr'><strong>Ινδ-</strong></span> 
     </span>
    </p>
   </div>
   <div class='ocr_carea' id='block_1_63' title="bbox 1897 572 3484 637">
    <p class='ocr_par' dir='ltr' id='par_1_63' title="bbox 1897 572 3484 637">
     <span class='ocr_line' id='line_1_64' title="bbox 1897 572 3484 637; baseline 0.01 -16"><span class='ocrx_word' id='word_1_449' title='bbox 1897 582 2097 636; x_wconf 89' lang='lat' dir='ltr'><strong>susque</strong></span> <span class='ocrx_word' id='word_1_450' title='bbox 2124 572 2303 627; x_wconf 87' lang='lat' dir='ltr'><strong>cordis</strong></span> <span class='ocrx_word' id='word_1_451' title='bbox 2326 575 2394 629; x_wconf 83' lang='lat' dir='ltr'><strong>ab</strong></span> <span class='ocrx_word' id='word_1_452' title='bbox 2422 575 2631 631; x_wconf 89' lang='lat' dir='ltr'><strong>interna</strong></span> <span class='ocrx_word' id='word_1_453' title='bbox 2661 578 2896 635; x_wconf 90' lang='lat' dir='ltr'><strong>elatione</strong></span> <span class='ocrx_word' id='word_1_454' title='bbox 2926 581 3222 636; x_wconf 85' lang='lat' dir='ltr'><strong>mundare?</strong></span> <span class='ocrx_word' id='word_1_455' title='bbox 3250 580 3360 637; x_wconf 88' lang='lat' dir='ltr'><strong>Nec</strong></span> <span class='ocrx_word' id='word_1_456' title='bbox 3382 586 3484 637; x_wconf 84' lang='lat' dir='ltr'><strong>ob-</strong></span> 
     </span>
    </p>
   </div>
   <div class='ocr_carea' id='block_1_64' title="bbox 1898 660 3482 740">
    <p class='ocr_par' dir='ltr' id='par_1_64' title="bbox 1898 660 3482 740">
     <span class='ocr_line' id='line_1_65' title="bbox 1898 660 3482 740; baseline 0.009 -29"><span class='ocrx_word' id='word_1_457' title='bbox 1898 666 2006 712; x_wconf 90' lang='lat' dir='ltr'><strong>stat</strong></span> <span class='ocrx_word' id='word_1_458' title='bbox 2034 660 2101 714; x_wconf 89' lang='lat' dir='ltr'><strong>ab</strong></span> <span class='ocrx_word' id='word_1_459' title='bbox 2130 664 2442 719; x_wconf 85' lang='lat' dir='ltr'><strong>omnimoda</strong></span> <span class='ocrx_word' id='word_1_460' title='bbox 2472 664 2785 723; x_wconf 82' lang='lat' dir='ltr'><strong>Mediatoris</strong></span> <span class='ocrx_word' id='word_1_461' title='bbox 2810 669 3033 723; x_wconf 87' lang='lat' dir='ltr'><strong>scientia</strong></span> <span class='ocrx_word' id='word_1_462' title='bbox 3076 669 3220 740; x_wconf 91' lang='lat' dir='ltr'><strong>quod</strong></span> <span class='ocrx_word' id='word_1_463' title='bbox 3249 668 3482 726; x_wconf 90' lang='lat' dir='ltr'><strong>dicitur:</strong></span> 
     </span>
    </p>
   </div>
   <div class='ocr_carea' id='block_1_65' title="bbox 1902 746 3485 828">
    <p class='ocr_par' dir='ltr' id='par_1_65' title="bbox 1902 746 3485 828">
     <span class='ocr_line' id='line_1_66' title="bbox 1902 746 3485 828; baseline 0.011 -28"><span class='ocrx_word' id='word_1_464' title='bbox 1902 746 1987 803; x_wconf 88' lang='lat' dir='ltr'><strong>Ne</strong></span> <span class='ocrx_word' id='word_1_465' title='bbox 2014 751 2165 820; x_wconf 77' lang='lat' dir='ltr'><strong>forte.</strong></span> <span class='ocrx_word' id='word_1_466' title='bbox 2202 754 2334 807; x_wconf 80' lang='lat' dir='ltr'><strong>Nam</strong></span> <span class='ocrx_word' id='word_1_467' title='bbox 2365 765 2556 811; x_wconf 89' lang='lat' dir='ltr'><strong>cuncta</strong></span> <span class='ocrx_word' id='word_1_468' title='bbox 2587 759 2794 828; x_wconf 89' lang='lat' dir='ltr'><strong>sciens,</strong></span> <span class='ocrx_word' id='word_1_469' title='bbox 2827 759 2921 815; x_wconf 88' lang='lat' dir='ltr'><strong>sed</strong></span> <span class='ocrx_word' id='word_1_470' title='bbox 2955 771 2977 799; x_wconf 71' lang='grc' dir='ltr'><em>ε</em></span> <span class='ocrx_word' id='word_1_471' title='bbox 3010 760 3066 815; x_wconf 90' lang='lat' dir='ltr'><strong>in</strong></span> <span class='ocrx_word' id='word_1_472' title='bbox 3094 761 3366 817; x_wconf 89' lang='lat' dir='ltr'><strong>locutione</strong></span> <span class='ocrx_word' id='word_1_473' title='bbox 3388 780 3485 819; x_wconf 86' lang='lat' dir='ltr'><strong>sua</strong></span> 
     </span>
    </p>
   </div>
   <div class='ocr_carea' id='block_1_66' title="bbox 1901 839 3487 924">
    <p class='ocr_par' dir='ltr' id='par_1_66' title="bbox 1901 839 3487 924">
     <span class='ocr_line' id='line_1_67' title="bbox 1901 839 3487 924; baseline 0.012 -34"><span class='ocrx_word' id='word_1_474' title='bbox 1901 839 2257 907; x_wconf 88' lang='lat' dir='ltr'><strong>ignorantiam</strong></span> <span class='ocrx_word' id='word_1_475' title='bbox 2284 854 2524 901; x_wconf 90' lang='lat' dir='ltr'><strong>nostram</strong></span> <span class='ocrx_word' id='word_1_476' title='bbox 2550 852 2868 921; x_wconf 89' lang='lat' dir='ltr'><strong>suscipiens,</strong></span> <span class='ocrx_word' id='word_1_477' title='bbox 2898 854 3005 924; x_wconf 78' lang='lat'><strong>28</strong></span> <span class='ocrx_word' id='word_1_478' title='bbox 3026 861 3187 923; x_wconf 90' lang='lat' dir='ltr'><strong>atque</strong></span> <span class='ocrx_word' id='word_1_479' title='bbox 3214 854 3339 908; x_wconf 89' lang='lat' dir='ltr'><strong>dum</strong></span> <span class='ocrx_word' id='word_1_480' title='bbox 3368 870 3487 909; x_wconf 88' lang='lat' dir='ltr'><strong>sus-</strong></span> 
     </span>
    </p>
   </div>
   <div class='ocr_carea' id='block_1_67' title="bbox 1900 929 3487 1011">
    <p class='ocr_par' dir='ltr' id='par_1_67' title="bbox 1900 929 3487 1011">
     <span class='ocr_line' id='line_1_68' title="bbox 1900 929 3487 1011; baseline 0.01 -28"><span class='ocrx_word' id='word_1_481' title='bbox 1900 929 2029 998; x_wconf 85' lang='lat' dir='ltr'><strong>cipit</strong></span> <span class='ocrx_word' id='word_1_482' title='bbox 2055 930 2276 999; x_wconf 87' lang='lat' dir='ltr'><strong>doeens,</strong></span> <span class='ocrx_word' id='word_1_483' title='bbox 2320 950 2705 1009; x_wconf 87' lang='lat' dir='ltr'><strong>nonnunquam</strong></span> <span class='ocrx_word' id='word_1_484' title='bbox 2739 942 2892 1011; x_wconf 84' lang='lat' dir='ltr'><strong>quasi</strong></span> <span class='ocrx_word' id='word_1_485' title='bbox 2937 958 3004 997; x_wconf 82' lang='lat' dir='ltr'><strong>ex</strong></span> <span class='ocrx_word' id='word_1_486' title='bbox 3050 953 3235 998; x_wconf 90' lang='lat' dir='ltr'><strong>nostra</strong></span> <span class='ocrx_word' id='word_1_487' title='bbox 3276 944 3487 999; x_wconf 86' lang='lat' dir='ltr'><strong>dubita-</strong></span> 
     </span>
    </p>
   </div>
   <div class='ocr_carea' id='block_1_68' title="bbox 1903 1018 3486 1098">
    <p class='ocr_par' dir='ltr' id='par_1_68' title="bbox 1903 1018 3486 1098">
     <span class='ocr_line' id='line_1_69' title="bbox 1903 1018 3486 1098; baseline 0.01 -28"><span class='ocrx_word' id='word_1_488' title='bbox 1903 1018 2048 1072; x_wconf 89' lang='lat' dir='ltr'><strong>tione</strong></span> <span class='ocrx_word' id='word_1_489' title='bbox 2088 1019 2347 1090; x_wconf 88' lang='lat' dir='ltr'><strong>loquitur,</strong></span> <span class='ocrx_word' id='word_1_490' title='bbox 2396 1025 2538 1080; x_wconf 91' lang='lat' dir='ltr'><strong>sicut</strong></span> <span class='ocrx_word' id='word_1_491' title='bbox 2580 1028 2713 1082; x_wconf 90' lang='lat' dir='ltr'><strong>dicit</strong></span> <span class='ocrx_word' id='word_1_492' title='bbox 2744 1047 2757 1083; x_wconf 86' lang='lat'><strong>:</strong></span> <span class='ocrx_word' id='word_1_493' title='bbox 2791 1028 2961 1085; x_wconf 85' lang='lat' dir='ltr'><strong>Filius</strong></span> <span class='ocrx_word' id='word_1_494' title='bbox 3001 1031 3222 1086; x_wconf 81' lang='lat' dir='ltr'><strong>hominis</strong></span> <span class='ocrx_word' id='word_1_495' title='bbox 3261 1034 3486 1098; x_wconf 67' lang='lat' dir='ltr'><strong>septiens,</strong></span> 
     </span>
    </p>
   </div>
   <div class='ocr_carea' id='block_1_69' title="bbox 1901 1108 3488 1192">
    <p class='ocr_par' dir='ltr' id='par_1_69' title="bbox 1901 1108 3488 1192">
     <span class='ocr_line' id='line_1_70' title="bbox 1901 1108 3488 1192; baseline 0.011 -34"><span class='ocrx_word' id='word_1_496' title='bbox 1901 1115 2071 1176; x_wconf 82' lang='lat' dir='ltr'><strong>putas,</strong></span> <span class='ocrx_word' id='word_1_497' title='bbox 2120 1108 2341 1165; x_wconf 83' lang='lat' dir='ltr'><strong>inveniet</strong></span> <span class='ocrx_word' id='word_1_498' title='bbox 2382 1114 2539 1183; x_wconf 82' lang='lat' dir='ltr'><strong>[idem</strong></span> <span class='ocrx_word' id='word_1_499' title='bbox 2568 1132 2722 1186; x_wconf 85' lang='lat' dir='ltr'><strong>super</strong></span> <span class='ocrx_word' id='word_1_500' title='bbox 2752 1124 2995 1184; x_wconf 80' lang='lat' dir='ltr'><strong>terram?</strong></span> <span class='ocrx_word' id='word_1_501' title='bbox 3033 1121 3183 1191; x_wconf 87' lang='lat' dir='ltr'><strong>(Luc.</strong></span> <span class='ocrx_word' id='word_1_502' title='bbox 3222 1138 3368 1186; x_wconf 80' lang='lat' dir='ltr'><strong>xvut,</strong></span> <span class='ocrx_word' id='word_1_503' title='bbox 3410 1123 3488 1192; x_wconf 79' lang='lat'><strong>5.)</strong></span> 
     </span>
    </p>
   </div>
   <div class='ocr_carea' id='block_1_70' title="bbox 1903 1193 3490 1280">
    <p class='ocr_par' dir='ltr' id='par_1_70' title="bbox 1903 1193 3490 1280">
     <span class='ocr_line' id='line_1_71' title="bbox 1903 1193 3490 1280; baseline 0.013 -33"><span class='ocrx_word' id='word_1_504' title='bbox 1903 1193 2143 1265; x_wconf 78' lang='lat' dir='ltr'><strong>Expletis</strong></span> <span class='ocrx_word' id='word_1_505' title='bbox 2173 1213 2303 1267; x_wconf 85' lang='lat' dir='ltr'><strong>ergo</strong></span> <span class='ocrx_word' id='word_1_506' title='bbox 2341 1202 2623 1269; x_wconf 88' lang='lat' dir='ltr'><strong>conviviis,</strong></span> <span class='ocrx_word' id='word_1_507' title='bbox 2652 1207 2975 1263; x_wconf 89' lang='lat' dir='ltr'><strong>sacriﬁcium</strong></span> <span class='ocrx_word' id='word_1_508' title='bbox 3003 1209 3104 1265; x_wconf 89' lang='lat' dir='ltr'><strong>Job</strong></span> <span class='ocrx_word' id='word_1_509' title='bbox 3134 1228 3233 1280; x_wconf 90' lang='lat' dir='ltr'><strong>pro</strong></span> <span class='ocrx_word' id='word_1_510' title='bbox 3262 1213 3379 1267; x_wconf 90' lang='lat' dir='ltr'><strong>ﬁliis</strong></span> <span class='ocrx_word' id='word_1_511' title='bbox 3408 1213 3490 1266; x_wconf 90' lang='lat' dir='ltr'><strong>of-</strong></span> 
     </span>
    </p>
   </div>
   <div class='ocr_carea' id='block_1_71' title="bbox 1902 1285 3491 1370">
    <p class='ocr_par' dir='ltr' id='par_1_71' title="bbox 1902 1285 3491 1370">
     <span class='ocr_line' id='line_1_72' title="bbox 1902 1285 3491 1370; baseline 0.011 -30"><span class='ocrx_word' id='word_1_512' title='bbox 1902 1285 2083 1342; x_wconf 85' lang='lat' dir='ltr'><strong>ferens</strong></span> <span class='ocrx_word' id='word_1_513' title='bbox 2111 1289 2325 1345; x_wconf 88' lang='lat' dir='ltr'><strong>dicebat</strong></span> <span class='ocrx_word' id='word_1_514' title='bbox 2358 1309 2371 1346; x_wconf 90' lang='lat'><strong>:</strong></span> <span class='ocrx_word' id='word_1_515' title='bbox 2408 1292 2493 1348; x_wconf 88' lang='lat' dir='ltr'><strong>Ne</strong></span> <span class='ocrx_word' id='word_1_516' title='bbox 2522 1296 2657 1365; x_wconf 81' lang='lat' dir='ltr'><strong>forte</strong></span> <span class='ocrx_word' id='word_1_517' title='bbox 2695 1300 3019 1366; x_wconf 79' lang='lat' dir='ltr'><strong>peccaverint</strong></span> <span class='ocrx_word' id='word_1_518' title='bbox 3057 1302 3155 1370; x_wconf 85' lang='lat' dir='ltr'><strong>ﬁlii</strong></span> <span class='ocrx_word' id='word_1_519' title='bbox 3183 1303 3301 1365; x_wconf 83' lang='lat' dir='ltr'><strong>mei,</strong></span> <span class='ocrx_word' id='word_1_520' title='bbox 3326 1313 3375 1356; x_wconf 89' lang='lat' dir='ltr'><strong>et</strong></span> <span class='ocrx_word' id='word_1_521' title='bbox 3404 1303 3491 1357; x_wconf 78' lang='lat' dir='ltr'><strong>bc-</strong></span> 
     </span>
    </p>
   </div>
   <div class='ocr_carea' id='block_1_72' title="bbox 1906 1379 3493 1461">
    <p class='ocr_par' dir='ltr' id='par_1_72' title="bbox 1906 1379 3493 1461">
     <span class='ocr_line' id='line_1_73' title="bbox 1906 1379 3493 1461; baseline 0.009 -30"><span class='ocrx_word' id='word_1_522' title='bbox 1906 1379 2200 1435; x_wconf 68' lang='lat' dir='ltr'><strong>nediazerint</strong></span> <span class='ocrx_word' id='word_1_523' title='bbox 2220 1380 2330 1437; x_wconf 85' lang='lat' dir='ltr'><strong>Deo</strong></span> <span class='ocrx_word' id='word_1_524' title='bbox 2352 1384 2406 1437; x_wconf 85' lang='lat' dir='ltr'><strong>in</strong></span> <span class='ocrx_word' id='word_1_525' title='bbox 2432 1384 2670 1441; x_wconf 85' lang='lat' dir='ltr'><strong>cordibus</strong></span> <span class='ocrx_word' id='word_1_526' title='bbox 2704 1389 2841 1453; x_wconf 88' lang='lat' dir='ltr'><strong>suis;</strong></span> <span class='ocrx_word' id='word_1_527' title='bbox 2881 1390 3006 1457; x_wconf 88' lang='lat' dir='ltr'><strong>quia</strong></span> <span class='ocrx_word' id='word_1_528' title='bbox 3039 1389 3366 1461; x_wconf 83' lang='lat' dir='ltr'><strong>Redemptor</strong></span> <span class='ocrx_word' id='word_1_529' title='bbox 3393 1409 3493 1446; x_wconf 82' lang='lat' dir='ltr'><strong>no-</strong></span> 
     </span>
    </p>
   </div>
   <div class='ocr_carea' id='block_1_73' title="bbox 1907 1478 3494 1552">
    <p class='ocr_par' dir='ltr' id='par_1_73' title="bbox 1907 1478 3494 1552">
     <span class='ocr_line' id='line_1_74' title="bbox 1907 1478 3494 1552; baseline 0.006 -25"><span class='ocrx_word' id='word_1_530' title='bbox 1907 1479 2019 1528; x_wconf 89' lang='lat' dir='ltr'><strong>ster</strong></span> <span class='ocrx_word' id='word_1_531' title='bbox 2046 1483 2329 1545; x_wconf 86' lang='lat' dir='ltr'><strong>postquam</strong></span> <span class='ocrx_word' id='word_1_532' title='bbox 2362 1478 2742 1547; x_wconf 78' lang='lat' dir='ltr'><strong>praedicatores</strong></span> <span class='ocrx_word' id='word_1_533' title='bbox 2770 1496 2898 1536; x_wconf 89' lang='lat' dir='ltr'><strong>suos</strong></span> <span class='ocrx_word' id='word_1_534' title='bbox 2927 1498 2956 1535; x_wconf 89' lang='lat' dir='ltr'><strong>a</strong></span> <span class='ocrx_word' id='word_1_535' title='bbox 2989 1482 3145 1539; x_wconf 90' lang='lat' dir='ltr'><strong>malis</strong></span> <span class='ocrx_word' id='word_1_536' title='bbox 3174 1483 3494 1552; x_wconf 86' lang='lat' dir='ltr'><strong>impugnan-</strong></span> 
     </span>
    </p>
   </div>
   <div class='ocr_carea' id='block_1_74' title="bbox 1908 1564 3489 1643">
    <p class='ocr_par' dir='ltr' id='par_1_74' title="bbox 1908 1564 3489 1643">
     <span class='ocr_line' id='line_1_75' title="bbox 1908 1564 3489 1643; baseline 0.007 -25"><span class='ocrx_word' id='word_1_537' title='bbox 1908 1564 2051 1621; x_wconf 89' lang='lat' dir='ltr'><strong>tibns</strong></span> <span class='ocrx_word' id='word_1_538' title='bbox 2078 1566 2254 1634; x_wconf 91' lang='lat' dir='ltr'><strong>diluit,</strong></span> <span class='ocrx_word' id='word_1_539' title='bbox 2282 1568 2442 1623; x_wconf 76' lang='lat' dir='ltr'><strong>etiam</strong></span> <span class='ocrx_word' id='word_1_540' title='bbox 2467 1570 2607 1625; x_wconf 88' lang='lat' dir='ltr'><strong>inter</strong></span> <span class='ocrx_word' id='word_1_541' title='bbox 2630 1571 2773 1627; x_wconf 89' lang='lat' dir='ltr'><strong>bona</strong></span> <span class='ocrx_word' id='word_1_542' title='bbox 2794 1587 2914 1643; x_wconf 70' lang='lat' dir='ltr'><strong>qua:</strong></span> <span class='ocrx_word' id='word_1_543' title='bbox 2939 1582 3162 1642; x_wconf 86' lang='lat' dir='ltr'><strong>egerant</strong></span> <span class='ocrx_word' id='word_1_544' title='bbox 3183 1590 3212 1629; x_wconf 91' lang='lat' dir='ltr'><strong>a</strong></span> <span class='ocrx_word' id='word_1_545' title='bbox 3237 1575 3489 1630; x_wconf 85' lang='lat' dir='ltr'><strong>tentatio-</strong></span> 
     </span>
    </p>
   </div>
   <div class='ocr_carea' id='block_1_75' title="bbox 1910 1653 2673 1729">
    <p class='ocr_par' dir='ltr' id='par_1_75' title="bbox 1910 1653 2673 1729">
     <span class='ocr_line' id='line_1_76' title="bbox 1910 1653 2673 1729; baseline 0.01 -22"><span class='ocrx_word' id='word_1_546' title='bbox 1910 1653 2067 1709; x_wconf 86' lang='lat' dir='ltr'><strong>nibus</strong></span> <span class='ocrx_word' id='word_1_547' title='bbox 2094 1653 2349 1711; x_wconf 79' lang='lat' dir='ltr'><strong>defendit.</strong></span> <span class='ocrx_word' id='word_1_548' title='bbox 2379 1659 2673 1729; x_wconf 86' lang='lat' dir='ltr'><strong>Sequitur:</strong></span> 
     </span>
    </p>
   </div>
   <div class='ocr_carea' id='block_1_76' title="bbox 2117 1785 3287 1868">
    <p class='ocr_par' dir='ltr' id='par_1_76' title="bbox 2117 1785 3287 1868">
     <span class='ocr_line' id='line_1_77' title="bbox 2117 1785 3287 1868; baseline 0.009 -27"><span class='ocrx_word' id='word_1_549' title='bbox 2117 1785 2347 1845; x_wconf 82' lang='lat' dir='ltr'><strong>CAPUT</strong></span> <span class='ocrx_word' id='word_1_550' title='bbox 2375 1790 2541 1847; x_wconf 82' lang='lat' dir='ltr'><strong>XXIV</strong></span> <span class='ocrx_word' id='word_1_551' title='bbox 2566 1791 2711 1864; x_wconf 87' lang='lat' dir='ltr'><strong>[Vet.</strong></span> <span class='ocrx_word' id='word_1_552' title='bbox 2739 1794 2972 1860; x_wconf 78' lang='lat' dir='ltr'><strong>XXIV;</strong></span> <span class='ocrx_word' id='word_1_553' title='bbox 3002 1796 3126 1851; x_wconf 87' lang='lat' dir='ltr'><strong>Rec.</strong></span> <span class='ocrx_word' id='word_1_554' title='bbox 3166 1795 3287 1868; x_wconf 80' lang='lat' dir='ltr'><strong>IX].</strong></span> 
     </span>
    </p>
   </div>
   <div class='ocr_carea' id='block_1_77' title="bbox 1986 1899 3148 1974">
    <p class='ocr_par' dir='ltr' id='par_1_77' title="bbox 1986 1899 3148 1974">
     <span class='ocr_line' id='line_1_78' title="bbox 1986 1899 3148 1974; baseline 0.007 -21"><span class='ocrx_word' id='word_1_555' title='bbox 1986 1899 2040 1954; x_wconf 77' lang='lat' dir='ltr'><strong>In</strong></span> <span class='ocrx_word' id='word_1_556' title='bbox 2060 1917 2112 1955; x_wconf 77' lang='grc' dir='ltr'><strong>ι).</strong></span> <span class='ocrx_word' id='word_1_557' title='bbox 2143 1933 2216 1945; x_wconf 94' lang='grc'><strong>-</strong></span> <span class='ocrx_word' id='word_1_558' title='bbox 2242 1902 2332 1956; x_wconf 84' lang='lat' dir='ltr'><strong>Sic</strong></span> <span class='ocrx_word' id='word_1_559' title='bbox 2354 1903 2574 1974; x_wconf 73' lang='lat' dir='ltr'><strong>faciebat</strong></span> <span class='ocrx_word' id='word_1_560' title='bbox 2599 1904 2698 1959; x_wconf 89' lang='lat' dir='ltr'><strong>Job</strong></span> <span class='ocrx_word' id='word_1_561' title='bbox 2727 1909 2923 1960; x_wconf 87' lang='lat' dir='ltr'><strong>cunctis</strong></span> <span class='ocrx_word' id='word_1_562' title='bbox 2952 1907 3148 1962; x_wconf 87' lang='lat' dir='ltr'><strong>diebus.</strong></span> 
     </span>
    </p>
   </div>
   <div class='ocr_carea' id='block_1_78' title="bbox 1985 1992 3495 2070">
    <p class='ocr_par' dir='ltr' id='par_1_78' title="bbox 1985 1992 3495 2070">
     <span class='ocr_line' id='line_1_79' title="bbox 1985 1992 3495 2070; baseline 0.005 -23"><span class='ocrx_word' id='word_1_563' title='bbox 1985 1992 2073 2048; x_wconf 66' lang='lat'><strong>52.</strong></span> <span class='ocrx_word' id='word_1_564' title='bbox 2108 1993 2482 2049; x_wconf 84' lang='lat' dir='ltr'><strong>Holocaustum</strong></span> <span class='ocrx_word' id='word_1_565' title='bbox 2510 1996 2553 2066; x_wconf 66' lang='grc' dir='ltr'><strong>ζα</strong></span> <span class='ocrx_word' id='word_1_566' title='bbox 2593 1995 2793 2053; x_wconf 88' lang='lat' dir='ltr'><strong>Christo</strong></span> <span class='ocrx_word' id='word_1_567' title='bbox 2822 2016 2917 2069; x_wconf 88' lang='lat' dir='ltr'><strong>pro</strong></span> <span class='ocrx_word' id='word_1_568' title='bbox 2957 1998 3104 2054; x_wconf 87' lang='lat' dir='ltr'><strong>nobis</strong></span> <span class='ocrx_word' id='word_1_569' title='bbox 3127 2000 3322 2070; x_wconf 81' lang='lat' dir='ltr'><strong>jugiter</strong></span> <span class='ocrx_word' id='word_1_570' title='bbox 3349 2000 3495 2054; x_wconf 85' lang='lat' dir='ltr'><strong>obla-</strong></span> 
     </span>
    </p>
   </div>
   <div class='ocr_carea' id='block_1_79' title="bbox 1914 2083 3496 2145">
    <p class='ocr_par' dir='ltr' id='par_1_79' title="bbox 1914 2083 3496 2145">
     <span class='ocr_line' id='line_1_80' title="bbox 1914 2083 3496 2145; baseline 0.005 -8"><span class='ocrx_word' id='word_1_571' title='bbox 1914 2091 2041 2137; x_wconf 89' lang='lat' dir='ltr'><strong>tum.</strong></span> <span class='ocrx_word' id='word_1_572' title='bbox 2074 2083 2293 2141; x_wconf 88' lang='lat' dir='ltr'><strong>Cunctis</strong></span> <span class='ocrx_word' id='word_1_573' title='bbox 2329 2085 2519 2141; x_wconf 80' lang='lat' dir='ltr'><strong>diebus</strong></span> <span class='ocrx_word' id='word_1_574' title='bbox 2544 2087 2646 2142; x_wconf 83' lang='lat' dir='ltr'><strong>Job</strong></span> <span class='ocrx_word' id='word_1_575' title='bbox 2674 2090 2993 2145; x_wconf 89' lang='lat' dir='ltr'><strong>sacriﬁcium</strong></span> <span class='ocrx_word' id='word_1_576' title='bbox 3022 2089 3217 2145; x_wconf 81' lang='lat' dir='ltr'><strong>otl&#39;erre</strong></span> <span class='ocrx_word' id='word_1_577' title='bbox 3242 2106 3347 2144; x_wconf 91' lang='lat' dir='ltr'><strong>non</strong></span> <span class='ocrx_word' id='word_1_578' title='bbox 3377 2106 3496 2145; x_wconf 87' lang='lat' dir='ltr'><strong>ces-</strong></span> 
     </span>
    </p>
   </div>
   <div class='ocr_carea' id='block_1_80' title="bbox 1913 2173 3496 2247">
    <p class='ocr_par' dir='ltr' id='par_1_80' title="bbox 1913 2173 3496 2247">
     <span class='ocr_line' id='line_1_81' title="bbox 1913 2173 3496 2247; baseline 0.005 -23"><span class='ocrx_word' id='word_1_579' title='bbox 1913 2179 2029 2235; x_wconf 90' lang='lat' dir='ltr'><strong>sat;</strong></span> <span class='ocrx_word' id='word_1_580' title='bbox 2060 2173 2185 2241; x_wconf 90' lang='lat' dir='ltr'><strong>quia</strong></span> <span class='ocrx_word' id='word_1_581' title='bbox 2215 2173 2333 2227; x_wconf 90' lang='lat' dir='ltr'><strong>sine</strong></span> <span class='ocrx_word' id='word_1_582' title='bbox 2371 2174 2769 2231; x_wconf 88' lang='lat' dir='ltr'><strong>intermissione</strong></span> <span class='ocrx_word' id='word_1_583' title='bbox 2800 2193 2897 2247; x_wconf 92' lang='lat' dir='ltr'><strong>pro</strong></span> <span class='ocrx_word' id='word_1_584' title='bbox 2935 2178 3088 2233; x_wconf 90' lang='lat' dir='ltr'><strong>nobis</strong></span> <span class='ocrx_word' id='word_1_585' title='bbox 3122 2178 3496 2234; x_wconf 90' lang='lat' dir='ltr'><strong>holocaustum</strong></span> 
     </span>
    </p>
   </div>
   <div class='ocr_carea' id='block_1_81' title="bbox 1888 2259 3497 2334">
    <p class='ocr_par' dir='ltr' id='par_1_81' title="bbox 1888 2259 3497 2334">
     <span class='ocr_line' id='line_1_82' title="bbox 1888 2259 3497 2334; baseline 0.006 -19"><span class='ocrx_word' id='word_1_586' title='bbox 1888 2259 2245 2330; x_wconf 85' lang='lat' dir='ltr'><strong>.Redemptor</strong></span> <span class='ocrx_word' id='word_1_587' title='bbox 2270 2262 2537 2330; x_wconf 89' lang='lat' dir='ltr'><strong>immolat,</strong></span> <span class='ocrx_word' id='word_1_588' title='bbox 2560 2266 2650 2334; x_wconf 91' lang='lat' dir='ltr'><strong>qui</strong></span> <span class='ocrx_word' id='word_1_589' title='bbox 2679 2267 2797 2321; x_wconf 87' lang='lat' dir='ltr'><strong>sine</strong></span> <span class='ocrx_word' id='word_1_590' title='bbox 2838 2266 3143 2323; x_wconf 88' lang='lat' dir='ltr'><strong>cessatione</strong></span> <span class='ocrx_word' id='word_1_591' title='bbox 3174 2268 3319 2324; x_wconf 86' lang='lat' dir='ltr'><strong>Patri</strong></span> <span class='ocrx_word' id='word_1_592' title='bbox 3347 2286 3497 2325; x_wconf 88' lang='lat' dir='ltr'><strong>suam</strong></span> 
     </span>
    </p>
   </div>
   <div class='ocr_carea' id='block_1_82' title="bbox 1916 2351 3501 2427">
    <p class='ocr_par' dir='ltr' id='par_1_82' title="bbox 1916 2351 3501 2427">
     <span class='ocr_line' id='line_1_83' title="bbox 1916 2351 3501 2427; baseline 0.005 -23"><span class='ocrx_word' id='word_1_593' title='bbox 1916 2366 2015 2420; x_wconf 90' lang='lat' dir='ltr'><strong>pro</strong></span> <span class='ocrx_word' id='word_1_594' title='bbox 2065 2352 2220 2405; x_wconf 80' lang='lat' dir='ltr'><strong>nobis</strong></span> <span class='ocrx_word' id='word_1_595' title='bbox 2266 2351 2688 2409; x_wconf 89' lang='lat' dir='ltr'><strong>incarnationem</strong></span> <span class='ocrx_word' id='word_1_596' title='bbox 2738 2354 3090 2410; x_wconf 91' lang='lat' dir='ltr'><strong>demonstrat.</strong></span> <span class='ocrx_word' id='word_1_597' title='bbox 3146 2356 3264 2426; x_wconf 87' lang='lat' dir='ltr'><strong>Ipsa</strong></span> <span class='ocrx_word' id='word_1_598' title='bbox 3304 2359 3501 2427; x_wconf 83' lang='lat' dir='ltr'><strong>quippe</strong></span> 
     </span>
    </p>
   </div>
   <div class='ocr_carea' id='block_1_83' title="bbox 1915 2441 3501 2516">
    <p class='ocr_par' dir='ltr' id='par_1_83' title="bbox 1915 2441 3501 2516">
     <span class='ocr_line' id='line_1_84' title="bbox 1915 2441 3501 2516; baseline 0.004 -20"><span class='ocrx_word' id='word_1_599' title='bbox 1915 2441 2033 2511; x_wconf 87' lang='lat' dir='ltr'><strong>ejus</strong></span> <span class='ocrx_word' id='word_1_600' title='bbox 2078 2442 2377 2497; x_wconf 87' lang='lat' dir='ltr'><strong>incarnatio</strong></span> <span class='ocrx_word' id='word_1_601' title='bbox 2428 2452 2627 2499; x_wconf 74' lang='lat' dir='ltr'><strong>nostra:</strong></span> <span class='ocrx_word' id='word_1_602' title='bbox 2681 2445 3080 2501; x_wconf 81' lang='lat' dir='ltr'><strong>emundationis</strong></span> <span class='ocrx_word' id='word_1_603' title='bbox 3126 2446 3329 2501; x_wconf 90' lang='lat' dir='ltr'><strong>oblatio</strong></span> <span class='ocrx_word' id='word_1_604' title='bbox 3378 2456 3501 2516; x_wconf 88' lang='lat' dir='ltr'><strong>est;</strong></span> 
     </span>
    </p>
   </div>
   <div class='ocr_carea' id='block_1_84' title="bbox 1916 2535 3504 2602">
    <p class='ocr_par' dir='ltr' id='par_1_84' title="bbox 1916 2535 3504 2602">
     <span class='ocr_line' id='line_1_85' title="bbox 1916 2535 3504 2602; baseline 0.001 -13"><span class='ocrx_word' id='word_1_605' title='bbox 1916 2549 2147 2602; x_wconf 91' lang='lat' dir='ltr'><strong>cumque</strong></span> <span class='ocrx_word' id='word_1_606' title='bbox 2168 2550 2226 2588; x_wconf 90' lang='lat' dir='ltr'><strong>se</strong></span> <span class='ocrx_word' id='word_1_607' title='bbox 2257 2535 2531 2589; x_wconf 88' lang='lat' dir='ltr'><strong>hominem</strong></span> <span class='ocrx_word' id='word_1_608' title='bbox 2562 2536 2821 2600; x_wconf 91' lang='lat' dir='ltr'><strong>ostendit,</strong></span> <span class='ocrx_word' id='word_1_609' title='bbox 2850 2536 3045 2592; x_wconf 88' lang='lat' dir='ltr'><strong>delicta</strong></span> <span class='ocrx_word' id='word_1_610' title='bbox 3075 2537 3308 2592; x_wconf 85' lang='lat' dir='ltr'><strong>hominis</strong></span> <span class='ocrx_word' id='word_1_611' title='bbox 3337 2538 3504 2593; x_wconf 89' lang='lat' dir='ltr'><strong>inter-</strong></span> 
     </span>
    </p>
   </div>
   <div class='ocr_carea' id='block_1_85' title="bbox 1916 2624 3503 2699">
    <p class='ocr_par' dir='ltr' id='par_1_85' title="bbox 1916 2624 3503 2699">
     <span class='ocr_line' id='line_1_86' title="bbox 1916 2624 3503 2699; baseline 0.003 -20"><span class='ocrx_word' id='word_1_612' title='bbox 1916 2625 2140 2679; x_wconf 89' lang='lat' dir='ltr'><strong>veniens</strong></span> <span class='ocrx_word' id='word_1_613' title='bbox 2167 2624 2341 2679; x_wconf 90' lang='lat' dir='ltr'><strong>diluit.</strong></span> <span class='ocrx_word' id='word_1_614' title='bbox 2369 2624 2438 2679; x_wconf 87' lang='lat' dir='ltr'><strong>Et</strong></span> <span class='ocrx_word' id='word_1_615' title='bbox 2465 2626 2820 2682; x_wconf 88' lang='lat' dir='ltr'><strong>humanitatis</strong></span> <span class='ocrx_word' id='word_1_616' title='bbox 2848 2644 2957 2682; x_wconf 84' lang='lat' dir='ltr'><strong>suae</strong></span> <span class='ocrx_word' id='word_1_617' title='bbox 2986 2630 3243 2699; x_wconf 80' lang='lat' dir='ltr'><strong>mysterio</strong></span> <span class='ocrx_word' id='word_1_618' title='bbox 3265 2644 3503 2699; x_wconf 83' lang='lat' dir='ltr'><strong>perenne</strong></span> 
     </span>
    </p>
   </div>
   <div class='ocr_carea' id='block_1_86' title="bbox 1917 2708 3502 2791">
    <p class='ocr_par' dir='ltr' id='par_1_86' title="bbox 1917 2708 3502 2791">
     <span class='ocr_line' id='line_1_87' title="bbox 1917 2708 3502 2791; baseline 0.004 -22"><span class='ocrx_word' id='word_1_619' title='bbox 1917 2708 2238 2769; x_wconf 76' lang='lat' dir='ltr'><strong>Sacriﬁcium</strong></span> <span class='ocrx_word' id='word_1_620' title='bbox 2282 2716 2548 2784; x_wconf 89' lang='lat' dir='ltr'><strong>immolat,</strong></span> <span class='ocrx_word' id='word_1_621' title='bbox 2578 2718 2701 2786; x_wconf 92' lang='lat' dir='ltr'><strong>quia</strong></span> <span class='ocrx_word' id='word_1_622' title='bbox 2743 2727 2799 2773; x_wconf 92' lang='lat' dir='ltr'><strong>et</strong></span> <span class='ocrx_word' id='word_1_623' title='bbox 2824 2719 2937 2774; x_wconf 78' lang='lat' dir='ltr'><strong>haec</strong></span> <span class='ocrx_word' id='word_1_624' title='bbox 2978 2727 3104 2773; x_wconf 92' lang='lat' dir='ltr'><strong>sunt</strong></span> <span class='ocrx_word' id='word_1_625' title='bbox 3150 2730 3354 2775; x_wconf 75' lang='lat' dir='ltr'><strong>zeterna</strong></span> <span class='ocrx_word' id='word_1_626' title='bbox 3383 2735 3502 2791; x_wconf 78' lang='lat' dir='ltr'><strong>qua:</strong></span> 
     </span>
    </p>
   </div>
   <div class='ocr_carea' id='block_1_87' title="bbox 1918 2806 2159 2860">
    <p class='ocr_par' dir='ltr' id='par_1_87' title="bbox 1918 2806 2159 2860">
     <span class='ocr_line' id='line_1_88' title="bbox 1918 2806 2159 2860; baseline 0.004 -1"><span class='ocrx_word' id='word_1_627' title='bbox 1918 2806 2159 2860; x_wconf 89' lang='lat' dir='ltr'><strong>mundat.</strong></span> 
     </span>
    </p>
   </div>
   <div class='ocr_carea' id='block_1_88' title="bbox 1990 2895 3500 2970">
    <p class='ocr_par' dir='ltr' id='par_1_88' title="bbox 1990 2895 3500 2970">
     <span class='ocr_line' id='line_1_89' title="bbox 1990 2895 3500 2970; baseline 0.005 -20"><span class='ocrx_word' id='word_1_628' title='bbox 1990 2895 2077 2950; x_wconf 74' lang='lat'><strong>53.</strong></span> <span class='ocrx_word' id='word_1_629' title='bbox 2112 2897 2258 2968; x_wconf 67' lang='grc' dir='ltr'><strong>[νει.</strong></span> <span class='ocrx_word' id='word_1_630' title='bbox 2282 2897 2385 2951; x_wconf 82' lang='lat' dir='ltr'><strong>XX</strong></span> <span class='ocrx_word' id='word_1_631' title='bbox 2399 2897 2488 2970; x_wconf 84' lang='lat' dir='ltr'><strong>V.]</strong></span> <span class='ocrx_word' id='word_1_632' title='bbox 2521 2897 2656 2963; x_wconf 83' lang='lat' dir='ltr'><strong>Quid</strong></span> <span class='ocrx_word' id='word_1_633' title='bbox 2687 2901 2934 2956; x_wconf 82' lang='lat' dir='ltr'><strong>hactenus</strong></span> <span class='ocrx_word' id='word_1_634' title='bbox 2963 2902 3027 2956; x_wconf 90' lang='lat' dir='ltr'><strong>de</strong></span> <span class='ocrx_word' id='word_1_635' title='bbox 3050 2920 3203 2957; x_wconf 86' lang='lat' dir='ltr'><strong>sensu</strong></span> <span class='ocrx_word' id='word_1_636' title='bbox 3234 2903 3419 2958; x_wconf 87' lang='lat' dir='ltr'><strong>histor.</strong></span> <span class='ocrx_word' id='word_1_637' title='bbox 3447 2911 3500 2957; x_wconf 85' lang='lat' dir='ltr'><strong>et</strong></span> 
     </span>
    </p>
   </div>
   <div class='ocr_carea' id='block_1_89' title="bbox 1919 2989 3501 3066">
    <p class='ocr_par' dir='ltr' id='par_1_89' title="bbox 1919 2989 3501 3066">
     <span class='ocr_line' id='line_1_90' title="bbox 1919 2989 3501 3066; baseline 0.005 -25"><span class='ocrx_word' id='word_1_638' title='bbox 1919 2989 2134 3059; x_wconf 85' lang='lat' dir='ltr'><strong>allegor.</strong></span> <span class='ocrx_word' id='word_1_639' title='bbox 2155 2990 2278 3060; x_wconf 87' lang='lat' dir='ltr'><strong>quid</strong></span> <span class='ocrx_word' id='word_1_640' title='bbox 2294 2991 2539 3062; x_wconf 83' lang='lat' dir='ltr'><strong>deinceps</strong></span> <span class='ocrx_word' id='word_1_641' title='bbox 2569 2991 2631 3046; x_wconf 84' lang='lat' dir='ltr'><strong>de</strong></span> <span class='ocrx_word' id='word_1_642' title='bbox 2651 2996 2836 3047; x_wconf 79' lang='lat' dir='ltr'><strong>morali</strong></span> <span class='ocrx_word' id='word_1_643' title='bbox 2865 2998 3297 3066; x_wconf 84' lang='lat' dir='ltr'><strong>prosequendum.</strong></span> <span class='ocrx_word' id='word_1_644' title='bbox 3312 2995 3501 3065; x_wconf 86' lang='lat' dir='ltr'><strong>-—lgi—</strong></span> 
     </span>
    </p>
   </div>
   <div class='ocr_carea' id='block_1_90' title="bbox 1920 3080 3503 3155">
    <p class='ocr_par' dir='ltr' id='par_1_90' title="bbox 1920 3080 3503 3155">
     <span class='ocr_line' id='line_1_91' title="bbox 1920 3080 3503 3155; baseline 0.004 -23"><span class='ocrx_word' id='word_1_645' title='bbox 1920 3087 2007 3132; x_wconf 89' lang='lat' dir='ltr'><strong>tur</strong></span> <span class='ocrx_word' id='word_1_646' title='bbox 2028 3080 2150 3148; x_wconf 88' lang='lat' dir='ltr'><strong>quia</strong></span> <span class='ocrx_word' id='word_1_647' title='bbox 2169 3080 2221 3133; x_wconf 91' lang='lat' dir='ltr'><strong>in</strong></span> <span class='ocrx_word' id='word_1_648' title='bbox 2245 3080 2363 3149; x_wconf 91' lang='lat' dir='ltr'><strong>ipso</strong></span> <span class='ocrx_word' id='word_1_649' title='bbox 2385 3083 2739 3152; x_wconf 84' lang='lat' dir='ltr'><strong>expositionis</strong></span> <span class='ocrx_word' id='word_1_650' title='bbox 2759 3086 2985 3140; x_wconf 81' lang='lat' dir='ltr'><strong>exordio</strong></span> <span class='ocrx_word' id='word_1_651' title='bbox 3006 3087 3085 3140; x_wconf 89' lang='lat' dir='ltr'><strong>sic</strong></span> <span class='ocrx_word' id='word_1_652' title='bbox 3107 3101 3338 3155; x_wconf 90' lang='lat' dir='ltr'><strong>persona</strong></span> <span class='ocrx_word' id='word_1_653' title='bbox 3360 3086 3503 3139; x_wconf 89' lang='lat' dir='ltr'><strong>beati</strong></span> 
     </span>
    </p>
   </div>
   <div class='ocr_carea' id='block_1_91' title="bbox 1918 3166 3504 3244">
    <p class='ocr_par' dir='ltr' id='par_1_91' title="bbox 1918 3166 3504 3244">
     <span class='ocr_line' id='line_1_92' title="bbox 1918 3166 3504 3244; baseline 0.004 -22"><span class='ocrx_word' id='word_1_654' title='bbox 1918 3166 2019 3222; x_wconf 83' lang='lat' dir='ltr'><strong>Job</strong></span> <span class='ocrx_word' id='word_1_655' title='bbox 2048 3170 2279 3223; x_wconf 88' lang='lat' dir='ltr'><strong>nuntiari</strong></span> <span class='ocrx_word' id='word_1_656' title='bbox 2308 3170 2592 3226; x_wconf 89' lang='lat' dir='ltr'><strong>Dominum</strong></span> <span class='ocrx_word' id='word_1_657' title='bbox 2636 3173 2886 3237; x_wconf 81' lang='lat' dir='ltr'><strong>diximus,</strong></span> <span class='ocrx_word' id='word_1_658' title='bbox 2920 3183 2980 3228; x_wconf 89' lang='lat' dir='ltr'><strong>ut</strong></span> <span class='ocrx_word' id='word_1_659' title='bbox 3020 3175 3288 3243; x_wconf 76' lang='lat' dir='ltr'><strong>designari</strong></span> <span class='ocrx_word' id='word_1_660' title='bbox 3317 3190 3414 3244; x_wconf 88' lang='lat' dir='ltr'><strong>per</strong></span> <span class='ocrx_word' id='word_1_661' title='bbox 3443 3176 3504 3228; x_wconf 89' lang='lat' dir='ltr'><strong>il-</strong></span> 
     </span>
    </p>
   </div>
   <div class='ocr_carea' id='block_1_92' title="bbox 1920 3258 3502 3331">
    <p class='ocr_par' dir='ltr' id='par_1_92' title="bbox 1920 3258 3502 3331">
     <span class='ocr_line' id='line_1_93' title="bbox 1920 3258 3502 3331; baseline 0.003 -20"><span class='ocrx_word' id='word_1_662' title='bbox 1920 3258 2030 3312; x_wconf 92' lang='lat' dir='ltr'><strong>lum</strong></span> <span class='ocrx_word' id='word_1_663' title='bbox 2061 3268 2224 3329; x_wconf 90' lang='lat' dir='ltr'><strong>caput</strong></span> <span class='ocrx_word' id='word_1_664' title='bbox 2253 3268 2309 3314; x_wconf 91' lang='lat' dir='ltr'><strong>et</strong></span> <span class='ocrx_word' id='word_1_665' title='bbox 2336 3276 2553 3331; x_wconf 83' lang='lat' dir='ltr'><strong>corpus,</strong></span> <span class='ocrx_word' id='word_1_666' title='bbox 2586 3262 2638 3315; x_wconf 44' lang='lat' dir='ltr'><strong>ial</strong></span> <span class='ocrx_word' id='word_1_667' title='bbox 2682 3272 2783 3328; x_wconf 90' lang='lat' dir='ltr'><strong>est,</strong></span> <span class='ocrx_word' id='word_1_668' title='bbox 2814 3263 3087 3318; x_wconf 85' lang='lat' dir='ltr'><strong>Christum</strong></span> <span class='ocrx_word' id='word_1_669' title='bbox 3116 3273 3171 3318; x_wconf 90' lang='lat' dir='ltr'><strong>et</strong></span> <span class='ocrx_word' id='word_1_670' title='bbox 3209 3263 3502 3319; x_wconf 71' lang='lat' dir='ltr'><strong>Ecclesium</strong></span> 
     </span>
    </p>
   </div>
   <div class='ocr_carea' id='block_1_93' title="bbox 1920 3348 3505 3421">
    <p class='ocr_par' dir='ltr' id='par_1_93' title="bbox 1920 3348 3505 3421">
     <span class='ocr_line' id='line_1_94' title="bbox 1920 3348 3505 3421; baseline 0.001 -18"><span class='ocrx_word' id='word_1_671' title='bbox 1920 3348 2246 3413; x_wconf 89' lang='lat' dir='ltr'><strong>diceremus;</strong></span> <span class='ocrx_word' id='word_1_672' title='bbox 2279 3360 2560 3420; x_wconf 89' lang='lat' dir='ltr'><strong>postquam</strong></span> <span class='ocrx_word' id='word_1_673' title='bbox 2602 3360 2765 3421; x_wconf 89' lang='lat' dir='ltr'><strong>caput</strong></span> <span class='ocrx_word' id='word_1_674' title='bbox 2794 3361 3034 3408; x_wconf 88' lang='lat' dir='ltr'><strong>nostrum</strong></span> <span class='ocrx_word' id='word_1_675' title='bbox 3063 3351 3333 3421; x_wconf 89' lang='lat' dir='ltr'><strong>quomodo</strong></span> <span class='ocrx_word' id='word_1_676' title='bbox 3364 3351 3505 3405; x_wconf 88' lang='lat' dir='ltr'><strong>desi-</strong></span> 
     </span>
    </p>
   </div>
   <div class='ocr_carea' id='block_1_94' title="bbox 1922 3440 3505 3514">
    <p class='ocr_par' dir='ltr' id='par_1_94' title="bbox 1922 3440 3505 3514">
     <span class='ocr_line' id='line_1_95' title="bbox 1922 3440 3505 3514; baseline 0.001 -20"><span class='ocrx_word' id='word_1_677' title='bbox 1922 3448 2140 3511; x_wconf 87' lang='lat' dir='ltr'><strong>gnatum</strong></span> <span class='ocrx_word' id='word_1_678' title='bbox 2192 3440 2474 3510; x_wconf 89' lang='lat' dir='ltr'><strong>credatur,</strong></span> <span class='ocrx_word' id='word_1_679' title='bbox 2520 3443 2888 3511; x_wconf 88' lang='lat' dir='ltr'><strong>ostendimus,</strong></span> <span class='ocrx_word' id='word_1_680' title='bbox 2936 3458 3080 3499; x_wconf 91' lang='lat' dir='ltr'><strong>nunc</strong></span> <span class='ocrx_word' id='word_1_681' title='bbox 3126 3459 3323 3514; x_wconf 89' lang='lat' dir='ltr'><strong>corpus</strong></span> <span class='ocrx_word' id='word_1_682' title='bbox 3366 3443 3505 3511; x_wconf 84' lang='lat' dir='ltr'><strong>ejus,</strong></span> 
     </span>
    </p>
   </div>
   <div class='ocr_carea' id='block_1_95' title="bbox 1925 3530 3506 3603">
    <p class='ocr_par' dir='ltr' id='par_1_95' title="bbox 1925 3530 3506 3603">
     <span class='ocr_line' id='line_1_96' title="bbox 1925 3530 3506 3603; baseline 0.001 -20"><span class='ocrx_word' id='word_1_683' title='bbox 1925 3530 2071 3599; x_wconf 89' lang='lat' dir='ltr'><strong>quod</strong></span> <span class='ocrx_word' id='word_1_684' title='bbox 2118 3546 2218 3586; x_wconf 92' lang='lat' dir='ltr'><strong>nos</strong></span> <span class='ocrx_word' id='word_1_685' title='bbox 2259 3547 2464 3599; x_wconf 88' lang='lat' dir='ltr'><strong>sumus,</strong></span> <span class='ocrx_word' id='word_1_686' title='bbox 2495 3532 2765 3602; x_wconf 90' lang='lat' dir='ltr'><strong>quomodo</strong></span> <span class='ocrx_word' id='word_1_687' title='bbox 2786 3534 3136 3603; x_wconf 81' lang='lat' dir='ltr'><strong>exprimatur,</strong></span> <span class='ocrx_word' id='word_1_688' title='bbox 3185 3532 3506 3596; x_wconf 85' lang='lat' dir='ltr'><strong>indicemus;</strong></span> 
     </span>
    </p>
   </div>
   <div class='ocr_carea' id='block_1_96' title="bbox 1927 3620 3515 3692">
    <p class='ocr_par' dir='ltr' id='par_1_96' title="bbox 1927 3620 3515 3692">
     <span class='ocr_line' id='line_1_97' title="bbox 1927 3620 3515 3692; baseline 0.002 -18"><span class='ocrx_word' id='word_1_689' title='bbox 1927 3629 1987 3675; x_wconf 91' lang='lat' dir='ltr'><strong>ut</strong></span> <span class='ocrx_word' id='word_1_690' title='bbox 2006 3620 2131 3689; x_wconf 90' lang='lat' dir='ltr'><strong>quia</strong></span> <span class='ocrx_word' id='word_1_691' title='bbox 2156 3622 2455 3677; x_wconf 86' lang='lat' dir='ltr'><strong>audivimus</strong></span> <span class='ocrx_word' id='word_1_692' title='bbox 2476 3639 2543 3677; x_wconf 77' lang='lat' dir='ltr'><strong>ex</strong></span> <span class='ocrx_word' id='word_1_693' title='bbox 2571 3624 2795 3679; x_wconf 88' lang='lat' dir='ltr'><strong>historia</strong></span> <span class='ocrx_word' id='word_1_694' title='bbox 2824 3624 2970 3692; x_wconf 91' lang='lat' dir='ltr'><strong>quod</strong></span> <span class='ocrx_word' id='word_1_695' title='bbox 2999 3624 3275 3688; x_wconf 86' lang='lat' dir='ltr'><strong>miremur,</strong></span> <span class='ocrx_word' id='word_1_696' title='bbox 3302 3636 3515 3691; x_wconf 73' lang='lat' dir='ltr'><strong>cogno-</strong></span> 
     </span>
    </p>
   </div>
   <div class='ocr_carea' id='block_1_97' title="bbox 1928 3713 3513 3784">
    <p class='ocr_par' dir='ltr' id='par_1_97' title="bbox 1928 3713 3513 3784">
     <span class='ocr_line' id='line_1_98' title="bbox 1928 3713 3513 3784; baseline 0.001 -17"><span class='ocrx_word' id='word_1_697' title='bbox 1928 3713 2099 3769; x_wconf 87' lang='lat' dir='ltr'><strong>vimus</strong></span> <span class='ocrx_word' id='word_1_698' title='bbox 2119 3729 2186 3768; x_wconf 81' lang='lat' dir='ltr'><strong>ex</strong></span> <span class='ocrx_word' id='word_1_699' title='bbox 2213 3715 2390 3784; x_wconf 88' lang='lat' dir='ltr'><strong>capite</strong></span> <span class='ocrx_word' id='word_1_700' title='bbox 2419 3715 2567 3784; x_wconf 90' lang='lat' dir='ltr'><strong>quod</strong></span> <span class='ocrx_word' id='word_1_701' title='bbox 2594 3715 2908 3781; x_wconf 87' lang='lat' dir='ltr'><strong>credamus;</strong></span> <span class='ocrx_word' id='word_1_702' title='bbox 2941 3714 3345 3770; x_wconf 88' lang='lat' dir='ltr'><strong>consideremus</strong></span> <span class='ocrx_word' id='word_1_703' title='bbox 3368 3729 3513 3769; x_wconf 87' lang='lat' dir='ltr'><strong>nunc</strong></span> 
     </span>
    </p>
   </div>
   <div class='ocr_carea' id='block_1_98' title="bbox 1927 3803 3510 3873">
    <p class='ocr_par' dir='ltr' id='par_1_98' title="bbox 1927 3803 3510 3873">
     <span class='ocr_line' id='line_1_99' title="bbox 1927 3803 3510 3873; baseline 0 -15"><span class='ocrx_word' id='word_1_704' title='bbox 1927 3817 1993 3858; x_wconf 80' lang='lat' dir='ltr'><strong>ex</strong></span> <span class='ocrx_word' id='word_1_705' title='bbox 2023 3818 2250 3873; x_wconf 89' lang='lat' dir='ltr'><strong>corpore</strong></span> <span class='ocrx_word' id='word_1_706' title='bbox 2271 3803 2413 3873; x_wconf 90' lang='lat' dir='ltr'><strong>quod</strong></span> <span class='ocrx_word' id='word_1_707' title='bbox 2446 3804 2672 3859; x_wconf 89' lang='lat' dir='ltr'><strong>vivendo</strong></span> <span class='ocrx_word' id='word_1_708' title='bbox 2698 3812 2997 3859; x_wconf 86' lang='lat' dir='ltr'><strong>teneamus.</strong></span> <span class='ocrx_word' id='word_1_709' title='bbox 3024 3804 3082 3859; x_wconf 92' lang='lat' dir='ltr'><strong>ln</strong></span> <span class='ocrx_word' id='word_1_710' title='bbox 3113 3804 3510 3872; x_wconf 90' lang='lat' dir='ltr'><strong>nobismetipsis</strong></span> 
     </span>
    </p>
   </div>
   <div class='ocr_carea' id='block_1_99' title="bbox 1930 3890 3510 3962">
    <p class='ocr_par' dir='ltr' id='par_1_99' title="bbox 1930 3890 3510 3962">
     <span class='ocr_line' id='line_1_100' title="bbox 1930 3890 3510 3962; baseline -0.001 -17"><span class='ocrx_word' id='word_1_711' title='bbox 1930 3906 2162 3961; x_wconf 87' lang='lat' dir='ltr'><strong>namque</strong></span> <span class='ocrx_word' id='word_1_712' title='bbox 2210 3890 2468 3947; x_wconf 91' lang='lat' dir='ltr'><strong>debemus</strong></span> <span class='ocrx_word' id='word_1_713' title='bbox 2518 3892 2904 3948; x_wconf 85' lang='lat' dir='ltr'><strong>transformare</strong></span> <span class='ocrx_word' id='word_1_714' title='bbox 2950 3893 3096 3962; x_wconf 91' lang='lat' dir='ltr'><strong>quod</strong></span> <span class='ocrx_word' id='word_1_715' title='bbox 3142 3892 3404 3961; x_wconf 81' lang='lat' dir='ltr'><strong>legimus;</strong></span> <span class='ocrx_word' id='word_1_716' title='bbox 3451 3900 3510 3945; x_wconf 88' lang='lat' dir='ltr'><strong>ut</strong></span> 
     </span>
    </p>
   </div>
   <div class='ocr_carea' id='block_1_100' title="bbox 1928 3984 3520 4056">
    <p class='ocr_par' dir='ltr' id='par_1_100' title="bbox 1928 3984 3520 4056">
     <span class='ocr_line' id='line_1_101' title="bbox 1928 3984 3520 4056; baseline -0.002 -14"><span class='ocrx_word' id='word_1_717' title='bbox 1928 4001 2049 4042; x_wconf 90' lang='lat' dir='ltr'><strong>cum</strong></span> <span class='ocrx_word' id='word_1_718' title='bbox 2078 4001 2175 4056; x_wconf 92' lang='lat' dir='ltr'><strong>per</strong></span> <span class='ocrx_word' id='word_1_719' title='bbox 2212 3984 2453 4040; x_wconf 73' lang='lat' dir='ltr'><strong>auditum</strong></span> <span class='ocrx_word' id='word_1_720' title='bbox 2483 4001 2542 4041; x_wconf 90' lang='lat' dir='ltr'><strong>se</strong></span> <span class='ocrx_word' id='word_1_721' title='bbox 2568 3987 2779 4041; x_wconf 87' lang='lat' dir='ltr'><strong>animus</strong></span> <span class='ocrx_word' id='word_1_722' title='bbox 2806 3985 3027 4053; x_wconf 82' lang='lat' dir='ltr'><strong>excitat,</strong></span> <span class='ocrx_word' id='word_1_723' title='bbox 3069 3984 3137 4040; x_wconf 88' lang='lat' dir='ltr'><strong>ad</strong></span> <span class='ocrx_word' id='word_1_724' title='bbox 3178 3984 3520 4055; x_wconf 76' lang='lat' dir='ltr'><strong>operandum.</strong></span> 
     </span>
    </p>
   </div>
   <div class='ocr_carea' id='block_1_101' title="bbox 1928 4073 2808 4147">
    <p class='ocr_par' dir='ltr' id='par_1_101' title="bbox 1928 4073 2808 4147">
     <span class='ocr_line' id='line_1_102' title="bbox 1928 4073 2808 4147; baseline 0.001 -18"><span class='ocrx_word' id='word_1_725' title='bbox 1928 4075 2074 4147; x_wconf 85' lang='lat' dir='ltr'><strong>quod</strong></span> <span class='ocrx_word' id='word_1_726' title='bbox 2102 4073 2333 4130; x_wconf 89' lang='lat' dir='ltr'><strong>audierit</strong></span> <span class='ocrx_word' id='word_1_727' title='bbox 2358 4075 2469 4130; x_wconf 89' lang='lat' dir='ltr'><strong>vita</strong></span> <span class='ocrx_word' id='word_1_728' title='bbox 2497 4084 2808 4131; x_wconf 87' lang='lat' dir='ltr'><strong>concurrat.</strong></span> 
     </span>
    </p>
   </div>
   <div class='ocr_carea' id='block_1_102' title="bbox 2173 4184 3280 4261">
    <p class='ocr_par' dir='ltr' id='par_1_102' title="bbox 2173 4184 3280 4261">
     <span class='ocr_line' id='line_1_103' title="bbox 2173 4184 3280 4261; baseline -0.002 -19"><span class='ocrx_word' id='word_1_729' title='bbox 2173 4186 2401 4243; x_wconf 84' lang='lat' dir='ltr'><strong>CAPUT</strong></span> <span class='ocrx_word' id='word_1_730' title='bbox 2438 4187 2578 4242; x_wconf 83' lang='lat' dir='ltr'><strong>XXV</strong></span> <span class='ocrx_word' id='word_1_731' title='bbox 2607 4188 2752 4261; x_wconf 73' lang='grc' dir='ltr'><strong>[νει.</strong></span> <span class='ocrx_word' id='word_1_732' title='bbox 2779 4185 2995 4253; x_wconf 80' lang='lat' dir='ltr'><strong>XXVI,</strong></span> <span class='ocrx_word' id='word_1_733' title='bbox 3032 4186 3153 4241; x_wconf 82' lang='lat' dir='ltr'><strong>Rec.</strong></span> <span class='ocrx_word' id='word_1_734' title='bbox 3181 4184 3280 4256; x_wconf 82' lang='lat' dir='ltr'><strong>X].</strong></span> 
     </span>
    </p>
   </div>
   <div class='ocr_carea' id='block_1_103' title="bbox 2002 4296 3366 4357">
    <p class='ocr_par' dir='ltr' id='par_1_103' title="bbox 2002 4296 3366 4357">
     <span class='ocr_line' id='line_1_104' title="bbox 2002 4296 3366 4357; baseline -0.004 0"><span class='ocrx_word' id='word_1_735' title='bbox 2002 4302 2161 4357; x_wconf 73' lang='lat' dir='ltr'><strong>Vens.</strong></span> <span class='ocrx_word' id='word_1_736' title='bbox 2194 4302 2244 4356; x_wconf 84' lang='lat' dir='ltr'><strong>I.</strong></span> <span class='ocrx_word' id='word_1_737' title='bbox 2266 4334 2339 4345; x_wconf 89' lang='lat'><strong>—</strong></span> <span class='ocrx_word' id='word_1_738' title='bbox 2372 4300 2466 4355; x_wconf 87' lang='lat' dir='ltr'><strong>Vir</strong></span> <span class='ocrx_word' id='word_1_739' title='bbox 2493 4302 2681 4355; x_wconf 85' lang='lat' dir='ltr'><strong>eratin</strong></span> <span class='ocrx_word' id='word_1_740' title='bbox 2709 4310 2845 4354; x_wconf 89' lang='lat' dir='ltr'><strong>terra</strong></span> <span class='ocrx_word' id='word_1_741' title='bbox 2873 4299 2986 4353; x_wconf 81' lang='lat' dir='ltr'><strong>Ilus</strong></span> <span class='ocrx_word' id='word_1_742' title='bbox 3012 4300 3220 4353; x_wconf 84' lang='lat' dir='ltr'><strong>nomine</strong></span> <span class='ocrx_word' id='word_1_743' title='bbox 3244 4296 3366 4353; x_wconf 89' lang='lat' dir='ltr'><strong>Job.</strong></span> 
     </span>
    </p>
   </div>
   <div class='ocr_carea' id='block_1_104' title="bbox 1996 4385 3515 4457">
    <p class='ocr_par' dir='ltr' id='par_1_104' title="bbox 1996 4385 3515 4457">
     <span class='ocr_line' id='line_1_105' title="bbox 1996 4385 3515 4457; baseline -0.004 -10"><span class='ocrx_word' id='word_1_744' title='bbox 1996 4392 2086 4447; x_wconf 72' lang='lat' dir='ltr'><strong>SI.</strong></span> <span class='ocrx_word' id='word_1_745' title='bbox 2114 4392 2314 4447; x_wconf 71' lang='lat' dir='ltr'><strong>Sensus</strong></span> <span class='ocrx_word' id='word_1_746' title='bbox 2343 4406 2591 4446; x_wconf 73' lang='lat' dir='ltr'><strong>NORALIS.</strong></span> <span class='ocrx_word' id='word_1_747' title='bbox 2632 4422 2705 4432; x_wconf 88' lang='lat'><strong>——</strong></span> <span class='ocrx_word' id='word_1_748' title='bbox 2727 4389 2827 4444; x_wconf 87' lang='lat' dir='ltr'><strong>Job</strong></span> <span class='ocrx_word' id='word_1_749' title='bbox 2857 4390 3043 4443; x_wconf 86' lang='lat' dir='ltr'><strong>electos</strong></span> <span class='ocrx_word' id='word_1_750' title='bbox 3071 4388 3351 4457; x_wconf 83' lang='lat' dir='ltr'><strong>significat.</strong></span> <span class='ocrx_word' id='word_1_751' title='bbox 3384 4385 3515 4451; x_wconf 76' lang='lat' dir='ltr'><strong>Qme</strong></span> 
     </span>
    </p>
   </div>
   <div class='ocr_carea' id='block_1_105' title="bbox 1925 4475 3511 4551">
    <p class='ocr_par' dir='ltr' id='par_1_105' title="bbox 1925 4475 3511 4551">
     <span class='ocr_line' id='line_1_106' title="bbox 1925 4475 3511 4551; baseline -0.005 -14"><span class='ocrx_word' id='word_1_752' title='bbox 1925 4500 2100 4538; x_wconf 85' lang='lat' dir='ltr'><strong>eorum</strong></span> <span class='ocrx_word' id='word_1_753' title='bbox 2121 4483 2327 4551; x_wconf 74' lang='lat' dir='ltr'><strong>affectio</strong></span> <span class='ocrx_word' id='word_1_754' title='bbox 2369 4482 2507 4535; x_wconf 90' lang='lat' dir='ltr'><strong>circa</strong></span> <span class='ocrx_word' id='word_1_755' title='bbox 2548 4491 2754 4534; x_wconf 87' lang='lat' dir='ltr'><strong>terrena</strong></span> <span class='ocrx_word' id='word_1_756' title='bbox 2779 4487 2827 4533; x_wconf 87' lang='lat' dir='ltr'><strong>et</strong></span> <span class='ocrx_word' id='word_1_757' title='bbox 2856 4488 3071 4533; x_wconf 66' lang='lat' dir='ltr'><strong>aeterna.</strong></span> <span class='ocrx_word' id='word_1_758' title='bbox 3098 4508 3171 4520; x_wconf 90' lang='lat'><strong>--</strong></span> <span class='ocrx_word' id='word_1_759' title='bbox 3196 4476 3252 4530; x_wconf 90' lang='lat' dir='ltr'><strong>Si</strong></span> <span class='ocrx_word' id='word_1_760' title='bbox 3277 4475 3379 4531; x_wconf 85' lang='lat' dir='ltr'><strong>Job</strong></span> <span class='ocrx_word' id='word_1_761' title='bbox 3415 4477 3511 4530; x_wconf 88' lang='lat' dir='ltr'><strong>do-</strong></span> 
     </span>
    </p>
   </div>
   <div class='ocr_carea' id='block_1_106' title="bbox 1851 4566 3513 4640">
    <p class='ocr_par' dir='ltr' id='par_1_106' title="bbox 1851 4566 3513 4640">
     <span class='ocr_line' id='line_1_107' title="bbox 1851 4566 3513 4640; baseline -0.005 -12"><span class='ocrx_word' id='word_1_762' title='bbox 1851 4568 1900 4628; x_wconf 87' lang='lat' dir='ltr'><strong>D</strong></span> <span class='ocrx_word' id='word_1_763' title='bbox 1929 4574 2065 4640; x_wconf 89' lang='lat' dir='ltr'><strong>lens,</strong></span> <span class='ocrx_word' id='word_1_764' title='bbox 2093 4580 2148 4626; x_wconf 90' lang='lat' dir='ltr'><strong>et</strong></span> <span class='ocrx_word' id='word_1_765' title='bbox 2186 4571 2297 4625; x_wconf 84' lang='lat' dir='ltr'><strong>llus</strong></span> <span class='ocrx_word' id='word_1_766' title='bbox 2342 4570 2659 4625; x_wconf 85' lang='lat' dir='ltr'><strong>consiliator</strong></span> <span class='ocrx_word' id='word_1_767' title='bbox 2685 4569 2902 4634; x_wconf 90' lang='lat' dir='ltr'><strong>dicitur,</strong></span> <span class='ocrx_word' id='word_1_768' title='bbox 2952 4583 3060 4621; x_wconf 90' lang='lat' dir='ltr'><strong>non</strong></span> <span class='ocrx_word' id='word_1_769' title='bbox 3103 4566 3371 4621; x_wconf 90' lang='lat' dir='ltr'><strong>immerito</strong></span> <span class='ocrx_word' id='word_1_770' title='bbox 3416 4582 3513 4636; x_wconf 89' lang='lat' dir='ltr'><strong>per</strong></span> 
     </span>
    </p>
   </div>
   <div class='ocr_carea' id='block_1_107' title="bbox 1926 4656 3512 4731">
    <p class='ocr_par' dir='ltr' id='par_1_107' title="bbox 1926 4656 3512 4731">
     <span class='ocr_line' id='line_1_108' title="bbox 1926 4656 3512 4731; baseline -0.004 -16"><span class='ocrx_word' id='word_1_771' title='bbox 1926 4675 2152 4730; x_wconf 86' lang='lat' dir='ltr'><strong>utraque</strong></span> <span class='ocrx_word' id='word_1_772' title='bbox 2183 4660 2399 4716; x_wconf 88' lang='lat' dir='ltr'><strong>nomina</strong></span> <span class='ocrx_word' id='word_1_773' title='bbox 2447 4660 2654 4714; x_wconf 90' lang='lat' dir='ltr'><strong>electus</strong></span> <span class='ocrx_word' id='word_1_774' title='bbox 2694 4658 2921 4731; x_wconf 88' lang='lat' dir='ltr'><strong>quisque</strong></span> <span class='ocrx_word' id='word_1_775' title='bbox 2950 4657 3240 4727; x_wconf 86' lang='lat' dir='ltr'><strong>ﬁguratur;</strong></span> <span class='ocrx_word' id='word_1_776' title='bbox 3273 4656 3396 4725; x_wconf 88' lang='lat' dir='ltr'><strong>quia</strong></span> <span class='ocrx_word' id='word_1_777' title='bbox 3430 4657 3512 4709; x_wconf 85' lang='lat' dir='ltr'><strong>ni-</strong></span> 
     </span>
    </p>
   </div>
   <div class='ocr_carea' id='block_1_108' title="bbox 1926 4746 3523 4815">
    <p class='ocr_par' dir='ltr' id='par_1_108' title="bbox 1926 4746 3523 4815">
     <span class='ocr_line' id='line_1_109' title="bbox 1926 4746 3523 4815; baseline -0.004 -7"><span class='ocrx_word' id='word_1_778' title='bbox 1926 4754 2117 4809; x_wconf 78' lang='lat' dir='ltr'><strong>mirum</strong></span> <span class='ocrx_word' id='word_1_779' title='bbox 2148 4752 2548 4808; x_wconf 89' lang='lat' dir='ltr'><strong>consiliatorem</strong></span> <span class='ocrx_word' id='word_1_780' title='bbox 2593 4751 2828 4803; x_wconf 85' lang='lat' dir='ltr'><strong>animum</strong></span> <span class='ocrx_word' id='word_1_781' title='bbox 2874 4748 3156 4813; x_wconf 88' lang='lat' dir='ltr'><strong>inhabitat,</strong></span> <span class='ocrx_word' id='word_1_782' title='bbox 3201 4749 3291 4815; x_wconf 91' lang='lat' dir='ltr'><strong>qui</strong></span> <span class='ocrx_word' id='word_1_783' title='bbox 3322 4746 3523 4802; x_wconf 76' lang='lat' dir='ltr'><strong>dolens</strong></span> 
     </span>
    </p>
   </div>
   <div class='ocr_carea' id='block_1_109' title="bbox 1923 4837 3521 4915">
    <p class='ocr_par' dir='ltr' id='par_1_109' title="bbox 1923 4837 3521 4915">
     <span class='ocr_line' id='line_1_110' title="bbox 1923 4837 3521 4915; baseline -0.006 -14"><span class='ocrx_word' id='word_1_784' title='bbox 1923 4845 1990 4901; x_wconf 88' lang='lat' dir='ltr'><strong>de</strong></span> <span class='ocrx_word' id='word_1_785' title='bbox 2012 4846 2364 4915; x_wconf 76' lang='lat' dir='ltr'><strong>prmsentibus</strong></span> <span class='ocrx_word' id='word_1_786' title='bbox 2386 4843 2453 4897; x_wconf 88' lang='lat' dir='ltr'><strong>ad</strong></span> <span class='ocrx_word' id='word_1_787' title='bbox 2476 4851 2677 4896; x_wconf 61' lang='lat' dir='ltr'><strong>acterna</strong></span> <span class='ocrx_word' id='word_1_788' title='bbox 2702 4840 2937 4896; x_wconf 80' lang='lat' dir='ltr'><strong>festinat.</strong></span> <span class='ocrx_word' id='word_1_789' title='bbox 2968 4838 3100 4893; x_wconf 87' lang='lat' dir='ltr'><strong>Nam</strong></span> <span class='ocrx_word' id='word_1_790' title='bbox 3123 4847 3248 4892; x_wconf 90' lang='lat' dir='ltr'><strong>sunt</strong></span> <span class='ocrx_word' id='word_1_791' title='bbox 3268 4837 3521 4892; x_wconf 75' lang='lat' dir='ltr'><strong>nonnulli</strong></span> 
     </span>
    </p>
   </div>
   <div class='ocr_carea' id='block_1_110' title="bbox 1922 4935 3517 5013">
    <p class='ocr_par' dir='ltr' id='par_1_110' title="bbox 1922 4935 3517 5013">
     <span class='ocr_line' id='line_1_111' title="bbox 1922 4935 3517 5013; baseline -0.006 -15"><span class='ocrx_word' id='word_1_792' title='bbox 1922 4944 2014 5013; x_wconf 89' lang='lat' dir='ltr'><strong>qui</strong></span> <span class='ocrx_word' id='word_1_793' title='bbox 2042 4944 2207 4998; x_wconf 88' lang='lat' dir='ltr'><strong>vitam</strong></span> <span class='ocrx_word' id='word_1_794' title='bbox 2249 4956 2400 4996; x_wconf 91' lang='lat' dir='ltr'><strong>suam</strong></span> <span class='ocrx_word' id='word_1_795' title='bbox 2431 4940 2740 5009; x_wconf 82' lang='lat' dir='ltr'><strong>negligunt;</strong></span> <span class='ocrx_word' id='word_1_796' title='bbox 2772 4946 2828 4992; x_wconf 90' lang='lat' dir='ltr'><strong>et</strong></span> <span class='ocrx_word' id='word_1_797' title='bbox 2851 4937 2978 4993; x_wconf 92' lang='lat' dir='ltr'><strong>dum</strong></span> <span class='ocrx_word' id='word_1_798' title='bbox 3009 4935 3317 4991; x_wconf 91' lang='lat' dir='ltr'><strong>transitoria</strong></span> <span class='ocrx_word' id='word_1_799' title='bbox 3344 4949 3517 5004; x_wconf 60' lang='lat' dir='ltr'><strong>appe-</strong></span> 
     </span>
    </p>
   </div>
   <div class='ocr_carea' id='block_1_111' title="bbox 1926 5045 3516 5125">
    <p class='ocr_par' dir='ltr' id='par_1_111' title="bbox 1926 5045 3516 5125">
     <span class='ocr_line' id='line_1_112' title="bbox 1926 5045 3516 5125; baseline -0.009 -11"><span class='ocrx_word' id='word_1_800' title='bbox 1926 5065 2067 5125; x_wconf 88' lang='lat' dir='ltr'><strong>tunt,</strong></span> <span class='ocrx_word' id='word_1_801' title='bbox 2113 5056 2239 5111; x_wconf 88' lang='lat' dir='ltr'><strong>dum</strong></span> <span class='ocrx_word' id='word_1_802' title='bbox 2269 5062 2471 5109; x_wconf 67' lang='lat' dir='ltr'><strong>interna</strong></span> <span class='ocrx_word' id='word_1_803' title='bbox 2499 5051 2583 5107; x_wconf 90' lang='lat' dir='ltr'><strong>vel</strong></span> <span class='ocrx_word' id='word_1_804' title='bbox 2611 5067 2721 5107; x_wconf 91' lang='lat' dir='ltr'><strong>non</strong></span> <span class='ocrx_word' id='word_1_805' title='bbox 2766 5049 3089 5118; x_wconf 82' lang='lat' dir='ltr'><strong>intelligunt,</strong></span> <span class='ocrx_word' id='word_1_806' title='bbox 3120 5045 3206 5103; x_wconf 89' lang='lat' dir='ltr'><strong>vel</strong></span> <span class='ocrx_word' id='word_1_807' title='bbox 3233 5045 3516 5101; x_wconf 68' lang='lat' dir='ltr'><strong>intellecta</strong></span> 
     </span>
    </p>
   </div>
   <div class='ocr_carea' id='block_1_112' title="bbox 1926 5226 3521 5300">
    <p class='ocr_par' dir='ltr' id='par_1_112' title="bbox 1926 5226 3521 5300">
     <span class='ocr_line' id='line_1_113' title="bbox 1926 5226 3521 5300; baseline -0.009 -7"><span class='ocrx_word' id='word_1_808' title='bbox 1926 5238 2022 5293; x_wconf 88' lang='lat' dir='ltr'><strong>ris.</strong></span> <span class='ocrx_word' id='word_1_809' title='bbox 2050 5234 2207 5300; x_wconf 79' lang='lat' dir='ltr'><strong>l5l8,</strong></span> <span class='ocrx_word' id='word_1_810' title='bbox 2229 5242 2284 5289; x_wconf 91' lang='lat' dir='ltr'><strong>et</strong></span> <span class='ocrx_word' id='word_1_811' title='bbox 2304 5234 2420 5287; x_wconf 65' lang='lat' dir='ltr'><strong>alia:</strong></span> <span class='ocrx_word' id='word_1_812' title='bbox 2438 5233 2657 5297; x_wconf 84' lang='lat' dir='ltr'><strong>habent,</strong></span> <span class='ocrx_word' id='word_1_813' title='bbox 2672 5232 2761 5284; x_wconf 82' lang='lat' dir='ltr'><strong>sed</strong></span> <span class='ocrx_word' id='word_1_814' title='bbox 2789 5233 2843 5283; x_wconf 86' lang='lat' dir='ltr'><strong>in</strong></span> <span class='ocrx_word' id='word_1_815' title='bbox 2868 5230 3137 5298; x_wconf 80' lang='lat' dir='ltr'><strong>semetipso</strong></span> <span class='ocrx_word' id='word_1_816' title='bbox 3158 5226 3521 5297; x_wconf 78' lang='lat' dir='ltr'><strong>ignorantium:</strong></span> 
     </span>
    </p>
   </div>
   <div class='ocr_carea' id='block_1_113' title="bbox 1929 5300 3513 5373">
    <p class='ocr_par' dir='ltr' id='par_1_113' title="bbox 1929 5300 3513 5373">
     <span class='ocr_line' id='line_1_114' title="bbox 1929 5300 3513 5373; baseline -0.008 -13"><span class='ocrx_word' id='word_1_817' title='bbox 1929 5317 2161 5360; x_wconf 83' lang='lat' dir='ltr'><strong>nostram</strong></span> <span class='ocrx_word' id='word_1_818' title='bbox 2185 5304 2498 5373; x_wconf 85' lang='lat' dir='ltr'><strong>suscipiens;</strong></span> <span class='ocrx_word' id='word_1_819' title='bbox 2540 5317 2677 5373; x_wconf 12' lang='lat' dir='ltr'><strong>sane,</strong></span> <span class='ocrx_word' id='word_1_820' title='bbox 2698 5300 2954 5373; x_wconf 78' lang='lat' dir='ltr'><strong>mendose</strong></span> <span class='ocrx_word' id='word_1_821' title='bbox 2983 5307 3038 5353; x_wconf 87' lang='lat' dir='ltr'><strong>et</strong></span> <span class='ocrx_word' id='word_1_822' title='bbox 3059 5304 3513 5373; x_wconf 63' lang='lat' dir='ltr'><strong>contra_mentenr</strong></span> 
     </span>
    </p>
   </div>
   <div class='ocr_carea' id='block_1_114' title="bbox 1933 5366 3521 5441">
    <p class='ocr_par' dir='ltr' id='par_1_114' title="bbox 1933 5366 3521 5441">
     <span class='ocr_line' id='line_1_115' title="bbox 1933 5366 3521 5441; baseline -0.008 -10"><span class='ocrx_word' id='word_1_823' title='bbox 1933 5377 2107 5431; x_wconf 83' lang='lat' dir='ltr'><strong>sancti</strong></span> <span class='ocrx_word' id='word_1_824' title='bbox 2152 5366 2422 5436; x_wconf 78' lang='lat' dir='ltr'><strong>Doctoris,</strong></span> <span class='ocrx_word' id='word_1_825' title='bbox 2462 5387 2623 5441; x_wconf 90' lang='lat' dir='ltr'><strong>quem</strong></span> <span class='ocrx_word' id='word_1_826' title='bbox 2652 5370 2896 5441; x_wconf 85' lang='lat' dir='ltr'><strong>Aguoitis</strong></span> <span class='ocrx_word' id='word_1_827' title='bbox 2939 5368 3204 5441; x_wconf 54' lang='lat' dir='ltr'><strong>haereticis</strong></span> <span class='ocrx_word' id='word_1_828' title='bbox 3242 5366 3521 5441; x_wconf 70' lang='lat' dir='ltr'><strong>faventem</strong></span> 
     </span>
    </p>
   </div>
   <div class='ocr_carea' id='block_1_115' title="bbox 1928 5435 3528 5515">
    <p class='ocr_par' dir='ltr' id='par_1_115' title="bbox 1928 5435 3528 5515">
     <span class='ocr_line' id='line_1_116' title="bbox 1928 5435 3528 5515; baseline -0.008 -14"><span class='ocrx_word' id='word_1_829' title='bbox 1928 5447 2203 5501; x_wconf 90' lang='lat' dir='ltr'><strong>inducunt.</strong></span> <span class='ocrx_word' id='word_1_830' title='bbox 2264 5435 2497 5515; x_wconf 75' lang='lat' dir='ltr'><strong>Consule</strong></span> <span class='ocrx_word' id='word_1_831' title='bbox 2543 5455 2661 5509; x_wconf 69' lang='lat' dir='ltr'><strong>qua:</strong></span> <span class='ocrx_word' id='word_1_832' title='bbox 2699 5435 2771 5515; x_wconf 45' lang='lat' dir='ltr'><strong>:in</strong></span> <span class='ocrx_word' id='word_1_833' title='bbox 2819 5440 2937 5515; x_wconf 77' lang='lat' dir='ltr'><strong>ejus</strong></span> <span class='ocrx_word' id='word_1_834' title='bbox 2982 5438 3098 5515; x_wconf 66' lang='lat' dir='ltr'><strong>Vita</strong></span> <span class='ocrx_word' id='word_1_835' title='bbox 3148 5435 3528 5515; x_wconf 32' lang='lat' dir='ltr'><strong>dinintushde&#39;</strong></span> 
     </span>
    </p>
   </div>
   <div class='ocr_carea' id='block_1_116' title="bbox 1930 5507 3523 5586">
    <p class='ocr_par' dir='ltr' id='par_1_116' title="bbox 1930 5507 3523 5586">
     <span class='ocr_line' id='line_1_117' title="bbox 1930 5507 3523 5586; baseline -0.008 -15"><span class='ocrx_word' id='word_1_836' title='bbox 1930 5517 2097 5586; x_wconf 82' lang='lat' dir='ltr'><strong>ipsius</strong></span> <span class='ocrx_word' id='word_1_837' title='bbox 2122 5514 2367 5586; x_wconf 86' lang='lat' dir='ltr'><strong>doctrina</strong></span> <span class='ocrx_word' id='word_1_838' title='bbox 2398 5507 2652 5586; x_wconf 81' lang='lat' dir='ltr'><strong>adversus</strong></span> <span class='ocrx_word' id='word_1_839' title='bbox 2682 5509 2959 5586; x_wconf 78' lang='lat' dir='ltr'><strong>Agnoitas.</strong></span> <span class='ocrx_word' id='word_1_840' title='bbox 2994 5507 3134 5586; x_wconf 59' lang='lat' dir='ltr'><strong>bege</strong></span> <span class='ocrx_word' id='word_1_841' title='bbox 3161 5507 3322 5586; x_wconf 54' lang='lat' dir='ltr'><strong>etiarn</strong></span> <span class='ocrx_word' id='word_1_842' title='bbox 3352 5507 3523 5573; x_wconf 71' lang='lat' dir='ltr'><strong>epiSt-</strong></span> 
     </span>
    </p>
   </div>
   <div class='ocr_carea' id='block_1_117' title="bbox 1931 5574 3526 5652">
    <p class='ocr_par' dir='ltr' id='par_1_117' title="bbox 1931 5574 3526 5652">
     <span class='ocr_line' id='line_1_118' title="bbox 1931 5574 3526 5652; baseline -0.009 -13"><span class='ocrx_word' id='word_1_843' title='bbox 1931 5574 1996 5640; x_wconf 66' lang='grc' dir='ltr'><strong>εἰ]</strong></span> <span class='ocrx_word' id='word_1_844' title='bbox 2044 5584 2231 5652; x_wconf 84' lang='lat' dir='ltr'><strong>Eulog.</strong></span> <span class='ocrx_word' id='word_1_845' title='bbox 2279 5581 2570 5638; x_wconf 79' lang='lat' dir='ltr'><strong>Alexandr.</strong></span> <span class='ocrx_word' id='word_1_846' title='bbox 2620 5574 2936 5651; x_wconf 82' lang='lat' dir='ltr'><strong>patriarch.,</strong></span> <span class='ocrx_word' id='word_1_847' title='bbox 2979 5574 3107 5652; x_wconf 77' lang='lat' dir='ltr'><strong>olim</strong></span> <span class='ocrx_word' id='word_1_848' title='bbox 3154 5576 3226 5629; x_wconf 73' lang='grc'><strong>49..</strong></span> <span class='ocrx_word' id='word_1_849' title='bbox 3264 5574 3356 5652; x_wconf 83' lang='lat' dir='ltr'><strong>lib.</strong></span> <span class='ocrx_word' id='word_1_850' title='bbox 3398 5586 3526 5652; x_wconf 72' lang='lat' dir='ltr'><strong>vni,</strong></span> 
     </span>
    </p>
   </div>
   <div class='ocr_carea' id='block_1_118' title="bbox 1933 5642 3525 5724">
    <p class='ocr_par' dir='ltr' id='par_1_118' title="bbox 1933 5642 3525 5724">
     <span class='ocr_line' id='line_1_119' title="bbox 1933 5642 3525 5724; baseline -0.008 -14"><span class='ocrx_word' id='word_1_851' title='bbox 1933 5655 2042 5710; x_wconf 72' lang='lat' dir='ltr'><strong>i‘ntl.</strong></span> <span class='ocrx_word' id='word_1_852' title='bbox 2074 5655 2127 5717; x_wconf 80' lang='grc'><strong>5,</strong></span> <span class='ocrx_word' id='word_1_853' title='bbox 2160 5642 2251 5724; x_wconf 58' lang='lat' dir='ltr'><strong>(fui</strong></span> <span class='ocrx_word' id='word_1_854' title='bbox 2282 5671 2423 5708; x_wconf 89' lang='lat' dir='ltr'><strong>nunc</strong></span> <span class='ocrx_word' id='word_1_855' title='bbox 2449 5661 2531 5708; x_wconf 85' lang='lat' dir='ltr'><strong>est</strong></span> <span class='ocrx_word' id='word_1_856' title='bbox 2578 5642 2659 5724; x_wconf 68' lang='lat' dir='ltr'><strong>ltl.</strong></span> <span class='ocrx_word' id='word_1_857' title='bbox 2691 5652 2746 5705; x_wconf 90' lang='lat' dir='ltr'><strong>In</strong></span> <span class='ocrx_word' id='word_1_858' title='bbox 2775 5665 2878 5718; x_wconf 89' lang='lat' dir='ltr'><strong>qua</strong></span> <span class='ocrx_word' id='word_1_859' title='bbox 2908 5666 2937 5702; x_wconf 89' lang='lat' dir='ltr'><strong>a</strong></span> <span class='ocrx_word' id='word_1_860' title='bbox 2965 5648 3180 5705; x_wconf 79' lang='lat' dir='ltr'><strong>Christo</strong></span> <span class='ocrx_word' id='word_1_861' title='bbox 3209 5647 3373 5704; x_wconf 86' lang='lat' dir='ltr'><strong>etiam</strong></span> <span class='ocrx_word' id='word_1_862' title='bbox 3414 5642 3525 5698; x_wconf 62' lang='grc' dir='ltr'><strong>ιωσ</strong></span> 
     </span>
    </p>
   </div>
   <div class='ocr_carea' id='block_1_119' title="bbox 1933 5722 2979 5793">
    <p class='ocr_par' dir='ltr' id='par_1_119' title="bbox 1933 5722 2979 5793">
     <span class='ocr_line' id='line_1_120' title="bbox 1933 5722 2979 5793; baseline -0.005 -13"><span class='ocrx_word' id='word_1_863' title='bbox 1933 5726 2075 5780; x_wconf 88' lang='lat' dir='ltr'><strong>mine</strong></span> <span class='ocrx_word' id='word_1_864' title='bbox 2105 5722 2318 5781; x_wconf 79' lang='lat' dir='ltr'><strong>omnem</strong></span> <span class='ocrx_word' id='word_1_865' title='bbox 2358 5722 2709 5793; x_wconf 87' lang='lat' dir='ltr'><strong>ignorantiam</strong></span> <span class='ocrx_word' id='word_1_866' title='bbox 2746 5728 2979 5776; x_wconf 85' lang='lat' dir='ltr'><strong>amovet.</strong></span> 
     </span>
    </p>
   </div>
  </div>
