3976 6312
550 355 654 411 543

1759 353 1999 410 SANCTI
2041 355 2363 412 GREGORII
2406 357 2618 413 MAGNI

3712 364 3807 420 5H

548 477 921 534 contemnunt,
949 484 1049 524 nec
1077 467 1318 524 dolorem
1345 466 1604 531 sentiunt,
1641 480 1741 521 nec
1771 466 1970 521 habere
1994 484 2127 522 con-
2161 476 2207 530 Α
2237 469 2379 524 timis
2406 470 2591 525 sentit.
2622 469 2759 525 Sunt
2787 483 3017 539 namque
3048 470 3289 525 nonnulli
3316 470 3408 539 qui
3438 468 3491 523 in
3517 470 3674 527 bonis
3700 491 3807 544 qua

547 560 725 615 silium
756 562 951 615 sciunt.
983 561 1223 626 Cumque
1247 572 1500 626 superna,
1530 572 1649 626 qua:
1670 557 1991 621 amiserunt,
2018 574 2127 613 non

546 650 914 713 considerant,
942 662 1066 701 esse
1092 661 1172 709 se,
1202 645 1305 699 heu
1333 644 1547 700 miseri!
1587 644 1641 699 in
1679 644 1837 700 bonis
1864 655 1888 681 ⁸
1920 655 2129 716 putant.

546 735 894 807 Nequaquam
918 736 1064 790 enim
1095 733 1162 788 ad
1188 733 1428 788 veritatis
1452 733 1649 801 lucem,
1673 734 1761 789 cui
1788 734 1992 790 conditi
2012 722 2134 790 fue-

545 835 688 891 rant,
719 824 913 878 mentis
941 823 1130 877 oculos
1150 822 1398 890 erigunt;
1427 836 1766 892 nequaquam
1789 823 1858 877 ad
1883 831 2130 879 contem-

544 917 837 985 plationem
881 922 1100 969 aeternae
1144 913 1331 984 patrize
1368 914 1619 969 desiderii
1656 914 1828 970 aciem
1858 915 2082 971 tendunt
2113 931 2129 969 :

541 1006 637 1062 sed
659 1004 980 1075 semetipsos
1002 1004 1055 1059 in
1079 1005 1164 1060 his
1184 1004 1251 1058 ad
1271 1018 1393 1074 qua:
1414 1004 1638 1074 projecti
1660 1013 1785 1060 sunt
1798 1004 2130 1070 deserentes,

545 1097 659 1150 vice
700 1094 886 1165 patria:
931 1095 1160 1164 diligunt
1197 1094 1444 1149 exsilium
1472 1094 1617 1164 quod
1647 1095 1941 1165 patiuntur,
1982 1100 2038 1149 et
2075 1093 2130 1148 in

540 1187 804 1253 catcitate,
836 1202 998 1256 qttam
1030 1187 1281 1249 tolerant,
1328 1186 1482 1255 quasi
1529 1187 1585 1241 in
1626 1188 1870 1242 claritate
1915 1185 2132 1241 luminis

541 1276 833 1332 exsultant.
883 1278 952 1331 At
980 1288 1168 1332 contra
1197 1277 1496 1331 electorum
1525 1285 1737 1331 mentes
1767 1277 1895 1331 dum
1939 1284 2130 1331 cuncta

541 1367 850 1423 transitoria
876 1369 1019 1423 nulla
1042 1381 1162 1423 esse
1184 1367 1544 1436 conspiciunt,
1567 1365 1594 1404 δ
1621 1367 1686 1421 ad
1707 1382 1828 1437 quae
1855 1366 1964 1420 sint
1991 1380 2124 1421 con-

542 1460 669 1515 diue
716 1461 1039 1529 exquirunt;
1095 1474 1325 1529 cumque
1353 1473 1541 1514 eorum
1589 1458 1941 1513 satisfactioni
1998 1458 2129 1512 nihil

543 1558 700 1605 extra
746 1549 913 1603 Deum
942 1548 1159 1615 sullicit,
1192 1548 1307 1617 ipsa
1346 1548 1705 1617 inquisitionis
1743 1548 2131 1603 exercitatione

543 1645 763 1713 fatigata
794 1644 1007 1698 illorum
1037 1642 1330 1710 cogitatio,
1380 1642 1435 1697 in
1472 1640 1768 1698 conditoris
1794 1640 1878 1695 sui
1924 1656 2022 1711 spe
2068 1649 2127 1697 et

542 1735 1000 1804 contemplatione
1026 1734 1336 1806 requiescit,
1366 1730 1613 1804 supernis
1650 1734 1898 1789 interseri
1923 1734 2131 1789 civibus

2232 560 2433 616 faciunt
2472 561 2740 631 simplices
2769 575 2876 615 non
2905 569 3062 628 sunt,
3093 560 3221 615 dum
3257 576 3365 615 non
3394 563 3449 618 in
3472 562 3556 619 his
3581 565 3805 620 retribu-

2230 651 2433 706 tionem
2456 651 2703 719 interius,
2725 650 2819 705 sed
2838 650 3075 705 exterius
3103 650 3343 706 favorem
3371 662 3639 721 quzcrunt.
3666 652 3806 711 Unde

2228 740 2367 796 bene
2396 756 2494 812 per
2517 743 2804 813 quemdam
2831 741 3131 810 sapientem
3158 741 3354 797 dicitur
3381 759 3397 796 :
3437 742 3532 797 Vae
3555 748 3806 813 peccaturi

2228 838 2421 886 terram
2448 832 2756 903 ingredienti
2785 830 2983 886 duabus
3012 831 3106 885 viis
3136 830 3330 903 (Eccli.
3360 849 3422 901 tt,
3451 830 3564 905 ll).
3598 834 3807 892 Duabus

2228 920 2426 990 quippe
2468 921 2571 975 viis
2613 930 2870 991 peccator
2913 928 3110 975 terram
3162 921 3481 990 ingreditur,
3515 924 3733 991 quando
3760 936 3810 981 et

2229 1006 2323 1062 Dei
2351 1015 2436 1062 est
2456 1007 2600 1077 quod
2625 1022 2793 1077 opere
2820 1007 3063 1076 exhibet,
3082 1015 3137 1063 et
3163 1009 3346 1063 mundi
3375 1010 3521 1079 quod
3545 1027 3643 1081 per
3664 1014 3806 1084 cogi-

2230 1097 2488 1153 tationem
2518 1098 2732 1167 qumrit.

2300 1187 2387 1241 37.
2414 1188 2458 1240 Α
2488 1189 2674 1243 timore
2700 1188 2933 1256 inchoat,
2961 1190 3018 1242 in
3040 1188 3295 1244 cbaritate
3318 1201 3723 1248 consummatur.
3742 1218 3808 1237 -

2231 1277 2377 1333 Bene
2413 1287 2596 1333 autem
2637 1278 2831 1334 dicitur
2862 1296 2879 1333 :
2913 1278 3118 1335 Timens
3163 1280 3362 1349 Deum,
3402 1291 3451 1337 et
3499 1285 3735 1341 recedens
3775 1303 3809 1343 ιι

2230 1370 2402 1434 male;
2448 1369 2572 1439 quia
2617 1376 2803 1426 sancta
2847 1369 3141 1426 electorum
3182 1370 3420 1428 Ecclesia
3456 1374 3805 1444 simplicitatis

2228 1474 2340 1514 sua:
2359 1468 2413 1512 et
2432 1458 2767 1515 rectitudinis
2788 1468 2813 1497 ο
2835 1459 2949 1515 vias
2969 1459 3162 1516 timore
3182 1461 3419 1529 inchoat,
3433 1464 3531 1519 sed
3554 1465 3803 1522 cbaritate

2230 1554 2590 1604 consummat.
2632 1548 2729 1605 Cui
2759 1556 2889 1605 tunc
2931 1557 3017 1605 est
3040 1550 3277 1606 funditus
3303 1567 3335 1606 a
3364 1553 3507 1608 malo
3537 1555 3801 1623 recedere,

2229 1653 2353 1694 eum
2379 1653 2443 1694 ex
2476 1652 2662 1693 amore
2699 1638 2795 1694 Dei
2821 1639 3046 1709 coeperit
3067 1638 3181 1709 jam
3212 1641 3357 1697 nolle
3385 1657 3638 1712 peccare.
3676 1644 3800 1701 Cum

2231 1743 2360 1784 vero
2384 1728 2558 1784 adhuc
2581 1729 2775 1785 timore
2796 1730 2940 1786 bona
2966 1731 3097 1799 agit,
3124 1746 3156 1785 a
3179 1732 3322 1787 malo
3352 1733 3569 1803 penitus
3596 1750 3700 1791 non
3722 1753 3802 1792 re-

540 1824 779 1896 appetit;
802 1834 856 1881 et
886 1826 1250 1897 unusquisque
1275 1841 1464 1881 eorum
1492 1825 1668 1881 adhuc
1696 1825 1749 1880 in
1780 1825 1978 1880 mundo
2007 1839 2123 1881 aor-
2154 1818 2201 1879 B
2225 1818 2418 1883 cessit;
2466 1817 2591 1887 Quia
2622 1832 2689 1873 eo
2717 1816 2834 1888 ipso
2871 1827 3083 1889 peccat,
3121 1834 3229 1889 quo
3278 1835 3504 1890 peccare
3553 1824 3733 1888 vellet,
3760 1828 3801 1882 si

541 1931 673 1987 pore
725 1918 973 1986 positus,
1024 1924 1206 1972 mente
1255 1915 1366 1985 jam
1417 1922 1569 1971 extra
1621 1915 1880 1970 mundum
1934 1916 2122 1983 surgit,

542 2023 833 2064 :erumnam
870 2009 1068 2078 exsilii,
1113 2024 1273 2079 quam
1317 2008 1535 2074 tolerat,
1563 2008 1827 2079 deplorat,
1852 2015 1907 2062 et
1937 2007 2004 2061 ad
2031 2023 2126 2062 su-

543 2100 760 2154 blimem
787 2100 1015 2169 patriam
1044 2099 1436 2155 incessantibus
1463 2114 1523 2154 se
1552 2098 1752 2154 amoris
1775 2098 2006 2153 stimulis
2032 2113 2125 2153 ex-

542 2193 692 2247 citat.
717 2191 852 2247 Cum
874 2207 1004 2262 ergo
1025 2192 1217 2247 dolens
1236 2192 1402 2257 videt,
1427 2206 1587 2261 quam
1616 2192 1683 2247 sit
1703 2200 1961 2247 aeternum
1982 2193 2125 2261 quod

542 2278 791 2351 perdidit,
829 2283 1032 2337 invenit
1060 2283 1275 2338 salubre
1326 2283 1643 2350 consilium,
1696 2283 1993 2355 temporale
2020 2284 2146 2339 hOC'

543 2371 821 2441 despicere
860 2371 1004 2440 quod
1034 2370 1333 2441 percurrit;
1366 2379 1421 2425 et
1447 2388 1556 2443 quo
1584 2373 1754 2440 magis
1778 2372 1971 2427 crescit
1994 2387 2125 2427 con-

541 2462 645 2518 silii
672 2464 919 2533 scientia,
943 2472 1000 2518 ut
1029 2463 1267 2534 peritura
1295 2464 1403 2534 29
1425 2464 1659 2526 deserat,
1688 2478 1754 2517 eo
1774 2470 1999 2531 augetur
2021 2462 2122 2517 do-

543 2552 642 2621 lor,
672 2555 816 2623 quod
844 2553 1069 2608 necdum
1099 2552 1165 2607 ad
1194 2568 1443 2607 mansura
1474 2552 1761 2622 pertingat.
1798 2550 1949 2607 Unde
1984 2551 2123 2607 bene

542 2657 637 2713 per
677 2643 1020 2699 Salomonem
1075 2642 1310 2697 dicitur:
1345 2652 1367 2680 ε
1417 2639 1520 2706 Qui
1569 2642 1783 2711 apponit
1830 2641 2122 2707 scientiam,

540 2735 747 2805 apponit
774 2734 1003 2789 dolorem
1037 2732 1259 2803 (Eccles.
1284 2747 1322 2796 ι,
1358 2729 1470 2799 l8).
1501 2726 1528 2767 ἀ
1559 2729 1661 2796 Qui
1702 2729 1843 2785 enim
1868 2729 1970 2784 scit
2008 2728 2121 2798 jam

540 2839 740 2878 summa
782 2839 903 2893 qua:
942 2823 1117 2879 adhuc
1156 2838 1265 2879 non
1303 2822 1495 2888 habet,
1522 2821 1694 2892 magis
1733 2821 1802 2877 de
1830 2820 2024 2876 inlimis
2066 2820 2123 2875 in

533 2916 729 2983 quibus
755 2917 1020 2971 retinetur
1049 2915 1221 2971 dolet.

603 3008 694 3064 35.
736 3008 801 3065 In
831 2993 972 3064 terra
1004 3007 1119 3062 Has
1138 3050 1155 3075 ,
1195 3008 1252 3062 id
1279 3014 1390 3073 est,
1428 3010 1484 3062 in
1521 3005 1738 3061 consilio
1766 3003 2021 3058 habitant.
2050 3030 2124 3042 —-

539 3099 701 3156 Recte
725 3113 855 3170 ergo
884 3100 937 3155 in
965 3109 1106 3155 terra
1140 3097 1256 3154 Ilus
1281 3099 1528 3155 habitare
1548 3096 1652 3153 Job
1677 3096 1890 3163 dicitur,
1913 3094 2036 3166 quia
2065 3094 2120 3151 in

2227 1908 2395 1963 inulte
2442 1908 2725 1979 potuisset.
2770 1908 2939 1965 Recte
2983 1924 3113 1980 ergo
3140 1927 3265 1967 cum
3296 1913 3486 1968 timere
3513 1914 3683 1970 Deum
3707 1916 3799 1974 Joh

2225 1999 2440 2064 dicitur,
2470 1999 2725 2056 recedere
2752 2000 2913 2054 etiam
2938 2015 2970 2054 a
2997 2002 3139 2057 malo
3162 2002 3503 2071 perhibetur;
3534 2007 3661 2075 quia
3682 2008 3798 2064 dum

2225 2102 2426 2148 metum
2447 2092 2681 2149 charitas
2701 2094 2964 2164 sequitur,
2986 2109 3049 2150 ea
3070 2109 3191 2163 qua:
3218 2093 3236 2133 τ
3263 2104 3445 2151 mente
3468 2097 3800 2167 relinquitur,

2225 2186 2386 2240 etiam
2427 2202 2526 2256 per
2574 2188 2914 2256 cogitationis
2958 2190 3297 2259 propositum
3341 2191 3500 2261 culpa
3553 2193 3797 2250 calcatur.

2226 2277 2370 2351 [Vet.
2394 2278 2496 2332 XX
2512 2278 2587 2333 VI
2595 2277 2704 2351 11.]
2732 2279 2799 2334 Et
2823 2280 2948 2350 quia
2970 2295 3038 2337 ex
3070 2282 3263 2338 timore
3292 2286 3713 2355 unumquodque
3737 2289 3800 2342 vi.

2226 2369 2359 2422 tium
2387 2370 2669 2439 premitur,
2693 2385 2760 2426 ex
2793 2371 3056 2427 cbaritate
3073 2380 3256 2428 autem
3282 2374 3509 2432 virtutes
3540 2377 3800 2446 oriuntur,

2225 2469 2371 2518 recte
2390 2461 2729 2533 subjungitur
2755 2478 2777 2521 ε

2599 2595 2831 2652 CAPUT
2862 2597 3052 2654 XXVII
3082 2599 3230 2671 [Rea
3263 2600 3315 2655 Χ
3319 2600 3427 2672 11].

2294 2726 2457 2782 Vens.
2479 2728 2534 2781 2.
2552 2761 2625 2772 —
2643 2726 2870 2801 Natique
2890 2740 3009 2784 sunt
3039 2731 3085 2785 ei
3113 2740 3305 2803 septem
3330 2733 3428 2804 ﬁlii
3458 2744 3509 2787 et
3538 2742 3645 2787 (res
3664 2735 3798 2805 ﬁlias.

2290 2815 2382 2873 38.
2430 2818 2639 2889 Septem
2681 2819 2781 2888 filii
2806 2818 2906 2874 Job
2944 2821 3153 2876 totidem
3194 2823 3332 2877 dona
3371 2823 3607 2894 Spiritus
3645 2825 3801 2880 sancti

2221 2908 2552 2980 signiﬁcant;
2591 2918 2695 2964 tres
2734 2911 2882 2980 ﬁlim,
2918 2929 3083 2983 spem,
3111 2914 3271 2984 ﬁdem
3297 2921 3345 2969 et
3379 2914 3706 2969 charitatens.
3736 2946 3801 2958 -ο

2222 2996 2441 3068 Septem
2471 2999 2670 3069 quippe
2696 2999 2853 3056 nobis
2887 3001 2979 3056 lilii
3009 3009 3334 3069 nascuntur,
3363 3018 3487 3058 eum
3535 3019 3637 3074 per
3678 3020 3800 3060 con-

2224 3089 2527 3160 ceptionem
2556 3090 2713 3145 home
2740 3091 3107 3161 cogitationis,
3144 3093 3319 3150 sancti
3348 3093 3585 3165 Spiritus
3612 3106 3803 3165 septem

541 3193 775 3248 scientize
802 3192 1030 3248 consilio
1053 3191 1212 3248 electi
1252 3190 1676 3261 uniuscujusque
1700 3189 1888 3245 dolens
1915 3189 2125 3244 animus
2149 3191 2199 3255 ο
2229 3178 2283 3233 in
2312 3179 2466 3235 "Obis
2509 3180 2734 3235 Virlutes
2782 3180 3047 3238 oriuntur.
3092 3182 3243 3239 Hanc
3280 3199 3512 3255 namque
3550 3185 3804 3241 internata

540 3290 772 3339 tenetur.
818 3282 1134 3338 Intuendum
1162 3297 1380 3352 quoque
1421 3290 1504 3337 est
1541 3297 1700 3351 quam
1747 3281 1921 3336 nullus
1966 3279 2124 3336 dolor

539 3372 728 3426 utentis
755 3372 825 3427 sit
871 3372 924 3427 in
972 3371 1187 3427 actione
1214 3370 1677 3441 praecipitationis.
1703 3369 1805 3436 Qui
1835 3370 1978 3425 enim
2008 3368 2124 3424 sine

537 3460 773 3517 consiliis
802 3460 1007 3526 vivunt,
1036 3461 1128 3531 qui
1154 3476 1215 3516 se
1240 3460 1387 3531 ipsos
1414 3475 1594 3516 rerum
1623 3459 1904 3516 eventibus
1928 3461 2122 3530 praeci-

538 3550 678 3617 pites
727 3550 1004 3616 deserunt,
1055 3550 1204 3605 nullo
1251 3550 1465 3605 interim
1512 3548 1893 3619 cogitationum
1935 3550 2126 3606 dolore

537 3639 846 3709 fatigantur.
895 3639 1029 3694 Nam
1073 3639 1166 3709 qui
1213 3638 1446 3695 solerter
1485 3639 1538 3695 in
1585 3640 1709 3694 vitae
1744 3639 1973 3695 consilio
2010 3641 2125 3709 ﬁgit

536 3740 792 3795 mentem,
820 3737 980 3785 caute
997 3744 1118 3785 sese
1139 3731 1194 3785 in
1222 3729 1369 3786 omni
1399 3729 1616 3786 actione
1641 3730 2124 3801 circumspicienda

535 3821 873 3887 considerat;
912 3829 969 3876 et
1000 3836 1071 3877 ne
1108 3836 1177 3877 ex
1217 3835 1279 3877 re
1305 3836 1426 3892 qua:
1463 3821 1639 3890 agitur
1661 3821 1974 3891 repentinus
2002 3822 2124 3879 linis

533 3913 897 3981 adversusque
941 3911 1244 3983 subripiat,
1291 3911 1437 3967 hunc
1478 3912 1628 3983 prius
1668 3912 1901 3968 molliter
1946 3913 2123 3985 posito

535 4003 674 4071 pede
700 4001 1044 4068 cogitationis
1069 4002 1282 4071 palpat;
1312 4010 1502 4071 pensat
1526 4017 1595 4058 ne
1614 4003 1683 4057 ab
1707 4001 1791 4057 his
1812 4016 1930 4071 qua:
1955 4016 2122 4072 agen-

533 4090 599 4143 da
629 4100 757 4147 sunt
785 4089 1014 4145 formido
1040 4090 1368 4159 praepediat;
1399 4105 1466 4146 ne
1491 4091 1544 4147 in
1572 4091 1654 4146 his
1680 4106 1801 4161 quae
1829 4090 2121 4147 dill‘erenda

533 4189 654 4234 sunt
687 4179 1042 4249 prmcipitatio
1085 4180 1361 4249 impellat;
1413 4197 1481 4236 ne
1516 4196 1679 4253 prava
1710 4197 1809 4252 per
1832 4182 2119 4251 concupis-

536 4271 764 4325 centiam
793 4280 982 4339 aperto
1008 4270 1152 4326 bello
1188 4281 1472 4340 superent;
1516 4286 1585 4327 ne
1611 4279 1759 4326 recta
1787 4286 1881 4341 per
1906 4271 2119 4326 inanem

535 4361 762 4427 gloriam
810 4360 1108 4415 insidiando
1153 4361 1518 4431 supplanteut.
1564 4360 1666 4417 Job
1708 4374 1839 4430 ergo
1882 4361 1935 4415 in
1976 4368 2119 4416 terra

537 4450 646 4505 llus
674 4450 904 4519 habitat,
933 4451 1060 4505 dum
1105 4466 1257 4507 mens
1290 4452 1450 4508 electi
1479 4467 1589 4521 quo
1616 4451 1788 4521 magis
1814 4465 1912 4521 per
1935 4452 2117 4506 consi-

2226 3269 2431 3338 prolem
2477 3269 2739 3341 propheta
2778 3270 3102 3341 dinumerat,
3139 3289 3262 3328 cum
3304 3272 3536 3343 Spiritus
3580 3284 3803 3330 mentem

2222 3359 2497 3425 fecundat,
2529 3360 2714 3417 dicens
2743 3377 2758 3415 :
2792 3360 3093 3433 Requiescet
3121 3379 3274 3433 super
3301 3380 3416 3418 eum
3445 3364 3682 3434 Spiritus
3710 3362 3804 3419 Do-

2226 3449 2375 3513 mini,
2404 3450 2618 3519 spiritus
2663 3450 2933 3519 sapientia:
2972 3461 3022 3506 et
3062 3453 3385 3520 intellectus,
3432 3455 3653 3523 spiritus
3693 3470 3803 3507 con-

2223 3539 2327 3593 silii
2351 3548 2401 3593 et
2425 3538 2775 3610 fortitudinis,
2806 3540 3019 3610 spiritus
3048 3543 3280 3596 scientia:
3306 3550 3356 3596 et
3379 3543 3593 3613 pietatis
3611 3582 3627 3606 ,
3656 3551 3704 3597 et
3729 3558 3804 3595 re-

2223 3629 2382 3701 plebit
2405 3644 2521 3683 eum
2546 3630 2761 3701 spiritus
2788 3631 2987 3685 timoris
3016 3629 3225 3687 Domini
3264 3631 3421 3701 (Isai.
3450 3649 3526 3699 xt,
3558 3632 3642 3703 2).
3680 3632 3802 3687 Cum

2223 3734 2356 3790 ergo
2389 3735 2488 3791 per
2516 3721 2804 3776 adventum
2840 3720 3071 3792 Spiritus
3104 3723 3301 3790 sancti,
3332 3724 3623 3793 sapientia,
3655 3723 3803 3779 intel-

2222 3812 2415 3878 lectus,
2444 3812 2751 3877 consilium,
2782 3812 3058 3881 fortitudo,
3086 3814 3332 3882 scientia,
3359 3816 3532 3885 pietas
3560 3829 3631 3870 ac
3657 3815 3802 3869 timor

2224 3904 2438 3959 Domini
2465 3905 2753 3975 unicuique
2780 3912 3024 3961 nostrum
3054 3906 3162 3976 3o
3186 3907 3435 3976 gignitur,
3467 3906 3626 3977 quasi
3656 3920 3799 3961 man-

2221 4013 2347 4053 sura
2384 3997 2675 4066 posteritas
2706 3996 2760 4052 in
2786 4005 2969 4053 mente
3012 4006 3359 4068 propagatur,
3399 4012 3518 4067 quae
3560 4009 3801 4066 supernae

2224 4096 2424 4143 nostrae
2452 4087 2751 4144 nobilitatis
2778 4101 2948 4157 genus
2973 4102 3041 4143 eo
3066 4088 3136 4143 ad
3171 4087 3335 4142 vitam
3369 4087 3581 4155 longius
3611 4096 3799 4149 servat,

2221 4192 2330 4248 quo
2372 4178 2545 4233 amori
2585 4178 2903 4234 aeternitatis
2945 4177 3141 4234 sociat.
3191 4177 3300 4234 Sed
3337 4176 3539 4232 habent
3566 4177 3624 4231 in
3653 4175 3799 4231 nobis

2220 4278 2428 4341 septem
2452 4270 2542 4324 lilii
2566 4278 2674 4326 tres
2695 4270 2883 4340 procul
2910 4269 3076 4326 dubio
3097 4284 3313 4326 sorores
3334 4276 3478 4335 suas,
3503 4270 3631 4337 quia
3655 4265 3799 4338 quid-

2220 4363 2348 4430 quid
2372 4362 2525 4416 virile
2547 4362 2601 4417 hi
2624 4361 2878 4417 virtutum
2906 4376 3095 4416 sensus
3122 4359 3342 4427 faciunt,
3370 4358 3504 4429 spei,
3534 4357 3660 4413 fidei
3678 4359 3797 4413 cha-

2220 4452 2471 4521 ritatique
2498 4452 2848 4521 conjungunt.
2880 4451 3065 4520 Neque
3092 4451 3238 4506 enim
3267 4450 3333 4505 ad
3359 4450 3564 4505 denarii
3597 4448 3794 4519 perfec-

535 4540 660 4594 liutu
692 4539 871 4595 vivere
898 4541 1110 4604 nititur,
1139 4557 1206 4597 eo
1230 4542 1443 4598 angusti
1473 4541 1680 4596 itineris
1707 4539 1897 4596 dolore
1920 4542 2114 4611 fatiga-
2143 4560 2196 4621 υ
2222 4544 2422 4598 tionem
2456 4555 2666 4613 septem
2714 4545 2807 4599 lilii
2855 4545 3197 4615 perveniunt,
3230 4544 3331 4598 nisi
3372 4543 3426 4598 in
3469 4543 3595 4610 lide,
3625 4558 3721 4612 spe
3744 4550 3795 4596 et

534 4641 638 4687 tur.
668 4631 925 4701 Sequitur
960 4650 975 4686 :

723 4722 948 4787 CAPUT
977 4723 1142 4777 xxw
1176 4722 1321 4797 [Vet.
1355 4719 1605 4786 XXVII,
1643 4721 1766 4777 Rec.
1798 4720 1927 4793 XI].

599 4809 726 4865 Ima.
757 4838 829 4847 ——
864 4810 1100 4881 Simplex
1134 4821 1186 4864 et
1222 4818 1388 4864 rectus
1407 4850 1423 4877 ,
1455 4810 1638 4863 timens
1668 4808 1863 4876 Deum,
1901 4820 1951 4864 et
1979 4826 2120 4864 rece-

531 4905 655 4958 dens
684 4921 715 4957 a
745 4904 904 4958 malo.

596 4995 687 5049 56.
714 4994 853 5049 Justi
872 4991 1834 5064 simplicitasetrectitudo.-—Quisquls
1860 5002 2116 5049 aeternam

528 5086 757 5157 patriam
779 5084 1003 5154 appetit,
1025 5083 1253 5152 simplex
1278 5082 1653 5153 proculdubio
1674 5091 1729 5137 et
1748 5092 1927 5139 rectus
1948 5084 2073 5137 vivit
2096 5100 2111 5138 :

528 5176 759 5246 simplex
784 5175 1035 5230 videlicet
1059 5190 1247 5245 opere,
1268 5183 1448 5230 rectus
1475 5174 1613 5241 lide;
1639 5174 1867 5243 simplex
1889 5175 1941 5229 in
1962 5176 2118 5231 bonis

527 5281 648 5335 quae
687 5265 909 5321 inferius
947 5265 1190 5336 peragit,
1227 5272 1409 5321 rectus
1449 5264 1504 5319 in
1531 5265 1755 5320 summis
1788 5280 1906 5335 qua:
1943 5266 1997 5320 in
2034 5266 2117 5321 in-

602 5426 625 5453 ο
654 5414 813 5481 Editi,
836 5416 891 5470 in
911 5416 1057 5491 bonis
1086 5418 1258 5488 felices
1279 5427 1480 5491 putant.
1515 5415 1879 5491 Expunximus
1906 5422 1963 5476 τὸ
2000 5420 2118 5491 feli-

530 5503 641 5555 ces,
662 5495 721 5571 ut
742 5500 967 5571 inerunt
997 5487 1262 5571 gloSsetna
1291 5487 1416 5541 Mss.
1432 5487 1793 5571 incognitum.

603 5564 631 5595 υ
660 5555 816 5609 Colb.
845 5564 901 5610 et
927 5555 1115 5621 Corb.,
1146 5556 1216 5608 ad
1270 5572 1401 5609 nem.
1432 5555 1590 5623 Reg.,
1618 5558 1689 5612 ad
1707 5556 1865 5626 quod.

605 5636 627 5663 ο
665 5624 842 5695 Item"
871 5623 1102 5695 Remig.,
1125 5574 1379 5686 Vintfloc"
1403 5624 1590 5686 Corb.,
1616 5627 1770 5691 lleg.,
1794 5626 1992 5695 aliique
2017 5641 2112 5679 anc

534 5704 638 5771 ιιίι.¹
650 5693 730 5771 sic
748 5692 1032 5771 legendum
1055 5693 1268 5749 docent.
1291 5694 1347 5749 In
1370 5695 1523 5760 cdil.,
1548 5696 1634 5764 qui
1657 5695 1803 5749 addit
1824 5692 2110 5763 scientiam,

534 5759 756 5829 additet
785 5759 1035 5817 dolorem.

2220 4636 2484 4691 cbaritate
2524 4634 2684 4690 fuerit
2728 4650 2889 4690 omne
2925 4635 3070 4704 quod
3098 4643 3282 4704 agunt.
3333 4634 3465 4701 Quia
3496 4650 3627 4689 vero
3658 4634 3789 4687 hanc

2219 4725 2574 4793 praeeuntium
2619 4724 2879 4779 virtutum
2924 4725 3138 4794 copiam
3184 4723 3498 4779 multimoda
3536 4724 3795 4778 bonorum

2220 4830 2445 4886 operum
2470 4815 2729 4883 cogitatio
2756 4816 3019 4883 sequitur,
3059 4823 3211 4871 recte
3239 4814 3580 4883 subjungitur
3604 4832 3622 4869 :

2568 4955 2799 5013 CAPUT
2827 4956 3039 5013 XXVIII
3079 4956 3227 5029 [Rea
3259 4953 3458 5026 XIII].

2289 5085 2450 5141 Vens.
2492 5086 2545 5141 5.
2576 5116 2646 5128 —
2695 5086 2765 5140 Et
2811 5089 2909 5159 fuit
2953 5089 3208 5157 possessio
3246 5103 3358 5158 ejus
3398 5096 3588 5147 sentem
3635 5087 3791 5140 millia

2215 5178 2383 5230 avium
2407 5187 2454 5231 et
2481 5179 2582 5231 tria
2610 5179 2776 5232 millia
2800 5179 3131 5233 camelorum.

2287 5268 2376 5324 59.
2412 5267 2543 5324 Oves
2571 5270 2797 5339 possidet
2832 5271 2917 5340 qui
2941 5278 3160 5322 mentem
3195 5270 3463 5324 innoxiam
3491 5270 3626 5323 intus
3654 5282 3783 5322 uert-

2288 5412 2316 5454 δ
2348 5414 2427 5469 Ita
2455 5415 2562 5469 duo
2592 5414 2715 5468 Mss.
2750 5413 2908 5480 Reg.,
2938 5420 2993 5465 et
3019 5411 3183 5467 Corh.
3214 5424 3270 5467 et
3294 5415 3552 5468 nonnulli.
3577 5414 3783 5469 Ebruic.

2213 5499 2354 5543 unus
2397 5500 2465 5539 ex
2514 5484 2719 5550 Remig.
2746 5520 2761 5543 ,
2810 5482 3106 5553 compend.
3132 5525 3146 5545 ,
3202 5483 3426 5553 Longip.
3461 5502 3475 5537 :
3511 5485 3606 5550 Qui
3652 5486 3784 5537 enim

2213 5554 2484 5610 scientiam
2511 5568 2766 5607 summam
2790 5551 2960 5604 adhuc
2987 5568 3092 5605 non
3121 5552 3287 5617 habet,
3311 5551 3481 5607 minus
3509 5555 3590 5618 de,
3609 5565 3716 5608 etc.

2290 5636 2315 5663 ε
2355 5624 2800 5682 Vindocincnses,
2831 5622 2939 5673 vias
2968 5638 3000 5673 a
3030 5622 3212 5677 timore
3236 5624 3464 5678 inchoat.

2292 5691 2310 5729 ί
2353 5694 2443 5760 Sic
2488 5692 2759 5759 antiquior
2808 5689 2986 5755 lletn.,
3029 5693 3215 5760 Corb.,
3245 5692 3449 5760 Germ.,
3485 5690 3783 5753 Viudociny

2217 5771 2323 5817 etc.
2357 5759 2512 5827 Editi,
2548 5778 2658 5829 qua:
2687 5770 2821 5815 metu
2846 5760 3172 5827 relinquitur.
