3976 6320
222 300 333 362 555

1124 310 1482 369 MORALIUM
1514 314 1641 370 LIB.
1688 316 1727 370 Ι.
1769 345 1838 356 -
1876 313 1943 372 ΙΝ
1981 316 2208 374 CAPUT
2248 318 2264 374 Ι
2307 320 2366 374 Β.
2407 319 2547 377 JOB.

3376 326 3482 380 546

218 426 327 471 tale
353 424 539 486 pascit.
569 448 642 461 --
666 418 890 473 Servata
916 420 1115 490 quippe
1138 422 1365 479 veritate
1394 425 1653 493 historiae,
1685 426 1806 483 imi-
1834 432 1881 489 Α
1909 443 2047 496 mus,
2099 430 2269 487 levius
2316 446 2480 488 onera
2525 431 2699 487 aliena
2744 434 3051 489 tuleramus.
3097 433 3343 506 Cumque
3392 454 3491 492 nos

220 506 321 559 tari
342 507 654 575 spiritaliter
670 523 972 577 possumus,
1002 510 1143 578 quod
1171 514 1460 569 carnaliter
1482 516 1745 571 audimus.
1776 526 1802 554 ﬂ

214 594 408 651 Ovium
433 599 573 653 enim
595 610 801 669 septem
830 601 991 655 millia
1017 603 1381 671 possidemus,
1427 623 1550 663 cum
1595 609 1803 678 cogita—

215 686 403 746 tiones
423 689 682 745 innocuas
702 733 716 753 ,
731 690 979 760 perfecta
1002 693 1182 748 cordis
1201 697 1481 766 munditia,
1509 701 1646 759 intra
1673 722 1800 762 nos-

213 779 473 849 metipsos
498 780 752 850 inquisito
781 782 1026 837 veritatis
1056 785 1255 855 pabulo
1285 790 1580 857 pascimus.

286 888 375 945 40.
422 891 661 947 Camelos
700 894 948 963 possidet,
977 895 1064 965 qui
1092 897 1229 966 quod
1254 897 1309 951 in
1336 915 1392 953 se
1417 901 1577 955 altum
1605 920 1667 957 ac
1696 914 1801 959 tor-

214 988 434 1043 tuosum,
459 991 550 1035 aut
591 983 719 1051 fidei
754 976 927 1038 subdit
951 1026 968 1053 ,
1010 996 1100 1037 aut
1121 1003 1231 1055 pra:
1244 988 1498 1044 charitate
1525 993 1706 1060 ﬂectit.
1728 1026 1800 1037 —

212 1068 488 1139 Eruutque
518 1074 674 1128 nobis
719 1074 771 1128 in
803 1075 1147 1145 possessione
1175 1078 1337 1133 etiam
1381 1081 1479 1135 tria
1511 1084 1674 1138 millia
1703 1101 1797 1139 ca-

209 1162 495 1230 melorum,
526 1166 569 1220 si
600 1181 778 1233 omne,
809 1167 956 1236 quod
988 1168 1039 1223 in
1083 1169 1237 1227 nobis
1282 1172 1449 1227 altum
1488 1189 1553 1228 ac
1583 1183 1793 1232 tortuo-

202 1267 325 1306 sum
355 1262 456 1319 est,
492 1256 684 1310 rationi
711 1257 834 1312 ﬁdei
856 1258 1119 1324 subditur,
1145 1268 1201 1315 et
1227 1262 1325 1317 sub
1350 1264 1657 1333 cognitione
1677 1265 1794 1322 Tri-

204 1343 410 1407 nitatis,
441 1355 635 1415 sponte
664 1347 717 1402 in
745 1350 984 1420 appetitu
1011 1350 1326 1409 humilitatis
1350 1353 1657 1410 inclinatur.
1691 1356 1794 1413 Ca-

200 1437 375 1492 rnulus
420 1439 619 1510 quippe
666 1444 1025 1512 possidemus,
1055 1445 1101 1500 si
1129 1446 1273 1515 quod
1316 1448 1486 1504 altum
1529 1452 1789 1521 sapimus,

198 1524 477 1582 humiliter
521 1529 874 1600 deponamns.
924 1533 1173 1591 Camelos
1201 1538 1388 1605 procul
1418 1538 1581 1596 dubio
1612 1544 1789 1611 possi-

195 1612 406 1681 demus,
438 1633 560 1672 cum
587 1620 940 1687 cogitationes
977 1629 1191 1679 nostras
1217 1624 1289 1679 ad
1325 1625 1648 1684 inﬁrmitatis
1676 1629 1787 1685 fra-

193 1712 366 1761 ternae
403 1710 830 1778 compassionem
878 1710 1141 1769 ﬂectimus
1162 1754 1178 1781 ,
1229 1723 1287 1769 ut
1334 1716 1569 1773 vicissim
1617 1736 1783 1777 onera

192 1808 382 1852 nostra
413 1808 709 1869 portantes,
739 1800 929 1857 alienae
956 1803 1253 1860 inﬁrmitati
1286 1809 1521 1877 compati
1551 1811 1782 1867 condes-

190 1887 475 1944 cendendo
498 1890 824 1973 noverimus.
848 1886 1081 1950 Possunt
1107 1896 1270 1952 etiam
1301 1913 1399 1968 per
1418 1901 1782 1973 camelos,qui

192 1979 449 2047 ungulam
494 1972 830 2051 nequaquam
877 1982 1105 2053 ﬁndunt,
1150 1987 1246 2043 sed
1274 1996 1453 2045 tamen
1482 1972 1778 2061 ruminant,

1905 522 2058 590 quasi
2075 522 2361 592 singularis
2380 524 2655 591 sapientia!
2674 525 2898 581 altitudo
2926 542 3033 581 non
3056 527 3252 594 elevat,
3274 527 3341 580 ad
3365 545 3489 598 pcr-

1905 610 2179 667 ferendatn
2230 614 2390 668 alieni
2433 615 2612 670 cordis
2660 615 2947 684 inertiam,
3000 632 3150 673 mens
3196 633 3254 671 se
3304 627 3485 673 nostra

1902 703 2272 771 :equanimitcr
2310 704 2548 758 inclinat.
2593 704 2758 759 Recte
2785 715 2965 760 autem
3004 707 3117 760 sive
3140 707 3265 775 juga
3299 708 3483 772 boum,

1902 790 2016 846 sive
2044 794 2208 847 asinae
2235 794 2539 863 quingenta:
2583 795 2928 862 referuntur;
2974 797 3097 864 quia
3137 797 3220 850 vel
3265 797 3316 851 in
3359 799 3482 863 hoc,

1901 880 2044 947 quod
2065 881 2360 950 prudenter
2384 886 2651 952 sapimus,
2685 887 2768 939 vel
2800 886 2853 939 in
2882 887 3002 951 hoc,
3034 887 3179 955 quod
3213 888 3485 943 humiliter

1899 969 2230 1038 ignoramus,
2279 974 2407 1028 dum
2449 983 2664 1030 retenta:
2702 977 2850 1046 pacis
2889 978 3129 1046 requiem
3175 980 3485 1047 qumrimus,

1898 1060 2051 1130 quasi
2080 1061 2219 1115 intra
2245 1062 2431 1131 jubilei
2465 1081 2745 1120 numerum
2775 1076 3039 1122 tenemur.
3073 1068 3365 1139 Sequitur:

2085 1171 2313 1229 CAPUT
2342 1173 2492 1228 xxx
2531 1177 2677 1248 [Vet.
2702 1176 2917 1244 XXXI,
2950 1179 3073 1234 Rec.
3097 1180 3282 1252 XIV].

1964 1286 2092 1343 IBID.
2112 1317 2185 1327 —
2210 1290 2285 1343 Ac
2308 1290 2511 1361 familia
2538 1292 2701 1344 multa
2729 1293 2907 1346 nimis.

1964 1375 2054 1431 42.
2083 1375 2255 1432 Multa
2287 1379 2491 1450 familia
2528 1388 2604 1433 est
2637 1380 2908 1435 multitudo
2938 1382 3307 1452 cogitationum
3336 1386 3480 1438 colli-

1892 1467 2079 1526 benda.
2119 1500 2193 1511 —
2235 1470 2455 1527 Multam
2496 1473 2651 1528 nimis
2689 1474 2945 1529 familiam
2974 1473 3330 1545 poissidemus,
3356 1493 3480 1533 cum

1890 1561 2248 1629 cogitationes
2294 1562 2606 1619 innumeras
2639 1565 2738 1620 sub
2768 1566 2964 1620 mentis
2992 1566 3358 1622 dominatione
3387 1582 3476 1623 re-

1886 1651 2227 1719 stringimus;
2246 1667 2315 1707 ne
2342 1653 2455 1723 ipsa
2475 1654 2557 1709 sui
2584 1655 2925 1712 multitudine
2939 1657 3175 1712 animum
3198 1668 3474 1729 superent,

1889 1756 1957 1796 ne
1974 1756 2244 1811 perverso
2273 1744 2461 1800 ordine
2491 1744 2830 1803 discretionis
2871 1757 3069 1803 nostra:
3114 1748 3472 1819 principatum

1885 1833 2113 1895 calcent.
2162 1833 2230 1888 Et
2253 1834 2395 1891 bene
2431 1837 2816 1906 cogitationum
2866 1838 3022 1893 turba
3048 1839 3230 1893 multae
3260 1839 3475 1896 familia:

1882 1926 2242 1995 appellatione
2279 1928 2539 1996 signatur.
2572 1929 2705 1985 Nam
2734 1931 2931 1987 scimus
2959 1929 3101 1998 quod
3128 1931 3352 1986 absente
3378 1932 3473 1984 do-

1881 2012 2024 2067 mina
2045 2051 2061 2079 ,
2091 2013 2405 2070 ancillarum
2447 2017 2639 2085 lingua:
2671 2026 3045 2088 perstrepunt,
3076 2018 3348 2074 silentium
3376 2019 3471 2074 de-

191 2074 528 2126 terrenacum
552 2084 727 2125 rerum
747 2072 901 2127 bona:
921 2073 1019 2143 dis,
1042 2076 1352 2133 ensationes
1372 2078 1596 2151 intelligi
1620 2099 1636 2137 :
1660 2098 1779 2153 qua:

194 2157 310 2178 με,
574 2158 671 2178 _.._
716 2161 766 2178 ..
800 2177 834 2178 η
881 2177 888 2178 ,
937 2163 972 2178 ..
1268 2167 1317 2178 ..
1352 2168 1387 2178 -
1431 2170 1445 2178 .

1896 2072 2085 2166 terunt,
2117 2104 2359 2173 deputati
2406 2072 2587 2176 opai-is
2632 2072 2811 2164 oiﬁcia
2858 2072 3155 2178 n'egligunt,
3189 2116 3475 2178 totumque

191 2158 1007 2267 ggggnpgnynaaaseculi.
1038 2173 1094 2267 «ξι
1117 2160 1319 2267 suum
1352 2168 1469 2267 pe},
1496 2185 1597 2241 ρετ
1622 2187 1776 2267 eos
1882 2158 2099 2247 ,ευεηιει
2141 2158 2383 2249 sua...
2414 2158 3155 2253 iamsuasisset:
3175 2158 3473 2267 .‘.".;;;.:.1;

188 2259 353 2302 mune
379 2262 472 2304 eas
500 2264 721 2330 necesse
760 2260 845 2307 est
871 2254 1071 2310 animal
1098 2255 1386 2329 designari.
1416 2258 1603 2331 Neque
1630 2263 1774 2318 enim

1896 2282 2095 2338 lomiua
2134 2284 2348 2353 veniat,
2391 2300 2519 2340 mox
2557 2294 2960 2357 perstrepentes
2995 2287 3187 2357 lingua:
3215 2288 3468 2355 reticent,

188 2347 405 2394 terrena
432 2340 777 2412 dispensatio,
801 2346 1044 2415 quamvis
1070 2357 1287 2406 :eterna:
1313 2353 1527 2409 utilitati
1551 2356 1771 2425 serviat,

1896 2372 2054 2429 ifﬁcia
2103 2340 2524 2445 uniuscuiusque
2559 2340 3100 2446 Ioperis'repetunt:
3161 2377 3347 2445 sicque
3401 2377 3468 2431 ad

186 2430 762 2532 perturbatione
808 2438 1027 2532 mentis;
1051 2440 1197 2498 valet
1258 2444 1522 2501 exhiberi.
1599 2447 1618 2521 i
1656 2447 1772 2505 Vel.
1874 2476 2011 2529 opus
2038 2430 2347 2532 proprium:
2372 2430 2509 2520 ac'si
2557 2430 2665 2521 non
2710 2430 3463 2532 recesserint,'reverluntiir.

185 2518 437 2620 xxix}
475 2522 609 2591 Quia
655 2525 820 2620 isilur
861 2543 961 2599 per
1003 2530 1145 2587 hanc
1181 2533 1326 2589 end
1355 2518 1775 2604 pmsens'mens
1873 2518 1929 2606 si
1959 2518 2119 2620 igiiur
2146 2518 2177 2607 ἐι
2205 2518 2366 2609 domo
2403 2518 3465 2610 istiistiiiiﬁﬁésiuaﬁis'as;

185 2609 550 2677 confunditur,
590 2623 648 2670 et
685 2614 740 2670 in
766 2626 1084 2688 perpetuum
1111 2636 1322 2678 merces
1349 2633 1588 2694 paratur,
1619 2628 1772 2697 quasi

1896 2641 2055 2710 :edat,
2076 2642 2229 2711 quasi
2252 2642 2476 2699 absente
2497 2643 2737 2712 domina,
2758 2644 3144 2717 cogitationum
3162 2659 3222 2699 se
3237 2645 3464 2711 clamor,

182 2717 477 2804 ςοηιιξιυξιίξ
496 2707 714 2804 allimals
739 2717 795 2765 el
814 2710 1015 2781 aliquid
1044 2713 1112 2769 de
1138 2713 1258 2804 1881}
1284 2716 1466 2785 habet,
1493 2726 1549 2774 et
1570 2719 1771 2791 aliquid
1871 2730 2021 2785 velut
2037 2707 2253 2800 garrula
2281 2733 2599 2788 ancillarum
2626 2707 2782 2789 turba
2810 2707 3147 2804 multiplicat.
3183 2734 3250 2791 Ut
3278 2707 3457 2791 autem

182 2802 291 2846 non
320 2793 502 2849 habet.
538 2794 798 2864 Ungulam
826 2813 1059 2870 namque
1082 2816 1189 2857 non
1221 2801 1394 2872 ﬁndit,
1424 2806 1549 2877 quia
1575 2822 1683 2863 non
1711 2823 1772 2864 se

1896 2822 2012 2876 atio
2040 2822 2108 2878 ad
2141 2832 2389 2880 mentem
2435 2824 2669 2892 redierit,
2709 2841 2837 2881 mox
2882 2841 2944 2882 se
2988 2826 3234 2882 confusio
3262 2829 3461 2882 tumul-

180 2981 364 3030 tamen
395 2978 648 3079 ruminat,
678 2980 802 3079 quia
835 2981 979 3079 bene
1020 2982 1379 3079 dispensando
1426 2989 1765 3079 temporaiia.
1870 3015 2007 3071 opus
2048 2978 2208 3059 tacite
2254 2978 2552 3074 reprimunt
2577 3047 2592 3074 ,
2638 3006 2763 3060 dum
2814 3007 3171 3076 cogitationes
3214 2978 3467 3079 protinus

178 3078 279 3165 per
314 3070 655 3165 certitudinis
690 3071 941 3129 ﬁduciam
989 3075 1229 3131 caelestia
1268 3086 1471 3148 sperat.
1517 3078 1768 3136 Terrena:
1800 3153 1838 3165 Α
1870 3070 2045 3150 causis
2072 3107 2133 3149 se
2162 3070 2394 3165 propriis
2417 3095 2483 3150 ad
2512 3070 2798 3151 utilitatem
2826 3070 3083 3152 subdunt.
3118 3070 3463 3155 Possidemus

178 3159 342 3255 igitur
367 3159 811 3232 dispensationes,
841 3166 997 3235 quasi
1028 3168 1356 3225 camelorum
1387 3186 1558 3235 more.
1590 3173 1766 3242 capite
1793 3153 1840 3216 Ο
1869 3197 1998 3254 ergo
2025 3183 2245 3238 multam
2264 3153 2542 3249 Iamiliam,
2568 3201 2691 3239 cum
2719 3194 2870 3241 recto
2894 3185 3018 3255 jure
3046 3187 3339 3242 innumeris
3365 3204 3461 3243 co-

177 3247 283 3319 legi
310 3253 666 3323 concordant,
697 3255 834 3325 pede
860 3256 1205 3327 discrepant:
1249 3260 1373 3328 quia
1411 3269 1467 3316 et
1491 3260 1615 3317 coeli
1641 3271 1768 3318 sunt
1868 3247 2216 3343 gitatioiiilins
2252 3274 2477 3331 rationis
2525 3247 2854 3331 discretione
2894 3247 3262 3333 dominamur.
3304 3277 3464 3345 Quod

177 3342 413 3438 illa-qua:
430 3344 574 3413 juste
602 3346 845 3403 viventes
865 3356 1145 3419 appetunt,
1169 3358 1225 3404 et
1248 3348 1405 3419 hujus
1432 3351 1614 3406 mundi
1642 3363 1767 3408 sunt
1868 3342 2119 3420 nimirum
2166 3378 2291 3420 cum
2334 3365 2565 3421 solerter
2606 3368 2833 3435 agimus,
2874 3366 3023 3436 iungi
3074 3382 3171 3438 per
3208 3342 3455 3422 eamdem

177 3447 240 3487 ea
270 3432 324 3487 in
354 3434 551 3503 quibus
576 3450 742 3507 opere
768 3446 1069 3494 versamur-
1099 3440 1209 3496 N08
1236 3455 1366 3510 ergo
1396 3457 1519 3498 cum
1548 3444 1763 3500 eadem
1867 3456 2246 3512 discretionem
2276 3455 2480 3526 angelis
2527 3432 2809 3513 conamur.
2857 3432 3012 3514 Unde
3053 3432 3109 3514 et
3146 3466 3297 3515 recte
3334 3459 3461 3513 sub-

174 3531 422 3582 terrenas
458 3526 886 3598 dispensationes
931 3531 1225 3600 cognitioni
1265 3531 1543 3590 Trinitatis
1579 3536 1765 3593 subdi-
1862 3547 2149 3618 jungitur:

174 3627 327 3681 mus,
346 3618 499 3686 quasi
529 3620 766 3676 camelos
789 3619 817 3659 ιι
848 3620 951 3676 ﬁde
988 3623 1343 3693 possidemus.
1372 3624 1664 3696 Sequitur:

546 3732 776 3788 CAPUT
801 3733 973 3788 XXIX
1012 3734 1155 3808 [Vet.
1181 3735 1385 3809 XXX].

248 3818 543 3892 Quingenta
580 3840 777 3895 quoque
798 3825 931 3896 juga
965 3824 1147 3894 boum,
1176 3834 1227 3881 et
1260 3829 1555 3899 quingenta:
1580 3833 1764 3887 asina.
1870 3822 2018 3876 ταῖεε·

245 3912 335 3967 41.
372 3911 535 3967 Boum
558 3914 691 3985 juga
721 3916 998 3971 concordes
1026 3917 1255 3973 virtutes.
1286 3919 1465 3975 Asina:
1490 3921 1761 3977 lascivien-
1938 3911 2027 3967 ‘5-
2071 3911 2268 3967 Εανηηι
2307 3914 2654 3985 refrenatione
2692 3915 2867 3985 maelii
2896 3914 3163 3984 elﬁcimur-
3199 3942 3269 3952 ’““
3305 3912 3459 3967 Tum:

169 4008 271 4069 tes,
301 4009 471 4055 motas
500 4011 589 4055 aut
629 4003 967 4075 cogitationes
994 4005 1273 4076 simplices.
1323 4037 1396 4049 —
1438 4007 1571 4078 luga
1602 4010 1765 4065 boum
1868 4018 2101 4074 namque
2125 4004 2304 4074 magni
2332 4004 2472 4060 inter
2497 4020 2685 4060 omnes
2704 4004 3005 4061 Orientales
3025 4003 3306 4071 eiicimur,
3330 4020 3454 4060 cum

166 4092 223 4143 in
253 4105 411 4145 usum
456 4099 656 4148 nostrae.
692 4093 1049 4164 possessionis
1074 4103 1235 4164 sunt,
1269 4106 1293 4135 °
1321 4112 1443 4152 cum
1473 4100 1768 4156 concordes
1868 4093 1945 4148 Bis
1973 4094 2272 4164 spiritibus.
2304 4094 2394 4165 (illi
2433 4094 2627 4149 οτίεηῑί
2661 4093 2768 4149 Ῑυοί
2797 4093 3091 4159 inhaerent,
3121 4086 3307 4163 W958?
3332 4108 3455 4147 03'"

168 4179 404 4235 virtutes
424 4191 652 4237 exarant
669 4183 921 4239 duritiam
950 4186 1166 4242 mentis.
1191 4184 1524 4256 Quingentas
1549 4203 1767 4260 quoque
1869 4184 2005 4240 nalis
2033 4184 2396 4255 corruptionis
2425 4183 2643 4253 nebu‘a,
2674 4184 3017 4241 discretionis
3046 4192 3243 4239 nostra:
3272 4184 3453 4250 radiis,

165 4272 353 4327 asinas
382 4274 752 4345 possidemus,
791 4291 913 4334 cum
948 4277 1291 4334 lascivienles
1328 4288 1506 4337 ιηοιιιε
1534 4282 1764 4338 resin-in-
1867 4274 1922 4329 in
1956 4283 2217 4345 quantum
2247 4274 2573 4344 possibilitas
2601 4275 2856 4345 suppetit,
2888 4274 3175 4331 sociamur.
3220 4274 3372 4330 Unde
3402 4283 3455 4328 et

166 4361 384 4431 gimus;
411 4371 467 4419 et
485 4366 739 4438 quidquid
769 4368 822 4423 in
851 4369 1007 4425 nobis
1035 4370 1252 4427 carnale
1281 4385 1574 4442 exsurgere
1600 4389 1767 4445 appe.
1868 4381 1966 4437 per
1997 4364 2219 4420 Paulum
2260 4364 2456 4420 dicitur
2486 4382 2499 4418 ε
2531 4362 2731 4419 Nostra
2773 4365 3090 4420 conversatio
3126 4364 3181 4418 in
3210 4365 3352 4419 caelis
3378 4373 3455 4417 est

167 4452 279 4517 tit,
306 4454 535 4524 spiritali
576 4458 754 4514 cordis
808 4458 1088 4516 dominatu
1115 4461 1472 4518 refrenamus.
1494 4462 1595 4520 Vel
1616 4473 1764 4521 certe

1896 4455 2125 4526 Philipp.
2159 4470 2236 4521 tn,
2267 4453 2381 4527 20).
2432 4454 2686 4526 Quisquis
2735 4455 3052 4527 temporalia
3098 4470 3165 4510 ac
3192 4455 3458 4512 defectiva

162 4519 353 4599 asinas
370 4546 667 4615 possidere.
690 4557 775 4604 est
800 4550 1159 4620 cogitationes
1186 4551 1325 4608 intra
1355 4569 1456 4609 nos
1492 4553 1764 4625 simplices
1795 4519 1844 4578 θ
1867 4546 2127 4616 Setinum.
2153 4560 2405 4602 occasum
2433 4545 2601 4616 Dem;
2627 4547 2869 4617 (ΙυῘείΙυῖε
2900 4561 3029 4602 vero
3056 4560 3287 4616 super“
3313 4546 3454 4601 άεεῖ·

167 4649 364 4705 regere
388 4655 401 4691 :
432 4652 553 4707 qua:
579 4639 706 4695 dum
730 4639 783 4696 in
805 4642 1069 4698 subtiliori
1097 4643 1373 4700 intellectu
1404 4660 1624 4701 currere
1654 4662 1762 4704 non

1896 4636 2042 4701 lerat,
2073 4638 2196 4706 quia
2226 4637 2277 4692 in
2307 4637 2527 4693 Oriente
2556 4638 2780 4704 habitet,
2822 4636 3177 4694 demonstrat.
3229 4634 3452 4707 Magnus

2440 3618 2668 3674 CAPUT
2693 3618 2882 3674 XXXI.

1937 3729 2063 3786 Imb.
2094 3765 2164 3776 —
2190 3731 2419 3802 Eratque
2446 3733 2522 3787 vir
2542 3734 2629 3788 ille
2660 3750 2876 3805 ntagnus
2905 3736 3041 3789 inter
3063 3751 3239 3790 omnes
3267 3734 3458 3789 Orien-

167 4731 354 4786 valent
382 4747 491 4803 quo
516 4734 667 4803 quasi
695 4735 894 4803 pigrius
920 4736 1217 4799 ambulant,
1248 4752 1315 4791 eo
1355 4737 1594 4793 fraterna
1625 4754 1760 4794 one-

168 4837 229 4877 ra
267 4823 602 4877 mansuetius
646 4832 883 4894 portant.
939 4825 1076 4881 Sunt
1122 4842 1353 4895 namque
1400 4829 1641 4884 nonnulli
1668 4831 1760 4900 qui

168 4909 296 4967 dum
342 4912 451 4967 alta
481 4927 589 4967 non
619 4913 963 4983 intelligunt,
990 4912 1019 4952 ἀ
1045 4914 1110 4970 ad
1157 4917 1429 4972 exteriora
1469 4933 1760 4974 conversa-

167 5003 333 5060 tionis
345 5019 510 5075 opera
523 5020 581 5061 se
594 5005 848 5061 humilius
863 5015 1133 5078 premunt.
1151 5006 1295 5063 Bene
1305 5023 1438 5079 ergo
1450 5024 1543 5080 per
1555 5011 1753 5079 asinas,

170 5101 380 5170 pigrum
407 5100 626 5171 quidem
654 5100 882 5167 animal,
923 5100 1021 5157 sed
1058 5109 1238 5157 tamen
1268 5102 1548 5173 portandis
1576 5104 1757 5159 oneri-

166 5190 269 5246 bus
296 5190 569 5259 deditum,
599 5192 704 5263 ει
733 5191 1005 5263 simplices
1029 5193 1386 5262 cogitationes
1420 5195 1755 5265 accipimus;

167 5282 293 5350 quia
318 5281 449 5338 dum
476 5292 714 5339 nostram
742 5284 1059 5354 plerumque
1084 5278 1439 5354 ignorantiam
1464 5288 1751 5359 cognosci-

243 5433 265 5454 η
297 5418 455 5490 Rem.
477 5429 533 5476 et
555 5419 789 5488 Rem'g.,
808 5418 992 5490 Corn.
1009 5419 1232 5490 Germ._:
1259 5417 1391 5474 Ores
1410 5421 1547 5476 enim
1567 5431 1759 5490 septeni

169 5491 355 5544 millia.
385 5488 463 5545 Ila
493 5502 703 5545 veteres
732 5490 871 5543 Edit.
904 5488 1075 5543 Paris.
1107 5497 1163 5543 et
1188 5488 1348 5543 Basil.

244 5561 269 5598 δ
299 5560 392 5615 Sic
418 5560 543 5615 Mss.
576 5559 634 5614 In
668 5559 911 5627 Vulgatis
938 5557 1154 5613 additur
1182 5577 1196 5612 :
1224 5560 1365 5613 intra
1392 5558 1757 5617 indiciaibilcnt

173 5645 466 5693 numerum,
498 5632 622 5690 sive,
653 5640 762 5684 elc.

1865 4743 1994 4799 ergo
2022 4744 2129 4784 non
2158 4728 2297 4784 inter
2324 4726 2722 4795 Occidentales,
2750 4728 2844 4785 sed
2875 4729 3015 4783 inter
3050 4725 3353 4782 Orientales
3379 4728 3455 4780 eti

1866 4817 2060 4885 ﬁcitur,
2113 4819 2206 4889 qui
2254 4834 2361 4874 non
2403 4827 2431 4858 °
2482 4818 2627 4874 inter
2663 4819 2925 4875 malorum
2967 4818 3209 4874 actiones
3246 4818 3349 4872 ima
3396 4826 3451 4871 et

1863 4910 2082 4980 fugitiva
2110 4911 2483 4981 quaerentium,
2514 4911 2608 4966 sed
2637 4910 2778 4966 inter
2805 4912 3003 4966 choros
3048 4911 3311 4982 proﬁcere
3356 4926 3450 4964 su-

1862 5015 2151 5072 pernorum
2182 5000 2376 5056 civium
2400 5014 2651 5056 conatur.
2685 4999 2938 5077 Sequitur
2969 5016 2984 5054 :

2044 5107 2273 5164 CAPUT
2301 5106 2493 5163 XXXII
2520 5106 2666 5181 [νει.
2695 5106 2943 5172 XXXII,
2975 5106 3100 5162 Rec.
3131 5106 3282 5177 XV].

1934 5201 2096 5257 Vnus.
2128 5201 2180 5257 4.
2210 5200 2281 5256 Et
2306 5200 2454 5256 ibant
2488 5201 2586 5271 lilii
2626 5201 2759 5271 ejus,
2802 5210 2852 5256 et
2877 5200 3135 5272 faciebant
3162 5199 3449 5254 convivium

1861 5311 1954 5367 per
1969 5294 2170 5362 domos,
2198 5295 2551 5366 unusquisque
2570 5295 2633 5356 in,
2651 5295 2737 5349 die
2761 5310 2877 5351 suo.

1931 5427 1958 5505 (ξ
1987 5427 2079 5485 Sic
2098 5426 2247 5505 ‘Mss.
2280 5427 2443 5505 Cori),
2474 5435 2530 5483 et
2557 5425 2777 5505 _(_}erm.,
2806 5440 2914 5505 qua
2944 5424 3206 5505 particula
3236 5425 3447 5505 praepa-

1859 5500 1997 5554 ratio
2026 5499 2189 5553 animi
2235 5498 2517 5553 indicatur.
2556 5497 2679 5551 Mox
2707 5498 2929 5550 verbum
2960 5503 3197 5564 premunt
3223 5497 3451 5566 perinde

1858 5579 1943 5624 cst
1968 5584 2031 5650 ac
2054 5569 2365 5650 deprimunt.
2398 5567 2453 5621 In
2486 5567 2651 5650 Edita
2678 5584 2772 5650 per
2793 5567 3103 5650 exteriora.
3235 5644 3266 5650 γ’
3303 5635 3323 5650 ι,
3391 5631 3405 5643 _

1930 5650 1954 5677 ο
1987 5635 2169 5706 Anti].
2200 5639 2374 5709 llcm.,
2414 5640 2499 5709 qui
2529 5654 2632 5692 non
2672 5635 2809 5691 inter
2839 5636 3065 5691 actionis
3086 5637 3190 5691 inta
3217 5644 3267 5689 ct
3296 5635 3443 5707 fugin

243 5710 265 5738 ε
308 5698 545 5765 Ebroic.,
581 5699 640 5754 S.
671 5698 958 5771 Ebrulph,
991 5697 1179 5757 Germ.
1206 5709 1264 5759 et
1289 5700 1399 5770 alii,
1431 5718 1548 5757 cum
1581 5705 1754 5762 cordis
1855 5715 1978 5768 tiva.
2010 5697 2173 5768 Corn.
2205 5724 2312 5765 non
2339 5697 2504 5766 habet
2532 5711 2809 5765 mutorum.

172 5768 378 5826 αἰτίαιιό
411 5778 653 5845 exurunt.
