3976 6300
571 292 674 348 5ἒ7
1769 286 2009 347 SANCTI
2051 286 2136 345 GR

2247 284 2371 345 DRll
2411 286 2623 345 MAGNI
2925 279 2928 282 ’
3707 294 3789 353 ΜΒ

641 404 729 463 44.
769 401 994 464 Virtutes
1029 404 1265 481 singulm,
1298 406 1351 460 in
1385 403 1467 458 die
1494 420 1586 458 suo
1615 403 1897 458 convivium
1928 404 2144 474 faciunt.
2180 405 2226 462 Α
2254 403 2516 467 sublevat,
2547 399 2700 471 quasi
2731 412 2826 469 per
2854 397 2968 454 dies
2993 413 3122 455 suos
3160 412 3437 454 numerosa
3466 400 3666 456 soboles
3690 418 3790 475 pas-

569 533 638 547 --
668 503 786 557 Filii
815 517 912 573 per
936 502 1125 556 domos
1166 498 1468 554 convivium
1508 496 1742 561 faciunt,
1774 495 1899 551 dum
1927 495 2152 549 virtutes

565 597 789 666 singula:
819 605 841 631 ιι
865 596 1018 664 juxta
1060 608 1148 647 mo
1170 593 1277 646 lum
1322 591 1595 661 proprium
1628 598 1863 644 mentem
1904 594 2147 657 pascunt.

567 684 635 740 Et
665 688 800 742 bene
834 684 1028 740 dicitur
1056 701 1069 736 :
1106 682 1462 755 Unusquisque
1500 683 1553 736 in
1584 682 1668 735 die
1702 698 1816 737 suo.
1855 680 1980 735 Dies
2008 678 2149 735 enim

568 775 983 844 uniuscujusque
1042 772 1171 838 ﬁlii,
1229 782 1313 829 est
1368 773 1685 829 illuminatio
1737 771 2153 841 uniuscujusque

565 868 795 921 virtutis.
834 865 903 921 Ut
938 865 1080 920 enim
1113 867 1227 921 haec
1254 867 1366 937 ipsa
1395 866 1535 922 dona
1567 866 1801 923 breviter
1826 865 2152 935 septiformis

563 957 751 1028 gratiae
780 957 1068 1028 rt'plicem,
1104 958 1265 1025 alium
1296 954 1437 1013 diem
1468 952 1631 1012 habet
1660 957 1920 1028 sapientia
1940 995 1956 1022 ,
1987 956 2149 1011 alium

561 1049 868 1105 intellectus
894 1086 910 1117 ,
941 1044 1104 1104 alium
1129 1047 1434 1115 consilium,
1475 1049 1637 1103 alium
1680 1047 1955 1113 fortitudo,
1988 1048 2147 1102 alium

560 1131 806 1207 scientia,
839 1140 1001 1197 alium
1031 1142 1224 1212 pietas,
1256 1140 1420 1195 alium
1448 1140 1630 1195 timor.
1662 1138 1847 1209 Neque
1876 1138 2017 1193 enim
2047 1139 2151 1192 hoc

560 1243 646 1289 est
672 1249 885 1304 sapere,
918 1231 1067 1302 quod
1098 1231 1428 1300 intelligere;
1466 1230 1593 1301 quia
1622 1229 1772 1285 multi
1801 1237 2000 1283 :cterna
2027 1228 2149 1299 qui-

560 1325 683 1380 dem
713 1324 946 1394 sapiunt,
987 1322 1083 1378 sed
1126 1322 1241 1377 hmc
1287 1321 1586 1391 intelligere
1635 1333 1967 1391 nequaquam
2021 1333 2149 1386 pos-

560 1422 706 1469 sunt.
732 1413 1009 1484 Sapientia
1039 1426 1167 1482 ergo
1194 1412 1247 1466 in
1278 1412 1386 1481 32
1411 1410 1496 1465 die
1535 1424 1636 1465 suo
1667 1408 1969 1465 convivium
1998 1406 2146 1475 facit,

563 1504 688 1573 quia
746 1511 980 1557 mentem
1040 1501 1109 1556 de
1158 1508 1485 1555 aeternorum
1555 1513 1653 1568 spe
1719 1506 1776 1553 et
1824 1496 2150 1552 certitudine

562 1594 758 1657 reiicit.
804 1592 1116 1647 Intellectus
1145 1591 1198 1644 in
1237 1590 1322 1643 die
1346 1604 1443 1644 suo
1465 1587 1769 1643 convivium
1792 1594 1980 1657 parat;
2023 1586 2149 1656 quia

564 1682 617 1734 in
648 1696 714 1734 eo
743 1679 885 1748 quod
914 1678 1096 1732 audita
1125 1686 1392 1748 penetrat,
1422 1675 1717 1731 reliciendo
1737 1690 1851 1742 cor,
1894 1676 2149 1731 tenebras

2257 492 2422 547 cenda
2449 489 2751 545 convivium
2784 496 2957 558 parat.
2990 487 3248 560 Sequitur
3275 504 3289 542 :

2364 581 2591 636 CAPUT
2632 579 2844 633 XXXIII
2884 580 3033 652 [Vet.
3070 578 3350 643 XXXIII,
3388 579 3505 634 ch.
3539 579 3708 651 Χινη.

2326 672 2453 726 Ιιςιι).
2484 704 2555 714 -
2586 670 2651 724 Et
2677 672 2932 725 mit/entes
2959 671 3207 724 rorabant
3238 678 3340 724 tres
3380 688 3573 726 sorores
3603 689 3726 740 suas,
3752 688 3793 731 ut

2253 782 2364 819 com
2382 765 2575 818 ‘derent
2600 772 2648 816 et
2675 761 2901 816 biberent
2925 778 3041 817 cum
3062 763 3154 816 eis.

2326 856 2414 911 46.
2445 855 2527 909 Ad
2565 855 2847 909 conuiuium
2892 855 3134 908 virtutum
3174 853 3472 916 inritandas,
3503 872 3629 924 spes,
3666 858 3791 926 ﬁdes,

2252 948 2502 1003 charitas.
2548 978 2623 990 -—-
2659 945 2794 1001 Cum
2844 946 3067 1001 virtutes
3128 954 3325 1001 nostras
3380 946 3433 1001 in
3482 962 3630 1002 omne
3672 952 3791 1018 quod

2253 1046 2440 1109 agunt,
2489 1051 2512 1078 ο
2554 1054 2725 1109 spem,
2778 1038 2955 1102 tidem,
3003 1046 3059 1093 et
3101 1038 3417 1094 charitatem
3466 1038 3623 1104 ciunt,
3665 1044 3791 1109 quasi

2252 1139 2566 1200 operatores
2606 1130 2721 1197 lilii,
2750 1137 2860 1186 tres
2896 1130 2964 1183 ad
3010 1129 3317 1184 convivium
3352 1145 3561 1184 sorores
3586 1142 3793 1201 vocant,

2253 1230 2310 1274 ut
2348 1218 2508 1286 lides,
2539 1235 2664 1290 spes
2701 1229 2757 1275 et
2802 1220 3044 1274 chanitas
3093 1219 3145 1273 in
3177 1234 3315 1288 opus
3343 1218 3537 1273 bonum
3566 1221 3793 1289 gaudeant

2251 1311 2394 1379 quod
2436 1325 2771 1378 unaquaeque
2816 1310 2987 1365 virtus
3035 1308 3392 1363 administrat.
3442 1306 3564 1373 Quae
3587 1310 3716 1378 quasi
3740 1327 3791 1365 cs

2252 1401 2372 1456 cibo
2400 1401 2542 1455 vires
2580 1398 2872 1470 accipiunt,
2904 1399 3030 1454 dum
3059 1398 3215 1455 bonis
3253 1397 3506 1468 oper‘bus
3536 1397 3796 1457 ﬁdentiorcs

2252 1488 2412 1555 liunt;
2454 1498 2509 1546 et
2543 1490 2668 1544 dum
2708 1498 2829 1559 post
2867 1489 3043 1544 cibum
3082 1488 3553 1558 contemplationis
3585 1505 3692 1545 rore
3726 1492 3791 1547 in.

2251 1580 2397 1635 fundi
2432 1589 2714 1652 appetunt,
2744 1580 2897 1649 quasi
2927 1595 2991 1634 ex
3025 1580 3219 1649 poculo
3246 1578 3271 1616 ά
3301 1578 3592 1634 ebriantur.

2324 1674 2343 1745 [
2374 1673 2486 1728 Vet.
2515 1671 2786 1727 XXXIV.
2812 1670 2829 1743 ]
2875 1672 2964 1727 47.
3008 1670 3147 1743 Ipsis
3185 1672 3333 1727 bonis
3373 1688 3487 1743 qua:
3517 1672 3715 1746 agimus,
3738 1676 3792 1728 ad

561 1768 677 1836 ejus
706 1768 957 1822 illu-trat.
983 1766 1281 1822 Consilium
1330 1766 1383 1821 in
1414 1765 1501 1821 die
1543 1781 1643 1821 suo
1671 1765 1976 1821 convivium
2005 1765 2150 1820 exhi-
2180 1771 2225 1831 Β
2253 1762 2473 1816 deterius
2496 1764 2920 1833 propinquamus.
2949 1789 3021 1802 —
3043 1762 3148 1817 Sed
3178 1762 3304 1832 quid
3348 1770 3453 1829 est,
3481 1762 3616 1831 quod
3643 1763 3689 1817 in
3712 1764 3795 1819 hac

561 1858 685 1923 bet;
714 1858 839 1927 quia
867 1858 992 1911 dum
1018 1872 1139 1912 esse
1162 1857 1491 1928 praecipitem
1512 1857 1787 1928 prohibet,
1810 1857 2019 1914 ratione
2035 1856 2152 1913 ani-

562 1964 706 2002 mum
727 1948 924 2018 replet.
940 1947 1221 2003 Fortitudo
1239 1950 1289 2002 in
1307 1948 1392 2003 die
1411 1964 1509 2004 suo
1530 1948 1838 2005 convivium
1852 1948 2007 2014 facit;
2024 1947 2150 2019 quia

560 2038 687 2093 dum
716 2040 938 2094 adversa
970 2054 1078 2094 non
1104 2039 1325 2105 metuit,
1349 2039 1637 2109 trepidanti
1664 2040 1830 2094 menti
1853 2040 2001 2095 cibos
2021 2054 2152 2096 con-

562 2128 795 2185 ﬁdentiae
816 2129 1059 2201 apponit.
1084 2129 1318 2186 Scientia
1346 2130 1397 2185 in
1420 2130 1509 2185 die
1533 2147 1631 2186 suo
1653 2130 1954 2187 convivium
1977 2138 2148 2201 parat,

560 2223 686 2289 quia
719 2221 772 2277 in
800 2232 990 2277 ventre
1030 2222 1228 2277 mentis
1270 2222 1587 2290 ignorantia:
1612 2222 1873 2292 jejunium
1910 2230 2147 2293 superat.

560 2311 739 2367 Pietas
767 2312 819 2367 in
846 2312 930 2367 die
956 2328 1054 2368 suo
1080 2312 1385 2368 convivium
1416 2313 1655 2379 exhibet,
1686 2314 1811 2384 quia
1840 2314 2019 2369 cordis
2043 2314 2151 2368 vis-

560 2426 683 2465 cera
714 2410 1094 2467 misericordize
1133 2413 1385 2483 operibus
1423 2414 1614 2483 replet.
1650 2413 1835 2469 Timor
1858 2414 1912 2469 in
1939 2414 2026 2469 die
2051 2430 2151 2471 suo

560 2510 863 2566 convivium
902 2510 1067 2578 facit;
1116 2513 1241 2581 quia
1287 2512 1414 2568 dum
1462 2515 1660 2582 premit
1703 2522 1960 2583 mentem,
1990 2530 2057 2571 ne
2083 2515 2150 2571 de

561 2625 670 2680 pne
699 2612 911 2668 entibus
959 2612 1274 2683 superbiat,
1319 2612 1387 2668 de
1442 2612 1633 2669 futuris
1670 2614 1812 2669 illam
1864 2615 1981 2686 spei
2027 2616 2150 2672 cibo

562 2707 854 2766 confortat.

628 2821 718 2877 45.
753 2824 813 2879 Si
840 2826 904 2878 ab
940 2827 1158 2882 invicem
1195 2838 1520 2899 separentur,
1553 2829 1819 2902 deﬁciunt.
1851 2858 1919 2871 -—
1953 2832 2057 2887 Sed
2086 2830 2149 2888 il-

560 2911 649 2967 lud
690 2914 740 2967 in
780 2915 885 2971 hoc
932 2914 1161 2973 ﬁliorum
1200 2919 1450 2975 convivio
1496 2922 1939 2991 perscrutandum
1968 2924 2146 2989 video,

559 3003 703 3072 quod
748 3007 1072 3076 semetipsos
1108 3008 1338 3064 invicem
1379 3020 1628 3080 pascunt.
1670 3012 1839 3068 Valde
1871 3014 2011 3069 enim
2040 3017 2150 3069 sin-

2252 1853 2361 1908 vita
2415 1853 2533 1907 sine
2578 1854 2767 1923 quavis
2825 1851 3124 1909 tenuissimi
3174 1852 3414 1921 contagii
3476 1852 3796 1923 inquinatlone

2252 1944 2572 2012 reragatur?
2624 1942 3020 2013 Nonnunquam
3075 1956 3309 2012 namque
3355 1941 3486 2011 ipsis
3527 1942 3668 1997 bonis
3700 1958 3795 2011 qua:

2252 2035 2459 2103 agimus
2504 2035 2571 2089 ad
2618 2034 2856 2090 deterius
2897 2035 3353 2105 propinquamus;
3398 2034 3518 2104 quia
3544 2033 3796 2103 dqmlaeti-

2253 2125 2381 2179 tiam
2431 2126 2598 2181 menti
2644 2128 2898 2197 pariunt,
2947 2125 3235 2196 quamdam
3282 2125 3451 2180 etiam
3496 2125 3795 2180 securitatem

2252 2217 2513 2284 gignunt;
2543 2218 2778 2287 dumque
2807 2232 2958 2273 mens
2986 2232 3176 2272 secura
3201 2216 3465 2283 redditur,
3489 2216 3538 2271 in
3566 2224 3797 2286 torporem

2253 2306 2482 2361 laxatur.
2535 2306 2932 2375 Nonnunquam
2983 2323 3114 2363 vero
3166 2316 3190 2345 ε
3241 2306 3567 2375 aliquantula
3603 2306 3799 2361 elatione

2252 2410 2352 2450 nos
2372 2396 2620 2465 polluunt
2643 2413 2659 2463 ;
2682 2405 2737 2453 et
2759 2406 2908 2452 tanto
2930 2396 3253 2466 dejectiores
3272 2396 3417 2467 apud
3440 2396 3596 2450 Deum
3616 2396 3799 2461 faciunt,

2251 2492 2454 2553 quanto
2482 2486 2624 2555 apud
2653 2485 3014 2556 nosmetipsos
3044 2484 3364 2542 tumidiores
3396 2485 3633 2541 reddunt.
3673 2482 3801 2540 Unde

2250 2578 2390 2634 bene
2416 2578 2757 2649 subjungitur
2788 2594 2807 2633 :

2567 2668 2794 2724 CAPUT
2836 2668 3048 2725 XXXIV
3088 2669 3252 2742 [Rec.
3294 2669 3515 2742 XVII].

2326 2761 2486 2817 Vens.
2520 2758 2571 2815 5.
2627 2762 2855 2834 Cumque
2879 2764 2934 2816 in
2974 2760 3148 2817 orbem
3179 2764 3489 2818 transissent
3530 2762 3631 2816 dies
3659 2761 3800 2817 couri-

2250 2852 2340 2919 rt'i,
2372 2854 2604 2907 mittebat
2631 2852 2753 2921 Job,
2788 2863 2836 2908 et
2862 2853 3228 2924 sanctiﬁcabat
3257 2871 3369 2909 cos.

2322 2943 2427 3011 33
2454 2940 2542 2995 47.
2577 2940 2643 2997 In
2665 2942 2812 2997 bonis
2841 2943 3075 3014 operibus
3103 2944 3383 3015 purganda
3404 2941 3801 2998 intentio.-—Per-

2250 3040 2373 3088 acto
2402 3033 2600 3103 quippe
2628 3033 2759 3090 orbe
2788 3034 2994 3089 dierum
3022 3035 3294 3101 convivii,
3346 3036 3557 3090 mittere
3584 3035 3644 3089 ad
3672 3034 3800 3098 liiios,

559 3091 685 3160 gula
712 3094 963 3163 qualibet
987 3096 1158 3152 virtus
1183 3096 1511 3165 destituitur,
1540 3098 1585 3154 si
1609 3115 1716 3154 non
1739 3117 1843 3157 una
1866 3102 1953 3156 alii
1980 3103 2146 3160 virtus

2250 3137 2455 3191 eosque
2476 3121 2834 3190 sanctiﬁcare,
2862 3131 2947 3179 est
2975 3137 3099 3195 post
3125 3125 3386 3180 virtutum
3411 3140 3639 3191 sensum,
3665 3123 3801 3178 inten-

562 3183 741 3237 virtuti
772 3184 1112 3254 sull'ragctur.
1148 3186 1323 3243 Minor
1348 3190 1548 3259 quippe
1572 3198 1657 3245 est
1679 3192 1965 3263 sapientia,
1993 3195 2036 3250 si
2062 3196 2147 3251 in-

562 3273 780 3328 tellectu
808 3284 1022 3342 careat;
1051 3284 1108 3331 et
1135 3277 1291 3332 valde
1317 3278 1519 3335 inutilis
1544 3280 1848 3338 intellectus
1875 3292 1976 3351 est,
2009 3285 2053 3341 si
2082 3300 2149 3342 ex

560 3366 824 3434 sapientia
847 3382 952 3421 non
978 3368 1262 3435 subsistat;
1294 3370 1419 3439 quia
1442 3386 1563 3425 cum
1588 3372 1777 3427 altiora
1800 3374 1915 3429 sine
1936 3377 2149 3447 sapien-

561 3459 649 3512 tize
676 3459 914 3528 pondere
943 3469 1220 3530 penetrat,
1252 3477 1348 3517 sua
1379 3462 1526 3519 illum
1566 3464 1756 3520 levitas
1784 3468 1996 3536 gravius
2033 3470 2148 3525 rui-

561 3554 739 3601 turum
771 3547 930 3603 levat.
953 3547 1071 3605 Vile
1096 3558 1179 3613 est
1199 3551 1500 3618 consilium,
1524 3554 1609 3609 cui
1634 3556 1799 3610 robur
1822 3557 2149 3614 fortitudinis

559 3637 744 3704 deest;
792 3640 915 3708 quia
953 3641 1096 3709 quod
1127 3643 1408 3699 tractando
1438 3644 1661 3713 invenit,
1702 3663 1893 3704 carens
1920 3650 2144 3716 viribus,

557 3744 729 3797 usque
751 3731 816 3785 ad
841 3732 1224 3801 perfect‘onem
1247 3736 1426 3804 operis
1449 3752 1555 3791 non
1586 3738 1831 3806 perducit
1863 3757 1876 3794 :
1907 3750 1965 3797 et
1993 3743 2148 3799 valde

560 3820 813 3876 fortitudo
860 3822 1182 3890 destruitur,
1234 3827 1334 3881 nisi
1381 3843 1479 3898 per
1526 3830 1810 3886 consilium
1857 3832 2143 3901 fulciatur;

553 3910 679 3978 quia
718 3925 826 3980 quo
865 3913 983 3981 plus
1021 3927 1080 3968 se
1117 3930 1275 3985 posse
1315 3918 1594 3987 conspicit,
1627 3934 1693 3975 eo
1720 3921 1887 3977 virtus
1914 3924 2030 3978 sine
2058 3940 2146 3979 ra-

559 4000 719 4054 tionis
749 4001 1116 4059 moderamine
1161 4004 1397 4061 deterius
1442 4009 1493 4062 in
1542 4025 1779 4082 prteceps
1822 4014 1949 4069 ruit.
1990 4014 2144 4072 Nulla

552 4098 640 4142 est
666 4090 891 4146 scientia
914 4130 929 4157 ,
969 4092 1013 4147 si
1059 4094 1345 4150 utilitatem
1376 4098 1592 4167 pietatis
1620 4117 1725 4156 non
1768 4103 1969 4171 habet;
2018 4108 2143 4176 quia

556 4180 682 4233 dum
709 4182 849 4234 bona
880 4184 1093 4251 cognita
1122 4186 1342 4256 exsequi
1374 4188 1615 4257 negligit,
1646 4207 1765 4248 sese
1794 4193 1861 4248 ad
1883 4193 2143 4263 judicium

556 4269 757 4323 arctius
784 4271 1014 4340 stringit.
1039 4271 1104 4326 Et
1124 4275 1279 4330 valde
1300 4276 1500 4333 inutilis
1521 4289 1601 4336 est
1623 4282 1815 4351 pietas,
1844 4285 1888 4339 si
1909 4287 2145 4343 scientiae

558 4357 884 4414 discretione
912 4371 1087 4430 caret;
1118 4365 1242 4434 quia
1272 4365 1395 4422 dum
1424 4370 1570 4426 nulla
1600 4372 1741 4428 hanc
1765 4374 1988 4430 scientia
2021 4378 2142 4433 illu-

559 4452 745 4540 minat,
790 4454 1058 4520 quomodo
1101 4458 1419 4528 misereatur
1449 4461 1678 4529 ignorat.
1720 4464 1903 4521 Timor
1929 4482 2145 4540 quoque

556 4538 672 4607 ipse
697 4540 798 4594 nisi
827 4542 924 4595 has
948 4544 1108 4598 etiam
1135 4546 1359 4604 virtutes
1387 4550 1654 4618 habuerit,
1680 4553 1746 4607 ad
1775 4556 1977 4611 nullum
2008 4538 2143 4630 opus

558 4631 745 4699 procul
793 4631 954 4687 dubio
1003 4634 1156 4691 bona:
1186 4638 1414 4693 actionis
1469 4643 1676 4711 surgit;
1735 4645 1859 4714 quia
1906 4648 2030 4703 dum
2077 4651 2142 4706 ad

554 4730 748 4774 cuncta
778 4724 1026 4793 trepidat,
1058 4726 1169 4795 ipsa
1208 4743 1303 4783 sua
1337 4728 1620 4785 formidine
1643 4748 1673 4786 a
1705 4734 1860 4790 bonis
1896 4740 2144 4796 omnibus

554 4817 778 4879 torpens
815 4823 988 4868 vacat.
1024 4816 1159 4883 Quia
1200 4834 1330 4890 ergo
1358 4822 1623 4880 alternato
1653 4827 1947 4885 ministerio
1976 4832 2143 4890 virtus

551 4913 585 4952 a
614 4901 814 4957 virtute
858 4904 1117 4976 reﬁcitur,
1157 4924 1304 4965 recte
1344 4912 1539 4990 dicitur
1576 4917 1720 4985 quod
1770 4920 1911 4990 apud
1956 4938 2016 4979 se
2051 4924 2142 4979 ﬁlii

552 4992 789 5050 vicissim
819 4999 1189 5058 convivantur.
1220 4986 1461 5074 Cumque
1495 5023 1599 5063 una
1628 5010 1787 5065 aliam
1805 4986 2145 5072 sublevando

630 5146 954 5236 §J§ecundtis
972 5151 1152 5235 Item"
1186 5156 1208 5208 l
1237 5156 1442 5227 Remig.
1474 5161 1723 5236 Corb._et
1749 5163 1960 5236 Germ,
1986 5170 2144 5236 juxta

554 5217 763 5337 pataram:
786 5258 801 5284 ,
833 5225 1097 5291 propriam
1122 5217 1346 5295 ptentem
1366 5217 1606 5299 poscunt.
1648 5217 1727 5289 Ita
1763 5217 2138 5295 ﬁdit—Teii};

639 5308 713 5340 HI.

628 5355 653 5393 δ
686 5355 894 5432 ξτὶῐηυε
923 5358 1154 5432 ξίριηίεη
1186 5375 1235 5419 et
1264 5368 1414 5422 valde
1441 5370 1690 5432 fortitudo
1719 5374 2030 5432 destituitur.

630 5436 661 5515 ξ
674 5426 898 5515 Alghnnes,
935 5426 1112 5515 Remi,
1143 5426 1386 5515 Remig...
1434 5426 1680 5515 I.ongip.,
1711 5426 2137 5515 cb'r'b'.',‘"c"éi-m.,

831 5509 952 5585 rete.
1006 5519 1020 5553 :
1069 5493 1454 5585 Spent,jidem
1491 5493 1909 5585 ietugdltar—itaftem‘

553 5578 1066 5656 quus'igpf‘ratoreso,
1112 5582 1220 5656 etc:
1249 5576 1470 5656 Carnpt.
1512 5580 1633 5634 habt
1655 5591 1691 5635 t.
1729 5602 1741 5636 :
1776 5584 1954 5656 Spem,
1984 5576 2139 5656 [idem

551 5634 935 5723 .‘f.ff’f?£"f¥?"3
964 5641 1163 5723 *διίεέηίο
1200 5643 1529 5723 ίιθεεράυηιι
1556 5634 2139 5723 ξρβίιὶέβῖίεὶἷέι”‹ῧῖἇὶ

554 5709 761 5755 titatrm
790 5709 948 5773 ciunt,
980 5723 1009 5762 a
1038 5711 1118 5764 cio
1146 5709 1303 5770 voco.
1334 5716 1475 5772 Sane
1501 5709 1789 5786 fulciuntu'r
1817 5709 1992 5781 minus

2254 3213 2457 3267 tionem
2484 3213 2663 3269 cordis
2686 3213 2938 3284 dirigere,
2962 3222 3017 3271 et
3039 3230 3201 3271 omne
3219 3214 3367 3286 quod
3388 3217 3576 3287 agitur,
3599 3215 3802 3271 districta

2251 3305 2651 3361 retractationis
2687 3305 3022 3362 discussione
3062 3306 3361 3374 mundare;
3407 3322 3477 3363 ne
3515 3308 3648 3364 bona
3683 3305 3800 3362 testi-

2252 3402 2469 3449 mentur
2503 3410 2622 3465 quae
2669 3398 2810 3451 mala
2852 3406 3016 3465 sunt;
3065 3413 3134 3455 ne
3169 3399 3366 3454 saltem
3405 3401 3659 3455 veraciter
3689 3401 3803 3454 bona

2250 3492 2506 3553 putentur
2551 3485 2909 3553 sufﬁcientia,
2959 3504 3083 3544 cum
3124 3489 3367 3560 perfecta
3415 3508 3522 3547 non
3559 3501 3691 3547 sunt.
3734 3489 3804 3545 Sic

2249 3573 2394 3627 enim
2438 3588 2590 3632 mens
2634 3576 2951 3647 plerumque
3004 3578 3309 3650 decipitur,
3361 3591 3421 3637 ut
3457 3591 3550 3638 aut
3583 3583 3806 3654 qualitate

2248 3661 2391 3726 mali,
2419 3672 2509 3716 aut
2536 3664 2661 3719 boni
2688 3666 2993 3735 quantitate
3018 3667 3252 3724 fallatur.
3274 3670 3427 3745 [Vet.
3452 3671 3606 3726 XXX
3621 3669 3699 3743 ιη]
3716 3670 3804 3726 Sed

2249 3752 2351 3809 hos
2375 3754 2633 3810 virtutum
2657 3771 2844 3812 sensus
2868 3759 3060 3813 melius
3079 3774 3268 3830 preces
3290 3777 3454 3832 quam
3483 3762 3805 3819 discessiones

2249 3842 2560 3912 inveniunt;
2599 3861 2721 3901 nam
2751 3862 2814 3903 ea
2843 3863 2963 3918 qua:
2994 3849 3321 3919 perscrutari
3354 3852 3405 3906 in
3437 3851 3805 3922 nobismetipsis

2247 3933 2456 4004 plrnius
2495 3936 2742 4004 nitimur,
2784 3954 2927 4009 saepe
2965 3941 3144 3996 verius
3178 3942 3388 3998 orando
3426 3958 3581 4014 quam
3619 3943 3807 3997 investi-

2245 4026 2419 4092 gando
2460 4036 2823 4095 penetramus.
2863 4029 2998 4084 Cum
3040 4032 3182 4086 enim
3214 4048 3369 4088 mens
3412 4050 3509 4105 per
3550 4035 3801 4104 quamdam

2244 4118 2674 4185 compnnctionis
2701 4121 3005 4176 machinam
3033 4122 3100 4176 ad
3124 4123 3233 4178 alta
3257 4125 3560 4181 sustollitur
3583 4125 3628 4195 τ,
3646 4139 3803 4190 omne,

2244 4205 2389 4276 quod
2417 4206 2466 4262 ei
2487 4206 2554 4262 de
2574 4222 2633 4263 se
2654 4208 2767 4279 ipsa
2798 4212 3115 4279 occurrerit,
3139 4214 3238 4268 sub
3263 4230 3323 4270 se
3353 4216 3467 4286 ipsa
3493 4216 3803 4287 dijudicando

2243 4296 2445 4352 certius
2466 4301 2884 4369 contemplatur.
2917 4300 3072 4359 Unde
3098 4314 3154 4360 et
3180 4314 3328 4362 recte
3349 4307 3713 4379 subjungitur:

2560 4387 2789 4463 CAPUT
2827 4390 3022 4447 XXXV
3063 4392 3213 4469 [Rea
3254 4394 3517 4469 XVIII].

2176 4502 2225 4561 ο
2318 4473 2447 4530 IB‘D.
2466 4510 2538 4520 —-
2558 4475 2984 4554 Cousurgensque
3004 4484 3230 4541 diluculo
3253 4487 3507 4557 offerebat
3537 4489 3805 4544 holocausta

2250 4580 2343 4636 per
2366 4567 2615 4638 singulos.

2320 4652 2410 4708 48.
2453 4656 2826 4716 Ilolocaustum
2853 4665 3018 4732 precis
3045 4682 3141 4735 pro
3170 4665 3389 4738 singulis
3420 4669 3678 4723 virtutibus
3705 4682 3807 4738 purc

2250 4748 2436 4818 gaudia
2466 4749 3149 4818 offerendum—Diluculo
3179 4774 3414 4828 namque
3442 4760 3806 4829 consurgimus,

2250 4852 2372 4891 cum
2409 4842 2839 4909 compnnctionis
2877 4843 2998 4899 luce
3036 4845 3233 4914 perlusi
3265 4842 3611 4905 humanitatis
3637 4856 3808 4904 nostra:

2251 4938 2463 4986 noctem
2493 4931 2810 4997 deserimus,
2844 4945 2900 4991 et
2927 4935 2997 4991 ad
3028 4940 3139 4993 veri
3174 4939 3390 4996 luminis
3417 4932 3810 5010 radios,0culns

2245 5021 2440 5076 mentis
2488 5038 2556 5093 ap
2593 5024 2781 5081 rimus.
2823 5024 2999 5097 Atque
3040 5027 3415 5085 holocaustum
3458 5046 3555 5103 per
3598 5027 3809 5101 singulos

2242 5172 2445 5243 pondet
2471 5176 2639 5231 verbo
2667 5179 2933 5233 vocabant.

2262 5278 2263 5281 η
2316 5242 2343 5330 ’ξ
2374 5243 2501 5330 μεεὲ
2524 5250 2645 5330 fere
2667 5264 2880 5330 pmnes,
2910 5267 3151 5330 quaeres:
3178 5251 3705 5330 poculodebriantttr.

2318 5323 2343 5350 ο
2374 5312 2596 5369 ΙηΕάῘι.
2633 5317 2718 5371 hic
2743 5312 2954 5372 additur
2981 5312 3213 5388 virtutes,
3242 5326 3388 5391 quod
3434 5326 3587 5379 abest
3627 5338 3656 5375 a
3697 5317 3808 5373 Mss.

2246 5381 2412 5451 hujus
2440 5386 2593 5439 vocis
2624 5387 2743 5442 loco
2768 5389 2993 5443 subaudi
3022 5408 3182 5451 opera
3210 5392 3365 5446 bona.

2325 5408 2412 5451 Jus
2443 5408 2593 5439 vuus
2624 5408 2743 5442 loco
2768 5408 2993 5443 sunauut
3022 5408 3182 5461 opera
3210 5408 3365 5446 bona.

2325 5454 2345 5491 ί
2385 5454 2567 5527 ᾼηιίίι.
2599 5456 2775 5527 Rem,
2803 5459 2987 5516 Corb..
3018 5459 3224 5521 Germ..
3258 5464 3277 5513 l
3315 5462 3551 5527 liemig.,
3579 5459 3809 5519 Vindoc..

2246 5519 2464 5604 Ehroic.
2488 5519 2545 5578 et
2557 5519 2799 5610 aliiﬁss...
2820 5519 3339 5610 Nortti.:0mnequod
3360 5533 3410 5585 ei
3429 5519 3714 5610 derfeipsa,
3727 5527 3808 5582 sub

2245 5608 2302 5668 se
2340 5597 2454 5662 ipsa
2490 5603 2590 5668 est,
2633 5597 2990 5668 dijudicaudo,
3034 5610 3141 5655 etc.
3174 5597 3387 5654 Elii-tn.
3420 5612 3478 5656 et
3506 5603 3541 5654 ‘2
3574 5600 3764 5665 Remig-
3791 5611 3810 5651 ἔ

2243 5660 2413 5786 3mm
2439 5666 2576 5735 quod
2602 5666 2651 5720 ei
2674 5660 2739 5721 de
2764 5668 2935 5738 seipsa
2967 5660 3129 5724 altum
3161 5671 3458 5737 ridebatur,
3505 5672 3597 5726 sub
3624 5660 3809 5740 seipse,

2304 5751 2351 5786 Co

2304 5751 2351 5786 Co
