3976 6336
260 329 370 385 549

1123 332 1479 391 Μοιιεωωι
1523 337 1649 391 LIB.
1720 340 1762 394 Ι.
1806 368 1871 377 --
1913 337 1976 392 IN
2014 338 2240 395 CAPUT
2283 342 2298 395 I
2342 342 2400 397 Β.
2442 344 2580 399 JOB.

3424 352 3529 407 550

250 453 390 506 titius
431 448 721 515 oderimus,
746 464 869 505 cum
896 463 995 520 pro
1026 462 1345 519 unaquaque
1369 450 1569 506 virtute
1603 452 1831 507 Domino
1863 454 1908 512 A
1936 451 2058 518 g’ine
2086 467 2401 525 pensemus,
2433 472 2499 510 ne
2528 472 2591 510 ex
2626 440 2767 509 malo
2800 465 2917 513 ortu
2951 460 3243 529 pro-leant,
3285 463 3457 521 etiam
3478 468 3525 518 si

247 542 480 598 hostiam
511 553 706 596 nostra:
734 542 908 611 precis
934 542 1271 597 immolanms
1296 562 1309 597 :
1337 559 1404 597 ne
1433 544 1693 613 sapientia
1724 545 1835 601 ele-

247 641 366 698 vet;
398 649 466 687 ne
491 633 814 695 intellectus,
841 632 966 685 dum
990 632 1256 687 subtiliter
1282 634 1466 697 currit,
1496 634 1740 701 aberret;
1769 649 1836 691 ne

246 726 550 789 consilium,
584 724 710 779 dum
742 740 801 779 se
829 724 1167 794 multiplicat,
1211 726 1539 793 confundat;
1582 744 1649 782 ne
1680 728 1834 784 lorti-

246 817 401 882 tudo,
433 814 557 869 dum
585 814 830 870 ﬁduciam
864 816 1084 885 praebet,
1118 816 1441 888 prmcipitet;
1476 834 1541 873 ne
1569 821 1791 874 scientia
1818 863 1832 886 ,

244 904 372 958 dum
402 906 550 959 novit
589 914 643 960 et
684 922 790 961 non
824 906 1017 975 diligit,
1051 906 1224 967 inllet;
1274 922 1343 963 ne
1388 910 1577 979 pietas,
1621 910 1746 963 dum
1777 927 1836 964 se

245 1005 398 1048 extra
438 995 809 1051 rectitudiuem
851 997 1071 1051 inclinat
1095 1042 1109 1065 ,
1149 1000 1490 1070 intorqueat;
1533 1014 1599 1053 ne
1639 1001 1827 1068 timor,

246 1083 371 1138 dum
422 1085 539 1155 plus
580 1087 725 1155 justo
774 1088 1047 1157 trepidat,
1093 1087 1143 1143 in
1193 1090 1580 1161 desperationis
1627 1090 1836 1144 foveam

247 1186 474 1245 mergat.
518 1178 653 1233 Cum
694 1194 822 1249 ergo
852 1196 949 1250 pro
980 1197 1302 1252 unaquaque
1342 1182 1561 1249 virtute,
1604 1190 1663 1236 ut
1703 1199 1834 1251 pura

243 1282 366 1323 esse
393 1269 615 1335 debeat,
666 1261 856 1341 preces
891 1272 1124 1327 Domino
1156 1273 1423 1328 fundimus
1450 1318 1463 1340 ,
1499 1274 1625 1341 quid
1654 1275 1797 1330 aliud
1817 1315 1857 1341 ,.

239 1372 406 1427 quam
434 1360 587 1426 juxta
617 1360 845 1415 filiorum
877 1378 1157 1417 numerum
1201 1364 1572 1419 holocaustum
1604 1379 1701 1433 per
1728 1364 1837 1419 sin—

242 1448 401 1516 gulos
418 1451 771 1507 exhibemus?
796 1452 1179 1509 Holocaustum
1202 1471 1434 1526 namque
1462 1464 1631 1510 totum
1655 1456 1839 1510 inccn-

238 1553 362 1593 sum
410 1540 624 1595 dicitur.
677 1542 1064 1600 iIolocaustum
1112 1545 1275 1616 igitur
1322 1547 1488 1612 dare,
1540 1556 1625 1602 est
1670 1534 1838 1603 totam

238 1636 481 1683 mentrm
534 1633 656 1696 igne
712 1633 1145 1702 compunctionis
1194 1634 1517 1701 incendere,
1558 1644 1617 1689 ut
1653 1635 1706 1690 in
1744 1651 1838 1691 ara

235 1716 442 1772 amoris
471 1733 569 1773 cor
596 1720 810 1785 ardeat,
843 1728 898 1775 et
930 1722 1085 1791 quasi
1114 1722 1305 1777 delicta
1335 1724 1567 1794 propria:
1604 1725 1836 1791 sobolis,

238 1806 645 1877 inquinamenta
676 1810 1020 1877 cogitationis
1048 1822 1261 1867 exurat.
1628 1812 1649 1821 ﬂ

309 1896 399 1951 49.
442 1897 587 1971 [Vet.
630 1896 788 1951 XXX
804 1898 923 1970 VL]
968 1899 1112 1954 Illud
1153 1918 1255 1955 non
1299 1903 1450 1972 oﬂ'ert
1491 1906 1577 1976 qui
1604 1906 1836 1960 internas

235 1996 409 2042 motus
452 2004 553 2043 non
598 1988 1012 2059 frenat—Sed
1063 1989 1176 2045 hate
1216 2006 1377 2059 agere
1414 1994 1695 2062 nesciunt,
1733 1996 1836 2052 nisi

239 2075 295 2129 hi
331 2076 421 2146 qui
459 2076 766 2146 priusquam
799 2077 1155 2147 cogitationes
1181 2079 1245 2133 ad
1275 2096 1409 2150 opus
1442 2082 1723 2153 prodeant,
1756 2085 1837 2141 in-

241 2173 430 2219 ternus
450 2180 577 2220 suos
604 2175 783 2221 motus
809 2167 1037 2222 sollicite
1065 2167 1563 2239 circumspicientes
1592 2171 1834 2241 frenant;

243 2264 269 2288 ³·
304 2255 420 2309 lucc
445 2268 604 2322 agere
629 2256 910 2320 nesciunt,
936 2255 1036 2311 nisi
1067 2257 1156 2327 qui
1183 2258 1319 2312 virili
1351 2261 1594 2315 custodia
1626 2262 1837 2319 munire

236 2353 477 2399 mentem
502 2354 786 2401 noverunt.
806 2344 961 2401 Unde
981 2355 1128 2402 recte
1144 2348 1412 2419 inopinata
1439 2362 1614 2407 morte
1634 2356 1837 2410 exstin-

235 2443 358 2489 ctus
384 2434 625 2490 lslrosetb
653 2434 871 2503 dicitur,
899 2451 1057 2505 quem
1083 2446 1137 2491 et
1161 2437 1438 2507 Scriptura
1468 2457 1618 2496 sacra
1650 2460 1756 2498 non
1782 2444 1833 2498 in

235 2524 404 2579 domo
434 2525 735 2587 ostiarium,
763 2526 857 2581 scd
889 2526 1163 2582 ostiariam
1198 2529 1447 2585 habuisse
1478 2540 1721 2599 testatur,
1750 2535 1831 2589 di-

235 2629 409 2671 cens:
437 2616 710 2670 Venientes
749 2616 851 2688 ﬁlii
890 2618 1141 2674 Remmon
1176 2618 1457 2676 Bercthin
1482 2666 1497 2691 ,
1544 2623 1749 2679 Rechab
1786 2634 1835 2679 et

237 2705 448 2769 Bantia,
490 2709 714 2778 ingressi
750 2718 867 2764 sunt
907 2712 1131 2782 [errante
1168 2713 1251 2767 die
1298 2714 1504 2769 domum
1559 2714 1791 2772 lsboseth
1819 2760 1834 2785 ,

234 2799 326 2870 qui
368 2798 652 2854 dormiebat
698 2818 851 2871 super
891 2813 1109 2857 stratum
1150 2821 1295 2858 suum
1327 2806 1557 2860 meridie.
1607 2807 1838 2878 Ingressi

235 2898 361 2945 sunt
388 2901 558 2945 autem
589 2892 828 2955 domum;
876 2903 925 2947 et
953 2896 1167 2948 ostiaria
1210 2896 1394 2949 domus
1434 2915 1667 2968 purgans
1703 2899 1842 2952 triti-

234 2998 357 3035 cum
402 2976 724 3036 obdormiuit.
780 2983 1054 3039 Assument
1087 3002 1111 3039 ε
1155 2987 1326 3055 spicas
1372 2988 1569 3052 tritici,
1617 2990 1838 3043 latenter

236 3071 465 3139 ingrcssi
508 3060 659 3133 sunt,
710 3082 759 3124 et
787 3083 1145 3141 percusserunt
1190 3070 1304 3128 eum
1354 3077 1405 3129 in
1453 3078 1681 3148 inguine.
1727 3076 1831 3144 (11

243 3160 373 3232 Reg.
420 3177 506 3226 tv,
554 3161 633 3231 5.)
682 3162 910 3218 Ostiaria
951 3165 1183 3219 triticum
1218 3175 1439 3235 purgat,
1489 3184 1609 3223 cum
1641 3169 1833 3222 mentis
1861 3177 1903 3237 ο

236 3253 484 3307 custodia
520 3252 873 3308 discernendo
915 3255 1141 3311 virtutes
1182 3271 1210 3310 a
1261 3256 1404 3311 vitiis
1434 3266 1669 3326 separat.
1703 3256 1832 3324 Qum

235 3343 281 3397 si
304 3342 683 3411 obdormierit,
707 3343 757 3397 in
783 3352 1010 3399 mortem
1033 3346 1233 3415 proprii
1258 3346 1469 3401 Domini
1495 3345 1832 3401 insidiatores

235 3431 504 3497 admittit;
535 3431 657 3500 quia
681 3447 801 3487 cum
830 3432 1169 3489 discretionis
1194 3434 1497 3490 sollic’tudo
1520 3436 1833 3501 cessaverit,

234 3524 304 3578 ad
360 3524 786 3579 interﬁciendum
846 3524 1084 3580 animum
1125 3525 1370 3595 malignis
1407 3527 1683 3597 spiritibus
1735 3528 1837 3582 iter

234 3615 441 3686 pandit.
468 3615 568 3683 Qui
592 3616 815 3684 ingressi
837 3616 1013 3684 spicas
1036 3617 1252 3681 tollunt,
1274 3617 1397 3687 quia
1424 3633 1547 3672 mox
1570 3619 1832 3674 bonarum

235 3705 624 3773 cogitationum
653 3706 892 3774 germina
923 3696 1190 3761 auferunt.
1228 3707 1401 3777 Atque
1432 3707 1483 3762 in
1515 3708 1730 3776 inguine
1760 3708 1835 3763 lc-

236 3794 402 3859 riunt,
434 3794 559 3864 quia
588 3794 839 3849 virtutem
869 3794 1049 3850 cordis
1077 3795 1439 3851 delectatione
1476 3798 1653 3852 carnis
1697 3798 1838 3853 oeci-

234 3887 389 3942 dunt.
421 3885 481 3942 In
510 3887 726 3956 inguine
752 3887 951 3957 quippe
980 3888 1267 3957 ferire,.est
1284 3890 1447 3944 vitam
1475 3891 1672 3945 mentis
1692 3889 1841 3953 dele-_

236 3980 479 4034 ctatione
510 3981 689 4034 carnis
717 3979 1012 4050 perforare.
1048 3980 1395 4051 Nequaquam
1438 3997 1566 4035 vero
1596 3981 1837 4037 Isboscth

234 4068 342 4123 iste
382 4069 484 4125 hac
525 4079 698 4124 morte
741 4072 1146 4137 succumberet,
1188 4073 1232 4127 si
1276 4088 1383 4126 non
1431 4071 1497 4124 ad
1536 4072 1838 4140 ingressum

236 4160 430 4215 domus
460 4160 739 4216 mulierem
762 4204 778 4225 ,
809 4161 862 4216 id
893 4171 1012 4230 est,
1043 4162 1109 4217 ad
1153 4164 1347 4220 mentis
1378 4164 1579 4219 aditum
1620 4164 1837 4219 mollem

232 4249 534 4305 custodiam
574 4251 902 4320 deputasset.
943 4251 1118 4307 Fortis
1157 4269 1389 4334 namque
1423 4255 1530 4325 3h
1561 4255 1836 4326 virilisque

233 4354 426 4394 sensus
466 4341 702 4412 praeponi
739 4342 918 4396 cordis
957 4342 1160 4397 foribus
1195 4343 1384 4406 debet,
1414 4360 1574 4413 quem
1607 4359 1706 4399 nec
1738 4359 1833 4399 ue-

233 4416 505 4495 giigentite
551 4445 769 4484 somnus
813 4431 1114 4499 Opprimat.
1165 4447 1264 4485 nec
1314 4432 1629 4501 ignorantite
1679 4448 1834 4488 error

1936 553 2084 599 recta
2132 555 2256 600 sunt
2296 564 2414 618 qum
2456 561 2748 606 ostentant.
2800 553 2953 610 Unde
2997 557 3082 611 hic
3122 574 3337 629 quoque
3372 572 3536 615 recte

1936 633 2268 705 subjttngitur
2298 656 2311 690 :

2041 745 2268 801 CAPUT
2298 748 2511 804 xxxvx
2542 751 2561 824 [
2587 751 2699 806 γει.
2727 754 3031 821 XXXVII,
3068 757 3188 811 nec.
3222 757 3413 833 XIX].

2009 856 2167 910 lam.-
2193 859 2429 914 -Dicebut
2456 864 2592 917 enim
2617 882 2634 918 :
2661 864 2745 918 Ne
2772 868 2905 935 forte
2934 871 3253 935 peccaverint
3275 871 3371 941 ﬁlii
3400 874 3523 941 mei,

1936 954 1984 997 et
2016 946 2368 1002 benedixerint
2397 949 2506 1005 Deo
2535 954 2587 1005 in
2616 955 2853 1008 cordibus
2881 958 3006 1011 suis.
3032 978 3037 983 ο

2008 1053 2093 1108 50.
2144 1055 2319 1111 Variae
2347 1059 2506 1113 hostis
2535 1063 2781 1128 insidiw;
2821 1074 2876 1117 ut
2928 1065 3061 1121 bona
3098 1086 3252 1136 opera
3285 1073 3443 1139 vitiet,
3469 1075 3526 1128 in

1937 1146 2107 1213 operis
2136 1146 2312 1211 initio,
2345 1149 2398 1201 in
2427 1167 2721 1219 progressu,
2752 1156 2807 1207 in
2839 1156 3157 1223 (inm—Filii
3190 1161 3242 1214 in
3273 1165 3526 1220 cordibus

1939 1235 2283 1300 maledicunt,
2313 1254 2433 1291 cum
2462 1249 2606 1293 recta
2638 1251 2820 1296 nostra
2851 1260 3016 1312 opera
3048 1262 3075 1299 a
3107 1264 3211 1303 non
3241 1255 3400 1308 rectis
3431 1272 3527 1311 co-

1938 1325 2285 1391 gitationibus
2312 1329 2608 1398 prodeunt;
2641 1346 2762 1385 cum
2802 1332 2941 1387 bona
2967 1334 3018 1387 in
3045 1346 3231 1404 aperto
3261 1354 3525 1408 exerunt,

1937 1415 2031 1468 sed
2061 1414 2112 1469 in
2143 1418 2356 1471 occu'to
2400 1420 2557 1474 noxia
2590 1422 2901 1478 moliuntur.
2934 1422 3046 1480 Deo
3077 1427 3275 1496 quippe
3305 1433 3526 1487 maledi-

1938 1513 2100 1573 cunt,
2132 1523 2254 1563 cum
2284 1520 2493 1564 mentes
2537 1519 2734 1567 nostra:
2763 1528 2823 1568 se
2850 1513 2916 1568 de
2946 1529 3004 1569 se
3033 1516 3301 1571 mstimant
3330 1519 3527 1575 habere

1938 1597 2080 1665 quod
2111 1608 2256 1656 sunt.
2293 1600 2401 1657 Deo
2432 1604 2799 1675 maledicunt,
2836 1622 2957 1661 cum
2986 1622 3045 1662 se
3072 1618 3125 1662 et
3153 1609 3223 1663 ab
3252 1610 3342 1664 illo
3374 1627 3525 1666 acce-

1942 1688 2084 1757 pisse
2116 1690 2256 1745 vires
2287 1691 2619 1764 intelligunt,
2650 1698 2744 1750 sed
2774 1706 2953 1752 tamen
2979 1698 3045 1753 de
3073 1698 3189 1762 ejus
3216 1703 3527 1757 muneribus

1870 1811 1913 1869 Β
1942 1781 2211 1849 propriam
2244 1783 2456 1840 laudem
2486 1797 2749 1855 quierunt.
2783 1788 2927 1860 [Vet.
2961 1789 3119 1843 XXX
3136 1790 3323 1863 l'lll.]
3350 1794 3526 1849 Scien-

1939 1870 2066 1924 dum
2107 1887 2237 1928 vcro
2279 1883 2391 1942 est,
2435 1877 2578 1946 quod
2609 1879 2749 1933 bona
2780 1891 2963 1936 nostra
2996 1882 3163 1935 tribus
3192 1884 3364 1939 modis
3391 1884 3525 1937 anti-

1937 1972 2075 2029 quus
2100 1960 2275 2016 hostis
2303 1962 2621 2034 insequitur,
2653 1976 2711 2022 ut
2734 1970 2982 2025 videlicet
3008 1971 3131 2039 hoc,
3151 1973 3294 2040 quod
3320 1983 3525 2027 rectum

1938 2068 2120 2109 coram
2151 2057 2457 2117 hominibus
2484 2063 2677 2131 agitur,
2708 2064 2758 2118 in
2790 2064 2983 2123 interni
3010 2067 3204 2135 judicis
3233 2078 3524 2137 conspectu

1938 2147 2176 2204 vitietur.
2196 2152 2495 2222 Aliquando
2508 2158 2805 2227 namquein
2828 2159 2972 2214 bono
2988 2175 3152 2229 opere
3173 2160 3527 2215 intentionem

1937 2239 2146 2308 polluit,
2171 2251 2228 2296 ut
2251 2259 2429 2309 omne,
2453 2246 2598 2314 quod
2623 2248 2675 2301 in
2704 2249 2915 2302 actione
2944 2251 3209 2321 sequitur,
3238 2264 3304 2305 eo
3334 2266 3524 2320 purum

1938 2330 2303 2402 mtmdumque
2324 2349 2431 2389 non
2454 2344 2636 2403 exeat,
2661 2353 2768 2406 quo
2794 2338 2897 2393 hoc
2920 2339 2987 2392 ab
3004 2340 3210 2406 origine
3228 2341 3525 2408 perturbat.

1938 2417 2240 2485 Aliquando
2272 2437 2399 2478 vero
2430 2424 2783 2481 intentionem
2828 2428 2950 2481 boni
2987 2428 3170 2497 operis
3198 2430 3389 2483 vitiare
3424 2446 3537 2485 non

1939 2511 2214 2579 praevalet,
2246 2514 2342 2569 sed
2374 2516 2425 2570 in
2458 2516 2568 2587 ipsa
2600 2518 2813 2574 actione
2842 2535 2900 2574 se
2928 2522 3079 2591 quasi
3113 2521 3164 2574 in
3198 2521 3392 2577 itinere
3430 2539 3525 2592 op-

1938 2602 2121 2670 ponit;
2151 2614 2208 2657 ut
2234 2620 2355 2659 cum
2386 2622 2483 2677 per
2523 2610 2858 2678 propositum
2888 2611 3085 2664 mentis
3110 2612 3351 2667 securior
3379 2615 3526 2681 quis—

1938 2708 2042 2761 quc
2067 2697 2357 2765 egreditur,
2388 2700 2671 2767 subjuncto
2700 2701 2932 2758 latenter
2958 2703 3108 2767 vitio,
3142 2704 3295 2773 quasi
3334 2718 3402 2759 ex
3445 2706 3525 2759 in-

1938 2784 2086 2839 sidiis
2132 2786 2446 2854 perimatur.
2494 2789 2796 2858 Aliquando
2845 2804 2976 2846 vero
3026 2807 3126 2847 nec
3174 2793 3538 2849 intentionem

1938 2877 2112 2944 vitiat,
2141 2893 2239 2933 nec
2270 2880 2321 2934 in
2353 2880 2547 2935 itinere
2587 2882 2915 2951 supplantat,
2946 2884 3040 2938 sed
3067 2900 3203 2955 opus
3231 2885 3430 2940 bonum
3474 2889 3525 2940 in

1939 2968 2044 3022 line
2073 2970 2301 3024 actionis
2327 2971 2607 3039 illaqueat;
2640 2982 2948 3043 quantoque
2968 2975 3051 3029 vel
3081 2990 3111 3030 a
3141 2977 3303 3031 domo
3325 2978 3523 3044 cordis,

1937 3060 2021 3114 vel
2065 3061 2133 3115 ab
2180 3062 2373 3116 itinere
2414 3064 2594 3133 operis
2629 3064 2840 3132 longius
2868 3068 3154 3123 recessisse
3189 3084 3248 3123 se
3286 3069 3524 3130 simulat,

1938 3159 2089 3206 tanto
2118 3151 2184 3206 ad
2212 3153 2583 3223 decipiendum
2619 3155 2773 3211 bona
2800 3158 3026 3213 actionis
3055 3160 3343 3215 terminum
3373 3169 3525 3216 astu~

1939 3241 2043 3296 tius
2065 3257 2245 3312 exspe.
2267 3250 2376 3309 tat;
2410 3253 2465 3297 et
2490 3259 2598 3313 quo
2625 3245 2894 3301 incautum
2920 3262 3188 3317 quemque
3210 3251 3361 3317 quasi
3385 3266 3524 3305 rccco

1935 3330 1979 3384 di
2005 3332 2111 3386 udo
2138 3342 2159 3371 α
2198 3332 2512 3401 reddiderit,
2543 3350 2610 3390 eo
2640 3336 2786 3390 illum
2828 3338 3111 3406 repentino
3142 3354 3523 3408 nonnunquam

1934 3422 2155 3477 vulnere
2182 3422 2368 3477 durius
2398 3423 2857 3495 insanabiliusque
2886 3426 3167 3496 transﬁgit.

2009 3509 2094 3564 5t.
2138 3510 2496 3569 lntentionem
2519 3514 2719 3585 quippe
2740 3515 2793 3571 in
2817 3517 2959 3571 bono
2980 3532 3144 3587 opere
3166 3518 3379 3588 polluit,
3401 3520 3524 3588 quia

1934 3614 2057 3655 cum
2089 3599 2265 3658 facilia
2306 3604 2372 3659 ad
2412 3605 2783 3676 decipiendum
2812 3608 2975 3663 corda
3005 3608 3280 3663 hominum
3309 3612 3524 3681 conspi-

1934 3692 2037 3759 cit,
2059 3708 2245 3749 eorum
2277 3697 2557 3753 desideriis
2595 3712 2780 3752 auram
2813 3701 3107 3756 transitorii
3138 3701 3335 3757 favoris
3360 3718 3525 3772 appo-

1936 3786 2046 3851 nit;
2081 3788 2220 3841 utin
2256 3786 2361 3852 his,
2393 3803 2513 3857 qum
2544 3800 2686 3845 recta
2717 3791 2939 3854 faciunt,
2972 3792 3038 3844 ad
3068 3794 3366 3861 appetenda
3400 3794 3524 3857 ima,

1937 3877 2248 3933 fortitudine
2292 3879 2606 3935 intentionis
2650 3882 2998 3938 inclinentur.
3049 3883 3199 3938 Unde
3245 3894 3391 3939 recte
3428 3887 3524 3939 sub

1933 3966 2130 4022 Iudicas
2167 3969 2383 4039 specie,
2417 3971 2484 4025 de
2514 3988 2832 4041 unaquaque
2872 3975 3049 4028 anima
3089 3974 3284 4044 laqueo
3320 3977 3524 4030 mise-ae

1934 4058 2244 4115 intentionis
2274 4068 2452 4131 capta,
2484 4077 2583 4131 per
2612 4064 2926 4133 prophetam
2957 4064 3193 4118 dicitur:
3223 4063 3379 4118 Facti
3408 4079 3524 4118 sunt

1934 4149 2106 4204 hostes
2123 4150 2235 4221 ejus
2263 4153 2317 4208 in
2341 4153 2533 4223 capite.
2563 4152 2641 4208 Ac
2669 4155 2713 4207 si
2742 4163 2928 4225 aperte
2958 4154 3208 4225 (Threnu.
3237 4171 3278 4221 ι,
3300 4154 3361 4225 5)
3381 4156 3525 4211 dice-

1934 4251 2080 4296 retur
2105 4260 2118 4295 :
2145 4244 2277 4297 Cum
2322 4244 2519 4299 bonum
2562 4260 2697 4315 opus
2725 4262 2830 4301 non
2860 4247 2998 4301 bona
3030 4247 3330 4301 intentione
3359 4248 3524 4302 sumi~

1933 4340 2046 4398 tur,
2091 4333 2216 4388 huic
2264 4334 2614 4391 adversantes
2655 4335 2877 4405 spiritus
2912 4337 2979 4391 ab
3022 4337 3137 4405 ipso
3183 4338 3522 4406 cogitationis

1932 4422 2155 4476 exordio
2170 4423 2342 4493 princi
2353 4432 2544 4492 pantur
2564 4440 2579 4490 ;
2602 4433 2859 4494 tantoque
2874 4441 2991 4481 eam
3006 4427 3215 4495 plenius
3227 4428 3535 4498 possident,

234 4516 409 4573 fallat.
457 4517 609 4574 Unde
653 4520 792 4575 bene
836 4529 891 4574 et
936 4520 1174 4576 lshoseth
1222 4524 1520 4592 appellatus
1568 4532 1691 4592 est,
1736 4526 1826 4595 qui

1943 4519 2134 4585 quanto
2162 4521 2215 4565 et
2242 4527 2339 4581 per
2366 4513 2575 4567 initium
2605 4514 2946 4570 dominantes
2973 4525 3177 4571 tenent.

234 4607 465 4664 custode
502 4608 699 4665 femina
739 4611 1025 4668 hostilibus
1064 4611 1255 4679 gladiis
1294 4613 1547 4667 nudatur.
1588 4612 1827 4668 lsboseth

234 4697 437 4767 quippe
465 4698 549 4753 vir
574 4698 905 4755 confusionis
933 4700 1145 4755 dicitur.
1174 4700 1271 4756 Vir
1295 4709 1471 4757 autem
1502 4702 1831 4758 confusionis

233 4796 341 4851 est,
372 4788 463 4858 qui
496 4787 619 4843 forti
653 4790 851 4844 mentis
878 4791 1125 4845 custodia
1158 4790 1396 4845 munitus
1425 4806 1533 4845 non
1565 4799 1676 4856 est;
1705 4792 1826 4860 quia

233 4881 365 4931 dum
411 4880 636 4934 virtutes
670 4895 729 4934 se
765 4893 923 4948 agere
951 4882 1214 4949 aestimat,
1255 4883 1610 4938 subintrantia
1648 4880 1771 4938 vitia
1801 4883 1827 4922 δ

233 4969 570 5025 nescientem
615 4980 831 5026 necant.
871 4971 1005 5026 Tota
1048 4973 1231 5041 itaque
1270 4973 1470 5028 virtute
1512 4974 1830 5030 muniendas

228 5069 317 5115 est
346 5060 524 5114 aditus
554 5062 779 5125 mentis,
812 5077 879 5116 ne
906 5063 1123 5130 quando
1151 5078 1271 5117 eam
1302 5062 1618 5118 insidiantes
1645 5064 1828 5118 hostes

230 5157 521 5219 pcnetrent
548 5149 811 5205 foramine
836 5151 1096 5220 neglecta:
1121 5153 1483 5220 cogitationis.
1516 5153 1651 5208 Hinc
1677 5154 1828 5207 Salo-

232 5254 362 5292 mon
399 5239 474 5292 ait
497 5255 511 5291 :
538 5237 696 5294 Omni
732 5241 974 5294 custodia
1001 5256 1147 5295 serva
1178 5258 1267 5295 cor
1295 5251 1434 5296 tuum
1454 5284 1467 5305 ,
1498 5245 1741 5313 quoniam
1763 5258 1830 5297 ea:

230 5326 349 5394 ipso
372 5329 477 5381 vita
505 5329 736 5397 procedit
777 5330 969 5393 (Prov.
1007 5347 1091 5388 tv.
1113 5331 1235 5401 25).
1264 5332 1502 5389 Virtutes
1531 5347 1660 5400 ergo
1696 5349 1830 5401 quas

204 5412 446 5472 dirimus
468 5419 686 5489 dignum
714 5430 800 5476 est
827 5430 884 5476 ut
912 5437 1257 5493 summopere
1284 5423 1354 5479 ab
1378 5423 1690 5479 intentionis
1720 5424 1829 5479 ori-

249 5606 261 5626 τ
307 5581 335 5608 ἰ
372 5570 450 5626 Ita
480 5573 667 5646 (ξω-1»,
702 5574 1019 5638 Remenses,
1050 5576 1158 5631 duo
1188 5576 1418 5645 Remig.,
1468 5578 1618 5646 Lyr.,
1647 5578 1825 5637 Bigot.

232 5652 289 5696 et
319 5645 589 5698 nonnullae
618 5645 915 5703 Editiones,
950 5647 1181 5700 maxime
1203 5655 1410 5701 veteres
1439 5645 1608 5702 Paris.
1639 5659 1694 5703 et
1724 5649 1823 5702 Bac

235 5712 322 5768 sil.
359 5715 427 5766 At
451 5712 644 5779 Gilot.,
677 5715 873 5778 Vatic.,
900 5714 1083 5777 Guss.,
1117 5716 1228 5769 Iure
1255 5733 1450 5770 carere.

309 5782 338 5823 δ
373 5781 599 5849 Quidam
627 5784 777 5848 Mss,
806 5787 1117 5841 nescientem
1139 5796 1357 5840 mentem
1388 5797 1595 5843 necant.

2004 4600 2090 4654 59...
2130 4599 2263 4656 Cum
2305 4617 2437 4657 vero
2466 4604 2820 4659 intentionem
2848 4605 3039 4659 vitiare
3071 4622 3176 4659 non
3207 4607 3537 4675 praevalean

1930 4690 1956 4729 δ
1990 4692 2043 4746 in
2082 4693 2164 4746 via
2196 4693 2400 4763 positos
2428 4694 2650 4763 laqueos
2682 4702 2906 4763 tegunt,
2950 4703 3010 4749 ut
3037 4694 3086 4749 in
3117 4710 3185 4751 eo
3212 4697 3356 4764 quod
3383 4696 3541 4751 bene-

1931 4783 2106 4851 agitur
2133 4798 2229 4836 cor
2254 4782 2497 4837 exaltans
2524 4798 2583 4837 se
2611 4798 2677 4837 ex
2707 4783 2875 4837 latere
2902 4783 2969 4836 ad
2998 4783 3186 4837 vitium
3218 4783 3536 4850 derivetur;

1931 4881 2196 4942 quatenus
2211 4873 2352 4940 quod
2376 4873 2641 4926 iuehoans
2657 4874 2813 4927 aliter
2834 4885 3208 4943 proposuerat,
3232 4875 3286 4929 in
3307 4876 3537 4931 actione-

1933 4964 2090 5032 longe
2137 4963 2294 5017 aliter
2340 4978 2500 5032 quam
2546 4972 2783 5032 (mperat
2830 4974 3129 5035 percurrat.
3179 4966 3334 5036 Saepe
3377 4967 3537 5022 eninu

1931 5056 2075 5109 bono
2104 5054 2255 5123 operi
2287 5054 2411 5107 dum
2444 5053 2558 5107 laus
2588 5054 2818 5109 humana
2854 5057 3074 5121 obviat,
3117 5066 3352 5114 mentem
3388 5073 3522 5127 ope-

1930 5144 2098 5197 rantis
2132 5142 2412 5197 immutat:
2441 5156 2560 5211 qua:
2602 5147 2846 5211 quamv‘s
2891 5146 3115 5214 quaesita
3162 5162 3271 5201 non
3315 5146 3537 5214 fuerat,.

1931 5243 2109 5288 tamen
2157 5234 2340 5289 oblata
2380 5233 2637 5289 delectat.
2679 5233 2846 5303 Cujus
2874 5236 2979 5307 35
3010 5236 3368 5291 delectatione
3396 5253 3538 5293 cunt.

1930 5342 2081 5382 mens
2096 5328 2233 5383 bene
2244 5328 2519 5398 operantis
2530 5327 2832 5391 resolvitur,
2848 5329 2916 5383 ab
2939 5329 3084 5383 omni
3107 5329 3421 5384 intentionis
3444 5330 3537 5384 iur

1930 5420 2074 5474 tim:c
2095 5420 2276 5489 vigore
2292 5419 2599 5488 dissipatur.
2625 5418 2779 5488 Smpe
2800 5434 2859 5474 se
2879 5421 3017 5475 bene
3037 5420 3302 5474 inchoatas
3320 5429 3536 5474 nostras-

2006 5586 2027 5612 ε
2049 5574 2293 5629 Plurima:
2320 5575 2470 5634 edit,
2486 5575 2635 5644 quasi
2656 5576 2937 5630 recedendo
2954 5592 3185 5629 securum
3204 5575 3533 5633 reddiderit,

1934 5644 2214 5699 Reduudut
2243 5662 2500 5709 securum,
2529 5654 2583 5698 et
2605 5646 2758 5698 abest
2781 5661 2810 5698 a
2836 5646 2957 5699 Mss.
2988 5644 3173 5709 Corh.,
3195 5644 3517 5710 Germ.,etc.

2004 5712 2029 5750 ἀ
2072 5715 2284 5783 Antiqui
2326 5731 2353 5767 r
2401 5714 2576 5778 Reum,
2628 5714 2852 5777 Turon.,
2897 5715 2955 5769 S.
3005 5714 3183 5779 MarL,
3226 5715 3415 5781 Corb.,
3460 5723 3529 5771 et

1933 5784 2196 5849 nonnuli,
2226 5786 2278 5839 in
2303 5788 2380 5839 via
2402 5786 2597 5854 positus
2625 5784 2832 5857 laqueos
2859 5788 3000 5857 tegit.
