3976 6300
548 269 643 325 651

1712 261 1953 317 SANCTI
1994 259 2321 315 GREGOllll
2366 261 2576 316 MMINI

3680 275 3776 334 5‘9

546 382 776 452 institue,
804 395 871 435 ex
897 378 1066 433 latere
1091 376 1166 431 ira
1196 374 1494 445 subjungit;
1522 382 1578 429 et
1597 374 1721 427 dum
1746 375 1865 428 zelo
1886 374 2111 428 rectitu-
2140 375 2188 432 Α
2216 371 2323 425 illic
2350 382 2475 443 apte
2516 374 2853 444 subiungitur
2877 394 2889 429 :
2917 376 3104 431 Decem
3134 386 3304 432 autem
3335 380 3429 434 uiri
3460 385 3642 451 reperti
3675 396 3786 441 αιιιι

543 473 681 527 diuis
704 470 1120 535 .immoderatius
1152 474 1383 521 mentem
1412 465 1611 529 turbat,
1646 472 1894 519 cunctam
1920 463 2117 532 quietis

545 563 745 619 intima:
789 562 1014 617 salutem
1058 558 1282 614 sauciat.
1329 556 1485 624 Saepe
1532 555 1852 623 gravitatem
1904 554 2115 619 cordis,

543 654 698 723 quasi
736 667 802 705 ex
843 650 1013 703 latere
1048 646 1329 715 subiuncta
1377 646 1592 700 tristitia
1633 646 1908 715 sequitur;
1958 658 2119 713 a'que

546 756 706 796 omne
732 755 865 808 opus
889 737 1031 807 quod
1060 752 1210 791 mens
1235 736 1376 791 bona
1408 736 1707 791 intentione
1738 736 1971 799 inchoat,
2002 734 2118 791 hmc

545 834 807 890 velamine
839 833 1086 887 maeroris
1122 832 1424 887 obumbrat.
1463 830 1596 898 Quae
1637 839 1688 885 et
1730 845 2114 899 nonnunquam

547 932 694 979 tanto
708 924 905 977 tardius
930 922 1228 993 repellitur,
1253 931 1454 992 quanto
1476 930 1531 977 et
1554 937 1754 992 pressa:
1776 922 1942 977 menti
1963 920 2117 991 quasi

544 1014 713 1068 serior
742 1012 1044 1067 famulatur.
1076 1014 1230 1083 Step8
1264 1028 1324 1068 se
1361 1014 1506 1068 bono
1535 1014 1683 1082 operi
1716 1013 1893 1068 laetitia
1925 1012 2114 1067 immo-

543 1101 728 1156 derata
750 1099 1049 1169 subiungit;
1076 1116 1306 1169 cumque
1348 1099 1468 1170 plus
1488 1109 1723 1155 mentem
1748 1113 1908 1167 quam
1937 1098 2114 1162 decet,

543 1191 866 1246 hilarescere
892 1191 1075 1260 exigit,
1099 1191 1167 1244 ab
1189 1189 1401 1245 actione
1424 1189 1565 1243 bona
1591 1203 1751 1242 omne
1770 1187 1978 1257 pondus
1997 1199 2117 1254 gra-

543 1279 727 1335 vitatis
760 1279 991 1350 repellit.
1035 1279 1167 1345 Quia
1198 1278 1340 1332 enim
1367 1278 1506 1332 bene
1543 1276 1706 1331 etiam
1743 1275 2119 1331 inchoantibus

542 1373 765 1427 subesse
808 1371 861 1425 in
905 1371 1096 1426 itinere
1137 1369 1359 1439 laqueos
1404 1367 1682 1423 Psalmista
1729 1371 2116 1436 conspexerat,

543 1471 691 1517 recte
719 1461 1029 1531 prophetico
1058 1459 1244 1530 plenus
1277 1459 1463 1529 spiritu
1503 1457 1717 1512 dicebat
1742 1475 1755 1510 :
1780 1455 1850 1511 'In
1877 1456 1959 1510 ria
1996 1455 2112 1520 hac,

541 1567 641 1620 qua
664 1549 1007 1614 ambulabam,
1035 1548 1408 1602 absconderant
1436 1555 1462 1584 ι
1500 1546 1733 1617 laqueum
1768 1545 1895 1599 mihi
1928 1542 2111 1615 (Psal.

541 1654 685 1705 cm,
714 1639 791 1704 4).
830 1638 979 1704 Quod
1013 1639 1150 1692 bene
1177 1652 1241 1692 ac
1270 1636 1536 1691 subtiliter
1562 1635 1822 1690 Jeremias
1840 1635 2113 1701 insinuat,

2217 462 2350 514 inter
2374 480 2459 516 eos
2486 465 2571 533 qui
2600 465 2839 519 dixerunt
2884 468 2954 519 ad
3000 466 3195 522 lsmael
3211 484 3233 523 :
3274 467 3402 523 Noli
3431 472 3653 527 occidere
3678 492 3784 537 nos.

2218 551 2337 620 quia
2366 551 2608 607 habemus
2639 555 2902 610 thesauros
2931 555 2985 609 in
3016 573 3141 627 agro
3173 557 3416 628 frumenti
3444 569 3492 611 et
3520 559 3712 624 hordei,
3742 575 3785 617 et

2219 641 2341 706 olei,
2388 650 2437 694 et
2465 643 2663 708 mellis;
2704 654 2754 697 et
2781 661 2885 697 non
2914 645 3102 698 occidit
3129 662 3214 700 eos
3247 645 3377 716 (Jer.
3414 663 3522 715 xu,
3552 648 3629 717 8).
3659 650 3784 706 The-

2217 746 2409 786 saurus
2453 733 2652 802 quippe
2682 734 2735 787 in
2764 750 2895 803 agro
2924 744 3007 791 est
3034 752 3158 806 spes
3187 738 3241 791 in
3286 739 3597 806 pamitentia
3620 783 3635 807 ,
3678 759 3785 813 qua

2217 821 2342 888 quia
2368 836 2473 876 non
2501 824 2760 891 cernitur,
2787 825 2939 893 quasi
2966 825 3019 880 in
3048 835 3191 880 terra
3221 827 3399 881 cordis
3428 829 3647 884 suffossa
3668 848 3784 889 con~

2217 911 2439 966 tinetur.
2473 911 2571 978 Qui
2601 928 2730 981 ergo
2760 914 3038 971 thesauros
3068 916 3122 969 in
3148 929 3276 985 agro
3306 917 3558 989 habuere,
3602 924 3782 977 servati

2215 1010 2375 1067 sunt;
2406 1004 2531 1071 quia
2559 1004 2651 1072 qui
2682 1013 2805 1074 post
2834 1005 3111 1060 incauteltn
3131 1021 3243 1063 suae
3267 1007 3475 1075 vitium,
3503 1010 3568 1063 ad
3594 1010 3783 1066 lamen-

2217 1099 2327 1145 tum
2354 1094 2461 1163 36
2488 1096 2817 1163 paenitentia:
2837 1097 3086 1167 redeunt,
3114 1115 3213 1154 nec
3239 1101 3380 1170 capti
3405 1104 3716 1159 moriuntur.

2287 1178 2376 1236 55.
2416 1182 2549 1238 Cum
2600 1201 2727 1240 vero
2775 1186 3028 1255 antiquus
3058 1188 3227 1245 hostis
3258 1206 3431 1260 neque
3477 1192 3529 1246 in
3577 1196 3781 1253 exordio

2216 1270 2527 1330 intentionis
2566 1273 2708 1341 ferit,
2743 1291 2917 1347 neque
2943 1279 2995 1332 in
3029 1280 3218 1336 itinere
3246 1283 3475 1339 actionis
3502 1285 3779 1358 intercipit,

2215 1359 2460 1416 duriores
2488 1362 2540 1417 in
2573 1364 2677 1419 line
2705 1365 2929 1435 laqueos
2957 1370 3147 1424 tendit.
3177 1370 3347 1437 Quem
3378 1381 3528 1429 tanto
3573 1380 3781 1446 nequius

2215 1448 2446 1513 obs'det,
2470 1460 2671 1520 quanto
2692 1455 2864 1509 solum
2886 1456 2985 1511 sibi
2999 1459 3321 1514 remansisse
3335 1460 3401 1514 ad
3423 1461 3780 1533 decipiendum

2213 1536 2383 1594 videt.
2424 1539 2534 1596 llos
2570 1558 2800 1612 namque
2831 1545 2922 1599 lini
2952 1562 3050 1601 suo
3085 1549 3364 1617 appositos
3392 1550 3619 1622 laqueos
3664 1553 3779 1611 Pro-

2214 1628 2375 1698 pheta
2423 1642 2820 1702 conspexerat,
2867 1650 2987 1690 cum
3031 1636 3241 1691 dicebat
3282 1656 3296 1691 :
3340 1637 3456 1709 Ipsi
3499 1643 3779 1698 calcaneum

539 1726 628 1796 qui
659 1726 784 1781 dum
813 1733 962 1795 gesta
993 1725 1122 1781 foris
1158 1725 1360 1780 referre
1387 1724 1620 1790 studuit,
1658 1739 1779 1793 qum
1805 1725 1947 1778 intus
1973 1723 2113 1793 apud
2147 1716 2185 1773 Β
2215 1738 2380 1774 meum
2409 1721 2746 1777 observabant
2774 1724 2946 1793 (l’sal.
2978 1742 3064 1792 Lv,
3097 1726 3174 1795 7).
3208 1726 3341 1794 Quia
3373 1729 3514 1783 enim
3545 1730 3598 1784 in
3628 1732 3780 1786 calca-

539 1815 897 1884 nosmetipsos
934 1822 1252 1883 gererentur
1286 1811 1565 1879 indicavit,
1601 1811 1823 1868 dicens:
1852 1811 2115 1866 Venerunt

537 1904 796 1974 octoginta
822 1904 919 1958 viri
944 1903 1008 1957 de
1034 1902 1242 1958 Sichem
1259 1943 1275 1968 ,
1305 1910 1356 1955 et
1381 1901 1446 1955 de
1474 1902 1589 1956 Silo
1610 1942 1626 1969 ,
1665 1910 1715 1955 et
1741 1901 1806 1954 de
1833 1900 2111 1965 Samaria,

538 1993 565 2032 Ιθ
592 1996 697 2049 rasi
725 1994 905 2061 barba,
934 2003 984 2049 et
1009 1994 1186 2061 scissis
1229 1992 1464 2059 vestibus,
1501 2003 1522 2030 ο
1555 1993 1871 2064 squalentes;
1901 2007 2115 2047 munera

536 2093 583 2137 et
613 2084 726 2138 thus
755 2083 1007 2139 habebant
1050 2085 1102 2138 in
1140 2100 1327 2147 manu,
1374 2089 1428 2135 ut
1471 2081 1716 2152 offerrent
1744 2084 1799 2135 in
1827 2082 1976 2134 domo
2006 2078 2115 2133 Do-

536 2173 682 2228 mini.
712 2172 968 2244 Egressus
1006 2182 1177 2227 autem
1224 2171 1418 2226 Ismael
1460 2171 1602 2242 ﬁlius
1631 2169 1919 2225 Natltania:
1944 2170 1997 2223 in
2027 2184 2115 2223 oc-

535 2289 738 2327 rursum
773 2288 948 2328 eorum
992 2272 1055 2327 de
1096 2270 1320 2343 Maspha
1342 2313 1358 2338 ,
1397 2270 1640 2326 incedens
1669 2280 1717 2325 et
1744 2270 1955 2339 plorans
1982 2268 2109 2324 ibat.

534 2349 759 2434 Cumque
782 2363 1087 2416 occurrisset
1131 2362 1227 2429 eis,
1257 2361 1389 2416 dixit
1429 2361 1500 2415 ad
1534 2376 1621 2415 eos
1649 2379 1667 2418 :
1697 2359 1879 2414 Venite
1906 2359 1976 2411 ad
2004 2356 2111 2413 Co-

535 2452 727 2505 doliam
754 2453 922 2521 ﬁlium
957 2452 1194 2506 Aie/tam.
1228 2449 1469 2515 Quicum
1507 2449 1762 2505 venissent
1785 2448 1856 2502 ad
1882 2448 2111 2502 medium

533 2540 772 2606 civitatis,
798 2541 1055 2608 interfecit
1079 2557 1163 2595 eos
1192 2540 1401 2612 (Jerem.
1427 2556 1536 2598 xm.
1561 2537 1640 2611 5).
1664 2539 1893 2593 Barbam
1913 2538 2112 2607 quippe

535 2631 748 2697 radunt,
783 2634 874 2701 qui
903 2632 1005 2687 sibi
1033 2632 1103 2687 de
1132 2623 1362 2702 propriis
1390 2631 1592 2687 viribus
1621 2630 1865 2686 ﬁduciam
1893 2628 2110 2685 subtra-

534 2721 689 2776 hunt.
715 2720 906 2776 Vestes
931 2721 1180 2776 scindunt
1201 2760 1217 2786 ,
1246 2721 1347 2793 qui
1373 2719 1718 2790 sibimetipsis
1746 2720 1800 2775 in
1826 2718 2113 2776 exterioris

532 2810 742 2866 decoris
779 2810 1107 2866 laceratione
1138 2826 1246 2866 non
1285 2819 1529 2882 parcunt.
1560 2808 1804 2864 Oblaturi
1850 2808 1903 2863 in
1946 2808 2111 2864 domo

530 2895 741 2953 Domini
772 2899 895 2955 thus
933 2906 993 2955 et
1019 2914 1241 2955 munera
1281 2899 1537 2965 veniunt,
1561 2898 1652 2968 qui
1682 2899 1938 2955 exhibere
1966 2913 2025 2953 se
2054 2899 2107 2952 in

530 2988 624 3045 Dei
667 2990 934 3047 sacriﬁcio
973 2992 1274 3047 orationem
1316 3006 1437 3047 cum
1481 2990 1734 3061 operibus
1761 2991 2100 3060 pollicentur.

2214 1827 2318 1865 nco
2348 1811 2467 1867 linis
2510 1822 2592 1867 est
2634 1815 2912 1884 corporis,
2956 1817 3082 1885 quid
3115 1832 3211 1888 per
3237 1818 3381 1873 hunc
3409 1819 3511 1874 nisi
3542 1822 3780 1878 terminus

2212 1900 2455 1969 signatur
2498 1903 2765 1959 actionis?
2806 1904 2931 1960 Sive
2971 1921 3099 1975 ergo
3131 1908 3345 1976 maligni
3386 1910 3637 1978 spiritus,
3681 1912 3780 1968 sive

2212 1993 2364 2061 pravi
2410 1993 2608 2064 quique
2637 1995 2914 2061 homines,
2948 1998 3159 2052 illorum
3188 2000 3451 2069 superbiae
3497 2016 3777 2071 sequaces,

2212 2083 2522 2139 calcaneum
2554 2084 2861 2152 observant,
2908 2102 3029 2141 cum
3060 2088 3289 2142 actionis
3317 2089 3473 2143 home
3525 2089 3681 2146 linem
3709 2092 3779 2145 vi-

2215 2173 2349 2228 tiare
2369 2172 2692 2228 desiderant.
2717 2171 2868 2230 Unde
2890 2183 2943 2230 et
2963 2177 3134 2231 eidem
3156 2177 3390 2247 serpenti
3420 2179 3616 2233 dicitur
3635 2197 3647 2232 :
3666 2179 3781 2250 Ipsa

2214 2271 2352 2317 tuum
2397 2264 2686 2319 observabit
2731 2275 2916 2338 caput,
2948 2276 2997 2321 et
3024 2275 3076 2321 tu
3105 2264 3402 2322 calcaneum
3429 2269 3541 2339 ejus
3574 2270 3777 2340 (Cenes.

2213 2367 2289 2417 ιιι,
2322 2350 2406 2418 15,
2433 2369 2535 2407 sec.
2567 2352 2667 2407 LX
2672 2353 2763 2425 Χ).
2788 2356 2961 2425 Caput
2980 2356 3178 2426 quippe
3196 2358 3461 2427 serpentis
3482 2359 3777 2425 observare,

2211 2453 2295 2499 est
2320 2444 2468 2500 initia
2496 2448 2851 2516 suggestionis
2877 2449 2994 2518 ejus
3020 2450 3286 2521 aspicere,
3316 2460 3371 2507 et
3400 2462 3423 2491 ο
3454 2468 3620 2509 manu
3647 2453 3779 2507 solli-

2211 2533 2330 2589 citae
2352 2536 2795 2592 considerationis
2808 2553 2839 2592 a
2855 2540 3031 2595 cordis
3050 2540 3197 2595 aditu
3220 2540 3455 2597 funditus
3469 2544 3779 2612 exstirpare.

2212 2620 2312 2690 Qui
2361 2631 2539 2680 tamen
2568 2641 2689 2681 cum
2718 2628 2786 2681 ab
2816 2628 2968 2684 initio
3010 2629 3427 2699 deprehenditur
3448 2671 3465 2698 ,
3510 2643 3781 2702 percutere

2210 2713 2519 2769 calcaneum
2550 2717 2769 2771 molitur
2789 2756 2804 2783 ,
2850 2718 2973 2788 quia
3002 2721 3103 2776 etsi
3134 2723 3475 2791 suggestione
3501 2725 3676 2794 prima
3704 2725 3779 2779 in-

2209 2804 2504 2859 tentionem
2547 2822 2655 2861 non
2702 2808 2954 2877 percutit,
3001 2809 3250 2880 decipere
3276 2810 3331 2866 in
3362 2811 3467 2868 line
3495 2814 3691 2870 tendit.
3728 2813 3779 2869 Si

2208 2901 2389 2947 autem
2419 2895 2585 2949 semel
2614 2910 2707 2951 cor
2731 2896 2784 2951 in
2814 2896 3114 2954 intentione
3143 2902 3521 2972 corrumpitur,
3556 2920 3776 2975 sequen-

2208 2979 2274 3035 tis
2301 2982 2528 3037 actionis
2558 2982 2817 3041 medietas
2841 3026 2857 3054 ,
2907 2993 2963 3042 et
3005 2988 3262 3045 terminus
3298 2989 3364 3046 ab
3410 2992 3569 3048 hoste
3599 2995 3778 3049 callido

529 3082 633 3139 sed
668 3092 845 3139 [amen
874 3083 917 3140 si
946 3099 1004 3140 se
1034 3084 1085 3139 in
1118 3085 1229 3155 ipsa
1268 3089 1467 3140 “nem
1499 3060 1805 3138 devotionis
1831 3082 1916 3136 via
1947 3089 2107 3137 came
2133 3060 2179 3122 C
2208 3086 2397 3128 secure
2425 3074 2758 3144 possidetur;
2788 3076 3039 3147 quoniam
3070 3087 3236 3135 totam
3266 3079 3364 3135 sibi
3392 3082 3651 3138 arborum
3680 3083 3778 3138 l‘ru-

529 3173 939 3243 circumspicere
962 3173 1225 3239 nesciunt,
1247 3173 1439 3229 lsmael
1467 3173 1743 3227 Natbanize
1767 3172 1904 3227 Illius
1929 3171 1982 3227 in
2011 3188 2104 3227 eo-

2209 3171 2325 3217 ctus
2353 3160 2493 3219 ferre
2518 3166 2797 3236 conspicit,
2826 3183 2986 3238 quam
3012 3172 3204 3225 veneni
3227 3170 3387 3226 dente
3416 3172 3469 3226 in
3498 3174 3681 3229 radice
3702 3174 3776 3228 vi-

528 3278 644 3317 ειυς,
667 3279 949 3318 occursum
968 3264 1145 3330 venit;
1175 3263 1300 3333 quia
1328 3263 1580 3318 nimirum
1600 3263 1824 3332 quilibet
1844 3262 2105 3331 malignus
2206 3252 2376 3306 tiavit.
2408 3253 2541 3320 Quia
2573 3270 2701 3325 ergo
2730 3272 2939 3313 summa
2968 3275 3093 3314 cura
3123 3260 3445 3331 vigilandum
3473 3272 3577 3329 est,
3613 3280 3676 3318 ne
3701 3264 3777 3318 vel

528 3355 779 3424 spiritus,
819 3354 1017 3424 prioris
1056 3355 1159 3421 sui,
1191 3355 1404 3409 Sagana;
1438 3354 1689 3410 videlicet
1716 3353 2003 3423 exemplo,
2048 3352 2101 3408 in
2204 3342 2361 3398 bonis
2407 3346 2660 3413 cperibus
2707 3348 2947 3403 servirns
2987 3365 3156 3415 mens,
3206 3351 3433 3420 reproba
3484 3352 3778 3408 intentione

527 3444 794 3515 superbia:
820 3459 1006 3499 errore
1031 3452 1337 3514 generatus,
1367 3458 1428 3499 se
1455 3443 1521 3498 ad
1552 3444 1800 3512 laqueum
1829 3443 2103 3513 deceptio-

530 3534 613 3587 nis
659 3533 903 3602 opponit.
951 3532 1030 3589 De
1073 3544 1183 3603 quo
1224 3541 1286 3590 et
1327 3534 1463 3589 bene
1498 3531 2012 3589 dicitur:1ncedens
2051 3541 2101 3587 et

528 3625 740 3693 plorans
767 3622 915 3688 ibat;
945 3623 1072 3692 quia
1099 3632 1157 3677 ut
1184 3622 1407 3679 devotas
1432 3632 1640 3679 mentes
1668 3620 1979 3678 interimere
2017 3620 2098 3677 le-

526 3713 715 3767 rieudo
761 3712 1078 3781 praevaleat,
1120 3712 1466 3781 semetipsum
1506 3711 1660 3781 quasi
1698 3711 1799 3767 sub
1836 3710 2100 3766 velamine

526 3803 738 3859 virtutis
775 3805 1041 3865 occultat;
1072 3812 1128 3859 et
1154 3804 1281 3859 dum
1309 3805 1641 3861 concordare
1667 3820 1726 3860 se
1753 3820 1881 3861 vere
1907 3805 2097 3875 lugen—

527 3894 670 3948 tibus
697 3894 943 3960 simulat,
986 3893 1053 3948 ad
1099 3893 1277 3951 cordis
1321 3894 1504 3950 intima
1534 3896 1772 3950 securius
1798 3894 2095 3960 admissus,

524 3983 658 4051 hoc,
698 3984 842 4055 quod
884 3985 1025 4039 intus
1051 3985 1120 4041 de
1145 3985 1343 4041 virtute
1371 3985 1531 4051 latet,
1558 3983 1583 4022 ἀ
1609 3985 1826 4041 occidit.
1855 3984 1955 4050 Qui
1983 3984 2099 4054 ple-

524 4090 750 4145 rumque
790 4090 849 4131 se
892 4075 1123 4147 spondet
1167 4076 1233 4130 ad
1276 4076 1467 4130 altiora
1497 4076 1813 4145 provehere.
1844 4071 1999 4129 Unde
2043 4081 2099 4128 et

522 4166 723 4222 dixisse
763 4167 1103 4237 perhibetur,
1154 4165 1333 4221 Venite
1376 4165 1445 4219 ad
1489 4165 1761 4220 Godoliam
1800 4166 1967 4234 ﬁlium
2004 4163 2097 4217 Ai-

522 4257 713 4320 cham;
761 4264 923 4322 atque
964 4255 1089 4308 dum
1130 4254 1332 4323 majora
1361 4254 1658 4324 promittit,
1688 4254 1848 4309 etiam
1878 4251 2095 4306 minima

522 4348 806 4405 subtrahit.
838 4345 990 4401 Unde
1019 4354 1074 4400 et
1102 4354 1248 4401 recte
1272 4346 1471 4402 dictum
1501 4353 1586 4400 est
1614 4363 1628 4399 :
1657 4343 1757 4409 Qui
1784 4359 1900 4398 cum
1927 4344 2096 4398 venis-

2203 3432 2494 3502 polluatur,
2518 3445 2663 3490 recte
2683 3436 2880 3492 dicitur
2900 3454 2914 3491 :
2938 3436 3023 3492 Nc
3045 3440 3177 3510 [orte
3198 3441 3518 3511 peccaverint
3537 3442 3643 3511 filii
3663 3443 3775 3509 mei,

2201 3532 2250 3577 et
2279 3524 2631 3580 benedixerint
2657 3526 2769 3583 Deo
2800 3529 2852 3582 in
2884 3529 3121 3584 cordibus
3148 3531 3273 3585 suis.
3306 3531 3384 3587 Ac
3413 3532 3456 3586 si
3486 3542 3678 3602 aperte
3704 3533 3776 3588 di-

2202 3612 2691 3668 ceretuerullum
2727 3624 2809 3670 est
2844 3615 3082 3684 bonum,
3129 3617 3274 3686 quod
3314 3615 3441 3673 foris
3470 3621 3686 3689 agitur,
3734 3619 3772 3674 si

2200 3717 2308 3757 non
2337 3719 2435 3774 pro
2463 3719 2529 3760 eo
2559 3705 2701 3760 intus
2725 3714 2850 3761 ante
2880 3705 2972 3761 Dei
3001 3707 3187 3762 oculos
3214 3708 3533 3764 innocentia:
3565 3711 3771 3765 victima

2200 3792 2254 3847 iu
2281 3807 2373 3847 ara
2401 3794 2577 3849 cordis
2599 3796 2921 3852 immolatur.
2952 3796 3098 3871 [Vet.
3124 3797 3412 3874 XXXIX].
3436 3800 3573 3856 Tota
3600 3804 3772 3871 itaque

2197 3883 2396 3939 virtute
2426 3885 2827 3955 perspiciendus
2866 3895 2950 3942 est
2976 3884 3169 3943 ﬂuvius
3201 3890 3407 3961 operis,
3448 3889 3492 3945 si
3522 3908 3691 3961 purus
3718 3907 3769 3946 e-

2198 3983 2383 4030 manat
2420 3989 2490 4031 ex
2530 3976 2680 4032 fonte
2708 3974 3070 4045 cogitationis.
3114 3978 3270 4035 Omni
3310 3996 3437 4036 cura
3479 3982 3771 4037 servandus

2197 4073 2280 4120 est
2305 4079 2335 4118 a
2364 4065 2580 4120 malitiae
2608 4066 2828 4136 pulvere
2851 4066 3040 4123 oculus
3067 4069 3271 4136 cordis;
3300 4086 3368 4124 ne
3396 4071 3517 4134 hoc,
3550 4072 3693 4140 quod
3718 4072 3765 4125 in

2196 4156 2408 4211 actione
2429 4163 2635 4210 rectum
2655 4155 2958 4211 hominibus
2987 4166 3239 4222 ostentat,
3263 4159 3402 4227 apud
3422 4162 3763 4231 semetipsum

2196 4260 2294 4315 per
2320 4246 2507 4301 vitium
2539 4262 2715 4315 prava:
2744 4247 3056 4303 intentionis
3084 4248 3404 4317 intorqueat.

2204 4404 2207 4407 Α
2266 4333 2355 4389 54.
2399 4334 2527 4390 Ideo
2567 4336 2881 4401 curandum,
2916 4352 2979 4390 ne
3020 4337 3155 4391 bona
3204 4354 3359 4408 opera
3396 4346 3574 4393 nostra
3604 4354 3763 4411 pauca

523 4447 635 4495 sent
677 4438 745 4491 ad
787 4437 1008 4491 medium
1047 4436 1297 4501 civitatis,
1341 4434 1601 4504 truci-fecit
1627 4450 1734 4488 eos.
1770 4432 1924 4488 Viros
1965 4446 2094 4501 ergo
2127 4428 2175 4489 Ι)
2196 4426 2321 4493 sint.
2347 4436 2436 4481 aut
2462 4426 3182 4482 militatum—Curandum
3213 4429 3392 4498 itaque
3420 4437 3503 4484 est
3531 4444 3601 4484 ne
3630 4430 3763 4484 bona

523 4529 589 4582 ad
618 4527 886 4583 otl‘erenda
921 4527 1030 4582 Deo
1058 4541 1279 4580 munera
1305 4526 1601 4590 venientes,
1632 4525 1687 4578 in
1712 4524 1891 4579 medio
1915 4524 2097 4580 civita-

525 4619 591 4672 tis
630 4616 909 4683 interiit-it;
949 4616 1071 4687 quia
1111 4614 1304 4687 divinis
1338 4614 1545 4670 dedita!
1570 4614 1821 4685 operibus
1862 4625 2094 4681 mentes,

522 4710 622 4765 nisi
654 4723 843 4778 magna
873 4722 934 4763 se
961 4706 1441 4777 circumspectione
1465 4706 1787 4771 custodiant,
1820 4704 1976 4761 hoste
1999 4720 2094 4759 su-

519 4798 782 4870 bripiente
803 4840 818 4863 ,
866 4798 989 4853 dum
1030 4797 1332 4853 devotionis
1359 4805 1575 4868 portant
1600 4796 1826 4851 hostiam
1847 4834 1864 4860 ,
1895 4796 1948 4849 in
1978 4794 2092 4863 ipso

517 4891 713 4945 itinere
757 4888 989 4959 perdunt
1028 4888 1212 4943 vitam.
1260 4888 1337 4943 De
1380 4887 1533 4956 cujus
1576 4885 1747 4941 hostis
1794 4900 1955 4938 manu
1981 4898 2089 4937 non

518 4980 782 5049 evaditur,
811 4980 911 5035 nisi
930 4979 1086 5035 citius
1106 4978 1173 5034 ad
1198 4977 1565 5049 paenitentiam
1587 4980 1914 5030 recurratur.
1940 4970 2091 5028 Unde

588 5213 613 5239 ι
654 5202 966 5284 Remenses,
990 5199 1012 5252 l
1042 5199 1274 5270 Remig.,
1296 5197 1481 5262 Corb.,
1497 5194 1679 5252 Germ.
1700 5202 1756 5252 et
1778 5195 1867 5250 alii
1888 5195 2089 5251 habent

513 5270 722 5344 laqueos
750 5272 895 5325 mihi.

571 5344 613 5422 ,ι’
657 5339 804 5423 Unus
831 5356 899 5423 ex
928 5338 1085 5423 lium.
1116 5346 1174 5395 et
1199 5337 1236 5391 2
1263 5337 1493 5409 Remig.,
1524 5338 1659 5394 rasis
1687 5335 1879 5390 barbis.
1912 5335 1947 5389 5
1976 5335 2086 5390 Re-

513 5411 662 5479 tnig.,
692 5411 800 5464 rasi
826 5408 1060 5463 barbam.
1426 5408 1439 5409 7

514 5544 553 5559 ἢ
588 5491 609 5516 ε
648 5478 844 5559 Ibidem
868 5520 883 5543 ,
923 5494 1047 5559 pro,
1091 5478 1394 5559 squalentes
1426 5493 1660 5559 munera,
1715 5484 1802 5530 etc
1832 5516 1866 5559 ,Δ
1898 5490 2088 5532 omnes

514 5544 644 5600 [lem
700 5556 757 5601 et
786 5544 990 5615 Ro-mig.
1020 5544 1219 5602 habent
1247 5550 1534 5621 squalentrs
1597 5551 1785 5607 aluere,
1818 5553 1922 5597 etc.

582 5612 610 5654 ἀ
649 5615 776 5672 Mss.
805 5617 965 5672 Corb.
997 5626 1053 5672 et
1078 5616 1284 5672 Germ..
1314 5619 1531 5672 occidat.
1563 5566 1718 5672 {inde
1750 5615 1897 5672 prius
1925 5611 2051 5671 τοι·κί

582 5612 610 5654 ἀ
649 5615 776 5672 Mss.
805 5611 965 5672 Cori):
997 5626 1053 5673 et
1078 5611 1298 5678 Germ..'
1314 5619 1531 5673 occidat.
1563 5611 1718 5672 Unde
1750 5615 1897 5679 pritts
1925 5611 2084 5671 forsi-

2198 4524 2379 4571 nostra
2407 4530 2577 4586 pauca
2606 4514 2743 4580 sint;
2794 4516 3089 4571 curandum
3119 4533 3185 4572 ne
3212 4518 3507 4573 indiscussa
3534 4536 3549 4584 ;
3582 4533 3652 4573 ne
3679 4526 3767 4572 aut

2195 4622 2365 4677 pauca
2408 4614 2659 4674 agentes,
2702 4606 3035 4661 inveniamur
3075 4608 3317 4673 steriles;
3358 4617 3452 4663 aut
3478 4609 3763 4665 indiscussa

2196 4699 2578 4767 relinquentes,
2608 4698 2893 4753 vecordes.
2919 4697 3103 4766 Neque
3124 4698 3263 4751 enim
3291 4713 3626 4768 unaquaeque
3646 4713 3767 4753 vere

2194 4789 2364 4843 virtus
2389 4797 2503 4854 est,
2552 4789 2595 4843 si
2640 4788 2796 4841 mista
2834 4789 2954 4843 aliis
2981 4789 3146 4842 virtut
3169 4789 3263 4844 bus
3310 4805 3417 4844 non
3465 4799 3568 4844 est.
3618 4788 3764 4843 Unde

2194 4888 2341 4935 recte
2366 4880 2433 4933 ad
2465 4879 2681 4949 Moysen
2710 4878 2905 4933 dicitur
2930 4897 2943 4933 :
2969 4880 3128 4935 Sume
3155 4880 3243 4935 tibi
3273 4892 3538 4947 aromata,
3570 4890 3763 4935 stacten

2189 4979 2241 5023 et
2281 4969 2502 5039 onycha,
2546 4967 2565 5006 τ
2608 4967 2884 5039 galbanum
2924 4969 3042 5024 boni
3080 4971 3282 5038 odoris,
3310 4979 3359 5025 et
3378 4972 3493 5026 thus
3514 4970 3767 5026 lucidissi-

2189 5196 2280 5243 tan
2310 5188 2414 5257 leg.
2443 5196 2499 5241 ut
2528 5186 2667 5247 dum.
2700 5201 2807 5257 non
2837 5196 2884 5241 et
2912 5187 3056 5241 dum.

2265 5270 2288 5295 ε
2327 5254 2485 5327 Deest
2514 5257 2566 5311 in
2593 5258 2666 5327 pl.
2700 5255 2826 5311 Mss.
2853 5265 2904 5309 et
2926 5273 3199 5327 satana“...
3231 5257 3535 5327 exstirpare,
3562 5254 3653 5310 sed
3678 5261 3759 5309 est

2190 5328 2242 5384 in
2266 5328 2421 5384 Colb.
2450 5325 2667 5395 Legit—ur
2690 5327 2850 5379 etiam
2873 5326 3014 5395 apud
3040 5325 3305 5379 Paterium
3332 5325 3619 5395 inGeues.
3640 5340 3757 5393 cap.

2190 5415 2313 5455 xxv.
2346 5397 2402 5451 In
2429 5394 2901 5450 Ms.Micbaelens.
2929 5395 3047 5449 hare
3065 5394 3279 5463 quidem
3301 5402 3513 5449 eXstant
3532 5394 3625 5449 sed
3654 5407 3757 5449 nou

2187 5486 2307 5577 cae.
2499 5532 2596 5605 pL,
2631 5532 2907 5605 galbanen.
2939 5547 3033 5605 se.
3055 5533 3234 5605 Belin,
3267 5532 3498 5602 Remig.,
3537 5531 3757 5601 Tutum,

2185 5611 2374 5675 Corb.,
2404 5601 2597 5674 quibus
2623 5601 2967 5658 consentiunt
2995 5602 3110 5658 νει.
3145 5601 3283 5658 Edit.
