3976 6364
179 381 283 437 553

1096 389 1448 447 ιιοιιΑιιυιι
1488 389 1615 445 LIB.
1655 386 1718 443 ll.
1757 386 1894 442 —IN
1935 386 2159 443 CAPUT
2201 387 2219 441 l
2261 388 2319 441 Β.
2362 388 2505 442 JUB.

3328 389 3432 443 554

174 513 339 561 mum;
372 508 396 535 ¹¹
418 500 633 568 aqualis
657 499 901 567 ponderis
929 509 1079 554 erunt
1109 503 1312 566 omnia,
1347 503 1603 574 faciesque
1635 501 1750 571 thy-
1778 504 1831 563 Α
1854 499 2025 555 flciem
2050 500 2260 556 virtutis
2291 514 2619 555 emovemus.
2649 498 2811 569 Cujus
2849 508 2997 557 artus
3024 500 3078 558 in
3107 499 3275 557 frusta
3301 517 3431 558 con-

172 593 360 646 minuta
388 592 720 659 compositum
744 607 898 657 opere
917 593 1261 659 unguentarii,
1291 594 1498 645 mistum
1528 591 1750 662 diligen-

172 690 249 736 ter
273 689 324 735 et
346 696 530 750 purum
561 679 754 750 (Exod.
792 697 916 744 xxx,
948 680 1059 745 54).
1104 681 1417 753 Tbymiama
1458 684 1658 752 quippe
1686 698 1754 737 ex

173 770 498 825 aromatibus
525 771 879 841 compositum
911 771 1136 826 facimus
1159 811 1174 837 ,
1202 788 1323 827 cum
1354 773 1407 826 in
1437 773 1589 826 altari
1625 772 1753 827 boni

175 859 369 926 operis,
400 859 655 913 virtutum
685 860 1082 929 mulziplicitate
1112 861 1435 915 redolemus.
1469 860 1620 927 Quod
1648 863 1751 914 mi—

171 961 311 1008 stum
331 959 387 1006 et
414 967 601 1020 purum
626 951 713 1019 fit;
737 952 859 1023 quia
882 960 1086 1021 quanto
1106 954 1272 1007 virtus
1287 955 1470 1007 virtuti
1488 954 1750 1019 jungitur,

172 1052 323 1102 tanto
348 1046 623 1100 incensum
646 1046 769 1098 boni
794 1046 972 1114 operis
992 1044 1253 1100 sincerius
1273 1045 1574 1098 exhibetur.
1602 1043 1755 1098 Unde

172 1144 226 1189 et
246 1135 384 1188 bene
404 1134 742 1201 subjungitur
768 1152 779 1185 :
804 1132 1030 1204 Cumque
1051 1136 1103 1187 in
1129 1135 1475 1187 tenuissimum
1496 1132 1753 1200 pulverem

172 1227 408 1279 universa
437 1226 750 1285 contuderis,
782 1243 942 1294 pones
974 1242 1038 1279 ea:
1070 1243 1127 1281 eo
1157 1242 1330 1280 coram
1362 1225 1639 1278 testimonii
1666 1232 1751 1277 ta-

169 1317 445 1373 bernaculo
475 1315 664 1388 (Ibid.,
695 1317 806 1385 56).
838 1317 895 1370 In
924 1317 1293 1371 tenuissimum
1324 1314 1601 1384 pulverem
1630 1329 1753 1367 aro-

169 1414 313 1459 mata
339 1408 586 1461 universa
616 1409 961 1474 conterimus,
993 1422 1112 1462 cum
1140 1407 1278 1461 bona
1307 1412 1490 1459 nostra
1521 1405 1670 1475 quasi
1701 1406 1753 1458 in

168 1498 193 1536 δ
218 1498 333 1567 pilo
362 1499 559 1563 cordis,
583 1500 792 1554 occulta
825 1499 1157 1553 discussione
1183 1497 1485 1561 tundimus;
1516 1505 1573 1549 et
1597 1496 1641 1549 si
1670 1510 1755 1549 ve-

168 1591 372 1645 raciter
406 1592 546 1645 bona
585 1592 730 1654 sint,
781 1592 1048 1646 subtiliter
1094 1598 1466 1644 retractatnus.
1500 1589 1752 1642 Aromata

166 1695 297 1749 ergo
339 1684 394 1738 in
435 1684 707 1753 pulverem
738 1684 1001 1750 redigere,
1033 1691 1116 1737 est
1145 1683 1370 1736 virtutes
1408 1678 1756 1746 recogitando

167 1783 369 1836 terere,
402 1784 457 1828 et
487 1788 656 1840 usque
687 1773 750 1826 ad
781 1773 1130 1827 subtilitatem
1161 1772 1358 1826 occulti
1386 1769 1649 1824 examinis
1679 1784 1759 1823 re-

1854 592 2111 657 cidimus,
2158 606 2280 646 cum
2328 591 2715 658 distinguentes
2760 592 3027 648 subtiliter
3064 594 3182 663 ejus
3212 594 3434 660 intima,

1852 681 2297 748 membratimque
2343 680 2657 747 cogitamus.
2708 679 3014 733 Curandum
3044 696 3175 749 ergo
3224 689 3338 745 est,
3369 698 3439 735 ne

1853 786 1985 825 cum.
2005 771 2143 824 mala
2173 769 2434 825 vincimus
2456 808 2471 833 ,
2505 769 2658 822 bonis
2685 768 3087 824 lascivientibus
3122 773 3433 841 supplante-

1854 876 2001 925 mur;
2040 874 2107 913 ne
2137 859 2366 913 fortasse
2397 856 2535 911 ﬂuxa
2568 859 2861 928 prodeant,
2895 875 2962 913 ne
2991 860 3435 929 incircumspecta

1853 950 2133 1017 capiantur
2153 989 2168 1014 ,
2206 963 2275 1000 ne
2304 962 2400 1017 per
2428 962 2667 1001 errorem
2688 989 2702 1014 ,
2742 949 2882 1001 viam
2911 948 3193 1011 deserant,
3235 964 3302 1003 ne
3343 964 3437 1018 per

1853 1038 2218 1092 lassitudinem
2241 1036 2429 1098 fracta,
2446 1040 2676 1092 anteacti
2702 1039 2899 1091 laboris
2922 1040 3169 1093 meritum
3187 1039 3435 1108 perdant.

1852 1131 1907 1184 In
1940 1132 2147 1187 cunctis
2176 1132 2318 1184 enim
2348 1131 2628 1196 vigilanter
2657 1128 2816 1184 debet
2842 1147 2900 1185 se
2934 1148 3087 1185 mens
3116 1132 3434 1200 circumspi-

1852 1234 1994 1284 cere,
2026 1227 2187 1286 atque
2214 1219 2266 1272 in
2297 1219 2409 1287 ipsa
2440 1220 2937 1287 circumspectionis
2966 1222 3076 1290 38
3110 1237 3219 1275 sua:
3250 1223 3436 1289 provi-

1854 1309 2033 1364 dentia
2064 1324 2428 1378 perseverare.
2461 1306 2612 1361 Unde
2640 1317 2695 1362 et
2725 1318 2872 1361 recte
2909 1310 3291 1377 subiungitur:

2222 1398 2448 1456 CAPUT
2485 1399 2723 1453 XXXVII
2752 1398 2899 1473 [Rea
2929 1399 3076 1463 XXI.

1924 1494 2051 1550 lam.
2083 1527 2153 1537 —
2184 1493 2273 1549 Sic
2302 1494 2525 1566 faciebat
2550 1494 2649 1548 Job
2680 1497 2874 1548 cunctis
2901 1494 3077 1548 diebus
3103 1505 3148 1548 ε.

1929 1588 2017 1643 35.
2050 1588 2455 1643 Perseverantia
2500 1586 2820 1641 necessaria.
2846 1617 2917 1627 —
2939 1584 3212 1642 Incassum
3239 1584 3437 1655 quippe

1857 1681 2055 1733 bonum
2087 1680 2260 1749 agitur
2284 1678 2385 1747 (De
2404 1679 2609 1746 paenit.,
2633 1676 2756 1731 dist.
2782 1677 2832 1742 5,
2866 1693 2984 1729 can.
3012 1675 3100 1742 l7,
3130 1679 3437 1744 incassum),

1857 1776 1901 1830 si
1931 1784 2057 1829 ante
2089 1781 2374 1829 terminum
2420 1775 2543 1827 vita:
2595 1772 2902 1839 deseratur;
2957 1772 3082 1841 quia
3136 1780 3192 1826 et
3244 1771 3437 1825 frustra

169 1878 385 1917 vocare.
418 1862 483 1916 Et
515 1864 837 1930 notandum,
870 1863 1013 1933 quod
1042 1863 1108 1915 de
1147 1862 1340 1917 eodem
1372 1861 1593 1930 pulvere
1618 1860 1753 1914 dici-
1790 1875 1827 1931 ῃ
1861 1868 2118 1922 velociter
2171 1866 2371 1935 currit,
2414 1866 2504 1937 qui
2543 1867 2689 1936 prius
2731 1881 2891 1935 quam
2932 1866 2998 1919 ad
3042 1875 3215 1921 metas
3260 1867 3439 1921 veniat

167 1964 251 2007 tur
275 1972 289 2006 :
318 1953 491 2007 Pones
531 1971 596 2008 ex
625 1970 684 2007 eo
712 1971 887 2008 coram
917 1955 1195 2007 testimonii
1229 1952 1556 2007 tabernaculo
1580 1970 1596 2017 ;
1627 1953 1751 2021 quia

169 2055 295 2098 tunc
346 2044 595 2098 nimirum
646 2044 786 2097 bona
835 2052 1019 2098 nostra
1069 2044 1335 2098 veraciter
1364 2043 1415 2096 in
1459 2052 1751 2110 conspectu

164 2134 358 2206 indicis
387 2135 618 2204 placent,
652 2151 775 2190 cum
804 2135 917 2190 haec
944 2150 1095 2190 mens
1123 2135 1368 2189 subtilius
1407 2132 1755 2201 recogitando

170 2225 420 2289 conterit,
448 2232 502 2279 et
523 2227 675 2294 quasi
704 2226 770 2280 de
796 2226 1126 2280 aromatibus
1148 2225 1424 2294 pulverem
1451 2224 1658 2288 reddit;
1689 2236 1756 2275 ne

170 2315 269 2385 37
303 2331 552 2384 gressum
580 2318 879 2387 durumque
899 2318 969 2371 sit
990 2318 1190 2371 bonum
1214 2316 1356 2387 quod
1388 2317 1592 2386 agitur;
1624 2330 1691 2369 ne
1710 2314 1755 2368 si

170 2408 271 2461 hoc
303 2417 454 2464 arcta
482 2410 881 2464 retractationis
907 2424 1097 2463 manus
1121 2425 1228 2463 non
1254 2409 1599 2471 comminuat,
1625 2406 1757 2461 odo-

170 2514 281 2554 rem
307 2498 380 2553 de
400 2516 458 2555 se
483 2501 732 2556 subtilius
761 2518 866 2556 non
891 2511 1157 2572 aspergat.
1185 2501 1321 2557 Hinc
1342 2512 1425 2559 est
1445 2502 1585 2557 enim
1615 2498 1757 2571 quod

169 2606 386 2659 sponsa:
412 2593 580 2646 virtus
602 2634 617 2658 ,
665 2594 847 2661 sponsi
877 2608 1010 2648 voce
1040 2594 1287 2647 laudatur
1311 2635 1325 2660 ,
1372 2608 1493 2649 cum
1523 2592 1755 2646 dicitur:

170 2680 303 2746 Quae
331 2692 411 2737 est
439 2685 567 2746 ista,
600 2700 713 2754 qua:
742 2685 973 2738 ascendit
997 2702 1087 2755 per
1108 2684 1382 2749 desertum,
1407 2685 1539 2737 sicut
1564 2683 1760 2755 virgula

172 2775 305 2843 fumi
334 2791 402 2827 ea:
429 2775 746 2829 aromatibus
772 2775 998 2846 myrrha:
1024 2783 1071 2829 et
1101 2775 1285 2839 thuris,
1317 2783 1366 2827 et
1389 2775 1613 2827 universi
1641 2772 1760 2842 pul—

171 2866 301 2919 veris
330 2866 662 2935 pigmentarii
692 2864 868 2934 (Cant.
902 2881 980 2933 ιιι,
1010 2863 1101 2935 6)?
1130 2864 1326 2919 Sancta
1356 2878 1555 2933 quippe
1580 2860 1763 2916 Eccle-

171 2957 247 3011 sia
290 2958 438 3012 sicut
475 2957 603 3012 fumi
647 2957 849 3025 virgula
877 2972 945 3011 ex
974 2956 1303 3010 aromatibus
1332 2953 1607 3018 ascendit;
1638 2952 1763 3020 quia

170 3061 239 3101 ex
285 3048 415 3101 vitae
456 3062 567 3101 suae
608 3047 890 3102 virtutibus
936 3047 991 3101 in
1041 3046 1235 3100 interni
1284 3045 1524 3113 quotidie
1562 3044 1765 3098 incensi

174 3139 561 3194 rectitudinem
590 3140 819 3209 prolicit,
851 3155 951 3197 nec
977 3155 1160 3208 sparsa
1184 3156 1281 3209 per
1298 3138 1656 3207 cogitationes
1681 3138 1766 3190 dc-

1854 1955 2052 2014 delicit.
2082 1957 2218 2012 Hinc
2255 1966 2339 2011 est
2364 1959 2506 2012 enim
2533 1957 2676 2026 quod
2704 1958 2772 2012 de
2797 1957 3041 2027 reprobis
3069 1958 3264 2012 dicitur
3295 1974 3308 2009 :
3349 1957 3437 2010 l'a:

1855 2052 1932 2105 Iris
1961 2048 2047 2122 qui
2091 2050 2421 2121 perdiderunt
2447 2050 2807 2104 sustinentium
2851 2049 3039 2121 (Eccli.
3073 2068 3128 2113 ιι,
3158 2049 3267 2120 16).
3302 2049 3439 2105 Hinc

1855 2141 2043 2196 electis
2071 2142 2181 2195 suis
2223 2141 2433 2195 Veritas
2465 2141 2595 2195 dicit
2624 2161 2636 2195 :
2683 2141 2784 2195 Vos
2810 2141 2931 2196 estis
2960 2144 3045 2213 qui
3075 2142 3439 2211 permansistis

1856 2247 2050 2284 mecum
2081 2231 2134 2284 in
2160 2229 2520 2284 tentationibus
2547 2232 2672 2285 meis
2704 2229 2853 2299 (Luc.
2885 2247 3015 2294 χιιι,
3045 2230 3159 2300 28).
3189 2229 3324 2284 Hinc
3349 2228 3441 2283 Jo-

1856 2322 2011 2391 seph,
2032 2321 2124 2389 qui
2154 2322 2294 2374 inter
2316 2320 2505 2378 fratres
2523 2337 2690 2390 usque
2716 2322 2783 2374 ad
2816 2321 2973 2374 linem
2990 2321 3164 2389 justus
3192 2336 3442 2390 perseve-

1858 2426 2005 2467 rasse
2050 2410 2392 2476 describitur,
2443 2412 2591 2467 solus
2648 2411 2870 2467 talarem
2912 2412 3147 2466 tunicam
3191 2411 3444 2468 habuisse

1861 2502 2158 2571 perhibitur
2187 2499 2398 2572 (Cenes.
2432 2518 2632 2567 xxxvtt,
2665 2502 2751 2566 24,
2781 2520 2881 2558 sec.
2913 2501 3109 2571 LXX).
3154 2502 3285 2557 Nam
3316 2504 3445 2574 quid

1860 2603 1943 2647 est
1965 2593 2144 2647 talaris
2162 2594 2362 2658 tunica,
2389 2592 2489 2648 nisi
2512 2594 2653 2648 actio
2674 2596 3077 2649 consummata?
3109 2593 3271 2661 Quasi
3302 2596 3446 2649 enim

1863 2682 1885 2720 ἀ
1910 2692 2161 2754 protensa
2182 2685 2361 2739 tunica
2382 2685 2546 2739 talum
2568 2688 2807 2754 corporis
2821 2689 3015 2756 operit,
3040 2702 3161 2741 cum
3190 2688 3329 2742 bona
3356 2702 3446 2740 ac—

1865 2775 1940 2828 tio
1969 2782 2095 2828 ante
2117 2773 2213 2829 Dei
2254 2775 2439 2829 oculos
2470 2791 2637 2845 usque
2676 2778 2740 2830 ad
2769 2778 2892 2831 vitae
2921 2793 3019 2831 nos
3047 2779 3333 2832 terminum
3362 2786 3447 2830 te-

1864 2867 1959 2934 git.
1990 2865 2126 2921 Hinc
2153 2866 2397 2935 estquod
2413 2882 2507 2936 per
2523 2866 2741 2939 Moysen
2765 2868 2989 2923 caudam
3007 2867 3194 2921 hostiae
3216 2867 3267 2920 in
3291 2866 3447 2920 altari

1867 2957 2061 3013 offerre
2086 2958 2393 3029 prtecipitur
2423 2955 2621 3028 (Exod.
2666 2974 2815 3023 XXIX,
2843 2957 2942 3023 22;
2973 2956 3136 3021 Levit.
3164 2974 3240 3023 ut,
3273 2956 3360 3028 9);
3392 2962 3452 3013 ut

1867 3048 2121 3103 videlicet
2149 3063 2310 3102 omne
2335 3047 2536 3103 bonum
2563 3048 2704 3117 quod
2735 3049 3038 3119 incipimus,
3065 3049 3226 3102 etiam
3262 3063 3451 3118 perse-

1869 3140 2078 3193 veranti
2110 3140 2213 3193 line
2241 3140 2627 3209 compleamus.
2676 3140 2819 3195 Bene
2848 3141 3007 3209 igitur
3031 3149 3207 3211 empta
3245 3140 3453 3195 cunctis

175 3227 316 3296 ﬂuit,
373 3231 467 3287 sed
513 3247 632 3288 sese
676 3233 814 3287 intra
860 3248 1053 3287 arcana
1086 3232 1264 3287 cordis
1311 3231 1361 3284 in
1402 3229 1592 3297 rigoris
1620 3228 1764 3296 virga
1798 3249 1841 3307 ρ
1871 3229 2057 3283 diebus
2085 3230 2289 3297 agenda
2319 3239 2472 3295 sunt;
2502 3240 2562 3284 ut
2582 3246 2702 3285 cum
2732 3230 2933 3285 malum
2960 3231 3247 3302 pugnando
3276 3231 3454 3300 repel-

174 3322 516 3390 constringit.
550 3322 682 3389 Quae
708 3338 772 3376 ea
800 3337 920 3391 quae
949 3323 1089 3391 agit,
1122 3322 1245 3376 dum
1278 3321 1579 3388 recogitare
1623 3334 1767 3373 sem-

175 3425 275 3482 per
304 3426 376 3465 ac
402 3421 699 3468 retractare
725 3429 831 3468 non
878 3413 1114 3477 desinit,
1152 3412 1425 3483 myrrham
1468 3409 1687 3478 quidem
1716 3419 1772 3462 et

178 3504 303 3557 thus
346 3503 510 3559 habet
541 3505 591 3558 in
624 3521 820 3575 opere,
867 3505 959 3561 sed
1000 3504 1273 3576 pulverem
1318 3503 1371 3556 in
1418 3502 1767 3570 cogitatione.

177 3591 315 3648 llinc
342 3602 449 3659 est,
476 3595 619 3663 quod
644 3594 711 3650 de
741 3595 1073 3651 oblatoribus
1102 3594 1289 3649 hostia:
1319 3593 1387 3647 ad
1416 3591 1634 3661 Moysen
1668 3592 1770 3643 ite-

176 3700 299 3740 rum
344 3686 542 3740 dicitur
568 3704 580 3738 :
606 3686 854 3740 Detracta
899 3687 1027 3757 pelle
1075 3687 1275 3750 hostiw,
1315 3693 1457 3737 artus
1502 3685 1555 3736 in
1607 3685 1771 3753 frusta

179 3777 468 3830 concidant
490 3776 674 3836 (Leuit.
708 3794 746 3845 ι,
773 3778 850 3847 6).
877 3777 1021 3850 [νει.
1052 3776 1167 3848 ξιιμ]
1199 3776 1401 3831 Pellem
1424 3789 1653 3843 namque
1684 3773 1775 3826 ho-

178 3867 297 3922 Stize
327 3868 717 3925 subtrahimus.
747 3885 867 3922 cum
890 3885 920 3921 a
945 3868 1138 3921 mentis
1166 3875 1361 3920 nostrae
1389 3866 1558 3919 oculis
1586 3878 1773 3917 super-

255 4008 280 4034 δ
327 3997 474 4071 Hum,
505 4000 717 4071 aequalis
748 3998 989 4069 ponderis
1027 4004 1173 4051 erunt
1202 3995 1405 4058 omnia,
1444 3994 1495 4048 in
1527 3994 1600 4063 pl.
1644 3992 1771 4046 Mss.

180 4082 294 4122 non
330 4070 615 4124 habentur.

256 4139 283 4217 Ρ
326 4138 693 4217 Msa-Anglic.
726 4146 781 4217 et
809 4138 998 4217 nostri,
1021 4145 1269 4217 “excepto
1299 4145 1476 4190 tamen
1505 4134 1689 4196 Corb.,
1722 4134 1777 4185 in

181 4207 296 4275 pila
327 4210 523 4263 cordis.
558 4210 632 4263 ita
670 4210 831 4262 etiam
862 4210 989 4276 legit
1018 4207 1281 4262 Paterius.

264 4290 286 4316 ο
313 4277 370 4333 In
395 4281 621 4347 vulgatis
643 4279 859 4334 additur
884 4274 1002 4333 vita:
1021 4295 1147 4333 sine.
1175 4276 1303 4344 Quae
1330 4277 1493 4331 verba
1527 4274 1777 4329 nesciunt

1872 3320 2020 3385 litur,
2053 3320 2165 3386 ipsa
2193 3320 2320 3375 boni
2348 3320 2572 3375 victoria
2601 3321 2916 3375 constantize
2943 3336 3104 3376 manu
3130 3329 3394 3376 teneatur.

1946 3407 2034 3462 56.
2065 3407 2187 3464 Haec
2216 3409 2397 3477 itaque
2424 3410 2524 3463 sub
2562 3409 2838 3465 intellectu
2877 3411 3071 3481 triplici
3105 3411 3357 3477 diximus,
3398 3419 3458 3466 ut

1874 3497 2162 3552 fastidienti
2182 3500 2372 3552 animm
2393 3499 2537 3552 varia
2556 3498 2808 3554 alimenta
2832 3510 3212 3568 proponentes,
3236 3499 3457 3569 aliquid,

1875 3587 2019 3656 quod
2044 3587 2291 3655 eligendo
2320 3594 2514 3651 sumat,
2546 3587 2853 3643 offeramus.
2877 3588 2994 3645 Hoc
3026 3599 3200 3644 tamen
3233 3603 3460 3658 magno-

1878 3692 2007 3746 pere
2054 3677 2302 3745 petimus,
2354 3685 2414 3731 ut
2461 3677 2553 3747 qui
2598 3678 2665 3731 ad
2710 3678 3008 3747 spiritalem
3056 3678 3459 3747 intelligentiam

1878 3774 2110 3819 mentem
2140 3767 2413 3829 sublevat,
2452 3782 2483 3821 a
2521 3768 2868 3821 veneratione
2908 3772 2931 3798 ⁸
2961 3768 3201 3822 historize
3236 3783 3345 3823 non
3376 3782 3461 3822 re-

1878 3857 2053 3911 cedat.
2099 3861 2119 3883 '

1880 3988 2007 4044 Mss.
2039 3989 2191 4044 Colb.
2220 4031 2235 4054 ,
2267 3990 2418 4043 Rern.
2448 4027 2463 4054 ,
2512 3990 2719 4060 Rentig.
2748 4032 2761 4055 ,
2797 3991 3092 4060 Compend.
3118 4030 3134 4053 ,
3192 3991 3376 4047 Germ.
3406 4000 3458 4049 ct

1880 4060 2008 4132 alii;
2044 4075 2217 4132 neque
2248 4060 2408 4132 etiam
2446 4061 2691 4132 superius
2721 4061 2987 4115 habentur
3039 4062 3095 4116 in
3132 4077 3321 4132 expos.
3348 4062 3460 4116 sive

1882 4129 2142 4198 historici,
2175 4130 2287 4198 sive
2317 4129 2592 4198 allegorici
2618 4146 2825 4185 sensus.

1951 4197 1976 4235 ἀ
2002 4196 2284 4272 antiquior
2306 4196 2461 4254 Rem“.
2489 4203 2595 4272 et_l
2633 4200 2838 4269 Remig.
2855 4216 2976 4255 cum
3005 4200 3165 4255 Corb.
3184 4216 3441 4272 propensa

1956 4280 1979 4307 ο
2006 4268 2063 4323 1η
2079 4269 2102 4321 1
2121 4269 2353 4335 Remig..
2373 4270 2607 4325 secunda
2620 4268 2805 4333 manu.
2816 4288 2848 4325 a
2867 4287 2988 4324 vera
3001 4268 3202 4325 ratione
3214 4268 3461 4325 historia.

184 4412 3463 4438 NW

1298 4509 1646 4591 LIBER
1700 4505 2356 4591 SECUNDUS.

276 4674 522 4749 Capitis
558 4675 815 4751 primia
856 4690 1040 4735 versu
1081 4681 1256 4733 sexto
1309 4670 1390 4731 ad
1444 4673 1624 4749 ﬁnem
1658 4683 1888 4803 usqu?
1943 4661 2275 4721 secundum
2327 4661 2641 4739 triplicem
2695 4682 2938 4723 sensum
2986 4664 3391 4742 prosequitur

1592 4762 1817 4803 enarra
1852 4760 2072 4803 tonum.

1592 4760 2072 4806 enarrationem.

713 4935 941 4991 CAPUT
980 4934 1269 4992 PRIMUM.

263 5030 321 5085 1.
370 5029 431 5085 S.
482 5030 740 5100 scriptura
790 5027 1067 5097 Speculum
1101 5037 1200 5083 est.
1224 5059 1292 5070 —
1317 5014 1592 5098 Scriptura
1623 5038 1777 5080 sacra

183 5120 395 5175 mentis
437 5121 607 5175 oculis
654 5119 806 5189 quasi
860 5118 1128 5189 quoddam
1167 5120 1441 5190 speculum
1489 5117 1782 5189 opponitur

184 5211 353 5277 (Vid.
387 5213 602 5282 August.
633 5212 685 5266 in
719 5210 865 5265 Psal.
896 5225 1016 5274 cut,
1048 5227 1149 5264 ser.
1185 5212 1238 5280 l,
1270 5229 1325 5265 η.
1355 5212 1432 5280 4),
1463 5218 1523 5264 ut
1571 5209 1778 5263 interna

183 5309 385 5355 nostra
417 5300 579 5355 facies
606 5303 657 5355 in
690 5302 804 5371 ipsa
834 5304 1097 5359 videatur.
1141 5302 1214 5356 lbi
1252 5302 1450 5356 etenim
1500 5298 1659 5361 fteda,
1705 5297 1779 5351 ibi

186 5390 426 5459 pulchra
457 5401 639 5445 nostra
669 5394 1061 5462 cognoscimus.
1103 5393 1177 5447 lbi
1221 5392 1499 5456 sentimus,
1524 5400 1785 5458 quantum

183 5479 535 5551 proﬁcimus,
558 5483 631 5538 ibi
653 5498 683 5538 a
711 5493 969 5554 provectu
993 5500 1152 5555 quam
1174 5484 1331 5552 longe
1357 5482 1632 5536 distamus.
1656 5479 1790 5533 Nar-

184 5580 282 5626 rat
311 5580 497 5628 autem
524 5582 672 5643 gesta
702 5584 727 5613 ·
755 5583 1083 5643 sanctorum,
1110 5583 1167 5629 et
1194 5574 1260 5630 ad
1287 5573 1640 5628 imitationem
1667 5587 1788 5626 cor-

270 5711 302 5741 ι
339 5702 470 5776 Rem
496 5713 555 5776 et
584 5705 826 5773 plurimi,
871 5714 1011 5776 gesta
1051 5707 1276 5776 fortium.
1330 5702 1504 5772 Aliqui
1556 5701 1783 5776 addunt.

187 5781 356 5842 gesta
384 5775 591 5845 fortium
611 5776 841 5831 heroum.
866 5774 1115 5832 Nonnulli
1143 5776 1345 5832 habent
1370 5783 1512 5848 gesta
1541 5774 1781 5829 virorum.

498 5868 769 5929 Pnnon.
814 5867 1072 5930 LXXV.

1887 4922 1953 4977 da
1977 4933 2235 4993 provocat
2284 4926 2641 4982 inﬁrmorum.
2683 4926 2929 4998 Dumque
2974 4927 3188 4984 illorum
3237 4929 3474 4987 victricia

1886 5013 2024 5071 facta
2046 5025 2466 5085 commemorat,
2501 5027 2692 5073 contra
2722 5020 2971 5075 vitiorum
3017 5021 3235 5089 praelia,
3279 5022 3475 5078 debilia

1889 5118 2070 5165 nostra
2121 5110 2435 5175 confirmat;
2478 5110 2645 5180 fitque
2693 5110 2874 5165 verbis
2920 5110 3093 5178 illius,
3145 5122 3204 5167 ut
3228 5127 3294 5168 eo
3322 5130 3476 5170 mens

1889 5201 2066 5255 minus
2093 5201 2236 5256 inter
2256 5201 2552 5257 certamina
2591 5200 2844 5270 trepidet,
2880 5216 2991 5270 quo
3030 5211 3158 5257 ante
3181 5219 3241 5259 se
3271 5208 3479 5273 positos

1889 5303 1971 5347 tot
1990 5296 2227 5349 virorum
2276 5291 2494 5348 fortium
2541 5293 2844 5363 triumphos
2884 5292 3049 5348 videt.
3078 5293 3473 5363 Nonnunquam

1895 5400 2023 5438 vero
2066 5400 2172 5437 non
2213 5383 2385 5440 solum
2434 5383 2587 5438 nobis
2632 5397 2818 5437 eorum
2864 5383 3089 5438 virtutes
3130 5383 3340 5451 asserit,
3380 5389 3479 5443 sed

1893 5478 2056 5531 etiam
2076 5490 2234 5532 casus
2263 5478 2581 5542 innotescit;
2611 5485 2669 5530 ut
2690 5484 2743 5529 et
2769 5475 2821 5529 in
2846 5476 3070 5531 victoria
3092 5475 3313 5532 fortium
3337 5479 3480 5547 quod

1894 5569 2155 5624 imitando
2183 5570 2453 5640 arripere,
2496 5580 2553 5625 et
2581 5584 2791 5624 rursum
2836 5567 3114 5625 videamus
3144 5568 3204 5627 in
3245 5572 3481 5642 lapsibus

1892 5701 2079 5777 Cmb.,
2110 5718 2139 5777 ξι
2178 5702 2411 5777 secunda
2436 5714 2639 5777 _manu,
2668 5713 2985 5772 sanctorum,
3016 5719 3048 5761 a
3073 5707 3241 5777 prima
3269 5722 3477 5771 eorum;

1889 5774 2033 5842 quod
2053 5773 2213 5828 etiam
2242 5772 2401 5826 habet
2426 5773 2610 5829 Germ.

2881 5862 2955 5921 18
