3976 6294
534 266 638 321 555

1692 258 1927 316 SANCTI
1967 258 2293 317 GREGORII
2333 263 2544 321 MAGNI

3706 290 3815 347 5ΐῦ

530 381 677 453 quod
698 380 990 438 debeamus
1004 379 1219 434 timere.
1235 375 1372 431 Ecce
1384 374 1641 431 enimJob
1655 376 1975 433 describitur
1997 391 2114 433 ten-
2143 383 2195 440 Α
2226 390 2484 439 moratur.
2518 384 2651 443 Hinc
2672 397 2753 445 est
2778 393 2922 461 quod
2946 394 3226 465 Salomon,
3246 400 3336 469 qui
3360 402 3681 465 sapientiam
3703 423 3815 463 non

532 476 739 530 tatione
768 482 987 537 auctus,
1038 471 1131 527 sed
1177 469 1341 523 David
1373 469 1671 523 tentatione
1699 478 2032 532 prostratus;
2065 480 2120 524 ut

532 576 591 623 et
616 566 878 635 majorum
912 564 1079 618 virtus
1101 577 1251 631 spem
1278 569 1513 614 nostram
1541 562 1743 625 foveat,
1775 571 1829 615 et
1856 564 2120 630 majorum

532 674 689 714 casus
715 657 781 710 ad
808 655 1067 710 cautelam
1091 668 1188 705 nos
1215 651 1535 707 humilitatis
1558 653 1831 721 accingat;
1860 664 2121 722 quatenus

531 749 659 804 dum
707 746 798 799 illa
846 741 1141 811 gaudentes
1168 742 1469 809 sublevant,
1516 743 1614 796 ista
1654 751 1954 799 metuentes
1997 759 2124 814 pre-

536 846 714 901 mant;
747 844 801 887 et
847 833 1113 888 audientis
1153 832 1363 886 animus
1402 833 1547 888 illinc
1592 833 1705 902 spei
1739 832 1953 900 ﬁducia,
1997 835 2123 889 hinc

531 927 831 980 humilitate
862 923 1069 979 timoris
1085 923 1347 989 eruditus,
1373 938 1472 977 nec
1494 923 1795 977 temeritate
1822 924 2120 993 superbiat,

528 1019 652 1087 quia
683 1016 967 1072 lormidine
984 1016 1265 1087 premitur,
1287 1031 1385 1072 nec
1403 1032 1621 1087 pressus
1637 1018 1829 1071 timore
1851 1017 2120 1086 desperet,

528 1110 657 1176 quia
692 1109 758 1162 ad
789 1109 905 1177 spei
940 1106 1195 1162 ﬁduciam
1223 1110 1435 1166 virtutis
1462 1112 1713 1182 exemplo
1742 1112 2046 1168 roboratur.

1165 1200 1395 1255 CAPUT
1435 1201 1499 1256 11.

607 1293 767 1348 Vens.
799 1293 850 1347 6.
882 1326 957 1336 -
985 1295 1223 1357 Quadam
1252 1296 1335 1348 die
1364 1310 1479 1347 cum
1504 1297 1759 1348 venissent
1787 1294 1886 1364 filii
1917 1292 2034 1357 Dei,
2064 1304 2120 1346 ut

531 1389 831 1440 assisterent
849 1404 1023 1440 coram
1043 1385 1285 1459 Domino,
1306 1386 1476 1457 adfuit
1498 1388 1632 1440 inter
1653 1404 1739 1442 eos
1758 1388 1914 1441 etiam
1929 1386 2118 1440 Satan.

599 1476 654 1529 2.
696 1474 1013 1530 HISTORICUS
1051 1492 1258 1535 sensus.
1286 1475 1452 1539 Quam
1489 1488 1733 1530 accurate
1761 1476 1823 1532 S.
1848 1477 2122 1547 Scriptura

536 1572 677 1637 facta
708 1566 985 1619 describat.
1010 1597 1081 1606 —
1112 1565 1312 1621 Intueri
1354 1568 1483 1622 libet
1514 1567 1785 1636 quomodo
1814 1582 1968 1622 sacra
2009 1567 2121 1621 elo-

534 1662 657 1730 quia
686 1661 742 1715 in
771 1660 1006 1715 exordiis
1043 1661 1413 1716 narrationum
1454 1663 1740 1732 qualitates
1790 1660 2117 1731 exprimant,

2228 486 2666 540 perseveraturus
2695 485 2924 552 accepit,
2959 487 3009 538 in
3038 490 3242 545 somnis
3260 493 3409 551 .hanc
3447 502 3505 548 et
3530 505 3689 549 nocte
3713 511 3815 551 ac-

2225 565 2433 635 cepisse
2453 568 2772 627 describitur
2817 574 2938 644 (Ill
2972 576 3102 649 Reg.
3135 596 3209 644 ill,
3241 581 3351 653 11).
3396 583 3535 640 Hinc
3558 589 3813 655 estquod

2226 658 2400 724 angeli
2428 661 2493 712 ad
2521 661 2789 717 Abraham
2830 668 3053 722 meridie
3084 670 3329 737 veniunt;
3362 674 3600 741 punituri
3629 685 3813 731 autem

2224 745 2534 816 Sodomam,
2558 754 2622 807 ad
2646 768 2764 808 eam
2792 772 3014 825 vespere
3034 761 3244 816 venisse
3265 775 3634 820 memorantur
3657 767 3814 833 (Gen.

2224 851 2373 905 xvm,
2417 840 2468 904 l,
2500 841 2566 906 2;
2593 860 2703 906 XIX,
2728 845 2802 912 l).
2836 846 2968 912 Quia
3000 850 3160 917 igitur
3188 852 3333 907 beati
3359 853 3461 909 Job
3490 860 3716 912 tentatio
3738 862 3814 915 ad

2223 931 2504 987 vietoriam
2534 935 2844 1004 deducitur,
2895 954 2925 994 a
2972 942 3060 997 die
3095 953 3270 1014 empta
3310 948 3649 1016 perhibetur,
3679 968 3809 1005 cum

2223 1019 2416 1075 dicitur
2441 1040 2453 1076 :

2852 1120 3080 1177 CAPUT
3118 1123 3204 1178 Ill.

2293 1203 2418 1258 leto.
2450 1240 2520 1248 —
2550 1205 2789 1271 Quadam
2819 1213 2923 1280 die,
2954 1230 3067 1268 cum
3098 1219 3352 1271 venissent
3378 1220 3479 1286 filii
3512 1219 3626 1286 Dei,
3653 1234 3707 1276 ut
3727 1243 3817 1279 as-

2224 1295 2462 1351 sisterent
2485 1315 2657 1353 coram
2684 1301 2924 1370 Domino,
2957 1307 3124 1377 adfuit
3153 1318 3287 1362 mter
3311 1328 3399 1364 eos
3423 1315 3580 1365 etiam
3621 1314 3813 1369 Satan.

2296 1387 2348 1440 5.
2392 1387 2660 1450 Quomodo
2705 1394 2888 1464 Angeli
2925 1395 3035 1451 Deo
3065 1400 3276 1464 adsunt,
3307 1404 3462 1456 etiam
3491 1406 3545 1458 in
3580 1408 3816 1462 ministe-

2223 1478 2357 1531 rium
2386 1481 2548 1534 missi.
2585 1481 2806 1546 Quanta:
2831 1486 3130 1544 subtilitatis
3154 1492 3255 1544 sint
3278 1496 3472 1562 angeli.
3502 1527 3573 1538 —
3596 1496 3696 1561 Qui
3724 1515 3819 1553 au-

2224 1577 2331 1623 tem
2359 1571 2452 1626 Dei
2482 1574 2592 1638 ﬁlii,
2623 1576 2724 1630 nisi
2755 1577 2911 1633 electi
2950 1583 3125 1649 angeli
3163 1589 3464 1641 vocantur?
3508 1588 3585 1643 De
3614 1592 3812 1660 quibus

2223 1674 2345 1712 cum
2373 1672 2604 1729 constet,
2641 1669 2784 1733 quod
2822 1671 3101 1727 obtutibus
3147 1675 3446 1743 majestatis
3494 1679 3812 1744 inserviant,

534 1749 895 1818 terminosque
923 1765 1223 1806 causarum.
1273 1752 1570 1827 Aliquando
1620 1768 1851 1822 namque
1899 1768 1928 1806 a
1967 1752 2115 1820 posi-
2147 1749 2191 1808 Β
2222 1753 2377 1809 valde
2402 1759 2747 1824 qumrendum
2780 1772 2864 1817 est
2888 1764 3031 1819 unde
3058 1768 3297 1833 veniant,
3328 1778 3384 1821 ut
3411 1786 3595 1825 coram
3629 1773 3813 1828 Domi-

528 1839 682 1893 tione
711 1838 837 1905 loci,
870 1839 1157 1908 aliquando
1188 1856 1217 1894 a
1249 1841 1516 1910 positione
1538 1844 1802 1912 corporis,
1825 1842 2115 1910 aliquando

530 1946 559 1983 a
590 1930 851 1999 qualitate
880 1931 1042 1997 aeris,
1087 1932 1374 2001 aliquando
1403 1948 1434 1987 a
1456 1933 1718 2001 qualitate
1748 1933 2004 2002 temporis
2038 1933 2114 1988 si-

528 2029 718 2086 gnant,
737 2020 862 2088 quid
885 2021 953 2074 de
972 2028 1195 2074 ventura
1220 2020 1433 2075 actione
1451 2021 1755 2089 subjiciam.
1783 2021 1825 2074 A
1849 2022 2118 2092 positione

528 2113 729 2181 quippe
758 2112 995 2166 locorum
1013 2111 1191 2166 divina
1216 2111 1491 2181 Scriptura
1519 2114 1771 2182 exprimit
1789 2114 2117 2183 subsequen-

524 2204 667 2258 tium
697 2205 888 2258 merita
922 2203 1160 2272 ﬁnesque
1186 2220 1491 2271 causarum,
1515 2206 1654 2259 sicut
1682 2206 1749 2259 de
1788 2206 1949 2260 Israel
1988 2207 2117 2262 dicit

531 2295 659 2364 quia
690 2296 854 2350 verba
885 2295 981 2350 Dei
1013 2296 1065 2349 in
1096 2304 1281 2352 monte
1308 2296 1493 2352 audire
1514 2313 1621 2352 non
1651 2299 1843 2367 potuit,
1867 2300 1959 2353 sed
1978 2315 2115 2369 pra:-

531 2392 691 2455 cepta
725 2385 778 2439 in
808 2385 1199 2454 campestribus
1226 2388 1475 2456 accepit:
1516 2388 1931 2457 subsequentem
1958 2391 2117 2445 nimi-

528 2491 649 2529 rum
678 2474 1046 2530 inﬁrmitatem
1073 2476 1254 2546 populi
1285 2462 1546 2544 indicans,
1590 2479 1680 2549 qui
1710 2479 2003 2534 ascendere
2048 2481 2116 2535 ad

432 2606 435 2609 λ
527 2583 734 2622 summa
762 2583 868 2623 non
899 2568 1085 2635 valuit,
1119 2570 1212 2624 sed
1248 2571 1595 2640 semetipsum
1619 2572 1673 2624 in
1705 2571 1901 2627 intimis
1929 2572 2114 2638 negle-

527 2669 612 2715 cte
656 2660 884 2715 vivendo
914 2659 1135 2716 laxavit.
1165 2663 1211 2714 A
1246 2662 1515 2730 positione
1540 2663 1783 2731 corporis
1814 2663 1991 2718 lutura
2018 2664 2115 2719 de-

525 2751 764 2815 nuntiat,
814 2750 955 2805 sicut
1002 2750 1056 2803 in
1108 2751 1477 2819 apostolorum
1537 2752 1760 2807 Actibus
1812 2750 2116 2821 Stephanus

514 2838 736 2907 ’Jesuut,
783 2841 875 2910 qui
918 2856 949 2894 a
995 2841 1201 2896 dextris
1228 2842 1439 2897 virtutis
1466 2842 1562 2896 Dei
1591 2843 1765 2910 sedet,
1796 2851 2029 2898 stantem
2057 2858 2117 2898 se

510 2933 723 2990 vidisse
766 2935 1074 2989 manifestat
1123 2934 1259 3005 (Act.
1302 2949 1393 3000 vn,
1442 2932 1532 2999 55,
1583 2934 1694 3005 56).
1736 2935 1893 2990 Stare
1918 2936 2116 3005 quippe

527 3022 832 3094 adjuvantis
874 3033 977 3079 est.
1019 3023 1088 3078 Et
1125 3034 1274 3080 recte
1311 3033 1459 3079 stare
1486 3025 1743 3091 cernitur,
1776 3025 1865 3091 qui
1892 3025 1942 3078 in
1971 3025 2112 3080 bello

2217 1860 2290 1898 no
2318 1848 2589 1903 assistant.
2622 1851 2696 1905 De
2726 1852 2808 1907 his
2845 1855 3044 1925 quippe
3085 1874 3220 1913 voce
3272 1860 3527 1916 Veritatis
3571 1864 3809 1919 dicitur:

2217 1936 2399 2008 Angeli
2419 1958 2593 1995 eorum
2612 1944 2665 1997 in
2686 1945 2829 1999 caelis
2854 1964 3054 2016 semper
3072 1950 3241 2004 vident
3268 1954 3454 2022 faciem
3481 1954 3662 2009 Patris
3688 1959 3811 2024 mei,

2216 2028 2305 2095 qui
2323 2029 2377 2081 in
2398 2032 2536 2084 caelis
2557 2041 2632 2086 est
2661 2033 2875 2099 (Matth.
2902 2053 3048 2102 xvm,
3068 2038 3178 2110 10).
3204 2041 3277 2095 De
3303 2043 3386 2097 his
3414 2046 3678 2114 propheta
3703 2049 3808 2103 ait:

2219 2114 2277 2168 Μ
2281 2118 2391 2171 illia
2422 2121 2636 2175 millium
2666 2127 3029 2182 ministrabant
3058 2131 3128 2197 ei,
3156 2143 3206 2184 et
3231 2134 3400 2188 decies
3423 2138 3614 2190 millies
3633 2147 3814 2194 cente-

2217 2224 2287 2261 na
2339 2211 2503 2265 millia
2549 2215 2862 2270 assistebant
2902 2220 2950 2272 ei
2999 2218 3233 2285 (Daniel.
3284 2239 3376 2291 \ll,
3414 2225 3525 2294 10).
3560 2226 3615 2281 Si
3651 2229 3815 2296 igitur

2216 2317 2431 2373 semper
2457 2305 2659 2371 vident,
2702 2319 2757 2362 et
2804 2325 3021 2381 semper
3064 2315 3341 2381 assistunt,
3388 2318 3632 2387 vigilanti
3675 2337 3809 2376 cura

2217 2395 2563 2461 quaerendum
2580 2408 2662 2454 est
2684 2401 2824 2454 unde
2846 2404 3084 2467 veniunt,
3110 2404 3201 2475 qui
3226 2424 3496 2477 nunquam
3520 2413 3808 2469 recedunt.

2217 2482 2321 2538 Sed
2353 2501 2471 2540 cum
2510 2488 2578 2543 de
2609 2490 2713 2544 illis
2750 2507 2845 2562 per
2873 2493 3097 2550 Paulum
3135 2499 3332 2553 dicitur
3361 2519 3373 2554 :
3408 2499 3603 2557 Nonne
3632 2522 3815 2561 omnes

2215 2583 2334 2627 sunt
2364 2577 2792 2635 administratorii
2820 2584 3030 2652 spiritus
3054 2587 3107 2639 in
3128 2587 3471 2643 ministerium
3497 2593 3666 2653 missi,
3692 2612 3814 2663 pro-

2217 2675 2329 2734 pter
2356 2683 2440 2720 eos
2459 2670 2543 2739 qui
2566 2670 2919 2727 Itazreditatem
2940 2685 2961 2713 ο
2988 2678 3196 2744 capiunt
3219 2680 3400 2733 salutis
3426 2680 3586 2749 (Ileb.
3620 2700 3657 2747 ι,
3690 2684 3815 2749 14)?

2218 2756 2322 2815 Per
2348 2762 2473 2827 hoc,
2501 2765 2642 2833 quod
2670 2765 2862 2821 missos
2888 2770 3281 2838 cognoscitnm,
3315 2774 3456 2829 unde
3482 2776 3703 2831 veniant
3729 2778 3812 2832 in-

2216 2849 2480 2905 venimus.
2510 2850 2654 2921 [νει.
2682 2852 2825 2925 111.]
2854 2857 2959 2910 Sed
2988 2872 3114 2912 ecce
3142 2862 3422 2928 qurestioni
3450 2866 3810 2932 quaestionem

2211 2936 2505 3008 jungimus,
2536 2950 2591 2996 et
2618 2942 2767 3011 quasi
2787 2941 2813 2980 ἀ
2839 2945 2961 2999 dum
2985 2962 3170 3002 ansam
3201 2950 3412 3005 solvere
3442 2953 3682 3019 nitimur,
3704 2971 3812 3009 no-

2217 3030 2343 3084 dum
2374 3031 2620 3100 ligamus.
2650 3033 2936 3101 Quomodo
2961 3038 3105 3092 enim
3142 3050 3235 3097 aut
3282 3059 3497 3114 semper
3524 3047 3809 3111 assistere,

521 3117 836 3173 certaminis
878 3118 1192 3187 opitulatur.
1239 3117 1283 3170 A
1327 3117 1589 3187 qualitate
1630 3118 1772 3171 aeris
1813 3132 1899 3172 res
1924 3118 2114 3172 subse-
2139 3114 2187 3177 C
2219 3130 2312 3175 aut
2341 3122 2525 3178 videre
2553 3139 2767 3195 semper
2810 3126 2997 3181 faciem
3047 3126 3220 3184 Patris
3259 3142 3502 3201 possunt,
3528 3134 3572 3187 si
3599 3136 3665 3188 ad
3694 3138 3811 3190 mi-

523 3222 695 3276 quens
723 3205 1140 3269 demonstratur,
1186 3206 1324 3260 sicut
1371 3207 1722 3274 evangelista,
1762 3222 1882 3262 cum
1919 3207 2110 3277 praedi-

502 3307 685 3357 cante
708 3298 960 3364 Domino,
994 3297 1169 3353 nullos
1197 3307 1324 3353 tunc
1351 3313 1419 3353 ex
1445 3298 1626 3355 Judzna
1646 3299 1941 3355 credituros
1964 3300 2111 3354 dice-

522 3400 627 3455 ret,
652 3391 908 3460 prtemisit
927 3389 1145 3445 dicens:
1172 3388 1355 3443 Hiems
1377 3400 1548 3444 autent
1568 3400 1680 3445 erat
1709 3390 1889 3461 (Joan.
1916 3408 1971 3461 x,
1995 3391 2107 3462 22).

522 3483 795 3552 Scriptum
811 3496 1040 3550 namque
1061 3490 1144 3536 est
1168 3498 1181 3536 :
1209 3491 1232 3518 τι
1256 3480 1514 3545 Quoniam
1535 3481 1814 3535 abundabit
1840 3483 2110 3551 iniquitas,

506 3572 822 3643 refrigescet
842 3572 1069 3637 charitas
1090 3571 1592 3644 multorum(Matth.
1610 3589 1752 3639 χειν,
1776 3573 1884 3643 12).
1906 3573 2111 3629 Idcirco

524 3678 659 3732 ergo
681 3662 874 3718 hiemis
902 3662 1109 3717 curavit
1137 3671 1347 3731 tempus
1377 3663 1696 3731 exprimere,
1731 3672 1789 3716 ut
1816 3663 1992 3718 inesse
2013 3679 2111 3718 au-

524 3751 758 3809 ditorum
789 3751 1041 3808 cordibus
1068 3751 1285 3806 malitize
1326 3752 1493 3821 frigus
1536 3753 1818 3808 indicaret.
1862 3751 2000 3813 Hinc
2029 3761 2111 3809 est

522 3846 667 3915 quod
705 3846 776 3902 de
819 3854 1080 3915 negaturo
1123 3845 1284 3900 Petro
1314 3845 1656 3913 prmmittitur
1703 3862 1715 3897 :
1766 3842 1900 3909 Quia
1945 3846 2110 3917 frigus

521 3948 655 4006 erat,
702 3947 928 3992 etstans
959 3936 1027 3990 ad
1050 3936 1260 4006 prunas
1295 3934 1632 4007 calefaciebat
1662 3953 1716 3990 se
1745 3935 1925 4006 (Joan.
1958 3952 2108 4003 xvnt,

524 4028 638 4093 t8).
660 4027 777 4082 lam
807 4041 1037 4097 namque
1063 4026 1210 4083 intus
1236 4042 1267 4081 a
1294 4027 1572 4082 charitatis
1601 4027 1783 4083 calore
1808 4035 2103 4096 torpuerat,

522 4128 577 4175 et
592 4120 658 4174 ad
685 4134 927 4174 amorem
954 4120 1231 4188 pnesentis
1256 4120 1404 4185 vitae,
1428 4118 1579 4188 quasi
1598 4118 1674 4171 ad
1704 4128 2109 4188 persecutorum

522 4228 722 4284 prunas
750 4210 1059 4266 inﬁrmitate
1100 4218 1363 4264 :e:tuante
1410 4210 1700 4264 recalebat.
1751 4208 1797 4261 A
1848 4210 2110 4278 qualitate

522 4318 738 4374 quoque
764 4302 1021 4371 temporis
1049 4299 1169 4358 ﬁnis
1196 4301 1508 4371 exprimitur
1539 4300 1798 4368 actionis,
1835 4311 1973 4356 Sicut
2001 4318 2107 4357 non

522 4394 793 4450 rediturus
829 4393 894 4448 ad
919 4393 1150 4457 veniam,
1191 4391 1256 4446 ad
1290 4392 1590 4446 traditionis
1627 4389 1904 4463 perﬁdiam
1948 4402 2109 4449 nocte

2219 3213 2498 3268 nisterium
2547 3217 2784 3271 exterius
2848 3234 2946 3287 pro
2995 3230 3181 3275 nostra
3244 3224 3418 3278 salute
3473 3227 3809 3283 mittuntur?

2217 3302 2371 3369 Quod
2412 3313 2590 3359 tamen
2630 3308 2789 3363 citius
2831 3310 3111 3379 solvimus,
3142 3313 3187 3366 si
3225 3325 3443 3382 quantae
3492 3318 3813 3375 subtilitatis

2215 3392 2285 3447 sit
2312 3394 2551 3463 angelica
2582 3406 2771 3451 natura
2802 3414 3106 3468 pensamus.
3134 3401 3318 3471 Neque
3358 3405 3501 3459 enim
3540 3408 3617 3462 sic
3659 3422 3689 3460 a
3719 3409 3812 3463 di-

2215 3486 2337 3539 vina
2369 3487 2575 3543 visione
2613 3487 2758 3545 foras
2786 3501 3010 3557 exeunt,
3042 3505 3100 3547 ut
3133 3496 3357 3551 interna:
3385 3499 3811 3570 contemplatio-

2214 3574 2298 3628 nis
2325 3575 2532 3643 gaudiis
2560 3578 2867 3645 privcntur;
2914 3580 3040 3647 quia
3087 3581 3129 3635 si
3177 3582 3471 3639 conditoris
3519 3596 3811 3656 aspectum

2214 3674 2474 3721 exeuntes
2501 3668 2841 3733 amitterent,
2876 3684 2975 3724 nec
2998 3669 3242 3739 jacentes
3262 3674 3491 3741 erigere,
3522 3691 3623 3731 nec
3648 3677 3810 3744 igno-

2215 3757 2458 3812 rantibus
2486 3774 2615 3813 vera
2648 3759 2896 3814 nuntiare
2924 3761 3258 3829 pomissent;
3290 3762 3603 3833 fontemque
3642 3767 3808 3831 lucis,

2212 3864 2373 3919 quem
2418 3849 2754 3917 egredientes
2792 3850 2894 3920 ipsi
2934 3851 3248 3920 perderent,
3294 3854 3452 3909 caecis
3494 3855 3805 3911 nullatenus

2211 3942 2577 4011 propinarent.
2610 3941 2667 3995 In
2698 3943 2801 3997 hoc
2820 3943 3002 4012 itaque
3028 3953 3111 3998 est
3137 3960 3277 3999 nunc
3296 3955 3485 4000 natura
3506 3948 3753 4015 angelica
3780 3960 3805 3988 ο

2213 4048 2244 4089 a
2283 4047 2487 4090 natura:
2542 4047 2739 4091 nostra:
2772 4036 3084 4092 conditione
3119 4038 3399 4106 distincta,
3440 4040 3585 4108 quod
3616 4056 3711 4095 nos
3742 4050 3804 4096 et

2212 4125 2336 4179 loco
2366 4125 2882 4191 circumscribimur,
2923 4135 2978 4180 et
3009 4127 3269 4181 caecitatis
3300 4126 3601 4195 ignorantia
3640 4144 3804 4184 coaro

2211 4224 2459 4271 ctamur:
2493 4215 2805 4284 angelorum
2845 4232 2974 4270 vero
3014 4218 3234 4285 spiritus
3264 4218 3382 4271 loco
3407 4216 3424 4255 ῐ
3442 4218 3658 4285 quidem
3685 4221 3801 4274 cir-

2209 4307 2516 4377 cumscripti
2563 4315 2720 4372 sunt,
2762 4306 2858 4361 sed
2890 4316 3067 4363 tamen
3118 4323 3305 4361 eorum
3353 4308 3592 4363 scientiae
3635 4310 3802 4379 longe

2210 4415 2373 4471 super
2398 4416 2498 4455 nos
2524 4400 3012 4470 incomparabiliter
3038 4398 3351 4454 dilatantur.
3382 4399 3616 4455 interius
3637 4402 3800 4472 quip-

520 4483 687 4538 Judas
710 4483 817 4554 39
837 4481 1034 4541 exiisse
1056 4480 1384 4550 perhibetur.
1410 4494 1532 4535 cum
1555 4479 1866 4549 egredientes
1894 4482 2007 4547 illo,
2039 4483 2105 4538 ab
2132 4492 2185 4554 Ι)
2209 4506 2277 4562 pe
2327 4492 2671 4561 exteriusque
2711 4491 2930 4547 sciendo
2955 4502 2979 4538 κ
3009 4492 3225 4546 distenti
3270 4499 3423 4557 sunt,
3465 4493 3591 4562 quia
3619 4494 3797 4563 ipsum

520 4575 849 4645 evangelista
885 4574 1081 4628 dicitur
1108 4590 1120 4623 ε
1148 4571 1278 4626 Erat
1307 4580 1476 4627 autem
1506 4588 1609 4627 nox
1632 4572 1811 4644 (Joan.
1849 4592 1963 4643 xm,
1992 4578 2102 4648 50).

520 4664 656 4721 llinc
685 4666 827 4720 enim
850 4672 905 4719 et
926 4665 1109 4733 iniquo
1126 4663 1274 4719 diviti
1295 4662 1516 4719 dicitur:
1536 4662 1651 4719 Hac
1672 4665 1855 4721 nocteb
1880 4678 2107 4735 repetent

517 4760 749 4813 animam
772 4766 912 4811 tuam
926 4755 1017 4810 abs
1043 4764 1091 4810 te
1113 4754 1264 4827 (Luc.
1290 4771 1385 4823 xn,
1407 4756 1521 4827 20).
1539 4756 1730 4812 Anima
1754 4773 1971 4830 quippe,
1988 4774 2107 4829 qua:

520 4850 587 4906 ad
604 4850 854 4906 tenebras
869 4848 1099 4915 ducitur,
1118 4863 1224 4903 non
1245 4847 1301 4903 in
1320 4848 1408 4904 die
1422 4850 1613 4919 repeti,
1631 4850 1727 4906 sed
1750 4851 1801 4906 in
1814 4860 1972 4908 nocte
1994 4869 2107 4909 tne-

590 5017 613 5042 ιι
642 5005 711 5058 1η
764 5003 941 5065 Rem.,
981 5002 1221 5072 ‘Remig.,
1267 5001 1590 5073 Compend.,
1630 5014 1763 5073 etc.,
1818 5007 2102 5063 abundabit

516 5077 781 5146 iniquitas,
806 5084 857 5128 et
876 5074 1182 5146 refrigescit,
1209 5082 1345 5146 etc.,
1390 5074 1543 5129 deest
1565 5078 1827 5146 quoniam.
1863 5077 2010 5132 Unus
2034 5096 2102 5133 ex

518 5143 752 5212 Reinig.,
781 5153 837 5197 et
861 5143 1049 5216 Corb.,
1081 5161 1124 5216 a_
1141 5145 1313 5216 prima
1334 5159 1518 5212 manu,
1538 5143 1816 5202 abundavit
1835 5149 2102 5216 iniquitas,

516 5215 805 5287 refrigesrit
824 5215 1067 5287 Charitas.
1087 5214 1316 5287 Corb.,a
1339 5216 1574 5269 secunda
1598 5231 1781 5282 manu,
1810 5226 1867 5272 et
1891 5214 2101 5287 Gerun,

517 5285 798 5356 abundabit
826 5285 1092 5356 iniquitas,
1121 5285 1437 5356 refrigescet.

592 5356 619 5394 δ
648 5355 815 5410 Iidem
844 5354 990 5420 Mss.,
1020 5355 1117 5407 hac
1147 5354 1296 5412 nocte,
1321 5362 1552 5424 repetunt
1568 5356 1818 5410 animum.
1844 5356 1919 5410 Ita
1942 5358 2104 5415 etiam

518 5423 647 5500 ιπο
668 5435 724 5500 βε
750 5426 863 5500 Βίετ

596 5508 619 5536 ε
650 5493 934 5569 Antiquior
961 5495 1114 5569 Rem.
1138 5509 1258 5550 cum
1280 5495 1444 5551 Corb.
1473 5502 1529 5550 et
1553 5493 1758 5563 Germ.,
1782 5498 1868 5569 qui
1889 5497 2108 5553 Incredi-

519 5573 678 5624 tatem
710 5567 921 5633 capiunt
942 5566 1147 5619 salutis.

590 5636 619 5676 ἰ
644 5636 703 5691 S.
737 5637 913 5690 Albini
946 5652 995 5687 ru
1031 5674 1045 5687 .
1075 5638 1196 5687 dum
1221 5634 1357 5687 hanc
1380 5650 1470 5702 per
1487 5634 1621 5688 hanc
1644 5635 1841 5695 solvere
1870 5639 2103 5697 nitimur.

519 5704 776 5772 Pieriae,
806 5716 853 5757 et
875 5705 1019 5775 quasi
1052 5706 1183 5757 hanc
1205 5720 1294 5773 per
1316 5705 1472 5771 hanc,
1502 5713 1610 5761 etc.

2213 4582 2418 4637 fontem
2467 4583 2704 4637 scientiae
2740 4581 3195 4651 contemplantur.
3244 4580 3385 4647 Quid
3426 4583 3572 4635 enim
3616 4583 3684 4636 de
3709 4584 3799 4638 his

2211 4692 2330 4746 qua:
2377 4675 2592 4730 scienda
2633 4683 2758 4729 sunt
2810 4676 3086 4739 ne-ciunt,
3150 4674 3242 4742 qui
3298 4674 3558 4727 scientem
3612 4677 3798 4729 omnia

2211 4764 2830 4833 sciunt?Eorumitaque
2858 4763 3083 4817 scientia
3111 4762 3134 4798 δ
3163 4762 3570 4832 comparatione
3597 4773 3797 4819 nostra:

2211 4856 2368 4912 valde
2394 4854 2612 4909 dilatata
2650 4863 2762 4917 est,
2793 4853 2888 4908 sed
2928 4863 3107 4907 tamen
3154 4853 3559 4922 comparatione
3601 4855 3798 4911 divinae

2284 5022 2308 5048 θ
2335 5012 2516 5080 Antiq.
2544 5009 2697 5080 Rem.
2721 5015 2775 5062 et
2795 5006 2951 5075 Reg.,
2976 5024 3012 5080 a_
3029 5016 3220 5061 natura
3242 5016 3438 5080 nostra:
3454 5008 3793 5080 conditionis.

2282 5086 2302 5120 ι’
2338 5082 2394 5135 In
2424 5078 2521 5135 ns.
2552 5079 2755 5142 Colb..,
2795 5093 2957 5145 super
3002 5078 3112 5131 htec
3145 5078 3308 5131 verba
3341 5079 3635 5147 ascriptum
3660 5086 3749 5133 ‘est
3773 5095 3792 5134 :

2206 5156 2282 5209 uel
2305 5161 2549 5223 quantum
2571 5149 2639 5201 ad
2643 5156 2886 5223 nostrum
2900 5148 3106 5223 modum
3125 5149 3497 5223 gircumscripti
3517 5166 3610 5223 per
3771 5179 3792 5190 -

2210 5216 2334 5277 tiam
2355 5237 2457 5275 non
2479 5229 2616 5273 sunt.
2643 5217 2709 5271 Et
2730 5233 2853 5271 mox
2880 5235 2892 5269 :
2938 5216 3027 5270 Vel
3055 5217 3254 5285 diffusi.
3278 5216 3438 5287 supra
3462 5216 3682 5273 verbum
3703 5221 3792 5272 di-

2208 5294 2384 5348 stenti.
2414 5292 2489 5345 Ac
2526 5297 2648 5357 post
2697 5303 2864 5356 pauca
2894 5304 2907 5339 :
2947 5290 3363 5357 circumcripta,
3395 5303 3558 5357 supra
3598 5304 3787 5343 vocem

2209 5373 2469 5433 angusta;
2489 5374 2607 5428 qua:
2635 5358 2958 5433 glossemata
2981 5357 3107 5409 dum
3136 5358 3399 5428 arripiunt
3427 5357 3651 5423 librarii,
3680 5373 3791 5415 θοι-η

2209 5426 2399 5510 ruptps
2419 5426 2584 5484 libros
2612 5426 3051 5510 nobis‘pfngt’nl:
3113 5495 3225 5510 mh
3248 5426 3323 5510 in
3476 5496 3531 5510 η,
3579 5499 3612 5510 _,

2284 5495 2308 5547 it
2339 5502 2414 5555 lta
2445 5512 2633 5553 omnes
2667 5498 2836 5551 nostri
2867 5496 2992 5551 Mss.
3025 5497 3080 5550 lu
3113 5495 3152 5549 E
3172 5497 3250 5551 lit.
3284 5497 3443 5553 Rom.
3475 5496 3614 5552 Sixti
3644 5496 3708 5563 γ,
3734 5504 3790 5551 et

2210 5570 2532 5628 Gussanvill.
2560 5586 2573 5622 :
2607 5568 2831 5622 Sciendo
2853 5567 3027 5633 diffusi
3059 5578 3198 5621 sunt.

2283 5639 2309 5679 ιι
2338 5640 2533 5695 Omnes
2549 5638 2727 5701 Rem,
2746 5637 2978 5705 Remig.,
3005 5637 3254 5701 Vindoc.,
3273 5635 3585 5703 Normanni,
3604 5634 3787 5703 (Σοί-δ..

2210 5712 2417 5778 Germ.,
2442 5710 2758 5780 comparatio
2769 5723 2830 5762 ne
2852 5716 3026 5762 nostra
3054 5707 3218 5761 valde.
