3976 6336
208 371 309 424 557

1090 359 1451 417 MORALIUM
1492 359 1616 414 LIB.
1662 358 1722 411 Il.
1768 389 1839 401 —
1903 355 1971 409 ΙΝ
2007 356 2229 417 CAPUT
2268 362 2289 416 ι
2330 363 2387 419 Β.
2428 364 2563 420 JOB.

3360 365 3465 422 538

207 488 451 542 scientiae
478 488 700 550 angusta
732 497 744 532 :
777 478 915 533 sicut
940 485 994 532 et
1021 477 1121 547 ipsi
1152 476 1363 530 illorum
1387 474 1604 545 spiritus
1630 487 1781 529 com-
1809 472 1860 530 Α
1886 472 2099 531 dacium
2119 476 2464 545 dedignatur;
2488 492 2592 533 nou
2622 493 2731 549 quo
2758 479 2801 533 si
2826 478 3037 535 mentiri
3065 479 3211 546 velit,
3237 480 3466 549 nesciat,

207 575 488 645 paratione
506 570 721 641 quidem
744 575 1048 622 nostrorum
1066 580 1376 635 corporum,
1399 566 1618 635 spiritus
1639 570 1783 627 sunt,

208 665 302 720 sed
332 662 734 733 comparatione
768 658 963 713 summi
992 665 1047 712 et
1075 656 1520 724 incircumscripti
1548 654 1786 723 spiritus,

209 770 425 824 corpus.
460 752 527 806 Et
554 753 840 805 mittuntur
864 748 1046 815 igitur,
1070 755 1127 802 et
1154 747 1411 800 assistunt
1436 763 1446 796 :
1471 744 1596 812 quia
1619 752 1673 797 et
1696 756 1792 810 per
1809 742 1815 758 "

211 845 334 906 hoc,
366 842 509 912 quod
550 838 937 906 Circumscripti
982 848 1138 900 sunt,
1188 843 1418 901 exeunt;
1448 842 1504 889 et
1529 848 1625 903 per
1654 833 1786 895 hoc,

208 932 354 1003 quod
394 932 536 985 intus
578 943 794 998 quoque
841 934 1135 996 praesentes
1179 935 1304 980 sunt
1332 937 1601 991 nunquam
1630 935 1790 974 rece-

209 1025 362 1075 dunt.
392 1019 455 1073 Et
483 1021 674 1075 faciem
696 1031 826 1085 ergo
853 1015 1028 1069 Patris
1055 1028 1271 1083 semper
1294 1012 1498 1073 vident,
1527 1017 1583 1063 et
1612 1018 1792 1061 tamen

198 1111 278 1174 .ad
306 1125 403 1164 nos
429 1109 682 1173 veniunt;
704 1106 828 1175 quia
859 1113 916 1159 et
936 1104 1002 1158 ad
1024 1118 1121 1157 nos
1149 1100 1374 1171 spiritali
1398 1097 1680 1168 praesentia
1708 1095 1792 1149 fo-

207 1216 299 1255 ras
326 1207 546 1263 exeunt,
576 1206 632 1252 et
661 1206 837 1250 tamen
881 1194 953 1248 ibi
1003 1208 1094 1257 se,
1138 1191 1282 1245 unde
1310 1193 1668 1250 recesserant,
1699 1199 1794 1254 per

214 1290 483 1344 internam
528 1286 1038 1355 contemplationem
1089 1288 1324 1336 servant.
1377 1278 1594 1332 Dicatur
1619 1289 1790 1342 ergo:

216 1378 489 1433 Venerunt
517 1378 614 1449 ﬁlii
642 1377 761 1441 Dei,
791 1386 845 1429 ut
870 1375 977 1445 [ιο
999 1374 1299 1427 assisterent
1345 1384 1519 1423 coram
1546 1366 1791 1430 Domino,

202 1471 337 1537 quia
382 1470 507 1525 illuc
552 1468 769 1538 spiritus
811 1464 1165 1520 conversione
1202 1458 1447 1521 redeunt,
1477 1455 1619 1511 unde
1650 1454 1793 1508 nulla

201 1561 408 1616 mentis
434 1560 721 1615 aversione
741 1555 1036 1612 discedunt.

831 1661 1061 1718 CAPUT
1101 1661 1187 1714 Ν.

281 1758 409 1812 lam.
432 1787 501 1798 —
529 1757 689 1823 Aﬂ'uit
709 1756 843 1809 inter
863 1769 947 1807 eos
974 1754 1128 1805 etiam
1152 1750 1339 1803 Satan.

1888 568 1982 623 sed
2009 582 2115 635 quo
2142 565 2275 620 falsa
2300 566 2447 636 loqui
2476 568 2715 622 veritatis
2749 585 2932 625 amore
2959 577 3294 626 contemnat.
3326 568 3471 637 Quid

1889 666 1971 714 est
1999 672 2128 726 ergo
2162 657 2230 711 ad
2255 657 2417 712 Satan
2447 657 2646 723 dicere,
2682 658 2830 713 Unde
2856 661 3016 721 venis,
3051 659 3153 714 nisi
3184 659 3296 714 vias
3323 658 3469 713 illius

1888 749 2041 817 quasi
2094 748 2394 817 incognitas
2441 746 2767 817 reprobare?
2811 748 3066 803 Veritatis
3092 750 3253 818 igitur
3281 749 3465 804 lumen

1892 837 2160 899 tenebras,
2189 852 2324 906 quas
2348 838 2634 907 reprobat,
2664 837 2903 905 ignorat;
2931 849 2984 892 et
3013 839 3227 892 Satanze
3255 838 3470 902 itinera,

1891 927 2014 994 quia
2040 926 2290 994 judicans
2318 927 2555 992 damnat,
2601 928 2819 996 dignum
2849 937 2931 984 est
2958 937 3018 981 ut
3044 930 3199 997 quasi
3230 930 3474 984 nesciens

1891 1017 2150 1086 requirat.
2179 1016 2314 1072 Hinc
2340 1025 2423 1071 est
2442 1018 2586 1086 quod
2607 1017 2734 1072 Adae
2757 1018 3002 1088 peccanti
3026 1020 3319 1075 conditoris
3338 1033 3476 1074 voce

1892 1104 2107 1171 dicitur,
2134 1105 2299 1157 Adam
2322 1106 2409 1158 ubi
2437 1108 2527 1159 es?
2557 1106 2765 1177 (Genes.
2796 1124 2872 1172 Ill,
2900 1107 2979 1176 9.)
3014 1108 3199 1178 Neque
3225 1109 3366 1163 enim
3390 1109 3474 1161 di-

1892 1193 2017 1248 vina
2048 1194 2287 1263 potentia
2316 1196 2616 1260 nesciebat,
2649 1204 2771 1265 post
2806 1200 3021 1266 culpam
3050 1215 3238 1254 servus
3266 1202 3332 1254 ad
3353 1214 3472 1268 quas

1894 1286 2113 1340 latibula
2136 1285 2375 1354 fugerat;
2399 1287 2493 1341 sed
2520 1288 2643 1355 quia
2667 1287 2800 1342 vidit
2833 1288 2885 1341 in
2915 1289 3073 1357 culpa
3103 1290 3334 1358 lapsum,
3356 1291 3470 1358 jam

1893 1378 1992 1432 sub
2018 1386 2240 1448 peccato
2287 1378 2434 1432 velut
2481 1378 2549 1432 ab
2595 1379 2766 1433 oculis
2812 1378 3051 1433 veritatis
3079 1381 3470 1445 absconditum,

1894 1468 2019 1537 quia
2050 1468 2299 1524 tenebras
2315 1468 2513 1524 erroris
2539 1469 2653 1536 ejus
2679 1484 2786 1522 non
2812 1468 3095 1538 approbat,
3120 1470 3271 1538 quasi
3295 1470 3384 1524 ubi
3404 1472 3475 1525 sit

1896 1569 2149 1628 peccator
2170 1560 2402 1626 ignorat;
2416 1575 2656 1630 eumque
2669 1567 2725 1614 et
2744 1569 2923 1627 vocat,
2937 1568 2993 1614 et
3012 1560 3252 1629 requirit,
3268 1559 3472 1623 dicens,

1896 1650 2064 1702 Adam
2092 1651 2176 1704 ubi
2222 1652 2313 1705 es?
2338 1650 2441 1704 Per
2466 1651 2572 1705 hoc
2599 1650 2743 1720 quod
2771 1658 2952 1715 vocat,
2977 1648 3188 1719 signum
3228 1649 3319 1703 dat
3347 1649 3474 1718 quia

1898 1738 1965 1791 ad
1994 1740 2363 1808 paenitentiam
2412 1748 2649 1795 revocat.
2680 1738 2783 1794 Per
2808 1741 2912 1794 hoc
2938 1740 3078 1808 quod
3125 1741 3376 1810 requirit,
3410 1756 3475 1793 a-

278 1848 331 1901 lt.
375 1849 541 1901 Satan
560 1848 695 1900 inter
715 1845 941 1914 angelos,
969 1844 1087 1912 quia
1110 1848 1349 1891 naturam
1377 1851 1481 1888 non
1501 1833 1695 1887 amisit.
1719 1863 1790 1874 —
1823 1843 1865 1901 η
1896 1838 2051 1898 perte
2098 1830 2363 1897 insinuat,
2411 1830 2535 1900 quia
2585 1841 2897 1901 peccatores
2940 1830 3062 1899 jure
3085 1828 3112 1868 δ
3140 1831 3474 1884 damnandos

199 1939 379 1993 Valde
406 1935 749 2007 quaerendum
769 1941 853 1988 est
879 1929 1149 2002 quomodo
1180 1928 1317 1981 inter
1339 1925 1542 1980 electos
1568 1922 1789 1991 angelos

197 2031 376 2086 Satan
404 2028 592 2083 adesse
619 2024 876 2097 potuerit,
908 2020 1000 2090 qui
1028 2020 1096 2073 ab
1128 2032 1317 2072 eorum
1340 2023 1511 2080 sorte,
1541 2014 1791 2081 exigente

199 2120 485 2193 superbia,
507 2118 703 2174 dudum
726 2116 1007 2170 damnatus
1027 2110 1212 2165 exivit.
1239 2107 1345 2163 Sed
1363 2114 1512 2160 recte
1533 2105 1671 2159 inter
1695 2117 1790 2157 eos

200 2214 447 2269 adfuisse
468 2208 806 2272 describitur,
838 2205 962 2275 quia
989 2203 1090 2258 etsi
1118 2198 1504 2255 beatitudinem
1538 2194 1788 2265 perdidit,

201 2314 457 2361 naturam
480 2313 657 2356 tamen
684 2300 759 2354 eis
791 2297 1020 2352 similem
1050 2309 1157 2349 non
1186 2291 1400 2356 amisit;
1429 2296 1486 2344 et
1518 2288 1561 2342 si
1588 2286 1792 2341 meritis

199 2400 588 2464 prmgravatur,
619 2387 925 2443 conditione
945 2394 1148 2439 natura:
1169 2380 1377 2437 subtilis
1398 2379 1677 2432 attollitur.
1704 2374 1791 2429 ln-

204 2496 300 2541 ter
332 2484 423 2539 Dei
450 2496 578 2550 ergo
628 2478 766 2535 filios
807 2492 988 2533 coram
1019 2475 1246 2529 Domino
1292 2470 1524 2526 adfuisse
1566 2468 1787 2530 dicitur;

200 2576 339 2644 quia
384 2588 451 2627 eo
482 2571 692 2635 intuitu,
735 2583 843 2637 quo
872 2566 1210 2634 omnipotens
1240 2563 1378 2616 Deus
1411 2569 1605 2615 cuncta
1633 2557 1793 2626 spiri-

201 2664 340 2717 talia
381 2660 657 2730 conspicit,
688 2658 851 2712 etiam
880 2655 1043 2709 Satan
1084 2654 1136 2706 in
1168 2652 1356 2706 ordine
1392 2657 1596 2704 natura:
1620 2646 1791 2701 subti-

200 2752 361 2805 lioris
386 2749 549 2811 videt,
579 2754 869 2802 attestante
920 2743 1219 2812 Scriptura,
1271 2754 1392 2809 qua:
1437 2738 1605 2793 dicit:
1641 2736 1794 2790 Oculi

202 2841 426 2895 Domini
476 2837 887 2906 contemplantur
925 2833 1092 2887 malos
1114 2840 1161 2885 et
1190 2830 1349 2884 bonos
1377 2828 1558 2897 (Prov.
1592 2841 1681 2890 xv,
1712 2826 1789 2892 5).

198 2932 318 2987 Sed
346 2931 468 2995 hoc,
501 2928 642 2998 quod
663 2926 894 2980 adfuisse
919 2924 1086 2977 Satan
1106 2936 1288 2977 coram
1319 2918 1546 2973 Domino
1573 2916 1790 2981 dicitur,

200 3024 264 3079 in
293 3020 441 3091 gravi
467 3020 619 3075 nobis
649 3019 946 3087 quaastione
990 3022 1255 3069 versatur.
1296 3011 1564 3080 Scriptum
1591 3007 1791 3077 quippe

199 3122 293 3169 est
317 3130 331 3165 :
367 3112 511 3165 Beati
538 3109 730 3163 mundo
758 3106 931 3172 corde,
955 3106 1199 3173 quoniam
1224 3104 1323 3172 ipsi
1352 3100 1520 3155 Deum
1547 3099 1787 3154 videbunt

1891 1920 2121 1987 ignorat.
2165 1919 2330 1974 Satan
2357 1934 2485 1989 ergo
2515 1920 2773 1975 Dominus
2813 1935 2920 1975 non
2956 1929 3136 1987 vocat,
3167 1920 3260 1975 sed
3291 1931 3472 1975 tamen

1891 2011 2139 2078 requirit,
2178 2011 2367 2067 dicens
2411 2027 2427 2067 :
2481 2010 2631 2065 Unde
2681 2013 2857 2066 venis?
2890 2012 3013 2081 quia
3044 2012 3297 2067 nimirum
3329 2014 3474 2068 Deus

1890 2111 2188 2171 apostatam
2231 2103 2476 2171 spiritum
2502 2102 2568 2155 ad
2596 2103 2968 2173 paenitentiam
3005 2118 3346 2172 nequaquam
3386 2118 3473 2157 re-

1890 2199 2073 2255 vocat;
2105 2192 2199 2247 sed
2234 2193 2347 2246 vias
2374 2193 2640 2261 superbim
2660 2193 2778 2261 ejus
2806 2192 3071 2255 nesciens,
3102 2192 3341 2247 damnat.
3363 2192 3470 2262 41

1890 2279 2055 2349 igitur
2069 2281 2195 2336 dum
2211 2280 2376 2335 Satan
2395 2281 2465 2336 de
2480 2282 2670 2336 itinere
2681 2297 2781 2336 suo
2802 2282 3102 2347 discutitur,
3116 2281 3271 2335 electi
3298 2282 3474 2351 angeli

1892 2375 2196 2444 requirendi
2224 2375 2367 2429 unde
2394 2374 2609 2429 veniant
2634 2389 2742 2429 non
2767 2382 2929 2429 sunt:
2960 2384 2981 2413 ο
3004 2374 3129 2442 quia
3158 2388 3343 2429 eorum
3372 2374 3473 2429 vita

1894 2472 2042 2518 tanto
2072 2464 2183 2520 Deo
2231 2472 2372 2518 notae
2411 2470 2553 2529 sunt,
2586 2471 2787 2533 quanto
2816 2473 2871 2517 et
2912 2463 3029 2532 ipso
3069 2468 3291 2517 auctore
3320 2476 3473 2532 pera-

1891 2564 2116 2625 guntur;
2140 2555 2375 2624 dumque
2394 2555 2493 2609 soli
2515 2553 2630 2623 ejus
2652 2553 2915 2608 voluntati
2937 2553 3248 2618 inserviunt,
3268 2566 3335 2607 eo
3354 2566 3473 2608 esse

1892 2645 2177 2714 incognitas
2211 2653 2512 2714 nequeunt,
2560 2658 2669 2713 quo
2704 2657 2801 2712 per
2827 2641 3231 2712 approbationis
3256 2641 3473 2697 oculum

1894 2753 1961 2792 ex
1988 2736 2104 2805 ipso
2132 2750 2344 2805 semper
2371 2743 2496 2788 ante
2522 2734 2695 2803 ipsum
2725 2732 2875 2786 ﬁunt.
2903 2731 3159 2799 Sequitur
3224 2749 3239 2783 :

2494 2843 2722 2899 CAPUT
2774 2843 2861 2898 Vl.

1953 2942 2090 2995 lntn.
2139 2968 2210 2980 -—
2256 2936 2589 3005 Respondens
2616 2934 2806 3001 Satan,
2838 2943 2912 2987 ait
2942 2950 2959 2986 :
2991 2933 3211 2987 Circuivi
3258 2941 3472 3000 terram,

1892 3036 1939 3082 et
1967 3027 2314 3098 perambulavi
2337 3044 2470 3081 eam.

1965 3119 2017 3171 7.
2059 3120 2274 3173 Satanae
2312 3119 2577 3181 circuitus,
2615 3118 2725 3187 ejus
2764 3116 3047 3170 anxietatis
3084 3124 3470 3186 argumentum.

201 3203 429 3274 (Matth.
456 3216 511 3267 v,
533 3198 613 3269 8).
635 3198 800 3252 Satan
826 3211 975 3259 vero,
999 3196 1089 3263 qui
1120 3192 1321 3248 mundo
1344 3190 1506 3245 corde
1534 3203 1653 3243 esse
1683 3203 1788 3241 non
1822 3205 1866 3266 ρ
1896 3241 1965 3249 _
1992 3208 2144 3263 Sole,
2181 3223 2277 3276 per
2312 3222 2497 3278 gym“
2537 3207 2820 3272 circuitus,
2863 3206 3060 3260 laboris
3095 3207 3339 3261 amictus
3381 3206 3473 3259 de-

201 3301 409 3363 potest,
443 3300 469 3327 λ
497 3287 768 3358 quomodo
795 3287 861 3340 ad
886 3284 1175 3339 videndum
1227 3280 1511 3335 Dominum
1560 3278 1796 3333 adfuisse

202 3381 435 3452 potest?
1760 3450 1766 3457 Ι

292 3470 345 3525 5.
389 3470 496 3526 Deo
515 3479 677 3533 adest,
706 3468 828 3539 quia
847 3476 910 3519 a0
935 3481 993 3518 eo
1014 3465 1227 3516 videtur.
1259 3493 1327 3503 --
1356 3460 1463 3517 Sed
1486 3457 1798 3515 intuendum

202 3572 293 3619 est
323 3563 448 3631 quia
479 3560 712 3615 adfuisse
750 3572 931 3613 coram
983 3554 1234 3618 Domino,
1267 3567 1376 3606 non
1403 3558 1583 3604 autem
1614 3547 1797 3602 Domi-

204 3668 339 3707 num
373 3651 572 3706 vidisse
595 3649 928 3720 perhibetur.
976 3644 1133 3700 Venit
1157 3641 1373 3713 quippe,
1414 3655 1473 3694 ut
1501 3639 1794 3700 videretur,

202 3761 317 3799 non
347 3754 407 3798 ut
434 3742 659 3797 videret.
708 3740 825 3810 Ipse
868 3740 921 3793 in
961 3743 1252 3806 conspectu
1296 3731 1532 3795 Domini,
1564 3745 1672 3783 non
1699 3742 1797 3781 au-

203 3843 317 3888 tem
370 3833 423 3886 in
470 3838 759 3900 conspectu
806 3828 921 3899 ejus
960 3825 1217 3880 Dominus
1256 3822 1396 3876 fuit:
1441 3821 1581 3874 sicut
1623 3830 1798 3872 caecus

202 3938 333 3980 cum
357 3924 411 3977 in
428 3922 544 3977 sole
567 3919 829 3983 consistit,
856 3918 968 3986 ipse
990 3913 1211 3983 quidem
1239 3910 1400 3965 radiis
1427 3908 1558 3964 solis
1580 3905 1799 3976 perfun—

201 4012 374 4077 ditur,
395 4011 490 4066 sed
518 4019 695 4065 tamen
716 4007 895 4062 lumen
925 4019 1033 4059 non
1058 4002 1203 4056 videt
1228 4015 1337 4069 quo
1364 3998 1682 4052 illustratur.
1708 3992 1788 4047 lta

201 4113 339 4167 ergo
366 4097 529 4153 etiam
558 4097 698 4150 inter
727 4092 947 4162 angelos
972 4092 1026 4145 in
1066 4095 1361 4158 conspectu
1390 4084 1602 4140 Domini
1622 4081 1790 4136 Satan

201 4191 409 4256 adfuit;
429 4190 555 4256 quia
581 4188 662 4242 vis
680 4187 880 4249 divina,
904 4199 1023 4254 quae
1048 4182 1305 4237 intuendo
1325 4186 1573 4249 penetrat
1592 4176 1795 4240 omnia,

203 4293 318 4337 non
362 4295 422 4336 se
469 4281 738 4335 vrdentem
767 4276 1097 4331 Immundum
1149 4273 1398 4343 spiritum
1452 4270 1604 4325 vidit.
1655 4268 1797 4332 Quia

205 4372 355 4427 enim
376 4378 433 4425 et
460 4370 593 4440 ipsa,
616 4383 734 4438 qua:
762 4366 931 4421 Deum
959 4365 1184 4432 fugiunt,
1215 4363 1383 4417 latere
1420 4374 1527 4415 non
1551 4366 1794 4427 possunt,

207 4464 338 4518 dum
365 4470 557 4517 cuncta
580 4460 723 4515 nuda
749 4465 875 4515 sunt
900 4470 1132 4525 superno
1158 4452 1490 4524 conspectui,
1513 4450 1678 4505 Satan
1701 4449 1796 4503 ad-

207 4554 312 4608 fuit
337 4553 532 4608 absens
559 4550 834 4618 praasenti.
874 4546 1127 4617 Sequitur
1153 4562 1166 4597 :

533 4661 757 4718 CAPUT
798 4661 841 4715 v
882 4658 1027 4731 [νει.
1052 4655 1156 4723 tv,
1189 4653 1312 4707 ιιεο.
1343 4649 1488 4722 111].

343 4757 505 4812 Vens.
536 4756 589 4809 7.
620 4784 691 4794 --
727 4751 819 4807 Cui
845 4751 977 4805 dixit
1000 4748 1277 4811 Dominus,
1320 4743 1470 4797 Unde
1498 4743 1672 4797 uenis?

283 4846 339 4902 6.
385 4844 601 4899 Nescire
628 4843 728 4897 Dei
773 4849 850 4895 est
894 4838 1281 4910 reprobare.—
1309 4834 1447 4900 Quid
1498 4841 1602 4898 est,
1654 4831 1798 4901 quod

206 4938 555 4994 venientibus
584 4934 788 5003 angelis
823 4931 1009 4986 electis
1037 4941 1373 4997 nequaquam
1402 4925 1617 4986 dicitur,
1649 4921 1799 4977 Unde

205 5027 443 5081 venitis?
498 5024 665 5078 Satan
700 5036 828 5076 vero
870 5020 1009 5074 unde
1052 5018 1235 5072 veniat
1260 5015 1645 5086 percontatur?
1685 5028 1794 5067 non

201 5115 359 5170 enim
387 5114 726 5182 requirimus,
758 5110 859 5164 nisi
892 5110 1077 5177 utique
1104 5121 1224 5176 quae
1260 5105 1547 5159 nescimus.
1578 5102 1797 5157 Nescire

210 5212 398 5258 autem
436 5202 550 5267 Dei,
603 5200 894 5269 reprobare
944 5206 1045 5251 est.
1082 5195 1228 5250 Unde
1254 5194 1569 5264 quibusdam
1607 5193 1660 5245 in
1692 5192 1798 5246 tino

212 5296 457 5351 dicturus
484 5303 604 5348 est:
646 5290 840 5345 Nescio
878 5306 964 5342 vos
1000 5288 1136 5340 unde
1172 5287 1305 5349 sitis,
1345 5284 1591 5339 discedite
1625 5300 1656 5335 a
1694 5286 1795 5348 nie,

208 5399 391 5440 omnes
435 5383 660 5452 operarii
707 5379 993 5451 iniquitatis
1023 5379 1040 5445 (
1065 5376 1185 5429 Luc.
1231 5390 1352 5440 xm,
1379 5374 1513 5442 ’27).
1553 5373 1704 5427 Sicut
1740 5380 1796 5424 et

212 5474 428 5528 nescire
454 5471 667 5526 mentiri
696 5470 775 5523 vir
802 5483 963 5522 verax
1009 5467 1201 5521 dicitur
1236 5466 1328 5534 qui
1379 5465 1483 5518 labi
1525 5478 1617 5532 per
1644 5476 1797 5516 men-

292 5654 315 5682 ⁸
347 5644 520 5708 Βρηι.,
553 5643 760 5709 Remig.
787 5649 842 5696 et
864 5640 1004 5711 plur.
1029 5640 1143 5704 alii,
1172 5640 1424 5708 quomodo
1448 5637 1667 5701 videndo
1701 5637 1803 5691 Do-
1827 5658 1846 5689 I

211 5714 358 5783 mino
385 5716 596 5783 aﬁuisse
615 5720 800 5783 potest.

294 5782 319 5819 δ
350 5778 782 5850 Vitidocinenses,
805 5784 924 5847 jure
944 5778 1263 5847 dantnando,
1291 5781 1514 5849 ignorat.

1899 3301 2116 3368 signari.
2156 3300 2320 3353 Satan
2352 3313 2482 3367 ergo
2520 3300 2771 3354 laborans
2801 3306 2995 3354 terram
3026 3299 3302 3366 circuivit,
3350 3301 3472 3368 quia

1898 3393 2109 3457 quietus
2132 3391 2184 3444 in
2206 3391 2329 3445 θαιΙὶ
2349 3390 2581 3445 culmine
2601 3399 2742 3444 stare
2769 3391 3116 3459 contempsit.
3146 3389 3387 3459 Cumque
3416 3406 3474 3448 se

1900 3496 2008 3535 non
2036 3481 2267 3544 volasse,
2297 3480 2388 3534 sed
2417 3480 2814 3549 perambulasse
2833 3479 3096 3542 insinuat,
3127 3488 3328 3548 quanto
3349 3495 3473 3549 pec-

1899 3576 2006 3629 cati
2039 3574 2277 3645 pondere
2304 3575 2357 3628 in
2389 3574 2508 3628 imis
2534 3582 2827 3643 prematur,
2858 3572 3210 3627 demonstrat.
3254 3572 3473 3627 Peram-

1899 3666 2088 3719 buians
2123 3680 2251 3734 ergo
2283 3673 2479 3718 terram
2522 3665 2802 3730 circuivit;
2850 3666 2972 3733 quia
3004 3665 3072 3718 ab
3101 3664 3192 3718 illo
3222 3664 3474 3734 spiritalis

1899 3758 2151 3826 potentiae
2187 3757 2369 3811 volatu
2397 3771 2653 3811 corruens
2671 3796 2684 3816 ,
2735 3755 2950 3809 malitia:
2980 3771 3088 3811 sua:
3116 3771 3332 3825 pressus
3352 3770 3474 3824 gra-

1898 3846 2109 3910 vedine,
2141 3846 2283 3900 foras
2307 3845 2375 3900 ad
2401 3858 2589 3916 gyrum
2622 3846 2818 3900 laboris
2846 3846 3013 3899 venit.
3055 3844 3191 3900 Hinc
3219 3853 3302 3900 est
3331 3846 3472 3900 enim

1899 3939 2041 4007 quod
2064 3946 2119 3992 et
2143 3937 2211 3993 de
2237 3938 2352 4007 ejus
2380 3938 2633 3992 membris
2660 3952 2756 4007 per
2781 3937 3118 3993 Psalmistam
3142 3938 3338 3993 dicitur
3362 3956 3375 3991 :
3406 3937 3472 3992 In

1900 4029 2115 4084 circuitu
2139 4029 2283 4099 impii
2311 4027 2575 4081 ambulant
2605 4027 2775 4097 (Psal.
2810 4044 2880 4090 χι,
2915 4026 2997 4097 9);
3028 4028 3153 4096 quia
3183 4027 3309 4083 dum
3339 4028 3474 4082 inte-

1898 4119 2042 4173 riora
2070 4134 2179 4173 non
2208 4125 2487 4187 appetunt,
2520 4118 2571 4171 in
2599 4117 2924 4172 exteriorum
2952 4116 3137 4172 labore
3162 4116 3473 4187 fatigantur.

1899 4209 2153 4278 Sequitur
2187 4228 2199 4261 :

2338 4296 2566 4353 CAPUT
2595 4296 2685 4351 vn
2714 4295 2863 4369 (nec.
2898 4294 3027 4366 IV].

1970 4388 2132 4443 Vens.
2155 4388 2206 4441 8.
2223 4420 2291 4429 —
2306 4386 2556 4459 Nunquid
2579 4388 2917 4441 considerasti
2938 4402 3137 4441 servum
3159 4403 3324 4441 meum
3352 4387 3472 4453 Job,

1899 4475 2035 4546 quod
2062 4492 2164 4529 non
2184 4477 2250 4528 sit
2271 4476 2316 4529 ei
2338 4476 2522 4529 similis
2544 4476 2597 4527 in
2622 4484 2777 4538 terra,
2797 4475 2948 4529 homo
2971 4476 3190 4545 simplex
3208 4484 3257 4529 et
3284 4486 3473 4540 rectus,

1824 4571 1878 4632 ι)
1900 4583 1962 4619 ac
1992 4567 2175 4619 timens
2203 4563 2387 4629 Deum,
2420 4572 2469 4618 et
2494 4565 2736 4619 recedens
2764 4582 2794 4619 a
2821 4567 2957 4619 malo
2984 4566 3009 4619 ?

1973 4657 2025 4711 8.
2065 4657 2237 4711 Variae
2259 4656 2356 4712 Dei
2383 4657 2754 4729 spirituumque
2778 4658 3075 4711 locutiones.
3100 4686 3169 4697 —
3194 4656 3310 4712 Hoc
3331 4660 3473 4726 quod

1901 4750 2079 4804 divina
2100 4765 2234 4805 voce
2261 4751 2447 4804 beatus
2471 4749 2571 4804 .Iob
2600 4749 2826 4816 simplex
2851 4757 2907 4802 et
2933 4758 3114 4804 rectus
3131 4787 3145 4813 ,
3190 4764 3253 4803 ac
3283 4751 3475 4805 timens

1903 4841 2102 4905 Deum,
2154 4849 2210 4895 et
2250 4841 2504 4896 recedens
2542 4856 2570 4893 a
2601 4839 2744 4894 malo
2773 4839 2999 4904 dicitur,
3041 4839 3166 4907 quia
3207 4840 3474 4895 subtiliter

1901 4931 2343 4999 membratimque
2357 4945 2513 4998 supra
2532 4930 2899 4998 exposuimus,
2923 4930 3180 4999 replicare
3201 4946 3317 5000 qua:
3336 4932 3475 4984 dixi-

1903 5038 2022 5077 mus
2047 5022 2378 5084 devitamus;
2413 5034 2478 5072 ne
2505 5019 2629 5073 dum
2657 5019 2892 5074 discussa
2924 5020 3231 5087 repetimus,
3271 5022 3475 5074 tardius

1903 5113 1969 5167 ad
1998 5112 2288 5167 indiscussa
2315 5112 2610 5165 veniamus.
2642 5110 2784 5183 [νει.
2819 5109 2906 5182 γ.]
2930 5109 3044 5165 Hoc
3064 5126 3193 5181 ergo
3217 5112 3372 5169 nobis
3395 5124 3476 5169 est

1901 5203 2129 5257 solerter
2155 5202 2487 5269 intuendum,
2515 5201 2639 5270 quid
2661 5201 2748 5263 sit,
2772 5201 2916 5270 quod
2945 5203 3024 5257 vel
3048 5203 3115 5257 ad
3137 5204 3301 5258 Satan
3328 5204 3475 5273 loqui

1903 5292 2158 5347 Dominus
2185 5292 2396 5354 dicitur,
2424 5290 2507 5345 vel
2528 5289 2670 5358 quod
2694 5290 2861 5345 Satan
2892 5291 3121 5346 Domino
3145 5292 3475 5361 respondere

1905 5383 2234 5452 perhibetur.
2272 5381 2616 5436 Discutienda
2653 5381 2850 5452 quippe
2878 5391 2960 5437 est
2986 5396 3230 5453 quamam
3264 5385 3335 5438 sit
3370 5384 3473 5439 ista

1901 5472 2122 5527 locutio.
2154 5471 2336 5543 Neque
2353 5471 2494 5524 enim
2515 5471 2649 5525 vela
2671 5471 2919 5539 Domino,
2943 5472 3035 5540 qui
3053 5488 3292 5527 summus
3312 5483 3474 5542 atque

1905 5715 1921 5767 ι
1979 5644 2250 5766 ῖΡΙιιι-ἰιιιί
2284 5646 2403 5715 quia
2440 5662 2614 5700 eorum
2642 5648 2774 5701 vitat.
2808 5646 2947 5702 Utic.
2978 5647 3158 5716 habet,
3192 5655 3475 5717 utramque

1927 5730 1986 5767 ec
2014 5729 2211 5767 nonem.

1927 5729 2211 5769 ecuonem.
