3976 6294
495 276 599 328 ἔόῗξῖ)

1720 274 1959 329 8ΑΝΟΤ1
2002 273 2326 329 GREGORII
2371 274 2582 328 MAGNI

3668 270 3768 330 563

492 395 989 464 incircumscriptus
1013 401 1093 447 est
1121 393 1357 462 spiritus,
1388 389 1469 444 vel
1497 406 1524 443 a
1552 391 1738 454 Satan,
1768 399 1791 426 α
1814 390 1906 459 qui
1930 392 2075 442 nulla
2107 395 2149 449 Α
2179 390 2393 442 miratio
2420 390 2618 443 intima:
2642 390 3131 460 contemplationis.
3177 391 3404 446 Virtutis
3439 390 3641 445 divime
3665 392 3768 446 mi-

493 497 579 544 est
617 505 810 543 carnea
859 496 1048 541 natura
1096 488 1352 551 vestitus,
1404 485 1637 537 humano
1686 484 1849 537 modo
1888 498 2082 537 aereus

497 580 656 634 ilatus
685 579 810 633 folle
839 579 1043 633 ventris
1070 578 1375 639 attrahitur,
1412 584 1468 628 ut
1495 590 1589 643 per
1614 589 1871 642 organum
1901 584 2082 645 guttu-

494 671 592 738 ris,
621 672 769 725 vocis
795 669 1143 738 expressione
1173 667 1443 721 reddatur.
1475 666 1580 719 Sed
1612 665 1738 719 dum
1768 676 1973 720 naturae
2003 667 2081 719 in-

492 761 688 817 visibili
738 769 926 813 natura
978 757 1538 826 incomprehensibilis
1566 757 1825 826 loquitur,
1864 758 2081 825 dignum

489 862 576 911 est
614 862 671 907 ut
712 866 864 905 mens
902 860 1083 903 nostra
1127 849 1444 917 qualitatem
1485 864 1762 918 corporea:
1796 849 2084 903 locutionis

488 943 776 1005 excedens,
810 941 876 994 ad
906 940 1163 1005 sublimes
1192 949 1354 1009 atque
1379 941 1685 1007 incognitos
1710 940 1901 995 modos
1932 940 2082 994 locu-

490 1033 654 1088 tionis
691 1032 891 1087 intimze
931 1031 1308 1100 suspendatur.
1355 1032 1465 1086 Nos
1504 1048 1735 1102 namque
1772 1041 1834 1086 ut
1870 1048 1934 1087 ea
1964 1047 2082 1100 qua:

489 1124 753 1178 sentimus
798 1123 1122 1177 intrinsecus
1166 1122 1502 1177 extrinsecus
1539 1124 1919 1191 exprimamus,
1970 1122 2083 1175 lucc

465 1192 589 1283 iper
634 1227 893 1281 organum
942 1213 1196 1282 gutturis,
1246 1229 1344 1283 per
1385 1229 1575 1268 sonum
1622 1213 1770 1267 vocis
1816 1212 2079 1281 ejicimus.

492 1305 698 1360 Alienis
724 1306 923 1376 quippe
952 1305 1123 1360 oculis
1155 1306 1293 1358 intra
1338 1314 1606 1358 secretmn
1657 1305 1883 1368 mentis,
1928 1304 2082 1372 quasi

493 1407 619 1467 post
640 1396 894 1465 parietem
925 1397 1168 1465 cerporis
1197 1405 1434 1459 stamus;
1468 1395 1561 1449 sed
1591 1412 1712 1449 cum
1742 1394 2083 1448 manifestare

494 1487 857 1555 nosmetipsos
876 1488 1138 1554 cupimus,
1170 1487 1323 1555 quasi
1355 1502 1449 1556 per
1474 1487 1666 1555 linguzn
1685 1486 1903 1555 januam
1932 1500 2084 1551 egre-

494 1578 690 1639 dimur,
723 1584 778 1630 ut
800 1575 987 1645 quales
1008 1592 1194 1630 sumus
1223 1576 1547 1631 intrinsecus
1568 1576 1933 1630 ostendamus.
1963 1574 2083 1643 Spi-

492 1668 665 1721 ritalis
692 1676 871 1721 autem
917 1676 1110 1721 natura
1153 1683 1261 1721 non
1303 1667 1374 1720 ita
1416 1676 1525 1731 est,
1575 1682 1695 1736 qua:
1723 1681 1790 1720 ex
1823 1673 2002 1718 mente
2030 1673 2085 1717 et

2186 480 2367 532 racula
2397 480 2767 549 obstupuisse,
2810 480 3011 535 dixisse
3039 491 3152 549 est,
3195 483 3319 552 quia
3350 483 3620 537 excitatus
3647 496 3769 535 cum

2185 570 2486 623 reverentia
2516 580 2694 624 motus
2721 571 2899 625 cordis
2917 613 2931 635 ,
2966 586 3193 638 magnus
3219 580 3301 627 est
3329 573 3395 625 ad
3424 588 3586 626 aures
3614 572 3775 625 incir-

2184 660 2493 729 cumscripti
2522 662 2742 729 spiritus
2775 662 2982 716 clamor
3010 663 3181 717 vocis.
3226 661 3355 729 Qua:
3396 680 3503 717 vox
3532 679 3593 717 se
3617 666 3773 731 quasi

2185 767 2284 821 per
2302 752 2554 805 distincta
2578 752 2737 806 verba
2765 754 3018 821 explicat,
3051 754 3176 807 dum
3202 769 3322 808 sese
3347 771 3441 823 per
3464 756 3773 813 innumeros

2186 843 2377 897 modos
2402 843 2775 899 admirationis
2802 843 3014 897 format.
3034 844 3174 898 Deus
3203 859 3333 913 ergo
3362 845 3567 912 angelis
3596 847 3773 917 loqui-

2185 942 2295 997 tur,
2328 949 2451 987 cum
2482 935 2562 989 eis
2581 935 2831 989 voluntas
2860 934 2976 1003 ejus
3000 936 3184 988 intima
3212 946 3235 972 ο
3263 936 3489 989 videnda
3522 937 3775 993 manifes-

2187 1032 2351 1077 tatur.
2403 1024 2589 1092 Angeli
2642 1034 2820 1078 autem
2872 1026 3166 1092 loquuntur
3211 1024 3459 1093 Domino,
3509 1041 3632 1079 cum
3682 1043 3776 1096 per

2187 1114 2320 1176 hoc,
2366 1115 2509 1182 quod
2553 1130 2717 1184 super
2754 1117 3074 1185 semetipsos
3103 1117 3430 1185 respiciunt,
3478 1117 3533 1170 in
3570 1128 3775 1173 motum

2185 1204 2554 1258 admirationis
2582 1214 2828 1272 surgunt.

2255 1294 2399 1364 [γει.
2439 1293 2559 1364 γι]
2586 1296 2752 1350 Aliter
2782 1295 2920 1350 Deus
2943 1299 3011 1350 ad
3032 1308 3326 1352 sanctorum
3350 1305 3574 1367 animas,
3602 1312 3652 1354 et
3671 1304 3778 1357 ille

2185 1386 2255 1438 ad
2284 1385 2468 1439 Deum.
2496 1420 2566 1429 —-
2596 1389 2759 1442 aliter
2777 1388 2915 1442 Deus
2943 1389 3010 1443 ad
3033 1400 3342 1444 sanctorum
3365 1393 3592 1458 animas,
3622 1395 3779 1448 aliter

2186 1484 2494 1529 sanctorum
2544 1478 2735 1531 anima:
2782 1478 3076 1547 loquuntur
3104 1480 3170 1533 ad
3212 1481 3403 1535 Deum.
3443 1481 3599 1536 Unde
3638 1495 3692 1537 et
3720 1486 3775 1540 in

2184 1564 2406 1620 Joannis
2428 1568 2747 1638 Apocalypsi
2771 1586 2980 1623 rursum
3006 1572 3202 1624 dicitur
3228 1588 3240 1623 :
3278 1572 3394 1625 l'idi
3416 1572 3589 1625 subter
3610 1578 3777 1627 altera

2187 1659 2387 1711 animas
2424 1661 2809 1730 interfectorum
2840 1672 3051 1732 propter
3078 1664 3283 1715 verbum
3313 1662 3443 1728 Dei,
3473 1676 3523 1717 et
3567 1679 3777 1736 propter

490 1775 722 1828 corpore
762 1759 1059 1827 composita
1107 1757 1389 1829 dupliciter
1436 1774 1544 1811 non
1594 1764 1695 1810 est.
1748 1754 1855 1809 Sed
1899 1769 2083 1807 rursus
2115 1762 2160 1822 Β
2189 1750 2532 1803 testimonium
2559 1752 2695 1821 quod
2723 1752 3014 1816 habebunt;
3038 1762 3087 1805 et
3115 1754 3409 1806 clamabant
3438 1772 3555 1808 voce
3584 1772 3776 1826 magna

490 1851 766 1905 sciendum
796 1861 879 1905 est
906 1850 1029 1920 quia
1062 1850 1174 1918 ipsa
1205 1850 1366 1903 etiam
1399 1859 1586 1903 natura
1617 1849 1932 1915 incorporea
1959 1861 2081 1900 cum

493 1943 640 2011 loqui
692 1943 909 1999 dicitur.
962 1941 1081 2009 ejus
1133 1941 1333 1995 locutio
1381 1954 1719 2008 nequaquam
1768 1952 1873 1992 una
1921 1945 2083 2003 atque

494 2033 683 2087 eadem
712 2032 974 2101 qualitate
1006 2032 1287 2085 formatur.
1318 2031 1487 2085 Aliter
1507 2030 1650 2084 enim
1680 2029 1917 2097 loquitur
1944 2026 2085 2081 Deus

494 2124 561 2179 ad
590 2125 846 2194 angelos,
878 2124 1033 2178 aliter
1069 2122 1242 2191 angeli
1282 2123 1349 2176 ad
1394 2123 1587 2185 Deum;
1634 2122 1791 2175 aliter
1835 2122 1973 2175 Deus
2017 2119 2084 2172 ad

494 2226 809 2272 sanctorum
874 2218 1121 2280 animas,
1183 2214 1339 2267 aliter
1391 2222 1699 2267 sanctorum
1759 2212 1953 2265 animae
2018 2210 2083 2264 ad

496 2307 697 2367 Deum;
738 2307 896 2361 aliter
928 2306 1066 2359 Deus
1105 2304 1171 2358 ad
1208 2305 1511 2367 diabolum,
1561 2304 1716 2357 aliter
1746 2302 1991 2356 diabolus
2018 2299 2083 2354 ad

498 2396 686 2449 Deum.

568 2489 619 2542 9.
670 2489 833 2541 Aliter
878 2490 1010 2541 Deus
1049 2488 1272 2559 loquitur
1309 2487 1378 2539 ad
1405 2487 1636 2557 angelos.
1680 2515 1748 2527 -—
1798 2484 1927 2538 Nam
1958 2485 2082 2554 quia

497 2578 725 2647 spiritali
780 2587 985 2632 natura:
1040 2594 1107 2633 ex
1164 2591 1426 2647 corporea
1485 2577 1509 2613 ιτ
1560 2578 1900 2646 oppositione
1953 2575 2083 2629 nihil

496 2671 713 2731 obstat,
766 2668 1006 2737 loquitur
1046 2668 1186 2721 Deus
1215 2667 1281 2719 ad
1330 2666 1550 2735 angelos
1585 2677 1805 2719 sanctos
1840 2680 1907 2719 eo
1944 2665 2083 2733 ipso,

496 2775 604 2828 quo
631 2775 818 2812 eorum
847 2757 1100 2813 cordibus
1129 2758 1339 2811 occulta
1370 2772 1464 2809 sua
1498 2755 1783 2809 invisibilia
1809 2763 2081 2809 ostentat:

496 2860 556 2904 ut
575 2850 831 2919 quidquid
866 2864 1024 2918 agere
1059 2850 1327 2914 debeant,
1380 2849 1432 2902 in
1481 2849 1596 2917 ipsa
1626 2847 2085 2919 contemplatione

495 2941 743 2994 veritatis
764 2940 964 3009 legant,
996 2948 1052 2994 et
1072 2940 1219 2993 velut
1238 2941 1480 3008 qua-dam
1510 2947 1777 3008 prtecepta
1800 2937 1950 2992 vocis
1978 2938 2087 2993 sint

496 3032 607 3101 ipsa
636 3031 827 3099 gaudia
858 3030 1349 3100 contemplationis.
1374 3028 1537 3095 Quasi
1567 3030 1709 3083 enim
1737 3028 2081 3082 audientibus

2185 1842 2409 1894 dicentes
2433 1856 2451 1894 :
2480 1841 2773 1913 Usquequo,
2805 1842 3047 1910 Domine,
3070 1853 3279 1897 sanctus
3301 1855 3350 1897 et
3371 1862 3541 1911 verus,
3571 1863 3675 1899 non
3690 1848 3776 1916 ju-

2185 1930 2330 1983 dicas
2351 1939 2398 1983 et
2419 1933 2649 1986 vindicas
2670 1936 2975 2003 sanguinem
2996 1944 3229 1990 nostrum
3251 1935 3314 1989 de
3334 1936 3415 1989 Itis
3434 1938 3524 2005 qui
3543 1938 3777 1992 habitant

2184 2026 2238 2077 in
2265 2029 2439 2079 terra?
2472 2026 2566 2081 Ubi
2592 2028 2736 2082 illico
2759 2028 3087 2098 adjungitur,
3106 2029 3269 2093 Data:
3290 2041 3409 2085 sunt
3428 2034 3536 2086 illis
3557 2036 3777 2101 singula

2184 2118 2332 2169 stola:
2355 2115 2505 2182 albte,
2537 2127 2586 2172 et
2614 2118 2808 2171 dictum
2835 2129 2911 2172 est
2937 2120 3061 2185 illis,
3093 2130 3148 2173 ut
3176 2123 3551 2192 requiescerent
3580 2133 3780 2192 tempus

2186 2208 2352 2260 adhuc
2372 2209 2649 2273 modicum,
2672 2210 2837 2263 donec
2858 2213 3132 2281 impleatur
3151 2228 3393 2266 numerus
3415 2230 3777 2268 conservorum

2186 2307 2235 2349 et
2264 2300 2485 2367 fratrum
2506 2317 2701 2355 eorum.
2735 2299 2870 2365 Quid
2899 2313 2981 2356 est
3010 2304 3151 2357 enim
3174 2305 3381 2359 animas
3408 2304 3663 2359 vindictae
3684 2322 3780 2375 pe—

2189 2388 2436 2443 titionem
2466 2390 2667 2455 dicere,
2701 2390 2801 2445 nisi
2830 2391 2970 2445 diem
3000 2395 3228 2448 extremi
3247 2394 3433 2462 judicii
3453 2435 3468 2459 ,
3514 2405 3571 2449 et
3600 2411 3781 2451 resur-

2187 2483 2481 2536 rectionem
2494 2484 2881 2538 exstinctorum
2901 2501 3187 2555 corporum
3201 2487 3509 2541 desiderare
3522 2488 3545 2540 ?
3557 2487 3783 2555 Magnus

2187 2574 2388 2643 quippe
2441 2590 2626 2629 earum
2681 2577 2927 2643 clamor,
2983 2592 3236 2647 magnum
3286 2588 3369 2633 est
3420 2580 3781 2639 desiderium.

2189 2661 2363 2715 Tanto
2401 2665 2545 2718 enim
2590 2666 2818 2735 quisque
2859 2667 3035 2720 minus
3078 2668 3306 2735 clamat,
3351 2680 3557 2737 quanto
3597 2671 3783 2726 minus

2191 2751 2494 2810 desiderat:
2528 2763 2583 2807 et
2612 2765 2763 2813 tanto
2793 2757 3052 2824 majorem
3079 2774 3267 2812 vocem
3296 2759 3347 2812 in
3373 2775 3530 2813 aures
3566 2760 3582 2797 ί
3618 2761 3785 2817 incir-

2190 2846 2500 2913 cumscripti
2570 2847 2788 2915 spiritus
2844 2849 3125 2917 exprimit,
3176 2861 3379 2920 quanto
3428 2867 3487 2905 se
3546 2852 3598 2904 in
3658 2853 3787 2921 ejus

2190 2933 2517 2989 desiderium
2565 2938 2775 3006 plenius
2821 2939 3011 2994 tundit.
3055 2940 3367 2996 Animarum
3408 2943 3571 3010 igitur
3611 2946 3787 3000 verba

2190 3023 2303 3091 ipsa
2345 3034 2471 3079 sunt
2497 3025 2781 3083 desideria.
2818 3030 2948 3083 Nam
2988 3032 3033 3086 si
3075 3032 3399 3087 desiderium
3445 3050 3626 3089 sermo
3666 3052 3786 3091 non

494 3122 715 3187 dicitur,
749 3124 892 3191 (μιοά
922 3121 1225 3177 videmmus
1264 3121 1370 3192 42
1406 3122 1715 3190 inspiratur,
1768 3119 1919 3175 unde
1958 3136 2080 3174 cum
2111 3125 2159 3187 ρ
2189 3121 2353 3179 esset,
2377 3113 2643 3182 Propheta
2669 3133 2774 3171 non
2794 3118 3031 3173 diceret:
3059 3118 3384 3175 Desiderium
3407 3124 3581 3176 cordis
3602 3142 3788 3180 eorum

494 3226 681 3265 eorum
712 3210 989 3271 cordibus,
1026 3211 1164 3264 Deus
1194 3220 1381 3264 contra
1413 3209 1702 3262 humanam
1733 3208 2037 3277 superbiam
2061 3251 2076 3275 ,

496 3300 1020 3354 animadversionem
1053 3301 1272 3353 ultionis
1302 3299 1636 3363 infunderet,
1676 3299 1812 3352 dixit
1842 3317 1855 3353 :
1897 3298 2081 3353 Venite

496 3391 889 3453 descendemus,
938 3400 988 3444 et
1039 3392 1417 3461 confundamus
1458 3392 1527 3445 ibi
1561 3403 1583 3431 ο
1634 3393 1866 3463 linguam
1907 3409 2081 3446 eorum

498 3481 720 3551 (Cenes.
754 3498 819 3544 tt,
856 3480 943 3551 Ἰ).
988 3480 1235 3536 Diciturd
1266 3484 1346 3537 eis
1375 3484 1463 3552 qui
1498 3483 1777 3538 adhaerent
1800 3528 1814 3549 ,
1867 3482 2082 3546 Venite;

497 3572 622 3641 quia
655 3572 901 3626 nimirum
930 3572 1035 3625 hoc
1062 3572 1233 3641 ipsum
1270 3587 1540 3641 nunquam
1570 3587 1599 3625 a
1634 3572 1810 3625 divina
1843 3579 2085 3626 contem-

499 3662 737 3731 platione
754 3661 1090 3728 decrescere,
1120 3662 1171 3715 in
1190 3662 1367 3715 divina
1391 3662 1850 3732 contemplatione
1872 3677 2086 3731 semper

496 3768 808 3807 accrescere
835 3763 949 3817 est;
980 3763 1036 3809 et
1073 3769 1344 3823 nunquam
1390 3755 1554 3809 corde
1594 3754 1882 3819 recedere,
1930 3753 2084 3822 quasi

495 3842 730 3910 quodam
772 3844 949 3898 stabili
997 3852 1143 3897 motu
1186 3852 1270 3897 est
1308 3859 1523 3913 semper
1553 3844 1755 3897 venire.
1788 3843 1990 3909 Quibus
2030 3850 2084 3896 et

497 3933 624 3988 dicit
654 3952 665 3987 :
696 3934 1077 3988 Desccndamus
1119 3945 1168 3988 et
1196 3935 1577 4005 confundantus
1613 3934 1845 4006 linguam
1884 3949 2080 3988 eorum.

498 4023 807 4077 Ascendunt
827 4023 1024 4091 angeli,
1049 4024 1102 4077 in
1125 4039 1192 4078 eo
1220 4022 1364 4093 quod
1394 4032 1693 4077 creatorem
1720 4022 2079 4093 conspiciunt.

497 4111 838 4169 Descendunt
884 4114 1081 4181 angeli,
1132 4114 1184 4167 in
1226 4128 1293 4167 eo
1329 4112 1473 4181 quod
1513 4120 1819 4166 creaturam
1862 4125 1984 4166 sese
2028 4112 2083 4165 in

497 4203 700 4260 illicitis
754 4203 1051 4271 erigentem
1102 4202 1350 4256 examine
1404 4200 1757 4255 districtionis
1810 4210 2079 4269 premunt.

498 4296 686 4350 Dicere
712 4308 841 4362 ergo
877 4294 969 4348 Dei
1001 4302 1084 4347 est
1133 4311 1145 4346 :
1192 4292 1577 4346 Descendanms
1617 4301 1667 4345 et
1706 4291 2083 4362 confundamns

498 4387 726 4456 linguam
749 4402 953 4448 eorum,
987 4384 1037 4436 in
1066 4385 1244 4451 seipso
1272 4384 1351 4437 eis
1385 4384 1488 4437 hoc
1507 4424 1522 4444 ,
1553 4382 1699 4451 quod
1720 4391 1868 4437 recte
1893 4390 2083 4450 agatur

2187 3202 2381 3255 audivit
2406 3204 2549 3257 auris
2573 3216 2659 3257 tua
2683 3206 2854 3276 (Psal.
2883 3224 2955 3273 ix,
2976 3207 3086 3278 17).
3117 3210 3222 3263 Sed
3246 3226 3364 3264 cum
3393 3212 3553 3266 aliter
3574 3218 3789 3270 moveri

2186 3297 2359 3351 soleat
2403 3314 2554 3354 mens
2599 3316 2720 3370 quae
2761 3302 2925 3371 petit,
2976 3303 3240 3373 aliterque
3284 3320 3403 3373 qua:
3443 3307 3671 3375 petitur,
3724 3318 3791 3363 ct

2186 3399 2496 3443 sanctorum
2526 3390 2718 3445 animae
2756 3394 2827 3446 ita
2860 3393 2911 3446 in
2945 3394 3139 3448 interni
3177 3397 3371 3449 secreti
3401 3397 3519 3451 sinu
3550 3396 3663 3453 Deo
3691 3399 3787 3453 in-

2186 3479 2460 3543 intereant,
2502 3490 2560 3534 ut
2598 3482 2908 3537 inhaarendo
2954 3485 3333 3553 requiescant;
3373 3487 3650 3555 quomodo
3686 3488 3779 3542 di-

2185 3580 2378 3625 cuntur
2421 3582 2629 3641 petere,
2682 3588 2817 3643 quas
2861 3577 2929 3631 ab
2977 3577 3186 3633 interna
3234 3580 3519 3635 voluntate
3566 3592 3791 3637 constat

2186 3662 2490 3716 nullatenus
2518 3663 2865 3733 discrepare?
2910 3668 3183 3735 quomodo
3211 3668 3460 3724 dicuntur
3496 3680 3520 3717 Β
3549 3680 3741 3740 petere
3761 3713 3781 3733 .

2186 3763 2321 3817 quas
2348 3758 2403 3804 et
2433 3750 2759 3805 voluntatem
2787 3751 2876 3807 Dei
2908 3763 3113 3807 certum
3145 3766 3248 3820 est,
3278 3766 3336 3811 ct
3363 3773 3425 3812 ea
3455 3773 3580 3827 qua:
3599 3760 3784 3813 futura

2186 3849 2330 3903 sunt,
2367 3856 2472 3895 non
2503 3841 2792 3909 ignorare?
2821 3844 2928 3897 Sed
2957 3845 3009 3898 in
3041 3845 3159 3915 ipso
3190 3848 3396 3915 posita),
3428 3850 3496 3902 ab
3527 3851 3647 3918 ipso
3676 3850 3786 3902 ali—

2187 3932 2315 4001 quid
2346 3941 2531 4002 petere
2559 3934 2827 4000 dicuntur,
2860 3952 2966 3990 non
2996 3952 3105 4006 quo
3133 3939 3423 4008 quidquam
3448 3940 3784 4004 desiderent,

2185 4024 2329 4094 quod
2355 4025 2423 4081 ab
2451 4025 2557 4097 a3
2587 4026 2702 4095 ejus
2727 4028 3031 4094 voluntate,
3064 4045 3223 4100 quem
3252 4041 3509 4097 cernunt,
3558 4033 3776 4088 discor-

2185 4115 2278 4171 dat
2308 4133 2322 4170 :
2354 4116 2447 4172 sed
2471 4132 2579 4187 quo
2598 4129 2779 4175 mente
2807 4120 3083 4176 ardentius
3113 4122 3395 4188 inhzerent,
3424 4138 3491 4177 eo
3516 4126 3678 4179 etiam
3701 4124 3777 4178 de

2186 4206 2304 4276 ipso
2347 4208 2638 4278 accipiunt,
2683 4217 2742 4263 ut
2778 4210 2845 4264 ab
2885 4211 3002 4280 ipso
3038 4221 3246 4282 petant,
3276 4214 3417 4283 quod
3439 4230 3561 4268 eum
3589 4214 3776 4271 facere

2186 4297 2325 4352 velle
2354 4308 2640 4353 noverunt.
2680 4300 2757 4355 De
2786 4301 2901 4370 ipso
2941 4315 3069 4370 ergo
3098 4302 3319 4371 bibunt,
3367 4304 3510 4372 quod
3556 4305 3626 4358 ab
3657 4306 3781 4377 ipso

2185 4388 2402 4451 sitiunt;
2446 4398 2501 4445 et
2528 4391 2693 4445 modo
2722 4392 2876 4446 nobis
2906 4391 3079 4447 adhuc
3109 4393 3672 4463 incomprehensibili,
3723 4398 3781 4451 in

499 4475 813 4537 ostendere,
846 4482 900 4528 et
931 4489 1026 4543 per
1053 4473 1157 4527 vim
1190 4474 1413 4526 interna:
1436 4474 1687 4538 visionis,
1718 4488 1907 4528 eorum
1934 4488 2084 4528 men-
2113 4493 2168 4554 ι)
2190 4478 2315 4542 hoc.
2347 4482 2490 4549 quod
2522 4483 2759 4550 petendo
2788 4484 3063 4552 esuriant,
3114 4486 3443 4555 praesciendo
3490 4490 3783 4542 satiantur.

502 4572 641 4627 tibus
662 4570 962 4625 exhibenda
985 4568 1183 4637 judicia
1209 4569 1435 4623 occultis
1465 4568 1699 4622 motibus
1725 4568 2007 4637 inspirare.

570 4664 655 4717 10.
699 4664 860 4716 Aliter
878 4662 1048 4733 angeli
1070 4662 1138 4714 ad
1162 4660 1343 4714 Deum.
1374 4694 1445 4703 —-
1470 4660 1642 4714 Aliter
1665 4659 1956 4728 loquuntur
1983 4674 2082 4711 an-

497 4754 601 4821 geli
646 4753 715 4807 ad
765 4752 962 4817 Deum,
1017 4753 1157 4806 sicut
1203 4760 1257 4803 et
1306 4766 1402 4821 per
1442 4750 1663 4806 Joannis
1702 4749 2084 4819 Apocalypsim

496 4844 683 4898 dicunt
707 4861 719 4895 :
748 4841 948 4913 Dignus
969 4851 1043 4895 est
1072 4842 1269 4912 Agnus,
1294 4841 1379 4909 qui
1401 4840 1597 4894 occisus
1619 4848 1714 4903 est,
1740 4840 1971 4907 accipere
1982 4839 2085 4892 vir-

496 4944 674 4998 tutem,
698 4942 748 4987 et
770 4932 1108 4997 divinitatem,
1136 4944 1183 4985 et
1203 4932 1513 5001 sapientiam
1537 4930 1720 5002 (Apoc.
1744 4946 1798 4993 v,
1824 4928 1936 4998 η).
1963 4930 2077 4984 Vox

499 5039 729 5092 namque
761 5025 1072 5094 angelorum
1100 5032 1183 5076 est
1213 5024 1263 5076 in
1296 5022 1451 5075 laude
1481 5019 1808 5085 conditoris,
1842 5020 1953 5089 ipsa
1984 5020 2080 5073 ad-

569 5168 593 5195 ι
623 5156 748 5212 "rec
792 5158 955 5211 verba
988 5145 1221 5211 notanda
1264 5165 1409 5217 sunt,
1460 5164 1518 5209 ut
1567 5153 1896 5222 intelligatur
1932 5154 2078 5223 quod

496 5244 641 5294 sup.,
684 5243 805 5288 cap.
837 5228 890 5285 5.
938 5228 1091 5292 dixit,
1143 5228 1355 5296 angelos
1396 5227 1786 5296 comparatione
1825 5223 1924 5296 Dei
1969 5241 2083 5296 esse

496 5314 700 5367 corpus.
728 5297 903 5351 llabcs
929 5298 982 5351 in
1009 5298 1157 5365 przcl.
1189 5293 1425 5365 generali
1454 5293 1851 5363 assertamrejus
1874 5295 2077 5350 doctri-

498 5383 619 5421 nam
649 5368 716 5420 de
748 5376 932 5421 natura
963 5371 1269 5433 angelorum
1304 5367 1642 5434 incorporea.

571 5438 597 5475 δ
624 5436 699 5491 ita
731 5436 857 5493 MSS.
890 5453 953 5491 ac
979 5437 1209 5505 Vulgati,
1244 5438 1586 5506 oppositione.

574 5519 595 5545 ι·
628 5506 771 5561 Pcne
796 5523 985 5561 omnes
1008 5503 1156 5568 Mss.,
1188 5503 1412 5576 linguas.
1438 5505 1581 5558 Idem
1602 5503 2002 5558 observavimus
2027 5503 2079 5558 in

496 5577 970 5645 wisequentibus,
1004 5577 1091 5629 ubi
1119 5575 1276 5645 locus
1301 5575 1682 5645 hiclaudatur.

567 5646 595 5684 ά
627 5641 788 5709 Editi,
856 5648 904 5697 ui
936 5645 1171 5698 aderant.
1206 5644 1574 5701 Emendantur
1602 5658 1705 5715 ope
1734 5642 1860 5699 Mss.
1886 5641 2078 5708 Corb.,

498 5712 679 5766 G'erm.
712 5724 767 5766 et
795 5664 865 5766 ai.

524 5720 679 5771 i‘crm.
712 5724 767 5768 et
795 5720 865 5767 al.

2187 4568 2570 4625 Discordarent
2590 4585 2719 4639 ergo
2745 4573 3069 4629 avoluntate
3090 4575 3413 4641 conditoris,
3440 4576 3483 4629 si
3510 4592 3631 4645 qua!
3656 4595 3781 4632 eum

2187 4661 2371 4715 vident
2391 4662 2551 4727 velle,
2586 4679 2693 4717 non
2725 4672 3003 4732 peterent;
3036 4666 3196 4735 eique
3226 4669 3397 4721 minus
3429 4667 3785 4735 inhaererent,

2186 4752 2230 4806 si
2253 4752 2526 4806 volentem
2551 4752 2700 4818 dare,
2724 4754 2991 4810 desiderio
3011 4757 3231 4827 pigriori
3255 4757 3549 4826 pulsarent.
3576 4759 3785 4823 Quibus

2187 4857 2503 4912 responsum
2520 4843 2773 4899 divinitus
2786 4846 2981 4900 dicitur
3007 4863 3019 4899 :
3040 4846 3357 4915 Requiescite
3386 4858 3582 4917 tempus
3608 4849 3785 4901 adhuc

2188 4932 2475 4996 modicum,
2516 4933 2679 4987 donec
2708 4934 3025 5003 compleatur
3062 4952 3304 4991 numerus
3340 4953 3704 4993 conservorum
3732 4949 3784 4992 et

2189 5023 2411 5092 fratrum
2457 5035 2756 5080 vestrorum.
2818 5026 3255 5083 Desiderantibus
3300 5030 3621 5099 animabus,
3676 5032 3783 5087 Re-

2215 5222 2226 5233 .
2259 5162 2286 5217 ,°
2321 5152 2764 5233 Remanemigu
2815 5157 3065 5229 Longip.,
3096 5160 3214 5215 Val.
3245 5161 3415 5228 Clar.,
3460 5161 3654 5231 Corb.,
3694 5170 3779 5218 ἑκ»

2189 5225 2313 5275 lima
2336 5225 2572 5278 videndo.

2279 5295 2292 5329 ί
2336 5293 2409 5347 Ita
2456 5296 2643 5357 Corb.,
2675 5294 2855 5349 Germ.
2902 5307 2957 5350 et
2985 5316 3173 5354 omnes
3200 5302 3326 5357 Mss.
3360 5318 3423 5358 ac
3450 5305 3780 5357 vetustiores

2188 5364 2462 5422 Editiones
2491 5365 2809 5421 Parsiensis
2837 5376 2891 5419 et
2920 5367 3081 5422 Basil.
3112 5369 3301 5433 Gilot..
3332 5389 3475 5426 anno
3519 5373 3676 5431 1571.
3724 5382 3779 5425 et

2184 5434 2584 5511 alia:_t_|einceps
2626 5435 2849 5511 habent_
2863 5439 2914 5489 in
2957 5455 3107 5511 aures
3136 5442 3513 5511 circumscripti
3539 5445 3773 5509 spiritus.

2180 5502 2492 5582 Manifestus
2513 5502 2601 5582 est.
2618 5519 2789 5582 error.
2818 5506 3360 5582 Sanctungregurius
3382 5502 3477 5582 per
3496 5502 3775 5565 incircum-

2183 5579 2433 5649 scriptttm
2454 5576 2711 5649 _spiritum
2743 5575 3207 5649 Denmgintelligit‘.

2259 5642 2581 5719 si_ln_ij3ditis,
2614 5647 2865 5719 quomodo
2893 5642 3139 5719 dicuan
3154 5652 3435 5705 vindictam
3457 5651 3778 5719 desiderare,

2188 5715 2349 5772 nullis
2377 5714 2501 5767 Mss.
2534 5715 2732 5769 nostris
2756 5717 3235 5774 consentientibus.
