  <div class='ocr_page' id='page_1' title='image "/cluster/home/n/w/nwhite01/storage/ocr_20150623/75/uva.x000827087/288.png"; bbox 0 0 3976 6324; ppageno 0'>
   <div class='ocr_carea' id='block_1_1' title="bbox 220 469 315 527">
    <p class='ocr_par' dir='ltr' id='par_1_1' title="bbox 220 469 315 527">
     <span class='ocr_line' id='line_1_1' title="bbox 220 469 315 527; baseline -0.053 0"><span class='ocrx_word' id='word_1_1' title='bbox 220 469 315 527; x_wconf 72' lang='grc'><strong>561</strong></span> 
     </span>
    </p>
   </div>
   <div class='ocr_carea' id='block_1_2' title="bbox 1180 473 2638 529">
    <p class='ocr_par' dir='ltr' id='par_1_2' title="bbox 1180 473 2638 529">
     <span class='ocr_line' id='line_1_2' title="bbox 1180 473 2638 529; baseline 0.002 -4"><span class='ocrx_word' id='word_1_2' title='bbox 1180 473 1539 529; x_wconf 60' lang='grc' dir='ltr'><strong>ιιΙυῐὶΑῌυΜ</strong></span> <span class='ocrx_word' id='word_1_3' title='bbox 1579 474 1706 528; x_wconf 83' lang='lat' dir='ltr'><strong>LIB.</strong></span> <span class='ocrx_word' id='word_1_4' title='bbox 1753 475 1817 528; x_wconf 92' lang='lat' dir='ltr'><strong>ll.</strong></span> <span class='ocrx_word' id='word_1_5' title='bbox 1858 503 1928 512; x_wconf 89' lang='lat'><strong>——</strong></span> <span class='ocrx_word' id='word_1_6' title='bbox 1967 473 2031 527; x_wconf 80' lang='grc' dir='ltr'><strong>ΙΝ</strong></span> <span class='ocrx_word' id='word_1_7' title='bbox 2070 473 2296 529; x_wconf 81' lang='lat' dir='ltr'><strong>CAPUT</strong></span> <span class='ocrx_word' id='word_1_8' title='bbox 2338 474 2354 527; x_wconf 93' lang='lat' dir='ltr'><strong>I</strong></span> <span class='ocrx_word' id='word_1_9' title='bbox 2400 474 2454 527; x_wconf 88' lang='grc' dir='ltr'><strong>Β.</strong></span> <span class='ocrx_word' id='word_1_10' title='bbox 2499 475 2638 528; x_wconf 73' lang='lat' dir='ltr'><strong>JUD.</strong></span> 
     </span>
    </p>
   </div>
   <div class='ocr_carea' id='block_1_3' title="bbox 3373 478 3477 533">
    <p class='ocr_par' dir='ltr' id='par_1_3' title="bbox 3373 478 3477 533">
     <span class='ocr_line' id='line_1_3' title="bbox 3373 478 3477 533; baseline -0.019 0"><span class='ocrx_word' id='word_1_11' title='bbox 3373 478 3477 533; x_wconf 62' lang='lat'><strong>36:).</strong></span> 
     </span>
    </p>
   </div>
   <div class='ocr_carea' id='block_1_4' title="bbox 218 585 3485 659">
    <p class='ocr_par' dir='ltr' id='par_1_4' title="bbox 218 585 3485 659">
     <span class='ocr_line' id='line_1_4' title="bbox 218 585 3485 659; baseline -0 -20"><span class='ocrx_word' id='word_1_12' title='bbox 218 586 454 659; x_wconf 70' lang='lat' dir='ltr'><strong>quiescite</strong></span> <span class='ocrx_word' id='word_1_13' title='bbox 476 594 667 653; x_wconf 82' lang='lat' dir='ltr'><strong>tempus</strong></span> <span class='ocrx_word' id='word_1_14' title='bbox 698 585 864 637; x_wconf 79' lang='lat' dir='ltr'><strong>adhuc</strong></span> <span class='ocrx_word' id='word_1_15' title='bbox 894 586 1168 649; x_wconf 87' lang='lat' dir='ltr'><strong>modicum,</strong></span> <span class='ocrx_word' id='word_1_16' title='bbox 1199 586 1397 649; x_wconf 84' lang='lat' dir='ltr'><strong>dicere,</strong></span> <span class='ocrx_word' id='word_1_17' title='bbox 1430 596 1512 641; x_wconf 89' lang='lat' dir='ltr'><strong>est</strong></span> <span class='ocrx_word' id='word_1_18' title='bbox 1538 588 1678 642; x_wconf 88' lang='lat' dir='ltr'><strong>inter</strong></span> <span class='ocrx_word' id='word_1_19' title='bbox 1704 603 1794 640; x_wconf 85' lang='lat' dir='ltr'><strong>ar-</strong></span> <span class='ocrx_word' id='word_1_20' title='bbox 1828 590 1871 646; x_wconf 82' lang='grc' dir='ltr'><strong>Α</strong></span> <span class='ocrx_word' id='word_1_21' title='bbox 1902 587 1970 641; x_wconf 88' lang='lat' dir='ltr'><strong>ab</strong></span> <span class='ocrx_word' id='word_1_22' title='bbox 2000 586 2369 642; x_wconf 71' lang='lat' dir='ltr'><strong>immoderata:</strong></span> <span class='ocrx_word' id='word_1_23' title='bbox 2411 589 2719 643; x_wconf 78' lang='lat' dir='ltr'><strong>lectationis</strong></span> <span class='ocrx_word' id='word_1_24' title='bbox 2761 589 2959 656; x_wconf 91' lang='lat' dir='ltr'><strong>impetu</strong></span> <span class='ocrx_word' id='word_1_25' title='bbox 3000 603 3121 642; x_wconf 89' lang='lat' dir='ltr'><strong>eum</strong></span> <span class='ocrx_word' id='word_1_26' title='bbox 3158 589 3322 643; x_wconf 86' lang='lat' dir='ltr'><strong>etiam</strong></span> <span class='ocrx_word' id='word_1_27' title='bbox 3363 606 3485 659; x_wconf 84' lang='lat' dir='ltr'><strong>per.</strong></span> 
     </span>
    </p>
   </div>
   <div class='ocr_carea' id='block_1_5' title="bbox 215 677 1801 746">
    <p class='ocr_par' dir='ltr' id='par_1_5' title="bbox 215 677 1801 746">
     <span class='ocr_line' id='line_1_5' title="bbox 215 677 1801 746; baseline 0.001 -14"><span class='ocrx_word' id='word_1_28' title='bbox 215 679 401 732; x_wconf 84' lang='lat' dir='ltr'><strong>dorem</strong></span> <span class='ocrx_word' id='word_1_29' title='bbox 430 677 679 733; x_wconf 81' lang='lat' dir='ltr'><strong>desiderii</strong></span> <span class='ocrx_word' id='word_1_30' title='bbox 711 693 778 731; x_wconf 79' lang='lat' dir='ltr'><strong>ex</strong></span> <span class='ocrx_word' id='word_1_31' title='bbox 808 678 921 746; x_wconf 88' lang='lat' dir='ltr'><strong>ipsa</strong></span> <span class='ocrx_word' id='word_1_32' title='bbox 963 679 1298 746; x_wconf 59' lang='lat' dir='ltr'><strong>praescientia</strong></span> <span class='ocrx_word' id='word_1_33' title='bbox 1330 680 1580 733; x_wconf 76' lang='lat' dir='ltr'><strong>solatium</strong></span> <span class='ocrx_word' id='word_1_34' title='bbox 1614 691 1637 715; x_wconf 72' lang='grc' dir='ltr'><strong>υ</strong></span> <span class='ocrx_word' id='word_1_35' title='bbox 1667 695 1801 734; x_wconf 87' lang='lat' dir='ltr'><strong>con-</strong></span> 
     </span>
    </p>
   </div>
   <div class='ocr_carea' id='block_1_6' title="bbox 216 768 1800 841">
    <p class='ocr_par' dir='ltr' id='par_1_6' title="bbox 216 768 1800 841">
     <span class='ocr_line' id='line_1_6' title="bbox 216 768 1800 841; baseline 0.001 -18"><span class='ocrx_word' id='word_1_36' title='bbox 216 768 499 824; x_wconf 83' lang='lat' dir='ltr'><strong>solationis</strong></span> <span class='ocrx_word' id='word_1_37' title='bbox 518 769 788 838; x_wconf 82' lang='lat' dir='ltr'><strong>aspirare;</strong></span> <span class='ocrx_word' id='word_1_38' title='bbox 815 777 874 823; x_wconf 93' lang='lat' dir='ltr'><strong>ut</strong></span> <span class='ocrx_word' id='word_1_39' title='bbox 894 778 949 822; x_wconf 90' lang='lat' dir='ltr'><strong>et</strong></span> <span class='ocrx_word' id='word_1_40' title='bbox 968 770 1267 824; x_wconf 89' lang='lat' dir='ltr'><strong>animarum</strong></span> <span class='ocrx_word' id='word_1_41' title='bbox 1291 787 1391 826; x_wconf 82' lang='lat' dir='ltr'><strong>vox</strong></span> <span class='ocrx_word' id='word_1_42' title='bbox 1414 772 1627 837; x_wconf 88' lang='lat' dir='ltr'><strong>sithoc,</strong></span> <span class='ocrx_word' id='word_1_43' title='bbox 1656 773 1800 841; x_wconf 90' lang='lat' dir='ltr'><strong>quod</strong></span> 
     </span>
    </p>
   </div>
   <div class='ocr_carea' id='block_1_7' title="bbox 212 860 1801 933">
    <p class='ocr_par' dir='ltr' id='par_1_7' title="bbox 212 860 1801 933">
     <span class='ocr_line' id='line_1_7' title="bbox 212 860 1801 933; baseline 0 -17"><span class='ocrx_word' id='word_1_44' title='bbox 212 870 457 916; x_wconf 75' lang='lat' dir='ltr'><strong>stillantes</strong></span> <span class='ocrx_word' id='word_1_45' title='bbox 502 860 843 926; x_wconf 87' lang='lat' dir='ltr'><strong>desiderant;</strong></span> <span class='ocrx_word' id='word_1_46' title='bbox 876 870 932 915; x_wconf 87' lang='lat' dir='ltr'><strong>et</strong></span> <span class='ocrx_word' id='word_1_47' title='bbox 961 861 1338 933; x_wconf 91' lang='lat' dir='ltr'><strong>respondentis</strong></span> <span class='ocrx_word' id='word_1_48' title='bbox 1383 863 1474 917; x_wconf 88' lang='lat' dir='ltr'><strong>Dei</strong></span> <span class='ocrx_word' id='word_1_49' title='bbox 1513 878 1693 917; x_wconf 83' lang='lat' dir='ltr'><strong>sermo</strong></span> <span class='ocrx_word' id='word_1_50' title='bbox 1731 864 1801 917; x_wconf 90' lang='lat' dir='ltr'><strong>sit</strong></span> 
     </span>
    </p>
   </div>
   <div class='ocr_carea' id='block_1_8' title="bbox 212 953 1800 1021">
    <p class='ocr_par' dir='ltr' id='par_1_8' title="bbox 212 953 1800 1021">
     <span class='ocr_line' id='line_1_8' title="bbox 212 953 1800 1021; baseline 0 -14"><span class='ocrx_word' id='word_1_51' title='bbox 212 953 337 1016; x_wconf 88' lang='lat' dir='ltr'><strong>hoc,</strong></span> <span class='ocrx_word' id='word_1_52' title='bbox 360 953 503 1021; x_wconf 88' lang='lat' dir='ltr'><strong>quod</strong></span> <span class='ocrx_word' id='word_1_53' title='bbox 528 969 621 1009; x_wconf 87' lang='lat' dir='ltr'><strong>eas</strong></span> <span class='ocrx_word' id='word_1_54' title='bbox 644 953 1015 1008; x_wconf 72' lang='lat' dir='ltr'><strong>retributionis</strong></span> <span class='ocrx_word' id='word_1_55' title='bbox 1036 954 1358 1009; x_wconf 87' lang='lat' dir='ltr'><strong>certitudine</strong></span> <span class='ocrx_word' id='word_1_56' title='bbox 1380 955 1517 1009; x_wconf 89' lang='lat' dir='ltr'><strong>inter</strong></span> <span class='ocrx_word' id='word_1_57' title='bbox 1533 954 1800 1008; x_wconf 86' lang='lat' dir='ltr'><strong>desideria</strong></span> 
     </span>
    </p>
   </div>
   <div class='ocr_carea' id='block_1_9' title="bbox 209 1042 1799 1113">
    <p class='ocr_par' dir='ltr' id='par_1_9' title="bbox 209 1042 1799 1113">
     <span class='ocr_line' id='line_1_9' title="bbox 209 1042 1799 1113; baseline -0.001 -15"><span class='ocrx_word' id='word_1_58' title='bbox 209 1042 518 1098; x_wconf 81' lang='lat' dir='ltr'><strong>conﬁrmat.</strong></span> <span class='ocrx_word' id='word_1_59' title='bbox 550 1043 897 1112; x_wconf 82' lang='lat' dir='ltr'><strong>Respond‘ere</strong></span> <span class='ocrx_word' id='word_1_60' title='bbox 916 1058 1045 1112; x_wconf 77' lang='lat' dir='ltr'><strong>ergo</strong></span> <span class='ocrx_word' id='word_1_61' title='bbox 1072 1043 1190 1113; x_wconf 84' lang='lat' dir='ltr'><strong>ejus</strong></span> <span class='ocrx_word' id='word_1_62' title='bbox 1213 1054 1314 1109; x_wconf 90' lang='lat' dir='ltr'><strong>est,</strong></span> <span class='ocrx_word' id='word_1_63' title='bbox 1340 1052 1398 1098; x_wconf 91' lang='lat' dir='ltr'><strong>ut</strong></span> <span class='ocrx_word' id='word_1_64' title='bbox 1421 1044 1799 1099; x_wconf 74' lang='lat' dir='ltr'><strong>collectionem</strong></span> 
     </span>
    </p>
   </div>
   <div class='ocr_carea' id='block_1_10' title="bbox 210 1130 1801 1204">
    <p class='ocr_par' dir='ltr' id='par_1_10' title="bbox 210 1130 1801 1204">
     <span class='ocr_line' id='line_1_10' title="bbox 210 1130 1801 1204; baseline 0.001 -18"><span class='ocrx_word' id='word_1_65' title='bbox 210 1130 435 1188; x_wconf 76' lang='lat' dir='ltr'><strong>fratrum</strong></span> <span class='ocrx_word' id='word_1_66' title='bbox 459 1142 775 1204; x_wconf 79' lang='lat' dir='ltr'><strong>exspectare</strong></span> <span class='ocrx_word' id='word_1_67' title='bbox 798 1134 1050 1199; x_wconf 88' lang='lat' dir='ltr'><strong>debeant,</strong></span> <span class='ocrx_word' id='word_1_68' title='bbox 1080 1150 1267 1188; x_wconf 89' lang='lat' dir='ltr'><strong>eorum</strong></span> <span class='ocrx_word' id='word_1_69' title='bbox 1289 1135 1554 1189; x_wconf 86' lang='lat' dir='ltr'><strong>mentibus</strong></span> <span class='ocrx_word' id='word_1_70' title='bbox 1570 1134 1801 1189; x_wconf 86' lang='lat' dir='ltr'><strong>libenter</strong></span> 
     </span>
    </p>
   </div>
   <div class='ocr_carea' id='block_1_11' title="bbox 209 1210 1799 1293">
    <p class='ocr_par' dir='ltr' id='par_1_11' title="bbox 209 1210 1799 1293">
     <span class='ocr_line' id='line_1_11' title="bbox 209 1210 1799 1293; baseline 0.001 -16"><span class='ocrx_word' id='word_1_71' title='bbox 209 1210 561 1293; x_wconf 81' lang='lat' dir='ltr'><strong>exspectandi</strong></span> <span class='ocrx_word' id='word_1_72' title='bbox 602 1240 782 1278; x_wconf 74' lang='lat' dir='ltr'><strong>moras</strong></span> <span class='ocrx_word' id='word_1_73' title='bbox 825 1223 1132 1287; x_wconf 77' lang='lat' dir='ltr'><strong>infundere;</strong></span> <span class='ocrx_word' id='word_1_74' title='bbox 1173 1231 1230 1277; x_wconf 89' lang='lat' dir='ltr'><strong>ut</strong></span> <span class='ocrx_word' id='word_1_75' title='bbox 1259 1239 1380 1280; x_wconf 92' lang='lat' dir='ltr'><strong>cum</strong></span> <span class='ocrx_word' id='word_1_76' title='bbox 1408 1225 1586 1279; x_wconf 89' lang='lat' dir='ltr'><strong>carnis</strong></span> <span class='ocrx_word' id='word_1_77' title='bbox 1617 1241 1799 1279; x_wconf 86' lang='lat' dir='ltr'><strong>resur-</strong></span> 
     </span>
    </p>
   </div>
   <div class='ocr_carea' id='block_1_12' title="bbox 208 1315 1797 1384">
    <p class='ocr_par' dir='ltr' id='par_1_12' title="bbox 208 1315 1797 1384">
     <span class='ocr_line' id='line_1_12' title="bbox 208 1315 1797 1384; baseline 0.002 -16"><span class='ocrx_word' id='word_1_78' title='bbox 208 1316 511 1370; x_wconf 87' lang='lat' dir='ltr'><strong>rectionem</strong></span> <span class='ocrx_word' id='word_1_79' title='bbox 535 1324 817 1384; x_wconf 88' lang='lat' dir='ltr'><strong>appetunt,</strong></span> <span class='ocrx_word' id='word_1_80' title='bbox 848 1316 1013 1370; x_wconf 88' lang='lat' dir='ltr'><strong>etiam</strong></span> <span class='ocrx_word' id='word_1_81' title='bbox 1041 1331 1110 1371; x_wconf 80' lang='lat' dir='ltr'><strong>ex</strong></span> <span class='ocrx_word' id='word_1_82' title='bbox 1129 1315 1550 1384; x_wconf 80' lang='lat' dir='ltr'><strong>colligendorum</strong></span> <span class='ocrx_word' id='word_1_83' title='bbox 1573 1315 1797 1371; x_wconf 77' lang='lat' dir='ltr'><strong>fratrum</strong></span> 
     </span>
    </p>
   </div>
   <div class='ocr_carea' id='block_1_13' title="bbox 206 1406 885 1474">
    <p class='ocr_par' dir='ltr' id='par_1_13' title="bbox 206 1406 885 1474">
     <span class='ocr_line' id='line_1_13' title="bbox 206 1406 885 1474; baseline 0.004 -17"><span class='ocrx_word' id='word_1_84' title='bbox 206 1412 501 1472; x_wconf 77' lang='lat' dir='ltr'><strong>augmento</strong></span> <span class='ocrx_word' id='word_1_85' title='bbox 528 1406 885 1474; x_wconf 83' lang='lat' dir='ltr'><strong>gratulentur.</strong></span> 
     </span>
    </p>
   </div>
   <div class='ocr_carea' id='block_1_14' title="bbox 280 1517 1801 1589">
    <p class='ocr_par' dir='ltr' id='par_1_14' title="bbox 280 1517 1801 1589">
     <span class='ocr_line' id='line_1_14' title="bbox 280 1517 1801 1589; baseline 0.001 -18"><span class='ocrx_word' id='word_1_86' title='bbox 280 1518 426 1589; x_wconf 73' lang='grc' dir='ltr'>[νει.</span> <span class='ocrx_word' id='word_1_87' title='bbox 467 1518 622 1589; x_wconf 79' lang='lat' dir='ltr'><strong>VII.]</strong></span> <span class='ocrx_word' id='word_1_88' title='bbox 650 1519 731 1571; x_wconf 69' lang='lat' dir='ltr'><strong>l2.</strong></span> <span class='ocrx_word' id='word_1_89' title='bbox 764 1520 926 1573; x_wconf 80' lang='lat' dir='ltr'><strong>Aliter</strong></span> <span class='ocrx_word' id='word_1_90' title='bbox 959 1517 1100 1573; x_wconf 87' lang='lat' dir='ltr'><strong>Deus</strong></span> <span class='ocrx_word' id='word_1_91' title='bbox 1131 1518 1200 1571; x_wconf 92' lang='lat' dir='ltr'><strong>ad</strong></span> <span class='ocrx_word' id='word_1_92' title='bbox 1229 1518 1510 1583; x_wconf 80' lang='lat' dir='ltr'><strong>diabolum,</strong></span> <span class='ocrx_word' id='word_1_93' title='bbox 1543 1528 1591 1572; x_wconf 79' lang='lat' dir='ltr'><strong>et</strong></span> <span class='ocrx_word' id='word_1_94' title='bbox 1614 1521 1702 1573; x_wconf 82' lang='lat' dir='ltr'><strong>ille</strong></span> <span class='ocrx_word' id='word_1_95' title='bbox 1730 1520 1801 1573; x_wconf 91' lang='lat' dir='ltr'><strong>ad</strong></span> 
     </span>
    </p>
   </div>
   <div class='ocr_carea' id='block_1_15' title="bbox 203 1608 1799 1679">
    <p class='ocr_par' dir='ltr' id='par_1_15' title="bbox 203 1608 1799 1679">
     <span class='ocr_line' id='line_1_15' title="bbox 203 1608 1799 1679; baseline 0.003 -18"><span class='ocrx_word' id='word_1_96' title='bbox 203 1608 397 1664; x_wconf 88' lang='lat' dir='ltr'><strong>Deum.</strong></span> <span class='ocrx_word' id='word_1_97' title='bbox 443 1611 613 1666; x_wconf 89' lang='lat' dir='ltr'><strong>Aliter</strong></span> <span class='ocrx_word' id='word_1_98' title='bbox 640 1611 783 1665; x_wconf 88' lang='lat' dir='ltr'><strong>Deus</strong></span> <span class='ocrx_word' id='word_1_99' title='bbox 809 1611 1047 1679; x_wconf 89' lang='lat' dir='ltr'><strong>loquitur</strong></span> <span class='ocrx_word' id='word_1_100' title='bbox 1073 1611 1138 1663; x_wconf 91' lang='lat' dir='ltr'><strong>ad</strong></span> <span class='ocrx_word' id='word_1_101' title='bbox 1168 1611 1470 1675; x_wconf 90' lang='lat' dir='ltr'><strong>diabolum,</strong></span> <span class='ocrx_word' id='word_1_102' title='bbox 1500 1612 1658 1666; x_wconf 87' lang='lat' dir='ltr'><strong>aliter</strong></span> <span class='ocrx_word' id='word_1_103' title='bbox 1683 1613 1799 1666; x_wconf 82' lang='lat' dir='ltr'><strong>dia-</strong></span> 
     </span>
    </p>
   </div>
   <div class='ocr_carea' id='block_1_16' title="bbox 203 1700 1797 1771">
    <p class='ocr_par' dir='ltr' id='par_1_16' title="bbox 203 1700 1797 1771">
     <span class='ocr_line' id='line_1_16' title="bbox 203 1700 1797 1771; baseline 0.003 -18"><span class='ocrx_word' id='word_1_104' title='bbox 203 1700 364 1756; x_wconf 82' lang='lat' dir='ltr'><strong>holus</strong></span> <span class='ocrx_word' id='word_1_105' title='bbox 386 1703 455 1755; x_wconf 89' lang='lat' dir='ltr'><strong>ad</strong></span> <span class='ocrx_word' id='word_1_106' title='bbox 480 1702 667 1756; x_wconf 91' lang='lat' dir='ltr'><strong>Deum.</strong></span> <span class='ocrx_word' id='word_1_107' title='bbox 699 1702 867 1771; x_wconf 84' lang='lat' dir='ltr'><strong>Loqui</strong></span> <span class='ocrx_word' id='word_1_108' title='bbox 893 1702 1035 1756; x_wconf 91' lang='lat' dir='ltr'><strong>enim</strong></span> <span class='ocrx_word' id='word_1_109' title='bbox 1064 1702 1154 1755; x_wconf 90' lang='lat' dir='ltr'><strong>Dei</strong></span> <span class='ocrx_word' id='word_1_110' title='bbox 1177 1712 1258 1755; x_wconf 88' lang='lat' dir='ltr'><strong>est</strong></span> <span class='ocrx_word' id='word_1_111' title='bbox 1279 1702 1343 1756; x_wconf 89' lang='lat' dir='ltr'><strong>ad</strong></span> <span class='ocrx_word' id='word_1_112' title='bbox 1366 1703 1658 1768; x_wconf 85' lang='lat' dir='ltr'><strong>diabolum,</strong></span> <span class='ocrx_word' id='word_1_113' title='bbox 1682 1705 1797 1758; x_wconf 83' lang='lat' dir='ltr'><strong>vias</strong></span> 
     </span>
    </p>
   </div>
   <div class='ocr_carea' id='block_1_17' title="bbox 200 1790 1799 1859">
    <p class='ocr_par' dir='ltr' id='par_1_17' title="bbox 200 1790 1799 1859">
     <span class='ocr_line' id='line_1_17' title="bbox 200 1790 1799 1859; baseline 0.004 -16"><span class='ocrx_word' id='word_1_114' title='bbox 200 1790 323 1855; x_wconf 83' lang='lat' dir='ltr'><strong>ejus</strong></span> <span class='ocrx_word' id='word_1_115' title='bbox 354 1807 418 1845; x_wconf 90' lang='lat' dir='ltr'><strong>ac</strong></span> <span class='ocrx_word' id='word_1_116' title='bbox 448 1792 663 1859; x_wconf 78' lang='lat' dir='ltr'><strong>negotia</strong></span> <span class='ocrx_word' id='word_1_117' title='bbox 695 1791 1164 1845; x_wconf 69' lang='lat' dir='ltr'><strong>animadversione</strong></span> <span class='ocrx_word' id='word_1_118' title='bbox 1194 1793 1416 1846; x_wconf 71' lang='lat' dir='ltr'><strong>occultae</strong></span> <span class='ocrx_word' id='word_1_119' title='bbox 1444 1793 1799 1849; x_wconf 82' lang='lat' dir='ltr'><strong>districtionis</strong></span> 
     </span>
    </p>
   </div>
   <div class='ocr_carea' id='block_1_18' title="bbox 203 1881 1797 1953">
    <p class='ocr_par' dir='ltr' id='par_1_18' title="bbox 203 1881 1797 1953">
     <span class='ocr_line' id='line_1_18' title="bbox 203 1881 1797 1953; baseline 0.004 -18"><span class='ocrx_word' id='word_1_120' title='bbox 203 1881 507 1953; x_wconf 84' lang='lat' dir='ltr'><strong>increpare,</strong></span> <span class='ocrx_word' id='word_1_121' title='bbox 539 1884 677 1937; x_wconf 91' lang='lat' dir='ltr'><strong>sicut</strong></span> <span class='ocrx_word' id='word_1_122' title='bbox 703 1884 789 1938; x_wconf 91' lang='lat' dir='ltr'><strong>hic</strong></span> <span class='ocrx_word' id='word_1_123' title='bbox 816 1884 1014 1938; x_wconf 90' lang='lat' dir='ltr'><strong>dicitur</strong></span> <span class='ocrx_word' id='word_1_124' title='bbox 1039 1902 1050 1936; x_wconf 89' lang='lat'>:</span> <span class='ocrx_word' id='word_1_125' title='bbox 1087 1883 1235 1938; x_wconf 84' lang='lat' dir='ltr'><strong>Unde</strong></span> <span class='ocrx_word' id='word_1_126' title='bbox 1255 1888 1435 1939; x_wconf 77' lang='lat' dir='ltr'><strong>venis?</strong></span> <span class='ocrx_word' id='word_1_127' title='bbox 1465 1886 1669 1945; x_wconf 86' lang='lat' dir='ltr'><strong>Diaboli</strong></span> <span class='ocrx_word' id='word_1_128' title='bbox 1701 1903 1797 1941; x_wconf 84' lang='lat' dir='ltr'><strong>au-</strong></span> 
     </span>
    </p>
   </div>
   <div class='ocr_carea' id='block_1_19' title="bbox 202 1970 1887 2046">
    <p class='ocr_par' dir='ltr' id='par_1_19' title="bbox 202 1970 1887 2046">
     <span class='ocr_line' id='line_1_19' title="bbox 202 1970 1887 2046; baseline 0.002 -20"><span class='ocrx_word' id='word_1_129' title='bbox 202 1982 312 2026; x_wconf 91' lang='lat' dir='ltr'><strong>tem</strong></span> <span class='ocrx_word' id='word_1_130' title='bbox 356 1970 405 2027; x_wconf 87' lang='lat' dir='ltr'><strong>ei</strong></span> <span class='ocrx_word' id='word_1_131' title='bbox 436 1974 796 2043; x_wconf 89' lang='lat' dir='ltr'><strong>respondere,</strong></span> <span class='ocrx_word' id='word_1_132' title='bbox 845 1982 928 2028; x_wconf 84' lang='lat' dir='ltr'><strong>est</strong></span> <span class='ocrx_word' id='word_1_133' title='bbox 969 1976 1329 2045; x_wconf 89' lang='lat' dir='ltr'><strong>omnipotenti</strong></span> <span class='ocrx_word' id='word_1_134' title='bbox 1367 1976 1638 2045; x_wconf 89' lang='lat' dir='ltr'><strong>majestati</strong></span> <span class='ocrx_word' id='word_1_135' title='bbox 1680 1978 1796 2046; x_wconf 87' lang='lat' dir='ltr'><strong>ejus</strong></span> <span class='ocrx_word' id='word_1_136' title='bbox 1831 1971 1887 2044; x_wconf 63' lang='grc' dir='ltr'><strong>ΒΔ</strong></span> 
     </span>
    </p>
   </div>
   <div class='ocr_carea' id='block_1_20' title="bbox 201 2062 1796 2134">
    <p class='ocr_par' dir='ltr' id='par_1_20' title="bbox 201 2062 1796 2134">
     <span class='ocr_line' id='line_1_20' title="bbox 201 2062 1796 2134; baseline 0.003 -17"><span class='ocrx_word' id='word_1_137' title='bbox 201 2064 335 2117; x_wconf 92' lang='lat' dir='ltr'><strong>nihil</strong></span> <span class='ocrx_word' id='word_1_138' title='bbox 362 2078 518 2134; x_wconf 88' lang='lat' dir='ltr'><strong>posse</strong></span> <span class='ocrx_word' id='word_1_139' title='bbox 543 2064 739 2119; x_wconf 90' lang='lat' dir='ltr'><strong>celare.</strong></span> <span class='ocrx_word' id='word_1_140' title='bbox 779 2062 928 2119; x_wconf 85' lang='lat' dir='ltr'><strong>Unde</strong></span> <span class='ocrx_word' id='word_1_141' title='bbox 958 2065 1045 2120; x_wconf 93' lang='lat' dir='ltr'><strong>hic</strong></span> <span class='ocrx_word' id='word_1_142' title='bbox 1074 2066 1180 2133; x_wconf 88' lang='lat' dir='ltr'><strong>ait,</strong></span> <span class='ocrx_word' id='word_1_143' title='bbox 1232 2066 1453 2120; x_wconf 85' lang='lat' dir='ltr'><strong>Circuivi</strong></span> <span class='ocrx_word' id='word_1_144' title='bbox 1482 2076 1672 2121; x_wconf 89' lang='lat' dir='ltr'><strong>terram</strong></span> <span class='ocrx_word' id='word_1_145' title='bbox 1697 2109 1712 2133; x_wconf 96' lang='lat'><strong>,</strong></span> <span class='ocrx_word' id='word_1_146' title='bbox 1745 2077 1796 2122; x_wconf 88' lang='lat' dir='ltr'><strong>et</strong></span> 
     </span>
    </p>
   </div>
   <div class='ocr_carea' id='block_1_21' title="bbox 197 2155 1793 2228">
    <p class='ocr_par' dir='ltr' id='par_1_21' title="bbox 197 2155 1793 2228">
     <span class='ocr_line' id='line_1_21' title="bbox 197 2155 1793 2228; baseline 0.004 -19"><span class='ocrx_word' id='word_1_147' title='bbox 197 2157 554 2225; x_wconf 84' lang='lat' dir='ltr'><strong>perambulavi</strong></span> <span class='ocrx_word' id='word_1_148' title='bbox 601 2173 736 2210; x_wconf 90' lang='lat' dir='ltr'><strong>eam.</strong></span> <span class='ocrx_word' id='word_1_149' title='bbox 771 2155 934 2221; x_wconf 90' lang='lat' dir='ltr'><strong>Quasi</strong></span> <span class='ocrx_word' id='word_1_150' title='bbox 982 2158 1125 2211; x_wconf 91' lang='lat' dir='ltr'><strong>enim</strong></span> <span class='ocrx_word' id='word_1_151' title='bbox 1156 2158 1338 2213; x_wconf 85' lang='lat' dir='ltr'><strong>dicere</strong></span> <span class='ocrx_word' id='word_1_152' title='bbox 1376 2159 1492 2225; x_wconf 86' lang='lat' dir='ltr'><strong>ejus</strong></span> <span class='ocrx_word' id='word_1_153' title='bbox 1540 2168 1623 2214; x_wconf 90' lang='lat' dir='ltr'><strong>est</strong></span> <span class='ocrx_word' id='word_1_154' title='bbox 1664 2161 1793 2228; x_wconf 81' lang='lat' dir='ltr'><strong>quid</strong></span> 
     </span>
    </p>
   </div>
   <div class='ocr_carea' id='block_1_22' title="bbox 197 2246 1793 2316">
    <p class='ocr_par' dir='ltr' id='par_1_22' title="bbox 197 2246 1793 2316">
     <span class='ocr_line' id='line_1_22' title="bbox 197 2246 1793 2316; baseline 0.005 -17"><span class='ocrx_word' id='word_1_155' title='bbox 197 2246 402 2314; x_wconf 79' lang='lat' dir='ltr'><strong>egerit,</strong></span> <span class='ocrx_word' id='word_1_156' title='bbox 434 2246 573 2300; x_wconf 91' lang='lat' dir='ltr'><strong>seire</strong></span> <span class='ocrx_word' id='word_1_157' title='bbox 612 2246 756 2315; x_wconf 91' lang='lat' dir='ltr'><strong>quod</strong></span> <span class='ocrx_word' id='word_1_158' title='bbox 786 2256 940 2302; x_wconf 90' lang='lat' dir='ltr'><strong>actus</strong></span> <span class='ocrx_word' id='word_1_159' title='bbox 981 2265 1107 2316; x_wconf 82' lang='lat' dir='ltr'><strong>suos</strong></span> <span class='ocrx_word' id='word_1_160' title='bbox 1139 2249 1281 2303; x_wconf 90' lang='lat' dir='ltr'><strong>illius</strong></span> <span class='ocrx_word' id='word_1_161' title='bbox 1323 2251 1492 2305; x_wconf 86' lang='lat' dir='ltr'><strong>oculis</strong></span> <span class='ocrx_word' id='word_1_162' title='bbox 1519 2251 1793 2307; x_wconf 89' lang='lat' dir='ltr'><strong>occultare</strong></span> 
     </span>
    </p>
   </div>
   <div class='ocr_carea' id='block_1_23' title="bbox 198 2336 1792 2409">
    <p class='ocr_par' dir='ltr' id='par_1_23' title="bbox 198 2336 1792 2409">
     <span class='ocr_line' id='line_1_23' title="bbox 198 2336 1792 2409; baseline 0.004 -18"><span class='ocrx_word' id='word_1_163' title='bbox 198 2353 310 2391; x_wconf 93' lang='lat' dir='ltr'><strong>non</strong></span> <span class='ocrx_word' id='word_1_164' title='bbox 346 2340 532 2405; x_wconf 84' lang='lat' dir='ltr'><strong>possit.</strong></span> <span class='ocrx_word' id='word_1_165' title='bbox 574 2336 867 2392; x_wconf 88' lang='lat' dir='ltr'><strong>Sciendum</strong></span> <span class='ocrx_word' id='word_1_166' title='bbox 898 2355 1027 2395; x_wconf 91' lang='lat' dir='ltr'><strong>vero</strong></span> <span class='ocrx_word' id='word_1_167' title='bbox 1056 2349 1169 2408; x_wconf 87' lang='lat' dir='ltr'><strong>est,</strong></span> <span class='ocrx_word' id='word_1_168' title='bbox 1214 2342 1338 2409; x_wconf 88' lang='lat' dir='ltr'><strong>quia</strong></span> <span class='ocrx_word' id='word_1_169' title='bbox 1371 2343 1507 2396; x_wconf 87' lang='lat' dir='ltr'><strong>sicut</strong></span> <span class='ocrx_word' id='word_1_170' title='bbox 1535 2344 1640 2397; x_wconf 91' lang='lat' dir='ltr'><strong>hoc</strong></span> <span class='ocrx_word' id='word_1_171' title='bbox 1670 2343 1792 2397; x_wconf 91' lang='lat' dir='ltr'><strong>loco</strong></span> 
     </span>
    </p>
   </div>
   <div class='ocr_carea' id='block_1_24' title="bbox 198 2429 1788 2501">
    <p class='ocr_par' dir='ltr' id='par_1_24' title="bbox 198 2429 1788 2501">
     <span class='ocr_line' id='line_1_24' title="bbox 198 2429 1788 2501; baseline 0.003 -19"><span class='ocrx_word' id='word_1_172' title='bbox 198 2429 486 2497; x_wconf 81' lang='lat' dir='ltr'><strong>discimus,</strong></span> <span class='ocrx_word' id='word_1_173' title='bbox 517 2439 748 2499; x_wconf 84' lang='lat' dir='ltr'><strong>quatuor</strong></span> <span class='ocrx_word' id='word_1_174' title='bbox 774 2431 945 2486; x_wconf 90' lang='lat' dir='ltr'><strong>modis</strong></span> <span class='ocrx_word' id='word_1_175' title='bbox 968 2432 1205 2501; x_wconf 90' lang='lat' dir='ltr'><strong>loquitur</strong></span> <span class='ocrx_word' id='word_1_176' title='bbox 1224 2432 1366 2487; x_wconf 90' lang='lat' dir='ltr'><strong>Deus</strong></span> <span class='ocrx_word' id='word_1_177' title='bbox 1394 2434 1461 2487; x_wconf 87' lang='lat' dir='ltr'><strong>ad</strong></span> <span class='ocrx_word' id='word_1_178' title='bbox 1484 2432 1788 2499; x_wconf 88' lang='lat' dir='ltr'><strong>diabolum;</strong></span> 
     </span>
    </p>
   </div>
   <div class='ocr_carea' id='block_1_25' title="bbox 196 2519 1793 2582">
    <p class='ocr_par' dir='ltr' id='par_1_25' title="bbox 196 2519 1793 2582">
     <span class='ocr_line' id='line_1_25' title="bbox 196 2519 1793 2582; baseline 0.003 -10"><span class='ocrx_word' id='word_1_179' title='bbox 196 2520 376 2573; x_wconf 89' lang='lat' dir='ltr'><strong>tribus</strong></span> <span class='ocrx_word' id='word_1_180' title='bbox 430 2519 604 2573; x_wconf 90' lang='lat' dir='ltr'><strong>modis</strong></span> <span class='ocrx_word' id='word_1_181' title='bbox 650 2520 900 2574; x_wconf 86' lang='lat' dir='ltr'><strong>diabolus</strong></span> <span class='ocrx_word' id='word_1_182' title='bbox 955 2520 1021 2575; x_wconf 90' lang='lat' dir='ltr'><strong>ad</strong></span> <span class='ocrx_word' id='word_1_183' title='bbox 1081 2522 1265 2575; x_wconf 89' lang='lat' dir='ltr'><strong>Deum.</strong></span> <span class='ocrx_word' id='word_1_184' title='bbox 1323 2523 1564 2582; x_wconf 86' lang='lat' dir='ltr'><strong>Ouatuor</strong></span> <span class='ocrx_word' id='word_1_185' title='bbox 1618 2523 1793 2577; x_wconf 89' lang='lat' dir='ltr'><strong>modis</strong></span> 
     </span>
    </p>
   </div>
   <div class='ocr_carea' id='block_1_26' title="bbox 197 2609 1790 2682">
    <p class='ocr_par' dir='ltr' id='par_1_26' title="bbox 197 2609 1790 2682">
     <span class='ocr_line' id='line_1_26' title="bbox 197 2609 1790 2682; baseline 0.003 -19"><span class='ocrx_word' id='word_1_186' title='bbox 197 2610 438 2678; x_wconf 89' lang='lat' dir='ltr'><strong>loquitur</strong></span> <span class='ocrx_word' id='word_1_187' title='bbox 470 2609 608 2664; x_wconf 89' lang='lat' dir='ltr'><strong>Deus</strong></span> <span class='ocrx_word' id='word_1_188' title='bbox 632 2610 699 2663; x_wconf 90' lang='lat' dir='ltr'><strong>ad</strong></span> <span class='ocrx_word' id='word_1_189' title='bbox 725 2611 1027 2671; x_wconf 89' lang='lat' dir='ltr'><strong>diabolum;</strong></span> <span class='ocrx_word' id='word_1_190' title='bbox 1062 2612 1183 2679; x_wconf 86' lang='lat' dir='ltr'><strong>quia</strong></span> <span class='ocrx_word' id='word_1_191' title='bbox 1217 2622 1270 2667; x_wconf 89' lang='lat' dir='ltr'><strong>et</strong></span> <span class='ocrx_word' id='word_1_192' title='bbox 1294 2614 1518 2680; x_wconf 84' lang='lat' dir='ltr'><strong>injustas</strong></span> <span class='ocrx_word' id='word_1_193' title='bbox 1539 2614 1653 2668; x_wconf 87' lang='lat' dir='ltr'><strong>vias</strong></span> <span class='ocrx_word' id='word_1_194' title='bbox 1675 2614 1790 2682; x_wconf 84' lang='lat' dir='ltr'><strong>ejus</strong></span> 
     </span>
    </p>
   </div>
   <div class='ocr_carea' id='block_1_27' title="bbox 195 2689 1786 2773">
    <p class='ocr_par' dir='ltr' id='par_1_27' title="bbox 195 2689 1786 2773">
     <span class='ocr_line' id='line_1_27' title="bbox 195 2689 1786 2773; baseline 0.004 -21"><span class='ocrx_word' id='word_1_195' title='bbox 195 2689 406 2767; x_wconf 81' lang='lat' dir='ltr'><strong>arguit,</strong></span> <span class='ocrx_word' id='word_1_196' title='bbox 453 2710 508 2754; x_wconf 90' lang='lat' dir='ltr'><strong>et</strong></span> <span class='ocrx_word' id='word_1_197' title='bbox 545 2700 839 2755; x_wconf 88' lang='lat' dir='ltr'><strong>electorum</strong></span> <span class='ocrx_word' id='word_1_198' title='bbox 871 2717 1092 2756; x_wconf 85' lang='lat' dir='ltr'><strong>suorum</strong></span> <span class='ocrx_word' id='word_1_199' title='bbox 1121 2712 1309 2756; x_wconf 88' lang='lat' dir='ltr'><strong>contra</strong></span> <span class='ocrx_word' id='word_1_200' title='bbox 1352 2704 1499 2757; x_wconf 91' lang='lat' dir='ltr'><strong>illum</strong></span> <span class='ocrx_word' id='word_1_201' title='bbox 1525 2704 1786 2773; x_wconf 87' lang='lat' dir='ltr'><strong>justitiam</strong></span> 
     </span>
    </p>
   </div>
   <div class='ocr_carea' id='block_1_28' title="bbox 194 2792 1791 2860">
    <p class='ocr_par' dir='ltr' id='par_1_28' title="bbox 194 2792 1791 2860">
     <span class='ocr_line' id='line_1_28' title="bbox 194 2792 1791 2860; baseline 0.004 -16"><span class='ocrx_word' id='word_1_202' title='bbox 194 2792 474 2860; x_wconf 88' lang='lat' dir='ltr'><strong>proponit,</strong></span> <span class='ocrx_word' id='word_1_203' title='bbox 505 2800 558 2845; x_wconf 89' lang='lat' dir='ltr'><strong>ct</strong></span> <span class='ocrx_word' id='word_1_204' title='bbox 582 2793 890 2846; x_wconf 86' lang='lat' dir='ltr'><strong>tentandam</strong></span> <span class='ocrx_word' id='word_1_205' title='bbox 914 2808 1101 2847; x_wconf 91' lang='lat' dir='ltr'><strong>eorum</strong></span> <span class='ocrx_word' id='word_1_206' title='bbox 1130 2794 1490 2849; x_wconf 89' lang='lat' dir='ltr'><strong>innocentiam</strong></span> <span class='ocrx_word' id='word_1_207' title='bbox 1518 2795 1567 2849; x_wconf 86' lang='lat' dir='ltr'><strong>ei</strong></span> <span class='ocrx_word' id='word_1_208' title='bbox 1596 2810 1791 2850; x_wconf 89' lang='lat' dir='ltr'><strong>conce-</strong></span> 
     </span>
    </p>
   </div>
   <div class='ocr_carea' id='block_1_29' title="bbox 194 2882 1789 2951">
    <p class='ocr_par' dir='ltr' id='par_1_29' title="bbox 194 2882 1789 2951">
     <span class='ocr_line' id='line_1_29' title="bbox 194 2882 1789 2951; baseline 0.002 -16"><span class='ocrx_word' id='word_1_209' title='bbox 194 2882 377 2936; x_wconf 89' lang='lat' dir='ltr'><strong>dendo</strong></span> <span class='ocrx_word' id='word_1_210' title='bbox 402 2883 683 2951; x_wconf 90' lang='lat' dir='ltr'><strong>permittit,</strong></span> <span class='ocrx_word' id='word_1_211' title='bbox 710 2890 763 2935; x_wconf 91' lang='lat' dir='ltr'><strong>et</strong></span> <span class='ocrx_word' id='word_1_212' title='bbox 781 2883 1070 2951; x_wconf 83' lang='lat' dir='ltr'><strong>aliquando</strong></span> <span class='ocrx_word' id='word_1_213' title='bbox 1092 2899 1235 2945; x_wconf 87' lang='lat' dir='ltr'><strong>eum,</strong></span> <span class='ocrx_word' id='word_1_214' title='bbox 1263 2900 1328 2938; x_wconf 90' lang='lat' dir='ltr'><strong>ne</strong></span> <span class='ocrx_word' id='word_1_215' title='bbox 1344 2894 1552 2939; x_wconf 89' lang='lat' dir='ltr'><strong>tentare</strong></span> <span class='ocrx_word' id='word_1_216' title='bbox 1572 2884 1789 2949; x_wconf 84' lang='lat' dir='ltr'><strong>audeat,</strong></span> 
     </span>
    </p>
   </div>
   <div class='ocr_carea' id='block_1_30' title="bbox 193 2971 1785 3043">
    <p class='ocr_par' dir='ltr' id='par_1_30' title="bbox 193 2971 1785 3043">
     <span class='ocr_line' id='line_1_30' title="bbox 193 2971 1785 3043; baseline 0.002 -18"><span class='ocrx_word' id='word_1_217' title='bbox 193 2972 469 3041; x_wconf 88' lang='lat' dir='ltr'><strong>prohibet.</strong></span> <span class='ocrx_word' id='word_1_218' title='bbox 502 2971 731 3041; x_wconf 89' lang='lat' dir='ltr'><strong>lnjustas</strong></span> <span class='ocrx_word' id='word_1_219' title='bbox 757 2973 898 3027; x_wconf 89' lang='lat' dir='ltr'><strong>enim</strong></span> <span class='ocrx_word' id='word_1_220' title='bbox 923 2974 1036 3029; x_wconf 85' lang='lat' dir='ltr'><strong>vias</strong></span> <span class='ocrx_word' id='word_1_221' title='bbox 1060 2976 1175 3041; x_wconf 87' lang='lat' dir='ltr'><strong>ejus</strong></span> <span class='ocrx_word' id='word_1_222' title='bbox 1204 2975 1493 3042; x_wconf 81' lang='lat' dir='ltr'><strong>redarguit,</strong></span> <span class='ocrx_word' id='word_1_223' title='bbox 1522 2976 1656 3030; x_wconf 90' lang='lat' dir='ltr'><strong>sicut</strong></span> <span class='ocrx_word' id='word_1_224' title='bbox 1676 2976 1785 3043; x_wconf 87' lang='lat' dir='ltr'><strong>jam</strong></span> 
     </span>
    </p>
   </div>
   <div class='ocr_carea' id='block_1_31' title="bbox 193 3062 1785 3123">
    <p class='ocr_par' dir='ltr' id='par_1_31' title="bbox 193 3062 1785 3123">
     <span class='ocr_line' id='line_1_31' title="bbox 193 3062 1785 3123; baseline 0.005 -8"><span class='ocrx_word' id='word_1_225' title='bbox 193 3062 400 3117; x_wconf 90' lang='lat' dir='ltr'><strong>dictum</strong></span> <span class='ocrx_word' id='word_1_226' title='bbox 430 3072 512 3117; x_wconf 90' lang='lat' dir='ltr'><strong>est</strong></span> <span class='ocrx_word' id='word_1_227' title='bbox 544 3082 556 3116; x_wconf 93' lang='lat'><strong>:</strong></span> <span class='ocrx_word' id='word_1_228' title='bbox 602 3063 760 3118; x_wconf 86' lang='lat' dir='ltr'><strong>Unde</strong></span> <span class='ocrx_word' id='word_1_229' title='bbox 788 3065 963 3118; x_wconf 83' lang='lat' dir='ltr'><strong>venis?</strong></span> <span class='ocrx_word' id='word_1_230' title='bbox 1002 3065 1312 3120; x_wconf 85' lang='lat' dir='ltr'><strong>Electorum</strong></span> <span class='ocrx_word' id='word_1_231' title='bbox 1353 3083 1571 3121; x_wconf 88' lang='lat' dir='ltr'><strong>suorum</strong></span> <span class='ocrx_word' id='word_1_232' title='bbox 1598 3077 1785 3123; x_wconf 83' lang='lat' dir='ltr'><strong>contra</strong></span> 
     </span>
    </p>
   </div>
   <div class='ocr_carea' id='block_1_32' title="bbox 192 3152 1788 3219">
    <p class='ocr_par' dir='ltr' id='par_1_32' title="bbox 192 3152 1788 3219">
     <span class='ocr_line' id='line_1_32' title="bbox 192 3152 1788 3219; baseline 0.002 -12"><span class='ocrx_word' id='word_1_233' title='bbox 192 3152 348 3207; x_wconf 89' lang='lat' dir='ltr'><strong>illum</strong></span> <span class='ocrx_word' id='word_1_234' title='bbox 369 3153 631 3218; x_wconf 90' lang='lat' dir='ltr'><strong>justitiam</strong></span> <span class='ocrx_word' id='word_1_235' title='bbox 662 3156 936 3219; x_wconf 85' lang='lat' dir='ltr'><strong>proponit.</strong></span> <span class='ocrx_word' id='word_1_236' title='bbox 967 3156 1106 3209; x_wconf 88' lang='lat' dir='ltr'><strong>sicut</strong></span> <span class='ocrx_word' id='word_1_237' title='bbox 1128 3157 1200 3211; x_wconf 87' lang='lat' dir='ltr'><strong>ait</strong></span> <span class='ocrx_word' id='word_1_238' title='bbox 1229 3156 1655 3211; x_wconf 70' lang='lat' dir='ltr'><strong>:bConsiderasti</strong></span> <span class='ocrx_word' id='word_1_239' title='bbox 1678 3176 1788 3213; x_wconf 87' lang='lat' dir='ltr'><strong>ser-</strong></span> 
     </span>
    </p>
   </div>
   <div class='ocr_carea' id='block_1_33' title="bbox 194 3253 1788 3330">
    <p class='ocr_par' dir='ltr' id='par_1_33' title="bbox 194 3253 1788 3330">
     <span class='ocr_line' id='line_1_33' title="bbox 194 3253 1788 3330; baseline 0.007 -26"><span class='ocrx_word' id='word_1_240' title='bbox 194 3268 313 3304; x_wconf 79' lang='lat' dir='ltr'><strong>rum</strong></span> <span class='ocrx_word' id='word_1_241' title='bbox 349 3269 516 3305; x_wconf 87' lang='lat' dir='ltr'><strong>meum</strong></span> <span class='ocrx_word' id='word_1_242' title='bbox 540 3253 659 3319; x_wconf 91' lang='lat' dir='ltr'><strong>Job,</strong></span> <span class='ocrx_word' id='word_1_243' title='bbox 692 3256 831 3325; x_wconf 77' lang='lat' dir='ltr'><strong>quod</strong></span> <span class='ocrx_word' id='word_1_244' title='bbox 855 3271 957 3308; x_wconf 89' lang='lat' dir='ltr'><strong>non</strong></span> <span class='ocrx_word' id='word_1_245' title='bbox 986 3258 1053 3309; x_wconf 97' lang='lat' dir='ltr'><strong>sit</strong></span> <span class='ocrx_word' id='word_1_246' title='bbox 1082 3258 1129 3309; x_wconf 89' lang='lat' dir='ltr'><strong>ei</strong></span> <span class='ocrx_word' id='word_1_247' title='bbox 1158 3258 1341 3311; x_wconf 75' lang='lat' dir='ltr'><strong>similis</strong></span> <span class='ocrx_word' id='word_1_248' title='bbox 1372 3276 1524 3330; x_wconf 87' lang='lat' dir='ltr'><strong>super</strong></span> <span class='ocrx_word' id='word_1_249' title='bbox 1550 3264 1788 3315; x_wconf 87' lang='lat' dir='ltr'><strong>terram?</strong></span> 
     </span>
    </p>
   </div>
   <div class='ocr_carea' id='block_1_34' title="bbox 194 3339 1863 3417">
    <p class='ocr_par' dir='ltr' id='par_1_34' title="bbox 194 3339 1863 3417">
     <span class='ocr_line' id='line_1_34' title="bbox 194 3339 1863 3417; baseline 0.007 -24"><span class='ocrx_word' id='word_1_250' title='bbox 194 3339 538 3395; x_wconf 86' lang='lat' dir='ltr'><strong>Tentandam</strong></span> <span class='ocrx_word' id='word_1_251' title='bbox 551 3358 738 3397; x_wconf 91' lang='lat' dir='ltr'><strong>eorum</strong></span> <span class='ocrx_word' id='word_1_252' title='bbox 762 3344 1122 3399; x_wconf 86' lang='lat' dir='ltr'><strong>innocentiam</strong></span> <span class='ocrx_word' id='word_1_253' title='bbox 1140 3347 1486 3402; x_wconf 89' lang='lat' dir='ltr'><strong>concedendo</strong></span> <span class='ocrx_word' id='word_1_254' title='bbox 1508 3349 1789 3417; x_wconf 87' lang='lat' dir='ltr'><strong>permittit,</strong></span> <span class='ocrx_word' id='word_1_255' title='bbox 1820 3343 1863 3404; x_wconf 84' lang='lat' dir='ltr'><strong><em>C</em></strong></span> 
     </span>
    </p>
   </div>
   <div class='ocr_carea' id='block_1_35' title="bbox 192 3435 1795 3508">
    <p class='ocr_par' dir='ltr' id='par_1_35' title="bbox 192 3435 1795 3508">
     <span class='ocr_line' id='line_1_35' title="bbox 192 3435 1795 3508; baseline 0.005 -21"><span class='ocrx_word' id='word_1_256' title='bbox 192 3437 337 3489; x_wconf 85' lang='lat' dir='ltr'><strong>sicut</strong></span> <span class='ocrx_word' id='word_1_257' title='bbox 380 3436 512 3489; x_wconf 87' lang='lat' dir='ltr'><strong>dicit</strong></span> <span class='ocrx_word' id='word_1_258' title='bbox 555 3453 568 3488; x_wconf 90' lang='lat'>:</span> <span class='ocrx_word' id='word_1_259' title='bbox 620 3435 754 3490; x_wconf 83' lang='lat' dir='ltr'><strong>Ecce</strong></span> <span class='ocrx_word' id='word_1_260' title='bbox 795 3438 1032 3491; x_wconf 85' lang='lat' dir='ltr'><strong>universa</strong></span> <span class='ocrx_word' id='word_1_261' title='bbox 1076 3455 1191 3508; x_wconf 71' lang='lat' dir='ltr'><strong>qua:</strong></span> <span class='ocrx_word' id='word_1_262' title='bbox 1236 3440 1386 3493; x_wconf 81' lang='lat' dir='ltr'><strong>habet</strong></span> <span class='ocrx_word' id='word_1_263' title='bbox 1426 3442 1480 3493; x_wconf 89' lang='lat' dir='ltr'><strong>in</strong></span> <span class='ocrx_word' id='word_1_264' title='bbox 1523 3458 1678 3494; x_wconf 79' lang='lat' dir='ltr'><strong>utanu</strong></span> <span class='ocrx_word' id='word_1_265' title='bbox 1706 3452 1795 3496; x_wconf 88' lang='lat' dir='ltr'><strong>tua</strong></span> 
     </span>
    </p>
   </div>
   <div class='ocr_carea' id='block_1_36' title="bbox 193 3527 1795 3601">
    <p class='ocr_par' dir='ltr' id='par_1_36' title="bbox 193 3527 1795 3601">
     <span class='ocr_line' id='line_1_36' title="bbox 193 3527 1795 3601; baseline 0.004 -20"><span class='ocrx_word' id='word_1_266' title='bbox 193 3537 337 3581; x_wconf 86' lang='lat' dir='ltr'><strong>sunt.</strong></span> <span class='ocrx_word' id='word_1_267' title='bbox 372 3527 708 3596; x_wconf 84' lang='lat' dir='ltr'><strong>Rursumque</strong></span> <span class='ocrx_word' id='word_1_268' title='bbox 734 3545 857 3582; x_wconf 89' lang='lat' dir='ltr'><strong>eum</strong></span> <span class='ocrx_word' id='word_1_269' title='bbox 884 3546 913 3582; x_wconf 91' lang='lat' dir='ltr'><strong>a</strong></span> <span class='ocrx_word' id='word_1_270' title='bbox 945 3532 1245 3586; x_wconf 79' lang='lat' dir='ltr'><strong>tentatione</strong></span> <span class='ocrx_word' id='word_1_271' title='bbox 1267 3532 1535 3601; x_wconf 89' lang='lat' dir='ltr'><strong>prohibet,</strong></span> <span class='ocrx_word' id='word_1_272' title='bbox 1569 3549 1690 3588; x_wconf 91' lang='lat' dir='ltr'><strong>cum</strong></span> <span class='ocrx_word' id='word_1_273' title='bbox 1713 3533 1795 3588; x_wconf 90' lang='lat' dir='ltr'><strong>di-</strong></span> 
     </span>
    </p>
   </div>
   <div class='ocr_carea' id='block_1_37' title="bbox 194 3617 1792 3678">
    <p class='ocr_par' dir='ltr' id='par_1_37' title="bbox 194 3617 1792 3678">
     <span class='ocr_line' id='line_1_37' title="bbox 194 3617 1792 3678; baseline 0.004 -6"><span class='ocrx_word' id='word_1_274' title='bbox 194 3617 267 3673; x_wconf 89' lang='lat' dir='ltr'><strong>cit</strong></span> <span class='ocrx_word' id='word_1_275' title='bbox 295 3637 307 3670; x_wconf 92' lang='lat'>:</span> <span class='ocrx_word' id='word_1_276' title='bbox 341 3618 562 3671; x_wconf 87' lang='lat' dir='ltr'><strong>Tantum</strong></span> <span class='ocrx_word' id='word_1_277' title='bbox 591 3620 642 3671; x_wconf 87' lang='lat' dir='ltr'><strong>in</strong></span> <span class='ocrx_word' id='word_1_278' title='bbox 672 3636 787 3672; x_wconf 87' lang='lat' dir='ltr'><strong>eum</strong></span> <span class='ocrx_word' id='word_1_279' title='bbox 809 3635 873 3673; x_wconf 86' lang='lat' dir='ltr'><strong>ne</strong></span> <span class='ocrx_word' id='word_1_280' title='bbox 902 3621 1151 3673; x_wconf 75' lang='lat' dir='ltr'><strong>extendas</strong></span> <span class='ocrx_word' id='word_1_281' title='bbox 1177 3638 1384 3675; x_wconf 89' lang='lat' dir='ltr'><strong>manum</strong></span> <span class='ocrx_word' id='word_1_282' title='bbox 1413 3632 1572 3675; x_wconf 88' lang='lat' dir='ltr'><strong>tuam.</strong></span> <span class='ocrx_word' id='word_1_283' title='bbox 1601 3622 1792 3678; x_wconf 86' lang='lat' dir='ltr'><strong>Tribus</strong></span> 
     </span>
    </p>
   </div>
   <div class='ocr_carea' id='block_1_38' title="bbox 193 3710 1792 3779">
    <p class='ocr_par' dir='ltr' id='par_1_38' title="bbox 193 3710 1792 3779">
     <span class='ocr_line' id='line_1_38' title="bbox 193 3710 1792 3779; baseline 0.004 -16"><span class='ocrx_word' id='word_1_284' title='bbox 193 3720 379 3764; x_wconf 89' lang='lat' dir='ltr'><strong>autem</strong></span> <span class='ocrx_word' id='word_1_285' title='bbox 404 3710 576 3763; x_wconf 89' lang='lat' dir='ltr'><strong>modis</strong></span> <span class='ocrx_word' id='word_1_286' title='bbox 595 3710 831 3779; x_wconf 87' lang='lat' dir='ltr'><strong>loquitur</strong></span> <span class='ocrx_word' id='word_1_287' title='bbox 852 3711 1098 3766; x_wconf 86' lang='lat' dir='ltr'><strong>diabolus</strong></span> <span class='ocrx_word' id='word_1_288' title='bbox 1117 3711 1184 3765; x_wconf 91' lang='lat' dir='ltr'><strong>ad</strong></span> <span class='ocrx_word' id='word_1_289' title='bbox 1212 3712 1396 3774; x_wconf 89' lang='lat' dir='ltr'><strong>Deum,</strong></span> <span class='ocrx_word' id='word_1_290' title='bbox 1431 3729 1555 3767; x_wconf 91' lang='lat' dir='ltr'><strong>cum</strong></span> <span class='ocrx_word' id='word_1_291' title='bbox 1574 3715 1658 3768; x_wconf 91' lang='lat' dir='ltr'><strong>vel</strong></span> <span class='ocrx_word' id='word_1_292' title='bbox 1677 3715 1792 3770; x_wconf 87' lang='lat' dir='ltr'><strong>vias</strong></span> 
     </span>
    </p>
   </div>
   <div class='ocr_carea' id='block_1_39' title="bbox 193 3800 1790 3866">
    <p class='ocr_par' dir='ltr' id='par_1_39' title="bbox 193 3800 1790 3866">
     <span class='ocr_line' id='line_1_39' title="bbox 193 3800 1790 3866; baseline 0.004 -10"><span class='ocrx_word' id='word_1_293' title='bbox 193 3817 321 3856; x_wconf 80' lang='lat' dir='ltr'><strong>suas</strong></span> <span class='ocrx_word' id='word_1_294' title='bbox 354 3800 616 3866; x_wconf 86' lang='lat' dir='ltr'><strong>insinuat,</strong></span> <span class='ocrx_word' id='word_1_295' title='bbox 650 3802 734 3856; x_wconf 89' lang='lat' dir='ltr'><strong>vel</strong></span> <span class='ocrx_word' id='word_1_296' title='bbox 766 3803 1062 3857; x_wconf 86' lang='lat' dir='ltr'><strong>electorum</strong></span> <span class='ocrx_word' id='word_1_297' title='bbox 1108 3805 1472 3859; x_wconf 86' lang='lat' dir='ltr'><strong>innocentiam</strong></span> <span class='ocrx_word' id='word_1_298' title='bbox 1506 3806 1643 3862; x_wconf 86' lang='lat' dir='ltr'><strong>lictis</strong></span> <span class='ocrx_word' id='word_1_299' title='bbox 1679 3809 1790 3862; x_wconf 91' lang='lat' dir='ltr'><strong>cri-</strong></span> 
     </span>
    </p>
   </div>
   <div class='ocr_carea' id='block_1_40' title="bbox 194 3894 1788 3957">
    <p class='ocr_par' dir='ltr' id='par_1_40' title="bbox 194 3894 1788 3957">
     <span class='ocr_line' id='line_1_40' title="bbox 194 3894 1788 3957; baseline 0.003 -10"><span class='ocrx_word' id='word_1_300' title='bbox 194 3895 433 3948; x_wconf 88' lang='lat' dir='ltr'><strong>minibus</strong></span> <span class='ocrx_word' id='word_1_301' title='bbox 455 3902 694 3957; x_wconf 88' lang='lat' dir='ltr'><strong>accusat,</strong></span> <span class='ocrx_word' id='word_1_302' title='bbox 714 3894 797 3947; x_wconf 88' lang='lat' dir='ltr'><strong>vel</strong></span> <span class='ocrx_word' id='word_1_303' title='bbox 821 3894 1131 3948; x_wconf 90' lang='lat' dir='ltr'><strong>tentandam</strong></span> <span class='ocrx_word' id='word_1_304' title='bbox 1156 3896 1399 3950; x_wconf 89' lang='lat' dir='ltr'><strong>eamdem</strong></span> <span class='ocrx_word' id='word_1_305' title='bbox 1424 3897 1788 3952; x_wconf 90' lang='lat' dir='ltr'><strong>innocentiam</strong></span> 
     </span>
    </p>
   </div>
   <div class='ocr_carea' id='block_1_41' title="bbox 195 3983 1791 4056">
    <p class='ocr_par' dir='ltr' id='par_1_41' title="bbox 195 3983 1791 4056">
     <span class='ocr_line' id='line_1_41' title="bbox 195 3983 1791 4056; baseline 0.003 -19"><span class='ocrx_word' id='word_1_306' title='bbox 195 3984 455 4053; x_wconf 84' lang='lat' dir='ltr'><strong>postulat.</strong></span> <span class='ocrx_word' id='word_1_307' title='bbox 490 3983 615 4037; x_wconf 88' lang='lat' dir='ltr'><strong>Vias</strong></span> <span class='ocrx_word' id='word_1_308' title='bbox 639 3984 839 4053; x_wconf 88' lang='lat' dir='ltr'><strong>quippe</strong></span> <span class='ocrx_word' id='word_1_309' title='bbox 867 4001 993 4039; x_wconf 87' lang='lat' dir='ltr'><strong>suas</strong></span> <span class='ocrx_word' id='word_1_310' title='bbox 1028 3986 1282 4053; x_wconf 88' lang='lat' dir='ltr'><strong>insinuat,</strong></span> <span class='ocrx_word' id='word_1_311' title='bbox 1313 3988 1403 4056; x_wconf 92' lang='lat' dir='ltr'><strong>qui</strong></span> <span class='ocrx_word' id='word_1_312' title='bbox 1428 3988 1502 4041; x_wconf 90' lang='lat' dir='ltr'><strong>ait</strong></span> <span class='ocrx_word' id='word_1_313' title='bbox 1528 4007 1539 4041; x_wconf 88' lang='lat'>:</span> <span class='ocrx_word' id='word_1_314' title='bbox 1569 3988 1791 4043; x_wconf 87' lang='lat' dir='ltr'><strong>Circuivi</strong></span> 
     </span>
    </p>
   </div>
   <div class='ocr_carea' id='block_1_42' title="bbox 195 4074 1789 4142">
    <p class='ocr_par' dir='ltr' id='par_1_42' title="bbox 195 4074 1789 4142">
     <span class='ocr_line' id='line_1_42' title="bbox 195 4074 1789 4142; baseline 0.005 -16"><span class='ocrx_word' id='word_1_315' title='bbox 195 4084 428 4139; x_wconf 89' lang='lat' dir='ltr'><strong>terram,</strong></span> <span class='ocrx_word' id='word_1_316' title='bbox 467 4083 516 4126; x_wconf 87' lang='lat' dir='ltr'><strong>et</strong></span> <span class='ocrx_word' id='word_1_317' title='bbox 539 4074 893 4142; x_wconf 80' lang='lat' dir='ltr'><strong>perambulavi</strong></span> <span class='ocrx_word' id='word_1_318' title='bbox 922 4090 1055 4128; x_wconf 89' lang='lat' dir='ltr'><strong>eam.</strong></span> <span class='ocrx_word' id='word_1_319' title='bbox 1089 4074 1393 4130; x_wconf 86' lang='lat' dir='ltr'><strong>Electorum</strong></span> <span class='ocrx_word' id='word_1_320' title='bbox 1423 4078 1789 4134; x_wconf 89' lang='lat' dir='ltr'><strong>innocentiam</strong></span> 
     </span>
    </p>
   </div>
   <div class='ocr_carea' id='block_1_43' title="bbox 194 4166 1789 4241">
    <p class='ocr_par' dir='ltr' id='par_1_43' title="bbox 194 4166 1789 4241">
     <span class='ocr_line' id='line_1_43' title="bbox 194 4166 1789 4241; baseline 0.006 -22"><span class='ocrx_word' id='word_1_321' title='bbox 194 4174 441 4230; x_wconf 87' lang='lat' dir='ltr'><strong>accusat,</strong></span> <span class='ocrx_word' id='word_1_322' title='bbox 470 4167 559 4235; x_wconf 90' lang='lat' dir='ltr'><strong>qui</strong></span> <span class='ocrx_word' id='word_1_323' title='bbox 580 4166 710 4220; x_wconf 91' lang='lat' dir='ltr'><strong>dicit</strong></span> <span class='ocrx_word' id='word_1_324' title='bbox 736 4184 749 4219; x_wconf 90' lang='lat'>:</span> <span class='ocrx_word' id='word_1_325' title='bbox 780 4166 958 4235; x_wconf 86' lang='lat' dir='ltr'><strong>(Vers.</strong></span> <span class='ocrx_word' id='word_1_326' title='bbox 985 4167 1039 4232; x_wconf 86' lang='lat'><strong>9,</strong></span> <span class='ocrx_word' id='word_1_327' title='bbox 1076 4168 1163 4235; x_wconf 82' lang='grc'><strong>10)</strong></span> <span class='ocrx_word' id='word_1_328' title='bbox 1198 4168 1448 4241; x_wconf 82' lang='lat' dir='ltr'><strong>Nunquid</strong></span> <span class='ocrx_word' id='word_1_329' title='bbox 1473 4173 1669 4227; x_wconf 76' lang='lat' dir='ltr'><strong>frustra</strong></span> <span class='ocrx_word' id='word_1_330' title='bbox 1690 4174 1789 4229; x_wconf 88' lang='lat' dir='ltr'><strong>Job</strong></span> 
     </span>
    </p>
   </div>
   <div class='ocr_carea' id='block_1_44' title="bbox 194 4256 1788 4336">
    <p class='ocr_par' dir='ltr' id='par_1_44' title="bbox 194 4256 1788 4336">
     <span class='ocr_line' id='line_1_44' title="bbox 194 4256 1788 4336; baseline 0.007 -26"><span class='ocrx_word' id='word_1_331' title='bbox 194 4259 342 4312; x_wconf 86' lang='lat' dir='ltr'><strong>timet</strong></span> <span class='ocrx_word' id='word_1_332' title='bbox 374 4257 576 4311; x_wconf 84' lang='lat' dir='ltr'><strong>Deum?</strong></span> <span class='ocrx_word' id='word_1_333' title='bbox 631 4256 825 4313; x_wconf 87' lang='lat' dir='ltr'><strong>Nonne</strong></span> <span class='ocrx_word' id='word_1_334' title='bbox 850 4269 901 4311; x_wconf 89' lang='lat' dir='ltr'><strong>tu</strong></span> <span class='ocrx_word' id='word_1_335' title='bbox 923 4260 1132 4314; x_wconf 84' lang='lat' dir='ltr'><strong>uallasti</strong></span> <span class='ocrx_word' id='word_1_336' title='bbox 1160 4278 1294 4325; x_wconf 88' lang='lat' dir='ltr'><strong>eum,</strong></span> <span class='ocrx_word' id='word_1_337' title='bbox 1327 4280 1387 4316; x_wconf 87' lang='lat' dir='ltr'><strong>ac</strong></span> <span class='ocrx_word' id='word_1_338' title='bbox 1417 4273 1624 4319; x_wconf 89' lang='lat' dir='ltr'><strong>domum</strong></span> <span class='ocrx_word' id='word_1_339' title='bbox 1654 4268 1788 4336; x_wconf 78' lang='lat' dir='ltr'><strong>ejus,</strong></span> 
     </span>
    </p>
   </div>
   <div class='ocr_carea' id='block_1_45' title="bbox 193 4349 1789 4419">
    <p class='ocr_par' dir='ltr' id='par_1_45' title="bbox 193 4349 1789 4419">
     <span class='ocr_line' id='line_1_45' title="bbox 193 4349 1789 4419; baseline 0.008 -20"><span class='ocrx_word' id='word_1_340' title='bbox 193 4349 588 4418; x_wconf 77' lang='lat' dir='ltr'><strong>universumque</strong></span> <span class='ocrx_word' id='word_1_341' title='bbox 608 4351 979 4402; x_wconf 86' lang='lat' dir='ltr'><strong>substantiamc</strong></span> <span class='ocrx_word' id='word_1_342' title='bbox 1012 4368 1103 4419; x_wconf 84' lang='lat' dir='ltr'><strong>per</strong></span> <span class='ocrx_word' id='word_1_343' title='bbox 1126 4352 1435 4406; x_wconf 88' lang='lat' dir='ltr'><strong>circuitum?</strong></span> <span class='ocrx_word' id='word_1_344' title='bbox 1455 4354 1789 4411; x_wconf 82' lang='lat' dir='ltr'><strong>Tentandum</strong></span> 
     </span>
    </p>
   </div>
   <div class='ocr_carea' id='block_1_46' title="bbox 194 4436 1784 4508">
    <p class='ocr_par' dir='ltr' id='par_1_46' title="bbox 194 4436 1784 4508">
     <span class='ocr_line' id='line_1_46' title="bbox 194 4436 1784 4508; baseline 0.007 -18"><span class='ocrx_word' id='word_1_345' title='bbox 194 4436 443 4490; x_wconf 88' lang='lat' dir='ltr'><strong>eamdem</strong></span> <span class='ocrx_word' id='word_1_346' title='bbox 484 4438 846 4492; x_wconf 85' lang='lat' dir='ltr'><strong>innocentiam</strong></span> <span class='ocrx_word' id='word_1_347' title='bbox 880 4440 1146 4508; x_wconf 84' lang='lat' dir='ltr'><strong>postulat,</strong></span> <span class='ocrx_word' id='word_1_348' title='bbox 1178 4458 1299 4496; x_wconf 92' lang='lat' dir='ltr'><strong>cum</strong></span> <span class='ocrx_word' id='word_1_349' title='bbox 1329 4442 1459 4498; x_wconf 89' lang='lat' dir='ltr'><strong>dicit</strong></span> <span class='ocrx_word' id='word_1_350' title='bbox 1491 4463 1502 4497; x_wconf 86' lang='lat'><strong>:</strong></span> <span class='ocrx_word' id='word_1_351' title='bbox 1551 4444 1784 4501; x_wconf 72' lang='lat' dir='ltr'><strong>Extende</strong></span> 
     </span>
    </p>
   </div>
   <div class='ocr_carea' id='block_1_47' title="bbox 193 4537 1787 4604">
    <p class='ocr_par' dir='ltr' id='par_1_47' title="bbox 193 4537 1787 4604">
     <span class='ocr_line' id='line_1_47' title="bbox 193 4537 1787 4604; baseline 0.008 -23"><span class='ocrx_word' id='word_1_352' title='bbox 193 4545 407 4581; x_wconf 89' lang='lat' dir='ltr'><strong>manum</strong></span> <span class='ocrx_word' id='word_1_353' title='bbox 438 4537 608 4591; x_wconf 87' lang='lat' dir='ltr'><strong>tuum,</strong></span> <span class='ocrx_word' id='word_1_354' title='bbox 653 4538 701 4583; x_wconf 87' lang='lat' dir='ltr'><strong>et</strong></span> <span class='ocrx_word' id='word_1_355' title='bbox 740 4539 893 4601; x_wconf 86' lang='lat' dir='ltr'><strong>tange</strong></span> <span class='ocrx_word' id='word_1_356' title='bbox 923 4543 1107 4586; x_wconf 86' lang='lat' dir='ltr'><strong>cuncta</strong></span> <span class='ocrx_word' id='word_1_357' title='bbox 1146 4550 1259 4603; x_wconf 72' lang='lat' dir='ltr'><strong>qua:</strong></span> <span class='ocrx_word' id='word_1_358' title='bbox 1294 4538 1548 4604; x_wconf 80' lang='lat' dir='ltr'><strong>possidet,</strong></span> <span class='ocrx_word' id='word_1_359' title='bbox 1590 4540 1693 4592; x_wconf 78' lang='lat' dir='ltr'><strong>nisi</strong></span> <span class='ocrx_word' id='word_1_360' title='bbox 1734 4542 1787 4595; x_wconf 88' lang='lat' dir='ltr'><strong>in</strong></span> 
     </span>
    </p>
   </div>
   <div class='ocr_carea' id='block_1_48' title="bbox 194 4618 1781 4691">
    <p class='ocr_par' dir='ltr' id='par_1_48' title="bbox 194 4618 1781 4691">
     <span class='ocr_line' id='line_1_48' title="bbox 194 4618 1781 4691; baseline 0.009 -21"><span class='ocrx_word' id='word_1_361' title='bbox 194 4620 385 4688; x_wconf 76' lang='lat' dir='ltr'><strong>faciem</strong></span> <span class='ocrx_word' id='word_1_362' title='bbox 414 4618 730 4674; x_wconf 68' lang='lat' dir='ltr'><strong>benedixerit</strong></span> <span class='ocrx_word' id='word_1_363' title='bbox 755 4620 863 4674; x_wconf 83' lang='lat' dir='ltr'><strong>tibi.</strong></span> <span class='ocrx_word' id='word_1_364' title='bbox 891 4620 995 4676; x_wconf 85' lang='lat' dir='ltr'><strong>Sed</strong></span> <span class='ocrx_word' id='word_1_365' title='bbox 1024 4622 1204 4679; x_wconf 91' lang='lat' dir='ltr'><strong>dicere</strong></span> <span class='ocrx_word' id='word_1_366' title='bbox 1233 4624 1327 4679; x_wconf 92' lang='lat' dir='ltr'><strong>Dei</strong></span> <span class='ocrx_word' id='word_1_367' title='bbox 1358 4636 1439 4681; x_wconf 89' lang='lat' dir='ltr'><strong>est</strong></span> <span class='ocrx_word' id='word_1_368' title='bbox 1468 4668 1485 4691; x_wconf 91' lang='lat'><strong>,</strong></span> <span class='ocrx_word' id='word_1_369' title='bbox 1522 4628 1670 4683; x_wconf 86' lang='lat' dir='ltr'><strong>Unde</strong></span> <span class='ocrx_word' id='word_1_370' title='bbox 1696 4646 1781 4684; x_wconf 85' lang='lat' dir='ltr'><strong>ve-</strong></span> 
     </span>
    </p>
   </div>
   <div class='ocr_carea' id='block_1_49' title="bbox 194 4710 1860 4788">
    <p class='ocr_par' dir='ltr' id='par_1_49' title="bbox 194 4710 1860 4788">
     <span class='ocr_line' id='line_1_49' title="bbox 194 4710 1860 4788; baseline 0.009 -26"><span class='ocrx_word' id='word_1_371' title='bbox 194 4713 273 4767; x_wconf 86' lang='lat' dir='ltr'><strong>nis</strong></span> <span class='ocrx_word' id='word_1_372' title='bbox 292 4715 317 4767; x_wconf 88' lang='lat'><strong><em>?</em></strong></span> <span class='ocrx_word' id='word_1_373' title='bbox 346 4713 484 4767; x_wconf 88' lang='lat' dir='ltr'><strong>sicut</strong></span> <span class='ocrx_word' id='word_1_374' title='bbox 512 4722 565 4767; x_wconf 90' lang='lat' dir='ltr'><strong>et</strong></span> <span class='ocrx_word' id='word_1_375' title='bbox 593 4730 752 4784; x_wconf 88' lang='lat' dir='ltr'><strong>supra</strong></span> <span class='ocrx_word' id='word_1_376' title='bbox 784 4715 1192 4781; x_wconf 87' lang='lat' dir='ltr'><strong>insinuavimus,</strong></span> <span class='ocrx_word' id='word_1_377' title='bbox 1232 4719 1283 4771; x_wconf 91' lang='lat' dir='ltr'><strong>vi</strong></span> <span class='ocrx_word' id='word_1_378' title='bbox 1313 4735 1423 4774; x_wconf 71' lang='lat' dir='ltr'><strong>sua:</strong></span> <span class='ocrx_word' id='word_1_379' title='bbox 1445 4720 1664 4788; x_wconf 63' lang='lat' dir='ltr'><strong>justitice</strong></span> <span class='ocrx_word' id='word_1_380' title='bbox 1696 4724 1783 4777; x_wconf 83' lang='lat' dir='ltr'><strong>iti-</strong></span> <span class='ocrx_word' id='word_1_381' title='bbox 1814 4710 1860 4769; x_wconf 83' lang='lat' dir='ltr'><strong>D</strong></span> 
     </span>
    </p>
   </div>
   <div class='ocr_carea' id='block_1_50' title="bbox 195 4803 1783 4875">
    <p class='ocr_par' dir='ltr' id='par_1_50' title="bbox 195 4803 1783 4875">
     <span class='ocr_line' id='line_1_50' title="bbox 195 4803 1783 4875; baseline 0.006 -19"><span class='ocrx_word' id='word_1_382' title='bbox 195 4817 328 4856; x_wconf 84' lang='lat' dir='ltr'><strong>nera</strong></span> <span class='ocrx_word' id='word_1_383' title='bbox 360 4803 575 4857; x_wconf 65' lang='lat' dir='ltr'><strong>malitiae</strong></span> <span class='ocrx_word' id='word_1_384' title='bbox 600 4805 717 4872; x_wconf 84' lang='lat' dir='ltr'><strong>ejus</strong></span> <span class='ocrx_word' id='word_1_385' title='bbox 747 4803 1047 4875; x_wconf 86' lang='lat' dir='ltr'><strong>increpare.</strong></span> <span class='ocrx_word' id='word_1_386' title='bbox 1092 4806 1282 4861; x_wconf 87' lang='lat' dir='ltr'><strong>Dicere</strong></span> <span class='ocrx_word' id='word_1_387' title='bbox 1312 4808 1406 4862; x_wconf 89' lang='lat' dir='ltr'><strong>Dei</strong></span> <span class='ocrx_word' id='word_1_388' title='bbox 1440 4819 1523 4863; x_wconf 85' lang='lat' dir='ltr'><strong>est</strong></span> <span class='ocrx_word' id='word_1_389' title='bbox 1545 4848 1560 4873; x_wconf 88' lang='lat'><strong>,</strong></span> <span class='ocrx_word' id='word_1_390' title='bbox 1596 4810 1783 4866; x_wconf 86' lang='lat' dir='ltr'><strong>Consi-</strong></span> 
     </span>
    </p>
   </div>
   <div class='ocr_carea' id='block_1_51' title="bbox 194 4893 1785 4971">
    <p class='ocr_par' dir='ltr' id='par_1_51' title="bbox 194 4893 1785 4971">
     <span class='ocr_line' id='line_1_51' title="bbox 194 4893 1785 4971; baseline 0.008 -24"><span class='ocrx_word' id='word_1_391' title='bbox 194 4893 391 4948; x_wconf 86' lang='lat' dir='ltr'><strong>derasti</strong></span> <span class='ocrx_word' id='word_1_392' title='bbox 432 4911 631 4948; x_wconf 83' lang='lat' dir='ltr'><strong>servum</strong></span> <span class='ocrx_word' id='word_1_393' title='bbox 678 4912 842 4949; x_wconf 88' lang='lat' dir='ltr'><strong>meum</strong></span> <span class='ocrx_word' id='word_1_394' title='bbox 884 4898 1010 4963; x_wconf 78' lang='lat' dir='ltr'><strong>Job,</strong></span> <span class='ocrx_word' id='word_1_395' title='bbox 1054 4900 1188 4971; x_wconf 86' lang='lat' dir='ltr'><strong>quod</strong></span> <span class='ocrx_word' id='word_1_396' title='bbox 1217 4918 1317 4955; x_wconf 89' lang='lat' dir='ltr'><strong>non</strong></span> <span class='ocrx_word' id='word_1_397' title='bbox 1348 4903 1416 4956; x_wconf 89' lang='lat' dir='ltr'><strong>sit</strong></span> <span class='ocrx_word' id='word_1_398' title='bbox 1443 4905 1492 4958; x_wconf 87' lang='lat' dir='ltr'><strong>ei</strong></span> <span class='ocrx_word' id='word_1_399' title='bbox 1526 4901 1552 4940; x_wconf 74' lang='grc' dir='ltr'><em>ά</em></span> <span class='ocrx_word' id='word_1_400' title='bbox 1601 4907 1785 4961; x_wconf 77' lang='lat' dir='ltr'><strong>similis</strong></span> 
     </span>
    </p>
   </div>
   <div class='ocr_carea' id='block_1_52' title="bbox 191 4987 1784 5066">
    <p class='ocr_par' dir='ltr' id='par_1_52' title="bbox 191 4987 1784 5066">
     <span class='ocr_line' id='line_1_52' title="bbox 191 4987 1784 5066; baseline 0.008 -28"><span class='ocrx_word' id='word_1_401' title='bbox 191 5001 347 5054; x_wconf 87' lang='lat' dir='ltr'><strong>super</strong></span> <span class='ocrx_word' id='word_1_402' title='bbox 378 4990 608 5039; x_wconf 85' lang='lat' dir='ltr'><strong>terram?</strong></span> <span class='ocrx_word' id='word_1_403' title='bbox 651 4987 783 5041; x_wconf 88' lang='lat' dir='ltr'><strong>tales</strong></span> <span class='ocrx_word' id='word_1_404' title='bbox 812 4989 1014 5044; x_wconf 88' lang='lat' dir='ltr'><strong>electos</strong></span> <span class='ocrx_word' id='word_1_405' title='bbox 1041 5006 1168 5045; x_wconf 89' lang='lat' dir='ltr'><strong>suos</strong></span> <span class='ocrx_word' id='word_1_406' title='bbox 1193 4990 1539 5058; x_wconf 80' lang='lat' dir='ltr'><strong>justiﬁcando</strong></span> <span class='ocrx_word' id='word_1_407' title='bbox 1569 4995 1748 5051; x_wconf 77' lang='lat' dir='ltr'><strong>facere</strong></span> <span class='ocrx_word' id='word_1_408' title='bbox 1767 5038 1784 5066; x_wconf 93' lang='lat'><strong>,</strong></span> 
     </span>
    </p>
   </div>
   <div class='ocr_carea' id='block_1_53' title="bbox 192 5076 1779 5153">
    <p class='ocr_par' dir='ltr' id='par_1_53' title="bbox 192 5076 1779 5153">
     <span class='ocr_line' id='line_1_53' title="bbox 192 5076 1779 5153; baseline 0.012 -26"><span class='ocrx_word' id='word_1_409' title='bbox 192 5076 446 5143; x_wconf 86' lang='lat' dir='ltr'><strong>qualibus</strong></span> <span class='ocrx_word' id='word_1_410' title='bbox 482 5078 732 5131; x_wconf 89' lang='lat' dir='ltr'><strong>nimirum</strong></span> <span class='ocrx_word' id='word_1_411' title='bbox 772 5088 1015 5149; x_wconf 87' lang='lat' dir='ltr'><strong>apostata</strong></span> <span class='ocrx_word' id='word_1_412' title='bbox 1054 5083 1274 5150; x_wconf 83' lang='lat' dir='ltr'><strong>angelus</strong></span> <span class='ocrx_word' id='word_1_413' title='bbox 1304 5087 1473 5153; x_wconf 88' lang='lat' dir='ltr'><strong>possit</strong></span> <span class='ocrx_word' id='word_1_414' title='bbox 1519 5088 1779 5146; x_wconf 83' lang='lat' dir='ltr'><strong>invidere.</strong></span> 
     </span>
    </p>
   </div>
   <div class='ocr_carea' id='block_1_54' title="bbox 195 5164 1783 5242">
    <p class='ocr_par' dir='ltr' id='par_1_54' title="bbox 195 5164 1783 5242">
     <span class='ocr_line' id='line_1_54' title="bbox 195 5164 1783 5242; baseline 0.013 -26"><span class='ocrx_word' id='word_1_415' title='bbox 195 5164 385 5220; x_wconf 88' lang='lat' dir='ltr'><strong>Dicere</strong></span> <span class='ocrx_word' id='word_1_416' title='bbox 409 5166 502 5221; x_wconf 88' lang='lat' dir='ltr'><strong>Dei</strong></span> <span class='ocrx_word' id='word_1_417' title='bbox 532 5175 635 5228; x_wconf 87' lang='lat' dir='ltr'><strong>est.</strong></span> <span class='ocrx_word' id='word_1_418' title='bbox 662 5167 798 5223; x_wconf 84' lang='lat' dir='ltr'><strong>Ecce</strong></span> <span class='ocrx_word' id='word_1_419' title='bbox 825 5172 1063 5224; x_wconf 82' lang='lat' dir='ltr'><strong>universa</strong></span> <span class='ocrx_word' id='word_1_420' title='bbox 1104 5190 1216 5242; x_wconf 70' lang='lat' dir='ltr'><strong>qua:</strong></span> <span class='ocrx_word' id='word_1_421' title='bbox 1245 5175 1396 5230; x_wconf 80' lang='lat' dir='ltr'><strong>habet</strong></span> <span class='ocrx_word' id='word_1_422' title='bbox 1424 5180 1479 5232; x_wconf 87' lang='lat' dir='ltr'><strong>in</strong></span> <span class='ocrx_word' id='word_1_423' title='bbox 1508 5197 1663 5234; x_wconf 85' lang='lat' dir='ltr'><strong>manu</strong></span> <span class='ocrx_word' id='word_1_424' title='bbox 1696 5192 1783 5236; x_wconf 88' lang='lat' dir='ltr'><strong>tua</strong></span> 
     </span>
    </p>
   </div>
   <div class='ocr_carea' id='block_1_55' title="bbox 193 5255 1787 5331">
    <p class='ocr_par' dir='ltr' id='par_1_55' title="bbox 193 5255 1787 5331">
     <span class='ocr_line' id='line_1_55' title="bbox 193 5255 1787 5331; baseline 0.014 -23"><span class='ocrx_word' id='word_1_425' title='bbox 193 5265 345 5320; x_wconf 85' lang='lat' dir='ltr'><strong>sunt,</strong></span> <span class='ocrx_word' id='word_1_426' title='bbox 389 5255 498 5327; x_wconf 64' lang='grc'><strong>44</strong></span> <span class='ocrx_word' id='word_1_427' title='bbox 535 5259 602 5313; x_wconf 87' lang='lat' dir='ltr'><strong>ad</strong></span> <span class='ocrx_word' id='word_1_428' title='bbox 632 5260 1005 5329; x_wconf 88' lang='lat' dir='ltr'><strong>probationem</strong></span> <span class='ocrx_word' id='word_1_429' title='bbox 1037 5263 1269 5319; x_wconf 86' lang='lat' dir='ltr'><strong>tidelium</strong></span> <span class='ocrx_word' id='word_1_430' title='bbox 1295 5310 1308 5331; x_wconf 95' lang='lat'><strong>,</strong></span> <span class='ocrx_word' id='word_1_431' title='bbox 1352 5285 1540 5324; x_wconf 86' lang='lat' dir='ltr'><strong>contra</strong></span> <span class='ocrx_word' id='word_1_432' title='bbox 1569 5288 1663 5328; x_wconf 89' lang='lat' dir='ltr'><strong>eos</strong></span> <span class='ocrx_word' id='word_1_433' title='bbox 1693 5289 1787 5330; x_wconf 91' lang='lat' dir='ltr'><strong>oc-</strong></span> 
     </span>
    </p>
   </div>
   <div class='ocr_carea' id='block_1_56' title="bbox 193 5349 1786 5425">
    <p class='ocr_par' dir='ltr' id='par_1_56' title="bbox 193 5349 1786 5425">
     <span class='ocr_line' id='line_1_56' title="bbox 193 5349 1786 5425; baseline 0.014 -24"><span class='ocrx_word' id='word_1_434' title='bbox 193 5349 338 5402; x_wconf 84' lang='lat' dir='ltr'><strong>culta</strong></span> <span class='ocrx_word' id='word_1_435' title='bbox 366 5350 415 5402; x_wconf 89' lang='lat' dir='ltr'><strong>vi</strong></span> <span class='ocrx_word' id='word_1_436' title='bbox 448 5351 718 5407; x_wconf 90' lang='lat' dir='ltr'><strong>incursum</strong></span> <span class='ocrx_word' id='word_1_437' title='bbox 746 5354 894 5408; x_wconf 91' lang='lat' dir='ltr'><strong>illum</strong></span> <span class='ocrx_word' id='word_1_438' title='bbox 916 5372 1027 5410; x_wconf 63' lang='lat' dir='ltr'><strong>sum</strong></span> <span class='ocrx_word' id='word_1_439' title='bbox 1053 5358 1271 5412; x_wconf 72' lang='lat' dir='ltr'><strong>malitia:</strong></span> <span class='ocrx_word' id='word_1_440' title='bbox 1295 5362 1559 5419; x_wconf 77' lang='lat' dir='ltr'><strong>relaxare.</strong></span> <span class='ocrx_word' id='word_1_441' title='bbox 1593 5366 1786 5425; x_wconf 87' lang='lat' dir='ltr'><strong>Dicere</strong></span> 
     </span>
    </p>
   </div>
   <div class='ocr_carea' id='block_1_57' title="bbox 195 5439 1784 5530">
    <p class='ocr_par' dir='ltr' id='par_1_57' title="bbox 195 5439 1784 5530">
     <span class='ocr_line' id='line_1_57' title="bbox 195 5439 1784 5530; baseline 0.014 -36"><span class='ocrx_word' id='word_1_442' title='bbox 195 5439 291 5496; x_wconf 87' lang='lat' dir='ltr'><strong>Dei</strong></span> <span class='ocrx_word' id='word_1_443' title='bbox 319 5451 430 5507; x_wconf 87' lang='lat' dir='ltr'><strong>est,</strong></span> <span class='ocrx_word' id='word_1_444' title='bbox 476 5444 699 5501; x_wconf 87' lang='lat' dir='ltr'><strong>Tantum</strong></span> <span class='ocrx_word' id='word_1_445' title='bbox 727 5450 782 5500; x_wconf 88' lang='lat' dir='ltr'><strong>in</strong></span> <span class='ocrx_word' id='word_1_446' title='bbox 812 5464 926 5502; x_wconf 87' lang='lat' dir='ltr'><strong>eum</strong></span> <span class='ocrx_word' id='word_1_447' title='bbox 958 5465 1022 5503; x_wconf 92' lang='lat' dir='ltr'><strong>ne</strong></span> <span class='ocrx_word' id='word_1_448' title='bbox 1049 5452 1300 5507; x_wconf 74' lang='lat' dir='ltr'><strong>extendas</strong></span> <span class='ocrx_word' id='word_1_449' title='bbox 1350 5472 1563 5511; x_wconf 81' lang='lat' dir='ltr'><strong>manant</strong></span> <span class='ocrx_word' id='word_1_450' title='bbox 1606 5470 1747 5517; x_wconf 86' lang='lat' dir='ltr'><strong>tuam</strong></span> <span class='ocrx_word' id='word_1_451' title='bbox 1767 5502 1784 5530; x_wconf 87' lang='lat'><strong>,</strong></span> 
     </span>
    </p>
   </div>
   <div class='ocr_carea' id='block_1_58' title="bbox 268 5574 1783 5667">
    <p class='ocr_par' dir='ltr' id='par_1_58' title="bbox 268 5574 1783 5667">
     <span class='ocr_line' id='line_1_58' title="bbox 268 5574 1783 5667; baseline 0.014 -37"><span class='ocrx_word' id='word_1_452' title='bbox 268 5585 291 5612; x_wconf 84' lang='grc'><strong><em>⁸·</em></strong></span> <span class='ocrx_word' id='word_1_453' title='bbox 317 5574 557 5645; x_wconf 83' lang='lat' dir='ltr'><strong>Ebroic.,</strong></span> <span class='ocrx_word' id='word_1_454' title='bbox 580 5580 809 5636; x_wconf 69' lang='lat' dir='ltr'><strong>Vindoc.</strong></span> <span class='ocrx_word' id='word_1_455' title='bbox 841 5591 897 5636; x_wconf 89' lang='lat' dir='ltr'><strong>et</strong></span> <span class='ocrx_word' id='word_1_456' title='bbox 920 5583 1184 5650; x_wconf 88' lang='lat' dir='ltr'><strong>nonnulli,</strong></span> <span class='ocrx_word' id='word_1_457' title='bbox 1217 5589 1588 5647; x_wconf 85' lang='lat' dir='ltr'><strong>consolationis</strong></span> <span class='ocrx_word' id='word_1_458' title='bbox 1613 5597 1783 5667; x_wconf 82' lang='lat' dir='ltr'><strong>inspi-</strong></span> 
     </span>
    </p>
   </div>
   <div class='ocr_carea' id='block_1_59' title="bbox 188 5661 331 5703">
    <p class='ocr_par' dir='ltr' id='par_1_59' title="bbox 188 5661 331 5703">
     <span class='ocr_line' id='line_1_59' title="bbox 188 5661 331 5703; baseline 0.028 -4"><span class='ocrx_word' id='word_1_459' title='bbox 188 5661 331 5703; x_wconf 82' lang='lat' dir='ltr'><strong>rare.</strong></span> 
     </span>
    </p>
   </div>
   <div class='ocr_carea' id='block_1_60' title="bbox 268 5718 1778 5793">
    <p class='ocr_par' dir='ltr' id='par_1_60' title="bbox 268 5718 1778 5793">
     <span class='ocr_line' id='line_1_60' title="bbox 268 5718 1778 5793; baseline 0.013 -21"><span class='ocrx_word' id='word_1_460' title='bbox 268 5718 293 5754; x_wconf 70' lang='grc' dir='ltr'>δ</span> <span class='ocrx_word' id='word_1_461' title='bbox 324 5718 379 5773; x_wconf 89' lang='lat' dir='ltr'><strong>In</strong></span> <span class='ocrx_word' id='word_1_462' title='bbox 427 5718 669 5793; x_wconf 78' lang='lat' dir='ltr'><strong>Excusis,</strong></span> <span class='ocrx_word' id='word_1_463' title='bbox 728 5723 962 5793; x_wconf 64' lang='lat' dir='ltr'><strong>nunquid</strong></span> <span class='ocrx_word' id='word_1_464' title='bbox 1013 5726 1371 5783; x_wconf 83' lang='lat' dir='ltr'><strong>considerasti.</strong></span> <span class='ocrx_word' id='word_1_465' title='bbox 1423 5728 1477 5783; x_wconf 90' lang='lat' dir='ltr'><strong>ln</strong></span> <span class='ocrx_word' id='word_1_466' title='bbox 1529 5736 1778 5793; x_wconf 85' lang='lat' dir='ltr'><strong>omnibus</strong></span> 
     </span>
    </p>
   </div>
   <div class='ocr_carea' id='block_1_61' title="bbox 193 5790 1778 5878">
    <p class='ocr_par' dir='ltr' id='par_1_61' title="bbox 193 5790 1778 5878">
     <span class='ocr_line' id='line_1_61' title="bbox 193 5790 1778 5878; baseline 0.018 -42"><span class='ocrx_word' id='word_1_467' title='bbox 193 5800 331 5878; x_wconf 52' lang='lat' dir='ltr'><strong>guns</strong></span> <span class='ocrx_word' id='word_1_468' title='bbox 356 5792 722 5878; x_wconf 70' lang='lat' dir='ltr'><strong>constituimus</strong></span> <span class='ocrx_word' id='word_1_469' title='bbox 748 5790 1012 5874; x_wconf 25' lang='lat' dir='ltr'><strong>Mssanon</strong></span> <span class='ocrx_word' id='word_1_470' title='bbox 1044 5795 1237 5863; x_wconf 81' lang='lat' dir='ltr'><strong>legitur</strong></span> <span class='ocrx_word' id='word_1_471' title='bbox 1265 5802 1514 5873; x_wconf 83' lang='lat' dir='ltr'><strong>nunquid.</strong></span> <span class='ocrx_word' id='word_1_472' title='bbox 1548 5790 1778 5878; x_wconf 82' lang='lat' dir='ltr'><strong>Ideoque</strong></span> 
     </span>
    </p>
   </div>
   <div class='ocr_carea' id='block_1_62' title="bbox 194 5853 1038 5930">
    <p class='ocr_par' dir='ltr' id='par_1_62' title="bbox 194 5853 1038 5930">
     <span class='ocr_line' id='line_1_62' title="bbox 194 5853 1038 5930; baseline 0.011 -22"><span class='ocrx_word' id='word_1_473' title='bbox 194 5853 285 5909; x_wconf 85' lang='lat' dir='ltr'><strong>hic</strong></span> <span class='ocrx_word' id='word_1_474' title='bbox 312 5869 363 5912; x_wconf 80' lang='lat' dir='ltr'><strong>et</strong></span> <span class='ocrx_word' id='word_1_475' title='bbox 383 5861 636 5930; x_wconf 83' lang='lat' dir='ltr'><strong>deinceps</strong></span> <span class='ocrx_word' id='word_1_476' title='bbox 664 5863 1038 5929; x_wconf 80' lang='lat' dir='ltr'><strong>expunximus.</strong></span> 
     </span>
    </p>
   </div>
   <div class='ocr_carea' id='block_1_63' title="bbox 275 5930 1769 6023">
    <p class='ocr_par' dir='ltr' id='par_1_63' title="bbox 275 5930 1769 6023">
     <span class='ocr_line' id='line_1_63' title="bbox 275 5930 1769 6023; baseline 0.015 -40"><span class='ocrx_word' id='word_1_477' title='bbox 275 5938 295 5965; x_wconf 74' lang='grc' dir='ltr'><strong>ε</strong></span> <span class='ocrx_word' id='word_1_478' title='bbox 326 5930 380 5985; x_wconf 94' lang='lat' dir='ltr'><strong>ln</strong></span> <span class='ocrx_word' id='word_1_479' title='bbox 433 5930 621 5999; x_wconf 86' lang='lat' dir='ltr'><strong>Gilot.,</strong></span> <span class='ocrx_word' id='word_1_480' title='bbox 665 5930 860 6005; x_wconf 85' lang='lat' dir='ltr'><strong>Vatic.,</strong></span> <span class='ocrx_word' id='word_1_481' title='bbox 913 5932 1199 6013; x_wconf 71' lang='lat' dir='ltr'><strong>Gussanv.,</strong></span> <span class='ocrx_word' id='word_1_482' title='bbox 1250 5940 1590 6002; x_wconf 79' lang='lat' dir='ltr'><strong>substantiam</strong></span> <span class='ocrx_word' id='word_1_483' title='bbox 1638 5956 1769 6023; x_wconf 79' lang='lat' dir='ltr'><strong>ejus.</strong></span> 
     </span>
    </p>
   </div>
   <div class='ocr_carea' id='block_1_64' title="bbox 1907 678 3490 746">
    <p class='ocr_par' dir='ltr' id='par_1_64' title="bbox 1907 678 3490 746">
     <span class='ocr_line' id='line_1_64' title="bbox 1907 678 3490 746; baseline 0.003 -15"><span class='ocrx_word' id='word_1_484' title='bbox 1907 678 2183 732; x_wconf 41' lang='lat' dir='ltr'><strong>mittendo.</strong></span> <span class='ocrx_word' id='word_1_485' title='bbox 2203 680 2547 746; x_wconf 80' lang='lat' dir='ltr'><strong>restringere.</strong></span> <span class='ocrx_word' id='word_1_486' title='bbox 2583 680 2770 733; x_wconf 82' lang='lat' dir='ltr'><strong>Dicere</strong></span> <span class='ocrx_word' id='word_1_487' title='bbox 2800 689 2977 733; x_wconf 88' lang='lat' dir='ltr'><strong>autem</strong></span> <span class='ocrx_word' id='word_1_488' title='bbox 3010 680 3207 733; x_wconf 87' lang='lat' dir='ltr'><strong>diaboli</strong></span> <span class='ocrx_word' id='word_1_489' title='bbox 3239 690 3340 745; x_wconf 87' lang='lat' dir='ltr'><strong>est,</strong></span> <span class='ocrx_word' id='word_1_490' title='bbox 3373 680 3490 735; x_wconf 86' lang='lat' dir='ltr'><strong>Cir-</strong></span> 
     </span>
    </p>
   </div>
   <div class='ocr_carea' id='block_1_65' title="bbox 1906 768 3491 838">
    <p class='ocr_par' dir='ltr' id='par_1_65' title="bbox 1906 768 3491 838">
     <span class='ocr_line' id='line_1_65' title="bbox 1906 768 3491 838; baseline 0.001 -18"><span class='ocrx_word' id='word_1_491' title='bbox 1906 768 2038 820; x_wconf 84' lang='lat' dir='ltr'><strong>cuivi</strong></span> <span class='ocrx_word' id='word_1_492' title='bbox 2077 776 2288 829; x_wconf 87' lang='lat' dir='ltr'><strong>terram,</strong></span> <span class='ocrx_word' id='word_1_493' title='bbox 2347 778 2397 822; x_wconf 86' lang='lat' dir='ltr'><strong>et</strong></span> <span class='ocrx_word' id='word_1_494' title='bbox 2434 768 2779 838; x_wconf 85' lang='lat' dir='ltr'><strong>perambulavi</strong></span> <span class='ocrx_word' id='word_1_495' title='bbox 2817 785 2952 831; x_wconf 83' lang='lat' dir='ltr'><strong>eam,</strong></span> <span class='ocrx_word' id='word_1_496' title='bbox 2993 770 3341 836; x_wconf 83' lang='lat' dir='ltr'><strong>sagacitatem</strong></span> <span class='ocrx_word' id='word_1_497' title='bbox 3380 784 3491 823; x_wconf 77' lang='lat' dir='ltr'><strong>sum</strong></span> 
     </span>
    </p>
   </div>
   <div class='ocr_carea' id='block_1_66' title="bbox 1905 860 3495 929">
    <p class='ocr_par' dir='ltr' id='par_1_66' title="bbox 1905 860 3495 929">
     <span class='ocr_line' id='line_1_66' title="bbox 1905 860 3495 929; baseline 0.002 -17"><span class='ocrx_word' id='word_1_498' title='bbox 1905 860 2124 913; x_wconf 69' lang='lat' dir='ltr'><strong>malitia:</strong></span> <span class='ocrx_word' id='word_1_499' title='bbox 2152 860 2506 915; x_wconf 89' lang='lat' dir='ltr'><strong>invisibilibus</strong></span> <span class='ocrx_word' id='word_1_500' title='bbox 2528 860 2645 929; x_wconf 91' lang='lat' dir='ltr'><strong>ejus</strong></span> <span class='ocrx_word' id='word_1_501' title='bbox 2675 861 2846 914; x_wconf 89' lang='lat' dir='ltr'><strong>oculis</strong></span> <span class='ocrx_word' id='word_1_502' title='bbox 2875 860 3147 914; x_wconf 88' lang='lat' dir='ltr'><strong>occultare</strong></span> <span class='ocrx_word' id='word_1_503' title='bbox 3174 876 3278 914; x_wconf 91' lang='lat' dir='ltr'><strong>non</strong></span> <span class='ocrx_word' id='word_1_504' title='bbox 3310 860 3495 929; x_wconf 75' lang='lat' dir='ltr'><strong>posse.‘</strong></span> 
     </span>
    </p>
   </div>
   <div class='ocr_carea' id='block_1_67' title="bbox 1906 947 3490 1020">
    <p class='ocr_par' dir='ltr' id='par_1_67' title="bbox 1906 947 3490 1020">
     <span class='ocr_line' id='line_1_67' title="bbox 1906 947 3490 1020; baseline -0.001 -18"><span class='ocrx_word' id='word_1_505' title='bbox 1906 949 2094 1004; x_wconf 90' lang='lat' dir='ltr'><strong>Dicere</strong></span> <span class='ocrx_word' id='word_1_506' title='bbox 2121 950 2323 1003; x_wconf 89' lang='lat' dir='ltr'><strong>diaboli</strong></span> <span class='ocrx_word' id='word_1_507' title='bbox 2348 958 2450 1013; x_wconf 88' lang='lat' dir='ltr'><strong>est,</strong></span> <span class='ocrx_word' id='word_1_508' title='bbox 2485 948 2737 1019; x_wconf 81' lang='lat' dir='ltr'><strong>Nunquid</strong></span> <span class='ocrx_word' id='word_1_509' title='bbox 2768 952 2963 1020; x_wconf 83' lang='lat' dir='ltr'><strong>frustra</strong></span> <span class='ocrx_word' id='word_1_510' title='bbox 2984 947 3082 1001; x_wconf 85' lang='lat' dir='ltr'><strong>Job</strong></span> <span class='ocrx_word' id='word_1_511' title='bbox 3114 950 3257 1001; x_wconf 85' lang='lat' dir='ltr'><strong>timet</strong></span> <span class='ocrx_word' id='word_1_512' title='bbox 3280 947 3490 1002; x_wconf 82' lang='lat' dir='ltr'><strong>Deum?</strong></span> 
     </span>
    </p>
   </div>
   <div class='ocr_carea' id='block_1_68' title="bbox 1903 1038 3489 1106">
    <p class='ocr_par' dir='ltr' id='par_1_68' title="bbox 1903 1038 3489 1106">
     <span class='ocr_line' id='line_1_68' title="bbox 1903 1038 3489 1106; baseline -0.001 -13"><span class='ocrx_word' id='word_1_513' title='bbox 1903 1048 2095 1093; x_wconf 91' lang='lat' dir='ltr'><strong>contra</strong></span> <span class='ocrx_word' id='word_1_514' title='bbox 2143 1040 2319 1094; x_wconf 91' lang='lat' dir='ltr'><strong>bonos</strong></span> <span class='ocrx_word' id='word_1_515' title='bbox 2375 1039 2513 1092; x_wconf 89' lang='lat' dir='ltr'><strong>intra</strong></span> <span class='ocrx_word' id='word_1_516' title='bbox 2564 1040 2951 1106; x_wconf 82' lang='lat' dir='ltr'><strong>cogitationum</strong></span> <span class='ocrx_word' id='word_1_517' title='bbox 2996 1054 3214 1093; x_wconf 87' lang='lat' dir='ltr'><strong>suarum</strong></span> <span class='ocrx_word' id='word_1_518' title='bbox 3270 1038 3489 1092; x_wconf 87' lang='lat' dir='ltr'><strong>latibula</strong></span> 
     </span>
    </p>
   </div>
   <div class='ocr_carea' id='block_1_69' title="bbox 1903 1127 3491 1196">
    <p class='ocr_par' dir='ltr' id='par_1_69' title="bbox 1903 1127 3491 1196">
     <span class='ocr_line' id='line_1_69' title="bbox 1903 1127 3491 1196; baseline 0 -15"><span class='ocrx_word' id='word_1_519' title='bbox 1903 1127 2194 1193; x_wconf 87' lang='lat' dir='ltr'><strong>conqueri;</strong></span> <span class='ocrx_word' id='word_1_520' title='bbox 2228 1140 2524 1194; x_wconf 88' lang='lat' dir='ltr'><strong>eorumque</strong></span> <span class='ocrx_word' id='word_1_521' title='bbox 2552 1127 2899 1195; x_wconf 89' lang='lat' dir='ltr'><strong>provectibus</strong></span> <span class='ocrx_word' id='word_1_522' title='bbox 2924 1127 3185 1190; x_wconf 86' lang='lat' dir='ltr'><strong>invidere,</strong></span> <span class='ocrx_word' id='word_1_523' title='bbox 3214 1136 3377 1196; x_wconf 85' lang='lat' dir='ltr'><strong>atque</strong></span> <span class='ocrx_word' id='word_1_524' title='bbox 3408 1128 3491 1181; x_wconf 78' lang='lat' dir='ltr'><strong>in-</strong></span> 
     </span>
    </p>
   </div>
   <div class='ocr_carea' id='block_1_70' title="bbox 1902 1217 3490 1286">
    <p class='ocr_par' dir='ltr' id='par_1_70' title="bbox 1902 1217 3490 1286">
     <span class='ocr_line' id='line_1_70' title="bbox 1902 1217 3490 1286; baseline 0.003 -16"><span class='ocrx_word' id='word_1_525' title='bbox 1902 1217 2133 1271; x_wconf 88' lang='lat' dir='ltr'><strong>videndo</strong></span> <span class='ocrx_word' id='word_1_526' title='bbox 2149 1217 2545 1286; x_wconf 86' lang='lat' dir='ltr'><strong>reprobationis</strong></span> <span class='ocrx_word' id='word_1_527' title='bbox 2560 1218 2724 1272; x_wconf 90' lang='lat' dir='ltr'><strong>rimas</strong></span> <span class='ocrx_word' id='word_1_528' title='bbox 2747 1219 3055 1286; x_wconf 80' lang='lat' dir='ltr'><strong>exquirere.</strong></span> <span class='ocrx_word' id='word_1_529' title='bbox 3082 1219 3270 1275; x_wconf 88' lang='lat' dir='ltr'><strong>Dicere</strong></span> <span class='ocrx_word' id='word_1_530' title='bbox 3291 1220 3490 1276; x_wconf 90' lang='lat' dir='ltr'><strong>diaboli</strong></span> 
     </span>
    </p>
   </div>
   <div class='ocr_carea' id='block_1_71' title="bbox 1901 1309 3489 1379">
    <p class='ocr_par' dir='ltr' id='par_1_71' title="bbox 1901 1309 3489 1379">
     <span class='ocr_line' id='line_1_71' title="bbox 1901 1309 3489 1379; baseline -0.001 -14"><span class='ocrx_word' id='word_1_531' title='bbox 1901 1319 2012 1375; x_wconf 88' lang='lat' dir='ltr'><strong>est,</strong></span> <span class='ocrx_word' id='word_1_532' title='bbox 2044 1309 2285 1363; x_wconf 78' lang='lat' dir='ltr'><strong>Extende</strong></span> <span class='ocrx_word' id='word_1_533' title='bbox 2310 1310 2575 1376; x_wconf 88' lang='lat' dir='ltr'><strong>paululum</strong></span> <span class='ocrx_word' id='word_1_534' title='bbox 2606 1326 2814 1364; x_wconf 88' lang='lat' dir='ltr'><strong>manum</strong></span> <span class='ocrx_word' id='word_1_535' title='bbox 2846 1322 3016 1377; x_wconf 87' lang='lat' dir='ltr'><strong>tuam,</strong></span> <span class='ocrx_word' id='word_1_536' title='bbox 3046 1320 3095 1363; x_wconf 85' lang='lat' dir='ltr'><strong>et</strong></span> <span class='ocrx_word' id='word_1_537' title='bbox 3125 1320 3277 1379; x_wconf 86' lang='lat' dir='ltr'><strong>tange</strong></span> <span class='ocrx_word' id='word_1_538' title='bbox 3306 1322 3489 1365; x_wconf 88' lang='lat' dir='ltr'><strong>cuncta</strong></span> 
     </span>
    </p>
   </div>
   <div class='ocr_carea' id='block_1_72' title="bbox 1902 1399 3487 1473">
    <p class='ocr_par' dir='ltr' id='par_1_72' title="bbox 1902 1399 3487 1473">
     <span class='ocr_line' id='line_1_72' title="bbox 1902 1399 3487 1473; baseline 0.001 -19"><span class='ocrx_word' id='word_1_539' title='bbox 1902 1418 2016 1473; x_wconf 75' lang='lat' dir='ltr'><strong>qua:</strong></span> <span class='ocrx_word' id='word_1_540' title='bbox 2044 1401 2271 1468; x_wconf 80' lang='lat' dir='ltr'><strong>possidet</strong></span> <span class='ocrx_word' id='word_1_541' title='bbox 2311 1399 2490 1471; x_wconf 77' lang='lat' dir='ltr'><strong>(Vers.</strong></span> <span class='ocrx_word' id='word_1_542' title='bbox 2523 1401 2613 1471; x_wconf 81' lang='grc' dir='ltr'><strong>Η)</strong></span> <span class='ocrx_word' id='word_1_543' title='bbox 2639 1441 2653 1462; x_wconf 88' lang='grc'><strong>,</strong></span> <span class='ocrx_word' id='word_1_544' title='bbox 2702 1402 2770 1455; x_wconf 87' lang='lat' dir='ltr'><strong>ad</strong></span> <span class='ocrx_word' id='word_1_545' title='bbox 2816 1400 3159 1455; x_wconf 87' lang='lat' dir='ltr'><strong>alllictionem</strong></span> <span class='ocrx_word' id='word_1_546' title='bbox 3200 1403 3487 1466; x_wconf 89' lang='lat' dir='ltr'><strong>bonorum,</strong></span> 
     </span>
    </p>
   </div>
   <div class='ocr_carea' id='block_1_73' title="bbox 1902 1490 3489 1557">
    <p class='ocr_par' dir='ltr' id='par_1_73' title="bbox 1902 1490 3489 1557">
     <span class='ocr_line' id='line_1_73' title="bbox 1902 1490 3489 1557; baseline 0.003 -14"><span class='ocrx_word' id='word_1_547' title='bbox 1902 1491 2117 1546; x_wconf 77' lang='lat' dir='ltr'><strong>malitia:</strong></span> <span class='ocrx_word' id='word_1_548' title='bbox 2154 1492 2375 1547; x_wconf 71' lang='lat' dir='ltr'><strong>testibus</strong></span> <span class='ocrx_word' id='word_1_549' title='bbox 2414 1490 2690 1546; x_wconf 89' lang='lat' dir='ltr'><strong>anhelare.</strong></span> <span class='ocrx_word' id='word_1_550' title='bbox 2739 1490 2857 1557; x_wconf 88' lang='lat' dir='ltr'><strong>Quo</strong></span> <span class='ocrx_word' id='word_1_551' title='bbox 2898 1492 3041 1546; x_wconf 90' lang='lat' dir='ltr'><strong>enim</strong></span> <span class='ocrx_word' id='word_1_552' title='bbox 3072 1507 3258 1546; x_wconf 87' lang='lat' dir='ltr'><strong>eorum</strong></span> <span class='ocrx_word' id='word_1_553' title='bbox 3310 1501 3489 1547; x_wconf 88' lang='lat' dir='ltr'><strong>tenta-</strong></span> 
     </span>
    </p>
   </div>
   <div class='ocr_carea' id='block_1_74' title="bbox 1903 1578 3488 1651">
    <p class='ocr_par' dir='ltr' id='par_1_74' title="bbox 1903 1578 3488 1651">
     <span class='ocr_line' id='line_1_74' title="bbox 1903 1578 3488 1651; baseline 0.004 -18"><span class='ocrx_word' id='word_1_554' title='bbox 1903 1578 2103 1634; x_wconf 88' lang='lat' dir='ltr'><strong>tionem</strong></span> <span class='ocrx_word' id='word_1_555' title='bbox 2125 1580 2369 1636; x_wconf 89' lang='lat' dir='ltr'><strong>invidens</strong></span> <span class='ocrx_word' id='word_1_556' title='bbox 2382 1580 2605 1650; x_wconf 86' lang='lat' dir='ltr'><strong>appetit,</strong></span> <span class='ocrx_word' id='word_1_557' title='bbox 2629 1596 2695 1634; x_wconf 92' lang='lat' dir='ltr'><strong>eo</strong></span> <span class='ocrx_word' id='word_1_558' title='bbox 2709 1581 2921 1635; x_wconf 91' lang='lat' dir='ltr'><strong>illorum</strong></span> <span class='ocrx_word' id='word_1_559' title='bbox 2936 1581 3089 1650; x_wconf 89' lang='lat' dir='ltr'><strong>quasi</strong></span> <span class='ocrx_word' id='word_1_560' title='bbox 3112 1582 3488 1651; x_wconf 82' lang='lat' dir='ltr'><strong>probationem</strong></span> 
     </span>
    </p>
   </div>
   <div class='ocr_carea' id='block_1_75' title="bbox 1899 1669 3489 1740">
    <p class='ocr_par' dir='ltr' id='par_1_75' title="bbox 1899 1669 3489 1740">
     <span class='ocr_line' id='line_1_75' title="bbox 1899 1669 3489 1740; baseline 0.004 -17"><span class='ocrx_word' id='word_1_561' title='bbox 1899 1669 2196 1739; x_wconf 83' lang='lat' dir='ltr'><strong>deprecans</strong></span> <span class='ocrx_word' id='word_1_562' title='bbox 2224 1672 2378 1740; x_wconf 88' lang='lat' dir='ltr'><strong>petit.</strong></span> <span class='ocrx_word' id='word_1_563' title='bbox 2423 1672 2556 1737; x_wconf 86' lang='lat' dir='ltr'><strong>Quia</strong></span> <span class='ocrx_word' id='word_1_564' title='bbox 2604 1671 2765 1740; x_wconf 83' lang='lat' dir='ltr'><strong>igitur</strong></span> <span class='ocrx_word' id='word_1_565' title='bbox 2795 1672 3125 1726; x_wconf 86' lang='lat' dir='ltr'><strong>internarum</strong></span> <span class='ocrx_word' id='word_1_566' title='bbox 3159 1672 3489 1730; x_wconf 85' lang='lat' dir='ltr'><strong>locutionum</strong></span> 
     </span>
    </p>
   </div>
   <div class='ocr_carea' id='block_1_76' title="bbox 1900 1760 3489 1835">
    <p class='ocr_par' dir='ltr' id='par_1_76' title="bbox 1900 1760 3489 1835">
     <span class='ocr_line' id='line_1_76' title="bbox 1900 1760 3489 1835; baseline 0.006 -22"><span class='ocrx_word' id='word_1_567' title='bbox 1900 1760 2090 1816; x_wconf 84' lang='lat' dir='ltr'><strong>modos</strong></span> <span class='ocrx_word' id='word_1_568' title='bbox 2117 1762 2388 1817; x_wconf 85' lang='lat' dir='ltr'><strong>succincte</strong></span> <span class='ocrx_word' id='word_1_569' title='bbox 2409 1762 2673 1828; x_wconf 81' lang='lat' dir='ltr'><strong>diximus,</strong></span> <span class='ocrx_word' id='word_1_570' title='bbox 2720 1761 2789 1816; x_wconf 87' lang='lat' dir='ltr'><strong>ad</strong></span> <span class='ocrx_word' id='word_1_571' title='bbox 2822 1763 3182 1820; x_wconf 88' lang='lat' dir='ltr'><strong>intermissum</strong></span> <span class='ocrx_word' id='word_1_572' title='bbox 3213 1766 3489 1835; x_wconf 84' lang='lat' dir='ltr'><strong>paululum</strong></span> 
     </span>
    </p>
   </div>
   <div class='ocr_carea' id='block_1_77' title="bbox 1902 1852 2913 1921">
    <p class='ocr_par' dir='ltr' id='par_1_77' title="bbox 1902 1852 2913 1921">
     <span class='ocr_line' id='line_1_77' title="bbox 1902 1852 2913 1921; baseline 0.004 -16"><span class='ocrx_word' id='word_1_573' title='bbox 1902 1852 2257 1921; x_wconf 80' lang='lat' dir='ltr'><strong>expositionis</strong></span> <span class='ocrx_word' id='word_1_574' title='bbox 2286 1853 2528 1907; x_wconf 88' lang='lat' dir='ltr'><strong>ordinem</strong></span> <span class='ocrx_word' id='word_1_575' title='bbox 2560 1861 2913 1911; x_wconf 81' lang='lat' dir='ltr'><strong>revertamur.</strong></span> 
     </span>
    </p>
   </div>
   <div class='ocr_carea' id='block_1_78' title="bbox 2171 1944 3206 2018">
    <p class='ocr_par' dir='ltr' id='par_1_78' title="bbox 2171 1944 3206 2018">
     <span class='ocr_line' id='line_1_78' title="bbox 2171 1944 3206 2018; baseline 0.002 -20"><span class='ocrx_word' id='word_1_576' title='bbox 2171 1944 2399 1998; x_wconf 82' lang='lat' dir='ltr'><strong>CAPUT</strong></span> <span class='ocrx_word' id='word_1_577' title='bbox 2440 1944 2549 1998; x_wconf 83' lang='lat' dir='ltr'><strong>Vill</strong></span> <span class='ocrx_word' id='word_1_578' title='bbox 2575 1945 2720 2018; x_wconf 76' lang='grc' dir='ltr'>[γει.</span> <span class='ocrx_word' id='word_1_579' title='bbox 2764 1945 2929 2010; x_wconf 73' lang='grc' dir='ltr'>ιἸΙΙ,</span> <span class='ocrx_word' id='word_1_580' title='bbox 2963 1946 3082 2000; x_wconf 79' lang='lat' dir='ltr'><strong>Rec.</strong></span> <span class='ocrx_word' id='word_1_581' title='bbox 3123 1946 3206 2016; x_wconf 65' lang='grc' dir='ltr'><strong>γι.</strong></span> 
     </span>
    </p>
   </div>
   <div class='ocr_carea' id='block_1_79' title="bbox 1971 2032 3487 2110">
    <p class='ocr_par' dir='ltr' id='par_1_79' title="bbox 1971 2032 3487 2110">
     <span class='ocr_line' id='line_1_79' title="bbox 1971 2032 3487 2110; baseline 0.007 -27"><span class='ocrx_word' id='word_1_582' title='bbox 1971 2032 2137 2088; x_wconf 75' lang='lat' dir='ltr'><strong>Vens.</strong></span> <span class='ocrx_word' id='word_1_583' title='bbox 2180 2033 2233 2087; x_wconf 90' lang='lat'><strong>8.</strong></span> <span class='ocrx_word' id='word_1_584' title='bbox 2274 2068 2346 2077; x_wconf 89' lang='lat'><strong><em>—</em></strong></span> <span class='ocrx_word' id='word_1_585' title='bbox 2382 2032 2737 2090; x_wconf 82' lang='lat' dir='ltr'><strong>Considerasti</strong></span> <span class='ocrx_word' id='word_1_586' title='bbox 2775 2053 2977 2091; x_wconf 84' lang='lat' dir='ltr'><strong>servum</strong></span> <span class='ocrx_word' id='word_1_587' title='bbox 3007 2055 3174 2091; x_wconf 81' lang='lat' dir='ltr'><strong>meum</strong></span> <span class='ocrx_word' id='word_1_588' title='bbox 3202 2040 3323 2107; x_wconf 89' lang='lat' dir='ltr'><strong>Job,</strong></span> <span class='ocrx_word' id='word_1_589' title='bbox 3353 2041 3487 2110; x_wconf 83' lang='lat' dir='ltr'><strong>quod</strong></span> 
     </span>
    </p>
   </div>
   <div class='ocr_carea' id='block_1_80' title="bbox 1897 2125 3483 2194">
    <p class='ocr_par' dir='ltr' id='par_1_80' title="bbox 1897 2125 3483 2194">
     <span class='ocr_line' id='line_1_80' title="bbox 1897 2125 3483 2194; baseline 0.006 -19"><span class='ocrx_word' id='word_1_590' title='bbox 1897 2139 2002 2177; x_wconf 87' lang='lat' dir='ltr'><strong>non</strong></span> <span class='ocrx_word' id='word_1_591' title='bbox 2030 2125 2096 2177; x_wconf 89' lang='lat' dir='ltr'><strong>sit</strong></span> <span class='ocrx_word' id='word_1_592' title='bbox 2123 2125 2310 2178; x_wconf 82' lang='lat' dir='ltr'><strong>similis</strong></span> <span class='ocrx_word' id='word_1_593' title='bbox 2340 2126 2388 2179; x_wconf 85' lang='lat' dir='ltr'><strong>ei</strong></span> <span class='ocrx_word' id='word_1_594' title='bbox 2420 2142 2572 2194; x_wconf 88' lang='lat' dir='ltr'><strong>super</strong></span> <span class='ocrx_word' id='word_1_595' title='bbox 2601 2136 2827 2191; x_wconf 84' lang='lat' dir='ltr'><strong>terram,</strong></span> <span class='ocrx_word' id='word_1_596' title='bbox 2856 2128 2934 2179; x_wconf 81' lang='lat' dir='ltr'><strong>vir</strong></span> <span class='ocrx_word' id='word_1_597' title='bbox 2962 2129 3181 2194; x_wconf 73' lang='lat' dir='ltr'><strong>simplex</strong></span> <span class='ocrx_word' id='word_1_598' title='bbox 3210 2140 3257 2182; x_wconf 86' lang='lat' dir='ltr'><strong>et</strong></span> <span class='ocrx_word' id='word_1_599' title='bbox 3287 2139 3483 2193; x_wconf 84' lang='lat' dir='ltr'><strong>rectus,</strong></span> 
     </span>
    </p>
   </div>
   <div class='ocr_carea' id='block_1_81' title="bbox 1896 2215 3005 2281">
    <p class='ocr_par' dir='ltr' id='par_1_81' title="bbox 1896 2215 3005 2281">
     <span class='ocr_line' id='line_1_81' title="bbox 1896 2215 3005 2281; baseline 0.005 -13"><span class='ocrx_word' id='word_1_600' title='bbox 1896 2231 1957 2268; x_wconf 89' lang='lat' dir='ltr'><strong>ac</strong></span> <span class='ocrx_word' id='word_1_601' title='bbox 1988 2217 2172 2270; x_wconf 88' lang='lat' dir='ltr'><strong>timens</strong></span> <span class='ocrx_word' id='word_1_602' title='bbox 2200 2215 2384 2281; x_wconf 89' lang='lat' dir='ltr'><strong>Deum,</strong></span> <span class='ocrx_word' id='word_1_603' title='bbox 2417 2225 2466 2271; x_wconf 91' lang='lat' dir='ltr'><strong>et</strong></span> <span class='ocrx_word' id='word_1_604' title='bbox 2495 2223 2738 2271; x_wconf 84' lang='lat' dir='ltr'><strong>recedens</strong></span> <span class='ocrx_word' id='word_1_605' title='bbox 2767 2236 2798 2270; x_wconf 90' lang='lat' dir='ltr'><strong>a</strong></span> <span class='ocrx_word' id='word_1_606' title='bbox 2829 2220 3005 2273; x_wconf 83' lang='lat' dir='ltr'><strong>malo?</strong></span> 
     </span>
    </p>
   </div>
   <div class='ocr_carea' id='block_1_82' title="bbox 1964 2304 3483 2382">
    <p class='ocr_par' dir='ltr' id='par_1_82' title="bbox 1964 2304 3483 2382">
     <span class='ocr_line' id='line_1_82' title="bbox 1964 2304 3483 2382; baseline 0.005 -25"><span class='ocrx_word' id='word_1_607' title='bbox 1964 2305 2052 2360; x_wconf 77' lang='grc'><strong>15.</strong></span> <span class='ocrx_word' id='word_1_608' title='bbox 2096 2304 2192 2359; x_wconf 90' lang='lat' dir='ltr'><strong>Dei</strong></span> <span class='ocrx_word' id='word_1_609' title='bbox 2231 2306 2525 2378; x_wconf 82' lang='lat' dir='ltr'><strong>diabolique</strong></span> <span class='ocrx_word' id='word_1_610' title='bbox 2559 2325 2760 2378; x_wconf 88' lang='lat' dir='ltr'><strong>pugna,</strong></span> <span class='ocrx_word' id='word_1_611' title='bbox 2812 2309 2956 2378; x_wconf 87' lang='lat' dir='ltr'><strong>cujus</strong></span> <span class='ocrx_word' id='word_1_612' title='bbox 2995 2312 3212 2364; x_wconf 81' lang='lat' dir='ltr'><strong>materia</strong></span> <span class='ocrx_word' id='word_1_613' title='bbox 3236 2310 3333 2364; x_wconf 87' lang='lat' dir='ltr'><strong>Job</strong></span> <span class='ocrx_word' id='word_1_614' title='bbox 3366 2313 3483 2382; x_wconf 78' lang='lat' dir='ltr'><strong>fuit.</strong></span> 
     </span>
    </p>
   </div>
   <div class='ocr_carea' id='block_1_83' title="bbox 1891 2394 3485 2469">
    <p class='ocr_par' dir='ltr' id='par_1_83' title="bbox 1891 2394 3485 2469">
     <span class='ocr_line' id='line_1_83' title="bbox 1891 2394 3485 2469; baseline 0.005 -21"><span class='ocrx_word' id='word_1_615' title='bbox 1891 2426 1966 2436; x_wconf 93' lang='lat'><strong>—-</strong></span> <span class='ocrx_word' id='word_1_616' title='bbox 1993 2394 2321 2451; x_wconf 74' lang='lat' dir='ltr'><strong>Prmcedenti</strong></span> <span class='ocrx_word' id='word_1_617' title='bbox 2347 2397 2459 2465; x_wconf 87' lang='lat' dir='ltr'><strong>jam</strong></span> <span class='ocrx_word' id='word_1_618' title='bbox 2491 2414 2740 2452; x_wconf 89' lang='lat' dir='ltr'><strong>sermone</strong></span> <span class='ocrx_word' id='word_1_619' title='bbox 2770 2407 3056 2454; x_wconf 87' lang='lat' dir='ltr'><strong>tractatum</strong></span> <span class='ocrx_word' id='word_1_620' title='bbox 3085 2411 3185 2466; x_wconf 90' lang='lat' dir='ltr'><strong>est,</strong></span> <span class='ocrx_word' id='word_1_621' title='bbox 3218 2403 3342 2469; x_wconf 87' lang='lat' dir='ltr'><strong>quia</strong></span> <span class='ocrx_word' id='word_1_622' title='bbox 3372 2402 3485 2456; x_wconf 83' lang='lat' dir='ltr'><strong>dia-</strong></span> 
     </span>
    </p>
   </div>
   <div class='ocr_carea' id='block_1_84' title="bbox 1891 2488 3484 2556">
    <p class='ocr_par' dir='ltr' id='par_1_84' title="bbox 1891 2488 3484 2556">
     <span class='ocr_line' id='line_1_84' title="bbox 1891 2488 3484 2556; baseline 0.004 -14"><span class='ocrx_word' id='word_1_623' title='bbox 1891 2488 2049 2544; x_wconf 86' lang='lat' dir='ltr'><strong>holus</strong></span> <span class='ocrx_word' id='word_1_624' title='bbox 2089 2504 2198 2543; x_wconf 88' lang='lat' dir='ltr'><strong>non</strong></span> <span class='ocrx_word' id='word_1_625' title='bbox 2239 2498 2429 2544; x_wconf 86' lang='lat' dir='ltr'><strong>contra</strong></span> <span class='ocrx_word' id='word_1_626' title='bbox 2468 2488 2601 2556; x_wconf 87' lang='lat' dir='ltr'><strong>Job,</strong></span> <span class='ocrx_word' id='word_1_627' title='bbox 2652 2490 2746 2544; x_wconf 87' lang='lat' dir='ltr'><strong>sed</strong></span> <span class='ocrx_word' id='word_1_628' title='bbox 2776 2500 2963 2545; x_wconf 87' lang='lat' dir='ltr'><strong>contra</strong></span> <span class='ocrx_word' id='word_1_629' title='bbox 3011 2492 3178 2545; x_wconf 88' lang='lat' dir='ltr'><strong>Deum</strong></span> <span class='ocrx_word' id='word_1_630' title='bbox 3211 2502 3484 2548; x_wconf 87' lang='lat' dir='ltr'><strong>certamen</strong></span> 
     </span>
    </p>
   </div>
   <div class='ocr_carea' id='block_1_85' title="bbox 1899 2582 3484 2649">
    <p class='ocr_par' dir='ltr' id='par_1_85' title="bbox 1899 2582 3484 2649">
     <span class='ocr_line' id='line_1_85' title="bbox 1899 2582 3484 2649; baseline 0.006 -17"><span class='ocrx_word' id='word_1_631' title='bbox 1899 2582 2214 2649; x_wconf 86' lang='lat' dir='ltr'><strong>proposuit;</strong></span> <span class='ocrx_word' id='word_1_632' title='bbox 2259 2583 2482 2635; x_wconf 86' lang='lat' dir='ltr'><strong>materia</strong></span> <span class='ocrx_word' id='word_1_633' title='bbox 2530 2598 2660 2637; x_wconf 90' lang='lat' dir='ltr'><strong>vero</strong></span> <span class='ocrx_word' id='word_1_634' title='bbox 2700 2584 3009 2638; x_wconf 86' lang='lat' dir='ltr'><strong>certaminis</strong></span> <span class='ocrx_word' id='word_1_635' title='bbox 3049 2586 3237 2641; x_wconf 88' lang='lat' dir='ltr'><strong>beatus</strong></span> <span class='ocrx_word' id='word_1_636' title='bbox 3282 2585 3383 2641; x_wconf 86' lang='lat' dir='ltr'><strong>.lob</strong></span> <span class='ocrx_word' id='word_1_637' title='bbox 3433 2590 3484 2642; x_wconf 92' lang='lat' dir='ltr'><strong>in</strong></span> 
     </span>
    </p>
   </div>
   <div class='ocr_carea' id='block_1_86' title="bbox 1898 2669 3483 2731">
    <p class='ocr_par' dir='ltr' id='par_1_86' title="bbox 1898 2669 3483 2731">
     <span class='ocr_line' id='line_1_86' title="bbox 1898 2669 3483 2731; baseline 0.003 -5"><span class='ocrx_word' id='word_1_638' title='bbox 1898 2671 2077 2726; x_wconf 87' lang='lat' dir='ltr'><strong>medio</strong></span> <span class='ocrx_word' id='word_1_639' title='bbox 2099 2669 2219 2726; x_wconf 82' lang='lat' dir='ltr'><strong>fuit.</strong></span> <span class='ocrx_word' id='word_1_640' title='bbox 2244 2670 2312 2724; x_wconf 88' lang='lat' dir='ltr'><strong>Et</strong></span> <span class='ocrx_word' id='word_1_641' title='bbox 2335 2673 2379 2725; x_wconf 90' lang='lat' dir='ltr'><strong>si</strong></span> <span class='ocrx_word' id='word_1_642' title='bbox 2406 2673 2456 2726; x_wconf 90' lang='lat' dir='ltr'><strong>in</strong></span> <span class='ocrx_word' id='word_1_643' title='bbox 2474 2673 2813 2728; x_wconf 85' lang='lat' dir='ltr'><strong>sermonibus</strong></span> <span class='ocrx_word' id='word_1_644' title='bbox 2841 2676 2950 2728; x_wconf 85' lang='lat' dir='ltr'><strong>suis</strong></span> <span class='ocrx_word' id='word_1_645' title='bbox 2970 2673 3195 2730; x_wconf 82' lang='lat' dir='ltr'><strong>dicimus</strong></span> <span class='ocrx_word' id='word_1_646' title='bbox 3220 2676 3318 2730; x_wconf 86' lang='lat' dir='ltr'><strong>.Iob</strong></span> <span class='ocrx_word' id='word_1_647' title='bbox 3347 2678 3483 2731; x_wconf 86' lang='lat' dir='ltr'><strong>inter</strong></span> 
     </span>
    </p>
   </div>
   <div class='ocr_carea' id='block_1_87' title="bbox 1891 2757 3484 2829">
    <p class='ocr_par' dir='ltr' id='par_1_87' title="bbox 1891 2757 3484 2829">
     <span class='ocr_line' id='line_1_87' title="bbox 1891 2757 3484 2829; baseline 0.006 -18"><span class='ocrx_word' id='word_1_648' title='bbox 1891 2757 2102 2828; x_wconf 82' lang='lat' dir='ltr'><strong>ﬂagella</strong></span> <span class='ocrx_word' id='word_1_649' title='bbox 2128 2760 2450 2828; x_wconf 84' lang='lat' dir='ltr'><strong>deliquisse,</strong></span> <span class='ocrx_word' id='word_1_650' title='bbox 2483 2761 2627 2829; x_wconf 89' lang='lat' dir='ltr'><strong>quod</strong></span> <span class='ocrx_word' id='word_1_651' title='bbox 2656 2764 2858 2817; x_wconf 90' lang='lat' dir='ltr'><strong>sentire</strong></span> <span class='ocrx_word' id='word_1_652' title='bbox 2884 2764 3035 2818; x_wconf 78' lang='lat' dir='ltr'><strong>nefas</strong></span> <span class='ocrx_word' id='word_1_653' title='bbox 3063 2774 3174 2827; x_wconf 86' lang='lat' dir='ltr'><strong>est,</strong></span> <span class='ocrx_word' id='word_1_654' title='bbox 3205 2765 3374 2820; x_wconf 89' lang='lat' dir='ltr'><strong>Deum</strong></span> <span class='ocrx_word' id='word_1_655' title='bbox 3406 2766 3484 2820; x_wconf 84' lang='lat' dir='ltr'><strong>di-</strong></span> 
     </span>
    </p>
   </div>
   <div class='ocr_carea' id='block_1_88' title="bbox 1889 2850 3484 2922">
    <p class='ocr_par' dir='ltr' id='par_1_88' title="bbox 1889 2850 3484 2922">
     <span class='ocr_line' id='line_1_88' title="bbox 1889 2850 3484 2922; baseline 0.003 -17"><span class='ocrx_word' id='word_1_656' title='bbox 1889 2850 2060 2905; x_wconf 88' lang='lat' dir='ltr'><strong>cimus</strong></span> <span class='ocrx_word' id='word_1_657' title='bbox 2088 2850 2141 2905; x_wconf 93' lang='lat' dir='ltr'><strong>in</strong></span> <span class='ocrx_word' id='word_1_658' title='bbox 2170 2866 2263 2904; x_wconf 87' lang='lat' dir='ltr'><strong>sua</strong></span> <span class='ocrx_word' id='word_1_659' title='bbox 2290 2851 2658 2920; x_wconf 89' lang='lat' dir='ltr'><strong>propositione</strong></span> <span class='ocrx_word' id='word_1_660' title='bbox 2692 2860 2715 2888; x_wconf 75' lang='grc' dir='ltr'>θ</span> <span class='ocrx_word' id='word_1_661' title='bbox 2744 2854 3059 2922; x_wconf 89' lang='lat' dir='ltr'><strong>perdidisse.</strong></span> <span class='ocrx_word' id='word_1_662' title='bbox 3110 2854 3243 2908; x_wconf 86' lang='lat' dir='ltr'><strong>Nam</strong></span> <span class='ocrx_word' id='word_1_663' title='bbox 3270 2870 3398 2909; x_wconf 89' lang='lat' dir='ltr'><strong>ecce</strong></span> <span class='ocrx_word' id='word_1_664' title='bbox 3428 2865 3484 2910; x_wconf 90' lang='lat' dir='ltr'><strong>et</strong></span> 
     </span>
    </p>
   </div>
   <div class='ocr_carea' id='block_1_89' title="bbox 1892 2941 3486 3014">
    <p class='ocr_par' dir='ltr' id='par_1_89' title="bbox 1892 2941 3486 3014">
     <span class='ocr_line' id='line_1_89' title="bbox 1892 2941 3486 3014; baseline 0.003 -18"><span class='ocrx_word' id='word_1_665' title='bbox 1892 2941 1944 2996; x_wconf 91' lang='lat' dir='ltr'><strong>in</strong></span> <span class='ocrx_word' id='word_1_666' title='bbox 1979 2941 2087 2996; x_wconf 92' lang='lat' dir='ltr'><strong>hoc</strong></span> <span class='ocrx_word' id='word_1_667' title='bbox 2115 2941 2239 2995; x_wconf 91' lang='lat' dir='ltr'><strong>loco</strong></span> <span class='ocrx_word' id='word_1_668' title='bbox 2271 2941 2588 2995; x_wconf 89' lang='lat' dir='ltr'><strong>intuendmn</strong></span> <span class='ocrx_word' id='word_1_669' title='bbox 2619 2950 2705 2995; x_wconf 91' lang='lat' dir='ltr'><strong>est</strong></span> <span class='ocrx_word' id='word_1_670' title='bbox 2727 2982 2743 3008; x_wconf 95' lang='lat'><strong>,</strong></span> <span class='ocrx_word' id='word_1_671' title='bbox 2772 2944 2897 3011; x_wconf 89' lang='lat' dir='ltr'><strong>quia</strong></span> <span class='ocrx_word' id='word_1_672' title='bbox 2930 2959 3035 2998; x_wconf 91' lang='lat' dir='ltr'><strong>non</strong></span> <span class='ocrx_word' id='word_1_673' title='bbox 3066 2944 3212 3014; x_wconf 91' lang='lat' dir='ltr'><strong>prius</strong></span> <span class='ocrx_word' id='word_1_674' title='bbox 3242 2945 3486 3001; x_wconf 85' lang='lat' dir='ltr'><strong>diabolus</strong></span> 
     </span>
    </p>
   </div>
   <div class='ocr_carea' id='block_1_90' title="bbox 1891 3028 3486 3101">
    <p class='ocr_par' dir='ltr' id='par_1_90' title="bbox 1891 3028 3486 3101">
     <span class='ocr_line' id='line_1_90' title="bbox 1891 3028 3486 3101; baseline 0.006 -17"><span class='ocrx_word' id='word_1_675' title='bbox 1891 3029 2116 3084; x_wconf 86' lang='lat' dir='ltr'><strong>beatum</strong></span> <span class='ocrx_word' id='word_1_676' title='bbox 2158 3028 2260 3083; x_wconf 86' lang='lat' dir='ltr'><strong>Job</strong></span> <span class='ocrx_word' id='word_1_677' title='bbox 2282 3044 2314 3083; x_wconf 89' lang='lat' dir='ltr'><strong>a</strong></span> <span class='ocrx_word' id='word_1_678' title='bbox 2357 3030 2585 3085; x_wconf 89' lang='lat' dir='ltr'><strong>Domino</strong></span> <span class='ocrx_word' id='word_1_679' title='bbox 2616 3030 2796 3101; x_wconf 89' lang='lat' dir='ltr'><strong>petiit,</strong></span> <span class='ocrx_word' id='word_1_680' title='bbox 2851 3033 2944 3088; x_wconf 89' lang='lat' dir='ltr'><strong>sed</strong></span> <span class='ocrx_word' id='word_1_681' title='bbox 2975 3049 3097 3088; x_wconf 91' lang='lat' dir='ltr'><strong>eum</strong></span> <span class='ocrx_word' id='word_1_682' title='bbox 3143 3033 3399 3089; x_wconf 88' lang='lat' dir='ltr'><strong>Dominus</strong></span> <span class='ocrx_word' id='word_1_683' title='bbox 3430 3034 3486 3094; x_wconf 84' lang='lat' dir='ltr'><strong>in</strong></span> 
     </span>
    </p>
   </div>
   <div class='ocr_carea' id='block_1_91' title="bbox 1890 3118 3484 3194">
    <p class='ocr_par' dir='ltr' id='par_1_91' title="bbox 1890 3118 3484 3194">
     <span class='ocr_line' id='line_1_91' title="bbox 1890 3118 3484 3194; baseline 0.005 -21"><span class='ocrx_word' id='word_1_684' title='bbox 1890 3118 2095 3173; x_wconf 87' lang='lat' dir='ltr'><strong>diaboli</strong></span> <span class='ocrx_word' id='word_1_685' title='bbox 2136 3119 2449 3188; x_wconf 90' lang='lat' dir='ltr'><strong>despectum</strong></span> <span class='ocrx_word' id='word_1_686' title='bbox 2481 3119 2739 3176; x_wconf 88' lang='lat' dir='ltr'><strong>laudavit.</strong></span> <span class='ocrx_word' id='word_1_687' title='bbox 2790 3121 2859 3176; x_wconf 86' lang='lat' dir='ltr'><strong>Et</strong></span> <span class='ocrx_word' id='word_1_688' title='bbox 2899 3123 3002 3181; x_wconf 91' lang='lat' dir='ltr'><strong>nisi</strong></span> <span class='ocrx_word' id='word_1_689' title='bbox 3043 3126 3095 3178; x_wconf 94' lang='lat' dir='ltr'><strong>in</strong></span> <span class='ocrx_word' id='word_1_690' title='bbox 3141 3141 3234 3179; x_wconf 87' lang='lat' dir='ltr'><strong>sua</strong></span> <span class='ocrx_word' id='word_1_691' title='bbox 3276 3124 3484 3194; x_wconf 82' lang='lat' dir='ltr'><strong>justitia</strong></span> 
     </span>
    </p>
   </div>
   <div class='ocr_carea' id='block_1_92' title="bbox 1891 3213 3484 3285">
    <p class='ocr_par' dir='ltr' id='par_1_92' title="bbox 1891 3213 3484 3285">
     <span class='ocr_line' id='line_1_92' title="bbox 1891 3213 3484 3285; baseline 0.008 -23"><span class='ocrx_word' id='word_1_692' title='bbox 1891 3225 2302 3279; x_wconf 89' lang='lat' dir='ltr'><strong>permansurum</strong></span> <span class='ocrx_word' id='word_1_693' title='bbox 2326 3220 2531 3275; x_wconf 89' lang='lat' dir='ltr'><strong>nosset,</strong></span> <span class='ocrx_word' id='word_1_694' title='bbox 2557 3228 2663 3266; x_wconf 94' lang='lat' dir='ltr'><strong>non</strong></span> <span class='ocrx_word' id='word_1_695' title='bbox 2689 3213 2872 3283; x_wconf 91' lang='lat' dir='ltr'><strong>utique</strong></span> <span class='ocrx_word' id='word_1_696' title='bbox 2893 3230 2992 3283; x_wconf 91' lang='lat' dir='ltr'><strong>pro</strong></span> <span class='ocrx_word' id='word_1_697' title='bbox 3018 3215 3108 3270; x_wconf 92' lang='lat' dir='ltr'><strong>illo</strong></span> <span class='ocrx_word' id='word_1_698' title='bbox 3136 3225 3484 3285; x_wconf 59' lang='lat' dir='ltr'><strong>proiioneret.</strong></span> 
     </span>
    </p>
   </div>
   <div class='ocr_carea' id='block_1_93' title="bbox 1896 3298 3487 3374">
    <p class='ocr_par' dir='ltr' id='par_1_93' title="bbox 1896 3298 3487 3374">
     <span class='ocr_line' id='line_1_93' title="bbox 1896 3298 3487 3374; baseline 0.005 -22"><span class='ocrx_word' id='word_1_699' title='bbox 1896 3298 2006 3353; x_wconf 85' lang='lat' dir='ltr'><strong>Nec</strong></span> <span class='ocrx_word' id='word_1_700' title='bbox 2036 3298 2335 3368; x_wconf 90' lang='lat' dir='ltr'><strong>periturum</strong></span> <span class='ocrx_word' id='word_1_701' title='bbox 2360 3300 2412 3353; x_wconf 93' lang='lat' dir='ltr'><strong>in</strong></span> <span class='ocrx_word' id='word_1_702' title='bbox 2445 3301 2742 3355; x_wconf 90' lang='lat' dir='ltr'><strong>tentatione</strong></span> <span class='ocrx_word' id='word_1_703' title='bbox 2763 3303 3105 3368; x_wconf 87' lang='lat' dir='ltr'><strong>concederet,</strong></span> <span class='ocrx_word' id='word_1_704' title='bbox 3135 3305 3202 3358; x_wconf 89' lang='lat' dir='ltr'><strong>de</strong></span> <span class='ocrx_word' id='word_1_705' title='bbox 3224 3321 3332 3374; x_wconf 91' lang='lat' dir='ltr'><strong>quo</strong></span> <span class='ocrx_word' id='word_1_706' title='bbox 3360 3313 3487 3361; x_wconf 81' lang='lat' dir='ltr'><strong>ante</strong></span> 
     </span>
    </p>
   </div>
   <div class='ocr_carea' id='block_1_94' title="bbox 1902 3390 3486 3458">
    <p class='ocr_par' dir='ltr' id='par_1_94' title="bbox 1902 3390 3486 3458">
     <span class='ocr_line' id='line_1_94' title="bbox 1902 3390 3486 3458; baseline 0.006 -16"><span class='ocrx_word' id='word_1_707' title='bbox 1902 3390 2286 3456; x_wconf 87' lang='lat' dir='ltr'><strong>tentationem,</strong></span> <span class='ocrx_word' id='word_1_708' title='bbox 2334 3406 2401 3445; x_wconf 84' lang='lat' dir='ltr'><strong>ex</strong></span> <span class='ocrx_word' id='word_1_709' title='bbox 2443 3391 2538 3445; x_wconf 89' lang='lat' dir='ltr'><strong>Dei</strong></span> <span class='ocrx_word' id='word_1_710' title='bbox 2584 3392 2860 3458; x_wconf 87' lang='lat' dir='ltr'><strong>laudibus,</strong></span> <span class='ocrx_word' id='word_1_711' title='bbox 2892 3394 2944 3448; x_wconf 95' lang='lat' dir='ltr'><strong>in</strong></span> <span class='ocrx_word' id='word_1_712' title='bbox 2977 3397 3261 3452; x_wconf 84' lang='lat' dir='ltr'><strong>tcntatoris</strong></span> <span class='ocrx_word' id='word_1_713' title='bbox 3301 3408 3486 3453; x_wconf 85' lang='lat' dir='ltr'><strong>mento</strong></span> 
     </span>
    </p>
   </div>
   <div class='ocr_carea' id='block_1_95' title="bbox 1898 3480 2816 3539">
    <p class='ocr_par' dir='ltr' id='par_1_95' title="bbox 1898 3480 2816 3539">
     <span class='ocr_line' id='line_1_95' title="bbox 1898 3480 2816 3539; baseline 0.004 -5"><span class='ocrx_word' id='word_1_714' title='bbox 1898 3480 2111 3534; x_wconf 73' lang='lat' dir='ltr'><strong>invidia:</strong></span> <span class='ocrx_word' id='word_1_715' title='bbox 2140 3481 2351 3535; x_wconf 84' lang='lat' dir='ltr'><strong>fuerant</strong></span> <span class='ocrx_word' id='word_1_716' title='bbox 2379 3481 2526 3538; x_wconf 77' lang='lat' dir='ltr'><strong>faces</strong></span> <span class='ocrx_word' id='word_1_717' title='bbox 2550 3484 2816 3539; x_wconf 64' lang='lat' dir='ltr'><strong>excitatae.</strong></span> 
     </span>
    </p>
   </div>
   <div class='ocr_carea' id='block_1_96' title="bbox 1968 3570 3484 3643">
    <p class='ocr_par' dir='ltr' id='par_1_96' title="bbox 1968 3570 3484 3643">
     <span class='ocr_line' id='line_1_96' title="bbox 1968 3570 3484 3643; baseline 0.009 -21"><span class='ocrx_word' id='word_1_718' title='bbox 1968 3570 2055 3624; x_wconf 76' lang='grc' dir='ltr'><strong>Η.</strong></span> <span class='ocrx_word' id='word_1_719' title='bbox 2101 3572 2270 3635; x_wconf 76' lang='lat' dir='ltr'><strong>Quam</strong></span> <span class='ocrx_word' id='word_1_720' title='bbox 2296 3583 2464 3626; x_wconf 90' lang='lat' dir='ltr'><strong>astute</strong></span> <span class='ocrx_word' id='word_1_721' title='bbox 2502 3582 2696 3643; x_wconf 76' lang='lat' dir='ltr'><strong>quwrat</strong></span> <span class='ocrx_word' id='word_1_722' title='bbox 2721 3575 2954 3630; x_wconf 77' lang='lat' dir='ltr'><strong>diabolus</strong></span> <span class='ocrx_word' id='word_1_723' title='bbox 2976 3578 3110 3631; x_wconf 85' lang='lat' dir='ltr'><strong>unde</strong></span> <span class='ocrx_word' id='word_1_724' title='bbox 3135 3596 3228 3633; x_wconf 87' lang='lat' dir='ltr'><strong>nos</strong></span> <span class='ocrx_word' id='word_1_725' title='bbox 3257 3590 3484 3636; x_wconf 75' lang='lat' dir='ltr'><strong>accuset.</strong></span> 
     </span>
    </p>
   </div>
   <div class='ocr_carea' id='block_1_97' title="bbox 1895 3662 3484 3743">
    <p class='ocr_par' dir='ltr' id='par_1_97' title="bbox 1895 3662 3484 3743">
     <span class='ocr_line' id='line_1_97' title="bbox 1895 3662 3484 3743; baseline 0.008 -28"><span class='ocrx_word' id='word_1_726' title='bbox 1895 3694 1965 3706; x_wconf 85' lang='lat'><strong>-—</strong></span> <span class='ocrx_word' id='word_1_727' title='bbox 1989 3662 2094 3716; x_wconf 88' lang='lat' dir='ltr'><strong>Sed</strong></span> <span class='ocrx_word' id='word_1_728' title='bbox 2127 3664 2380 3732; x_wconf 90' lang='lat' dir='ltr'><strong>antiquus</strong></span> <span class='ocrx_word' id='word_1_729' title='bbox 2408 3666 2752 3722; x_wconf 84' lang='lat' dir='ltr'><strong>adversarius</strong></span> <span class='ocrx_word' id='word_1_730' title='bbox 2779 3683 2900 3724; x_wconf 83' lang='lat' dir='ltr'><strong>cum</strong></span> <span class='ocrx_word' id='word_1_731' title='bbox 2930 3683 3047 3738; x_wconf 77' lang='lat' dir='ltr'><strong>qua:</strong></span> <span class='ocrx_word' id='word_1_732' title='bbox 3076 3682 3291 3726; x_wconf 88' lang='lat' dir='ltr'><strong>accuset</strong></span> <span class='ocrx_word' id='word_1_733' title='bbox 3320 3676 3484 3743; x_wconf 89' lang='lat' dir='ltr'><strong>mala,</strong></span> 
     </span>
    </p>
   </div>
   <div class='ocr_carea' id='block_1_98' title="bbox 1897 3754 3484 3834">
    <p class='ocr_par' dir='ltr' id='par_1_98' title="bbox 1897 3754 3484 3834">
     <span class='ocr_line' id='line_1_98' title="bbox 1897 3754 3484 3834; baseline 0.009 -27"><span class='ocrx_word' id='word_1_734' title='bbox 1897 3770 2003 3808; x_wconf 87' lang='lat' dir='ltr'><strong>non</strong></span> <span class='ocrx_word' id='word_1_735' title='bbox 2036 3754 2269 3820; x_wconf 84' lang='lat' dir='ltr'><strong>invenit,</strong></span> <span class='ocrx_word' id='word_1_736' title='bbox 2320 3756 2435 3824; x_wconf 89' lang='lat' dir='ltr'><strong>ipsa</strong></span> <span class='ocrx_word' id='word_1_737' title='bbox 2463 3758 2527 3809; x_wconf 88' lang='lat' dir='ltr'><strong>ad</strong></span> <span class='ocrx_word' id='word_1_738' title='bbox 2559 3759 2758 3813; x_wconf 90' lang='lat' dir='ltr'><strong>malum</strong></span> <span class='ocrx_word' id='word_1_739' title='bbox 2792 3760 3063 3816; x_wconf 83' lang='lat' dir='ltr'><strong>inﬂectere</strong></span> <span class='ocrx_word' id='word_1_740' title='bbox 3102 3764 3240 3817; x_wconf 89' lang='lat' dir='ltr'><strong>bona</strong></span> <span class='ocrx_word' id='word_1_741' title='bbox 3270 3768 3484 3834; x_wconf 78' lang='lat' dir='ltr'><strong>qtuerit.</strong></span> 
     </span>
    </p>
   </div>
   <div class='ocr_carea' id='block_1_99' title="bbox 1894 3840 3483 3917">
    <p class='ocr_par' dir='ltr' id='par_1_99' title="bbox 1894 3840 3483 3917">
     <span class='ocr_line' id='line_1_99' title="bbox 1894 3840 3483 3917; baseline 0.012 -21"><span class='ocrx_word' id='word_1_742' title='bbox 1894 3840 2138 3912; x_wconf 86' lang='lat' dir='ltr'><strong>Cumque</strong></span> <span class='ocrx_word' id='word_1_743' title='bbox 2167 3845 2235 3899; x_wconf 89' lang='lat' dir='ltr'><strong>de</strong></span> <span class='ocrx_word' id='word_1_744' title='bbox 2263 3846 2516 3914; x_wconf 89' lang='lat' dir='ltr'><strong>operibus</strong></span> <span class='ocrx_word' id='word_1_745' title='bbox 2546 3850 2793 3914; x_wconf 84' lang='lat' dir='ltr'><strong>vincitur,</strong></span> <span class='ocrx_word' id='word_1_746' title='bbox 2836 3853 2901 3905; x_wconf 89' lang='lat' dir='ltr'><strong>ad</strong></span> <span class='ocrx_word' id='word_1_747' title='bbox 2932 3854 3293 3909; x_wconf 89' lang='lat' dir='ltr'><strong>accusandum</strong></span> <span class='ocrx_word' id='word_1_748' title='bbox 3322 3859 3483 3917; x_wconf 83' lang='lat' dir='ltr'><strong>verba</strong></span> 
     </span>
    </p>
   </div>
   <div class='ocr_carea' id='block_1_100' title="bbox 1895 3937 3485 4003">
    <p class='ocr_par' dir='ltr' id='par_1_100' title="bbox 1895 3937 3485 4003">
     <span class='ocr_line' id='line_1_100' title="bbox 1895 3937 3485 4003; baseline 0.011 -17"><span class='ocrx_word' id='word_1_749' title='bbox 1895 3942 2079 3988; x_wconf 88' lang='lat' dir='ltr'><strong>nostra</strong></span> <span class='ocrx_word' id='word_1_750' title='bbox 2104 3944 2494 4003; x_wconf 88' lang='lat' dir='ltr'><strong>perscrutatur.</strong></span> <span class='ocrx_word' id='word_1_751' title='bbox 2523 3937 2654 3992; x_wconf 90' lang='lat' dir='ltr'><strong>Cum</strong></span> <span class='ocrx_word' id='word_1_752' title='bbox 2679 3956 2781 3995; x_wconf 89' lang='lat' dir='ltr'><strong>nec</strong></span> <span class='ocrx_word' id='word_1_753' title='bbox 2809 3942 2861 3995; x_wconf 91' lang='lat' dir='ltr'><strong>in</strong></span> <span class='ocrx_word' id='word_1_754' title='bbox 2887 3943 3064 3999; x_wconf 86' lang='lat' dir='ltr'><strong>verbis</strong></span> <span class='ocrx_word' id='word_1_755' title='bbox 3085 3948 3485 4003; x_wconf 86' lang='lat' dir='ltr'><strong>accusationem</strong></span> 
     </span>
    </p>
   </div>
   <div class='ocr_carea' id='block_1_101' title="bbox 1894 4023 3483 4104">
    <p class='ocr_par' dir='ltr' id='par_1_101' title="bbox 1894 4023 3483 4104">
     <span class='ocr_line' id='line_1_101' title="bbox 1894 4023 3483 4104; baseline 0.011 -28"><span class='ocrx_word' id='word_1_756' title='bbox 1894 4023 2127 4091; x_wconf 89' lang='lat' dir='ltr'><strong>reperit,</strong></span> <span class='ocrx_word' id='word_1_757' title='bbox 2175 4024 2530 4081; x_wconf 87' lang='lat' dir='ltr'><strong>intentionem</strong></span> <span class='ocrx_word' id='word_1_758' title='bbox 2562 4044 2658 4082; x_wconf 91' lang='lat' dir='ltr'><strong>cor</strong></span> <span class='ocrx_word' id='word_1_759' title='bbox 2684 4031 2741 4085; x_wconf 84' lang='lat' dir='ltr'><strong>‘is</strong></span> <span class='ocrx_word' id='word_1_760' title='bbox 2787 4030 2995 4087; x_wconf 85' lang='lat' dir='ltr'><strong>l‘uscare</strong></span> <span class='ocrx_word' id='word_1_761' title='bbox 3023 4037 3328 4104; x_wconf 87' lang='lat' dir='ltr'><strong>contendit;</strong></span> <span class='ocrx_word' id='word_1_762' title='bbox 3364 4048 3483 4094; x_wconf 86' lang='lat' dir='ltr'><strong>tan-</strong></span> 
     </span>
    </p>
   </div>
   <div class='ocr_carea' id='block_1_102' title="bbox 1892 4117 3483 4193">
    <p class='ocr_par' dir='ltr' id='par_1_102' title="bbox 1892 4117 3483 4193">
     <span class='ocr_line' id='line_1_102' title="bbox 1892 4117 3483 4193; baseline 0.012 -25"><span class='ocrx_word' id='word_1_763' title='bbox 1892 4131 2052 4185; x_wconf 89' lang='lat' dir='ltr'><strong>quam</strong></span> <span class='ocrx_word' id='word_1_764' title='bbox 2098 4117 2240 4172; x_wconf 90' lang='lat' dir='ltr'><strong>bona</strong></span> <span class='ocrx_word' id='word_1_765' title='bbox 2285 4117 2426 4174; x_wconf 82' lang='lat' dir='ltr'><strong>facta</strong></span> <span class='ocrx_word' id='word_1_766' title='bbox 2476 4121 2618 4176; x_wconf 90' lang='lat' dir='ltr'><strong>bono</strong></span> <span class='ocrx_word' id='word_1_767' title='bbox 2647 4123 2827 4179; x_wconf 90' lang='lat' dir='ltr'><strong>animo</strong></span> <span class='ocrx_word' id='word_1_768' title='bbox 2860 4140 2965 4179; x_wconf 90' lang='lat' dir='ltr'><strong>non</strong></span> <span class='ocrx_word' id='word_1_769' title='bbox 2999 4126 3146 4193; x_wconf 85' lang='lat' dir='ltr'><strong>liam,</strong></span> <span class='ocrx_word' id='word_1_770' title='bbox 3198 4139 3253 4183; x_wconf 92' lang='lat' dir='ltr'><strong>et</strong></span> <span class='ocrx_word' id='word_1_771' title='bbox 3281 4130 3483 4187; x_wconf 87' lang='lat' dir='ltr'><strong>idcirco</strong></span> 
     </span>
    </p>
   </div>
   <div class='ocr_carea' id='block_1_103' title="bbox 1892 4209 3485 4284">
    <p class='ocr_par' dir='ltr' id='par_1_103' title="bbox 1892 4209 3485 4284">
     <span class='ocr_line' id='line_1_103' title="bbox 1892 4209 3485 4284; baseline 0.009 -23"><span class='ocrx_word' id='word_1_772' title='bbox 1892 4209 2153 4277; x_wconf 90' lang='lat' dir='ltr'><strong>perpendi</strong></span> <span class='ocrx_word' id='word_1_773' title='bbox 2201 4224 2232 4264; x_wconf 91' lang='lat' dir='ltr'><strong>a</strong></span> <span class='ocrx_word' id='word_1_774' title='bbox 2276 4210 2459 4279; x_wconf 90' lang='lat' dir='ltr'><strong>judice</strong></span> <span class='ocrx_word' id='word_1_775' title='bbox 2507 4212 2647 4267; x_wconf 90' lang='lat' dir='ltr'><strong>bona</strong></span> <span class='ocrx_word' id='word_1_776' title='bbox 2699 4230 2805 4268; x_wconf 93' lang='lat' dir='ltr'><strong>non</strong></span> <span class='ocrx_word' id='word_1_777' title='bbox 2855 4215 3106 4271; x_wconf 88' lang='lat' dir='ltr'><strong>debeant.</strong></span> <span class='ocrx_word' id='word_1_778' title='bbox 3156 4219 3292 4284; x_wconf 85' lang='lat' dir='ltr'><strong>Quia</strong></span> <span class='ocrx_word' id='word_1_779' title='bbox 3340 4223 3485 4277; x_wconf 90' lang='lat' dir='ltr'><strong>enim</strong></span> 
     </span>
    </p>
   </div>
   <div class='ocr_carea' id='block_1_104' title="bbox 1893 4299 3482 4382">
    <p class='ocr_par' dir='ltr' id='par_1_104' title="bbox 1893 4299 3482 4382">
     <span class='ocr_line' id='line_1_104' title="bbox 1893 4299 3482 4382; baseline 0.01 -29"><span class='ocrx_word' id='word_1_780' title='bbox 1893 4299 2097 4355; x_wconf 81' lang='lat' dir='ltr'><strong>fructus</strong></span> <span class='ocrx_word' id='word_1_781' title='bbox 2119 4302 2330 4359; x_wconf 89' lang='lat' dir='ltr'><strong>arboris</strong></span> <span class='ocrx_word' id='word_1_782' title='bbox 2350 4318 2469 4359; x_wconf 89' lang='lat' dir='ltr'><strong>esse</strong></span> <span class='ocrx_word' id='word_1_783' title='bbox 2494 4314 2547 4360; x_wconf 92' lang='lat' dir='ltr'><strong>et</strong></span> <span class='ocrx_word' id='word_1_784' title='bbox 2577 4306 2628 4359; x_wconf 92' lang='lat' dir='ltr'><strong>in</strong></span> <span class='ocrx_word' id='word_1_785' title='bbox 2652 4314 2783 4361; x_wconf 79' lang='lat' dir='ltr'><strong>:estu</strong></span> <span class='ocrx_word' id='word_1_786' title='bbox 2803 4307 3001 4363; x_wconf 88' lang='lat' dir='ltr'><strong>virides</strong></span> <span class='ocrx_word' id='word_1_787' title='bbox 3023 4311 3306 4379; x_wconf 86' lang='lat' dir='ltr'><strong>conspicit,</strong></span> <span class='ocrx_word' id='word_1_788' title='bbox 3330 4316 3482 4382; x_wconf 85' lang='lat' dir='ltr'><strong>quasi</strong></span> 
     </span>
    </p>
   </div>
   <div class='ocr_carea' id='block_1_105' title="bbox 1890 4394 3335 4468">
    <p class='ocr_par' dir='ltr' id='par_1_105' title="bbox 1890 4394 3335 4468">
     <span class='ocr_line' id='line_1_105' title="bbox 1890 4394 3335 4468; baseline 0.01 -24"><span class='ocrx_word' id='word_1_789' title='bbox 1890 4404 2131 4445; x_wconf 79' lang='lat' dir='ltr'><strong>vermem</strong></span> <span class='ocrx_word' id='word_1_790' title='bbox 2160 4406 2366 4462; x_wconf 89' lang='lat' dir='ltr'><strong>ponere</strong></span> <span class='ocrx_word' id='word_1_791' title='bbox 2392 4394 2459 4449; x_wconf 89' lang='lat' dir='ltr'><strong>ad</strong></span> <span class='ocrx_word' id='word_1_792' title='bbox 2490 4396 2725 4451; x_wconf 89' lang='lat' dir='ltr'><strong>radicem</strong></span> <span class='ocrx_word' id='word_1_793' title='bbox 2753 4402 2959 4468; x_wconf 82' lang='lat' dir='ltr'><strong>quaerit.</strong></span> <span class='ocrx_word' id='word_1_794' title='bbox 3002 4401 3133 4456; x_wconf 86' lang='lat' dir='ltr'><strong>Nam</strong></span> <span class='ocrx_word' id='word_1_795' title='bbox 3163 4404 3294 4459; x_wconf 72' lang='lat' dir='ltr'><strong>d&#39;cit</strong></span> <span class='ocrx_word' id='word_1_796' title='bbox 3322 4424 3335 4458; x_wconf 87' lang='lat'>:</span> 
     </span>
    </p>
   </div>
   <div class='ocr_carea' id='block_1_106' title="bbox 2497 4487 2875 4546">
    <p class='ocr_par' dir='ltr' id='par_1_106' title="bbox 2497 4487 2875 4546">
     <span class='ocr_line' id='line_1_106' title="bbox 2497 4487 2875 4546; baseline 0.008 -4"><span class='ocrx_word' id='word_1_797' title='bbox 2497 4487 2724 4544; x_wconf 79' lang='lat' dir='ltr'><strong>CAPUT</strong></span> <span class='ocrx_word' id='word_1_798' title='bbox 2785 4490 2875 4546; x_wconf 82' lang='lat' dir='ltr'><strong>IX.</strong></span> 
     </span>
    </p>
   </div>
   <div class='ocr_carea' id='block_1_107' title="bbox 1960 4573 3483 4653">
    <p class='ocr_par' dir='ltr' id='par_1_107' title="bbox 1960 4573 3483 4653">
     <span class='ocr_line' id='line_1_107' title="bbox 1960 4573 3483 4653; baseline 0.01 -25"><span class='ocrx_word' id='word_1_799' title='bbox 1960 4573 2124 4629; x_wconf 73' lang='lat' dir='ltr'><strong>Vens.</strong></span> <span class='ocrx_word' id='word_1_800' title='bbox 2168 4574 2222 4641; x_wconf 87' lang='lat'><strong>9,</strong></span> <span class='ocrx_word' id='word_1_801' title='bbox 2267 4576 2353 4629; x_wconf 79' lang='grc'><strong>10.</strong></span> <span class='ocrx_word' id='word_1_802' title='bbox 2380 4608 2450 4619; x_wconf 88' lang='lat'><strong>—-</strong></span> <span class='ocrx_word' id='word_1_803' title='bbox 2476 4576 2728 4651; x_wconf 80' lang='lat' dir='ltr'><strong>Nunquid</strong></span> <span class='ocrx_word' id='word_1_804' title='bbox 2758 4583 2954 4653; x_wconf 75' lang='lat' dir='ltr'><strong>frustra</strong></span> <span class='ocrx_word' id='word_1_805' title='bbox 2979 4583 3081 4638; x_wconf 89' lang='lat' dir='ltr'><strong>Job</strong></span> <span class='ocrx_word' id='word_1_806' title='bbox 3109 4586 3251 4639; x_wconf 90' lang='lat' dir='ltr'><strong>timet</strong></span> <span class='ocrx_word' id='word_1_807' title='bbox 3282 4586 3483 4643; x_wconf 85' lang='lat' dir='ltr'><strong>Deum?</strong></span> 
     </span>
    </p>
   </div>
   <div class='ocr_carea' id='block_1_108' title="bbox 1892 4662 3483 4750">
    <p class='ocr_par' dir='ltr' id='par_1_108' title="bbox 1892 4662 3483 4750">
     <span class='ocr_line' id='line_1_108' title="bbox 1892 4662 3483 4750; baseline 0.01 -33"><span class='ocrx_word' id='word_1_808' title='bbox 1892 4662 2083 4719; x_wconf 85' lang='lat' dir='ltr'><strong>Nonne</strong></span> <span class='ocrx_word' id='word_1_809' title='bbox 2112 4678 2166 4719; x_wconf 84' lang='lat' dir='ltr'><strong>tu</strong></span> <span class='ocrx_word' id='word_1_810' title='bbox 2205 4668 2415 4722; x_wconf 84' lang='lat' dir='ltr'><strong>vallasti</strong></span> <span class='ocrx_word' id='word_1_811' title='bbox 2444 4685 2557 4722; x_wconf 89' lang='lat' dir='ltr'><strong>eum</strong></span> <span class='ocrx_word' id='word_1_812' title='bbox 2587 4687 2649 4723; x_wconf 90' lang='lat' dir='ltr'><strong>ac</strong></span> <span class='ocrx_word' id='word_1_813' title='bbox 2678 4672 2887 4727; x_wconf 89' lang='lat' dir='ltr'><strong>domum</strong></span> <span class='ocrx_word' id='word_1_814' title='bbox 2928 4675 3059 4745; x_wconf 88' lang='lat' dir='ltr'><strong>ejus,</strong></span> <span class='ocrx_word' id='word_1_815' title='bbox 3093 4679 3483 4750; x_wconf 76' lang='lat' dir='ltr'><strong>universumque</strong></span> 
     </span>
    </p>
   </div>
   <div class='ocr_carea' id='block_1_109' title="bbox 1886 4756 3483 4840">
    <p class='ocr_par' dir='ltr' id='par_1_109' title="bbox 1886 4756 3483 4840">
     <span class='ocr_line' id='line_1_109' title="bbox 1886 4756 3483 4840; baseline 0.013 -34"><span class='ocrx_word' id='word_1_816' title='bbox 1886 4756 2229 4810; x_wconf 86' lang='lat' dir='ltr'><strong>substantiam</strong></span> <span class='ocrx_word' id='word_1_817' title='bbox 2259 4774 2349 4823; x_wconf 89' lang='lat' dir='ltr'><strong>per</strong></span> <span class='ocrx_word' id='word_1_818' title='bbox 2373 4760 2640 4814; x_wconf 86' lang='lat' dir='ltr'><strong>circuitum</strong></span> <span class='ocrx_word' id='word_1_819' title='bbox 2657 4762 2682 4814; x_wconf 88' lang='lat'><em>?</em></span> <span class='ocrx_word' id='word_1_820' title='bbox 2711 4761 2963 4833; x_wconf 80' lang='lat' dir='ltr'><strong>Operibus</strong></span> <span class='ocrx_word' id='word_1_821' title='bbox 2990 4782 3234 4822; x_wconf 86' lang='lat' dir='ltr'><strong>manuum</strong></span> <span class='ocrx_word' id='word_1_822' title='bbox 3254 4769 3366 4840; x_wconf 86' lang='lat' dir='ltr'><strong>ejus</strong></span> <span class='ocrx_word' id='word_1_823' title='bbox 3397 4770 3483 4826; x_wconf 84' lang='lat' dir='ltr'><strong>be-</strong></span> 
     </span>
    </p>
   </div>
   <div class='ocr_carea' id='block_1_110' title="bbox 1889 4846 3119 4918">
    <p class='ocr_par' dir='ltr' id='par_1_110' title="bbox 1889 4846 3119 4918">
     <span class='ocr_line' id='line_1_110' title="bbox 1889 4846 3119 4918; baseline 0.011 -20"><span class='ocrx_word' id='word_1_824' title='bbox 1889 4846 2158 4909; x_wconf 76' lang='lat' dir='ltr'><strong>nedixisti,</strong></span> <span class='ocrx_word' id='word_1_825' title='bbox 2192 4856 2241 4901; x_wconf 88' lang='lat' dir='ltr'><strong>et</strong></span> <span class='ocrx_word' id='word_1_826' title='bbox 2261 4851 2515 4918; x_wconf 84' lang='lat' dir='ltr'><strong>possessio</strong></span> <span class='ocrx_word' id='word_1_827' title='bbox 2537 4852 2675 4907; x_wconf 86' lang='lat' dir='ltr'><strong>illius</strong></span> <span class='ocrx_word' id='word_1_828' title='bbox 2696 4857 2852 4909; x_wconf 86' lang='lat' dir='ltr'><strong>crevit</strong></span> <span class='ocrx_word' id='word_1_829' title='bbox 2876 4858 2930 4911; x_wconf 90' lang='lat' dir='ltr'><strong>in</strong></span> <span class='ocrx_word' id='word_1_830' title='bbox 2962 4866 3119 4913; x_wconf 86' lang='lat' dir='ltr'><strong>terra.</strong></span> 
     </span>
    </p>
   </div>
   <div class='ocr_carea' id='block_1_111' title="bbox 1962 4932 3481 5013">
    <p class='ocr_par' dir='ltr' id='par_1_111' title="bbox 1962 4932 3481 5013">
     <span class='ocr_line' id='line_1_111' title="bbox 1962 4932 3481 5013; baseline 0.016 -26"><span class='ocrx_word' id='word_1_831' title='bbox 1962 4932 2049 4988; x_wconf 80' lang='grc'><strong>15.</strong></span> <span class='ocrx_word' id='word_1_832' title='bbox 2096 4935 2184 4990; x_wconf 72' lang='lat' dir='ltr'><strong>Ea.</strong></span> <span class='ocrx_word' id='word_1_833' title='bbox 2221 4942 2486 5008; x_wconf 83' lang='lat' dir='ltr'><strong>prosperis</strong></span> <span class='ocrx_word' id='word_1_834' title='bbox 2523 4952 2573 4996; x_wconf 86' lang='lat' dir='ltr'><strong>et</strong></span> <span class='ocrx_word' id='word_1_835' title='bbox 2608 4960 2674 4998; x_wconf 77' lang='lat' dir='ltr'><strong>ea:</strong></span> <span class='ocrx_word' id='word_1_836' title='bbox 2713 4946 2942 5003; x_wconf 83' lang='lat' dir='ltr'><strong>adversis</strong></span> <span class='ocrx_word' id='word_1_837' title='bbox 2982 4959 3166 5006; x_wconf 85' lang='lat' dir='ltr'><strong>tentat.</strong></span> <span class='ocrx_word' id='word_1_838' title='bbox 3206 4986 3277 4997; x_wconf 89' lang='lat'><strong>—</strong></span> <span class='ocrx_word' id='word_1_839' title='bbox 3320 4957 3397 5009; x_wconf 88' lang='lat' dir='ltr'><strong>Ac</strong></span> <span class='ocrx_word' id='word_1_840' title='bbox 3435 4959 3481 5013; x_wconf 90' lang='lat' dir='ltr'><strong>si</strong></span> 
     </span>
    </p>
   </div>
   <div class='ocr_carea' id='block_1_112' title="bbox 1889 5025 3559 5113">
    <p class='ocr_par' dir='ltr' id='par_1_112' title="bbox 1889 5025 3559 5113">
     <span class='ocr_line' id='line_1_112' title="bbox 1889 5025 3559 5113; baseline 0.014 -36"><span class='ocrx_word' id='word_1_841' title='bbox 1889 5034 2076 5094; x_wconf 86' lang='lat' dir='ltr'><strong>aperte</strong></span> <span class='ocrx_word' id='word_1_842' title='bbox 2105 5025 2249 5081; x_wconf 89' lang='lat' dir='ltr'><strong>dicat</strong></span> <span class='ocrx_word' id='word_1_843' title='bbox 2281 5047 2293 5081; x_wconf 92' lang='lat'><strong>:</strong></span> <span class='ocrx_word' id='word_1_844' title='bbox 2324 5028 2425 5094; x_wconf 89' lang='lat' dir='ltr'><strong>Qui</strong></span> <span class='ocrx_word' id='word_1_845' title='bbox 2455 5039 2532 5085; x_wconf 92' lang='lat' dir='ltr'><strong>tot</strong></span> <span class='ocrx_word' id='word_1_846' title='bbox 2561 5032 2702 5087; x_wconf 89' lang='lat' dir='ltr'><strong>bona</strong></span> <span class='ocrx_word' id='word_1_847' title='bbox 2729 5035 2781 5088; x_wconf 91' lang='lat' dir='ltr'><strong>in</strong></span> <span class='ocrx_word' id='word_1_848' title='bbox 2807 5045 2948 5091; x_wconf 89' lang='lat' dir='ltr'><strong>terra</strong></span> <span class='ocrx_word' id='word_1_849' title='bbox 2975 5042 3204 5109; x_wconf 89' lang='lat' dir='ltr'><strong>recepit,</strong></span> <span class='ocrx_word' id='word_1_850' title='bbox 3233 5044 3358 5113; x_wconf 85' lang='lat' dir='ltr'><strong>quid</strong></span> <span class='ocrx_word' id='word_1_851' title='bbox 3380 5048 3481 5100; x_wconf 82' lang='lat' dir='ltr'><strong>mi-</strong></span> <span class='ocrx_word' id='word_1_852' title='bbox 3552 5062 3559 5071; x_wconf 80' lang='lat'><strong>&#39;</strong></span> 
     </span>
    </p>
   </div>
   <div class='ocr_carea' id='block_1_113' title="bbox 1888 5116 3482 5197">
    <p class='ocr_par' dir='ltr' id='par_1_113' title="bbox 1888 5116 3482 5197">
     <span class='ocr_line' id='line_1_113' title="bbox 1888 5116 3482 5197; baseline 0.014 -28"><span class='ocrx_word' id='word_1_853' title='bbox 1888 5131 2006 5169; x_wconf 85' lang='lat' dir='ltr'><strong>rum</strong></span> <span class='ocrx_word' id='word_1_854' title='bbox 2028 5123 2131 5183; x_wconf 89' lang='lat' dir='ltr'><strong>est,</strong></span> <span class='ocrx_word' id='word_1_855' title='bbox 2155 5116 2197 5171; x_wconf 91' lang='lat' dir='ltr'><strong>si</strong></span> <span class='ocrx_word' id='word_1_856' title='bbox 2221 5134 2319 5188; x_wconf 92' lang='lat' dir='ltr'><strong>pro</strong></span> <span class='ocrx_word' id='word_1_857' title='bbox 2342 5119 2420 5174; x_wconf 92' lang='lat' dir='ltr'><strong>eis</strong></span> <span class='ocrx_word' id='word_1_858' title='bbox 2445 5136 2507 5175; x_wconf 87' lang='lat' dir='ltr'><strong>se</strong></span> <span class='ocrx_word' id='word_1_859' title='bbox 2530 5122 2847 5181; x_wconf 90' lang='lat' dir='ltr'><strong>innocenter</strong></span> <span class='ocrx_word' id='word_1_860' title='bbox 2867 5130 3038 5197; x_wconf 82' lang='lat' dir='ltr'><strong>gerit?</strong></span> <span class='ocrx_word' id='word_1_861' title='bbox 3070 5130 3331 5190; x_wconf 88' lang='lat' dir='ltr'><strong>lnnocens</strong></span> <span class='ocrx_word' id='word_1_862' title='bbox 3353 5152 3482 5192; x_wconf 86' lang='lat' dir='ltr'><strong>vere</strong></span> 
     </span>
    </p>
   </div>
   <div class='ocr_carea' id='block_1_114' title="bbox 1889 5203 3479 5283">
    <p class='ocr_par' dir='ltr' id='par_1_114' title="bbox 1889 5203 3479 5283">
     <span class='ocr_line' id='line_1_114' title="bbox 1889 5203 3479 5283; baseline 0.017 -26"><span class='ocrx_word' id='word_1_863' title='bbox 1889 5212 2056 5268; x_wconf 89' lang='lat' dir='ltr'><strong>esset,</strong></span> <span class='ocrx_word' id='word_1_864' title='bbox 2088 5205 2134 5259; x_wconf 90' lang='lat' dir='ltr'><strong>si</strong></span> <span class='ocrx_word' id='word_1_865' title='bbox 2164 5206 2336 5263; x_wconf 89' lang='lat' dir='ltr'><strong>bonus</strong></span> <span class='ocrx_word' id='word_1_866' title='bbox 2366 5209 2504 5264; x_wconf 88' lang='lat' dir='ltr'><strong>inter</strong></span> <span class='ocrx_word' id='word_1_867' title='bbox 2532 5212 2757 5267; x_wconf 88' lang='lat' dir='ltr'><strong>adversa</strong></span> <span class='ocrx_word' id='word_1_868' title='bbox 2786 5203 3119 5277; x_wconf 71' lang='lat' dir='ltr'><strong>persisteret.</strong></span> <span class='ocrx_word' id='word_1_869' title='bbox 3164 5223 3272 5278; x_wconf 89' lang='lat' dir='ltr'><strong>Cur</strong></span> <span class='ocrx_word' id='word_1_870' title='bbox 3298 5236 3479 5283; x_wconf 90' lang='lat' dir='ltr'><strong>autem</strong></span> 
     </span>
    </p>
   </div>
   <div class='ocr_carea' id='block_1_115' title="bbox 1890 5294 3483 5391">
    <p class='ocr_par' dir='ltr' id='par_1_115' title="bbox 1890 5294 3483 5391">
     <span class='ocr_line' id='line_1_115' title="bbox 1890 5294 3483 5391; baseline 0.019 -45"><span class='ocrx_word' id='word_1_871' title='bbox 1890 5309 2118 5361; x_wconf 80' lang='lat' dir='ltr'><strong>magnus</strong></span> <span class='ocrx_word' id='word_1_872' title='bbox 2146 5294 2359 5363; x_wconf 86' lang='lat' dir='ltr'><strong>dicitur,</strong></span> <span class='ocrx_word' id='word_1_873' title='bbox 2390 5315 2549 5368; x_wconf 88' lang='lat' dir='ltr'><strong>quem</strong></span> <span class='ocrx_word' id='word_1_874' title='bbox 2582 5319 2786 5360; x_wconf 89' lang='lat' dir='ltr'><strong>merces</strong></span> <span class='ocrx_word' id='word_1_875' title='bbox 2805 5307 2887 5361; x_wconf 91' lang='lat' dir='ltr'><strong>sui</strong></span> <span class='ocrx_word' id='word_1_876' title='bbox 2913 5310 3079 5364; x_wconf 45' lang='lat' dir='ltr'><strong>unius.</strong></span> <span class='ocrx_word' id='word_1_877' title='bbox 3104 5314 3330 5385; x_wconf 88' lang='lat' dir='ltr'><strong>ujusque</strong></span> <span class='ocrx_word' id='word_1_878' title='bbox 3359 5336 3483 5391; x_wconf 87' lang='lat' dir='ltr'><strong>0pc-</strong></span> 
     </span>
    </p>
   </div>
   <div class='ocr_carea' id='block_1_116' title="bbox 1890 5381 3483 5469">
    <p class='ocr_par' dir='ltr' id='par_1_116' title="bbox 1890 5381 3483 5469">
     <span class='ocr_line' id='line_1_116' title="bbox 1890 5381 3483 5469; baseline 0.019 -33"><span class='ocrx_word' id='word_1_879' title='bbox 1890 5381 1964 5436; x_wconf 89' lang='lat' dir='ltr'><strong>ris</strong></span> <span class='ocrx_word' id='word_1_880' title='bbox 2014 5390 2164 5437; x_wconf 86' lang='lat' dir='ltr'><strong>tanta</strong></span> <span class='ocrx_word' id='word_1_881' title='bbox 2211 5400 2390 5440; x_wconf 87' lang='lat' dir='ltr'><strong>rerum</strong></span> <span class='ocrx_word' id='word_1_882' title='bbox 2438 5390 2836 5461; x_wconf 89' lang='lat' dir='ltr'><strong>multiplicitate</strong></span> <span class='ocrx_word' id='word_1_883' title='bbox 2881 5400 3207 5457; x_wconf 89' lang='lat' dir='ltr'><strong>comitatur?</strong></span> <span class='ocrx_word' id='word_1_884' title='bbox 3243 5381 3483 5469; x_wconf 33' lang='lat' dir='ltr'><strong>&#39;Astuius</strong></span> 
     </span>
    </p>
   </div>
   <div class='ocr_carea' id='block_1_117' title="bbox 1889 5477 3479 5570">
    <p class='ocr_par' dir='ltr' id='par_1_117' title="bbox 1889 5477 3479 5570">
     <span class='ocr_line' id='line_1_117' title="bbox 1889 5477 3479 5570; baseline 0.01 -39"><span class='ocrx_word' id='word_1_885' title='bbox 1889 5477 2089 5547; x_wconf 90' lang='lat' dir='ltr'><strong>quippe</strong></span> <span class='ocrx_word' id='word_1_886' title='bbox 2118 5479 2475 5551; x_wconf 81' lang='lat' dir='ltr'><strong>adversarius,</strong></span> <span class='ocrx_word' id='word_1_887' title='bbox 2517 5500 2639 5539; x_wconf 91' lang='lat' dir='ltr'><strong>cum</strong></span> <span class='ocrx_word' id='word_1_888' title='bbox 2679 5497 2922 5543; x_wconf 86' lang='lat' dir='ltr'><strong>sanctum</strong></span> <span class='ocrx_word' id='word_1_889' title='bbox 2952 5492 3121 5547; x_wconf 88' lang='lat' dir='ltr'><strong>virum</strong></span> <span class='ocrx_word' id='word_1_890' title='bbox 3155 5495 3294 5552; x_wconf 90' lang='lat' dir='ltr'><strong>inter</strong></span> <span class='ocrx_word' id='word_1_891' title='bbox 3323 5516 3479 5570; x_wconf 84' lang='lat' dir='ltr'><strong>pros-</strong></span> 
     </span>
    </p>
   </div>
   <div class='ocr_carea' id='block_1_118' title="bbox 1886 5609 3476 5736">
    <p class='ocr_par' dir='ltr' id='par_1_118' title="bbox 1886 5609 3476 5736">
     <span class='ocr_line' id='line_1_118' title="bbox 1886 5609 3476 5736; baseline 0.021 -73"><span class='ocrx_word' id='word_1_892' title='bbox 1886 5609 2172 5736; x_wconf 56' lang='grc' dir='ltr'>Βῖᾱιὲιτθι</span> <span class='ocrx_word' id='word_1_893' title='bbox 2224 5618 2363 5685; x_wconf 87' lang='lat' dir='ltr'><strong>ejus,</strong></span> <span class='ocrx_word' id='word_1_894' title='bbox 2424 5635 2524 5674; x_wconf 48' lang='lat' dir='ltr'><strong>nec</strong></span> <span class='ocrx_word' id='word_1_895' title='bbox 2578 5621 2770 5690; x_wconf 75' lang='lat' dir='ltr'><strong>legitur</strong></span> <span class='ocrx_word' id='word_1_896' title='bbox 2825 5626 2875 5678; x_wconf 92' lang='lat' dir='ltr'><strong>in</strong></span> <span class='ocrx_word' id='word_1_897' title='bbox 2942 5625 3067 5683; x_wconf 82' lang='lat' dir='ltr'><strong>Mss.</strong></span> <span class='ocrx_word' id='word_1_898' title='bbox 3127 5637 3327 5691; x_wconf 87' lang='lat' dir='ltr'><strong>nostris</strong></span> <span class='ocrx_word' id='word_1_899' title='bbox 3386 5648 3476 5695; x_wconf 89' lang='lat' dir='ltr'><strong>aut</strong></span> 
     </span>
     <span class='ocr_line' id='line_1_119' title="bbox 1886 5697 2359 5736; baseline 0.017 -3"><span class='ocrx_word' id='word_1_900' title='bbox 1886 5697 1990 5736; x_wconf 89' lang='lat' dir='ltr'><strong>ve.</strong></span> <span class='ocrx_word' id='word_1_901' title='bbox 2074 5706 2121 5736; x_wconf 63' lang='grc' dir='ltr'><strong>ν.</strong></span> <span class='ocrx_word' id='word_1_902' title='bbox 2350 5726 2359 5729; x_wconf 54' lang='grc' dir='ltr'><em>ν</em></span> 
     </span>
    </p>
   </div>
   <div class='ocr_carea' id='block_1_119' title="bbox 1881 5697 2359 5737">
    <p class='ocr_par' dir='ltr' id='par_1_119' title="bbox 1881 5697 2359 5737">
     <span class='ocr_line' id='line_1_120' title="bbox 1881 5697 2359 5737; baseline 0.008 -4"><span class='ocrx_word' id='word_1_903' title='bbox 1881 5697 1990 5737; x_wconf 81' lang='grc' dir='ltr'>νει.</span> <span class='ocrx_word' id='word_1_904' title='bbox 2028 5697 2121 5736; x_wconf 72' lang='grc' dir='ltr'><strong>ΙΞιἸ.</strong></span> <span class='ocrx_word' id='word_1_905' title='bbox 2350 5726 2359 5729; x_wconf 58' lang='grc' dir='ltr'><em>ν</em></span> 
     </span>
    </p>
   </div>
   <div class='ocr_carea' id='block_1_120' title="bbox 1953 5752 2895 5823">
    <p class='ocr_par' dir='ltr' id='par_1_120' title="bbox 1953 5752 2895 5823">
     <span class='ocr_line' id='line_1_121' title="bbox 1953 5752 2895 5823; baseline 0.019 -22"><span class='ocrx_word' id='word_1_906' title='bbox 1953 5752 1977 5789; x_wconf 78' lang='grc' dir='ltr'>ά</span> <span class='ocrx_word' id='word_1_907' title='bbox 2010 5753 2235 5816; x_wconf 84' lang='lat' dir='ltr'><strong>Quidam</strong></span> <span class='ocrx_word' id='word_1_908' title='bbox 2267 5756 2415 5823; x_wconf 57' lang='lat' dir='ltr'><strong>Mss,</strong></span> <span class='ocrx_word' id='word_1_909' title='bbox 2442 5763 2630 5815; x_wconf 78' lang='lat' dir='ltr'><strong>similis</strong></span> <span class='ocrx_word' id='word_1_910' title='bbox 2661 5764 2713 5817; x_wconf 87' lang='lat' dir='ltr'><strong>in</strong></span> <span class='ocrx_word' id='word_1_911' title='bbox 2739 5773 2895 5820; x_wconf 86' lang='lat' dir='ltr'><strong>terra.</strong></span> 
     </span>
    </p>
   </div>
   <div class='ocr_carea' id='block_1_121' title="bbox 1955 5823 3465 5902">
    <p class='ocr_par' dir='ltr' id='par_1_121' title="bbox 1955 5823 3465 5902">
     <span class='ocr_line' id='line_1_122' title="bbox 1955 5823 3465 5902; baseline 0.018 -29"><span class='ocrx_word' id='word_1_912' title='bbox 1955 5834 1979 5860; x_wconf 79' lang='grc' dir='ltr'><strong><em>ο</em></strong></span> <span class='ocrx_word' id='word_1_913' title='bbox 2011 5823 2147 5877; x_wconf 74' lang='lat' dir='ltr'><strong>Editi</strong></span> <span class='ocrx_word' id='word_1_914' title='bbox 2180 5827 2267 5902; x_wconf 83' lang='lat' dir='ltr'><strong>hic</strong></span> <span class='ocrx_word' id='word_1_915' title='bbox 2294 5829 2517 5902; x_wconf 75' lang='lat' dir='ltr'><strong>addunt,</strong></span> <span class='ocrx_word' id='word_1_916' title='bbox 2550 5836 2834 5901; x_wconf 77' lang='lat' dir='ltr'><strong>victoriam,</strong></span> <span class='ocrx_word' id='word_1_917' title='bbox 2872 5839 3049 5895; x_wconf 78' lang='lat' dir='ltr'><strong>invitis</strong></span> <span class='ocrx_word' id='word_1_918' title='bbox 3091 5843 3216 5900; x_wconf 82' lang='lat' dir='ltr'><strong>Mss.</strong></span> <span class='ocrx_word' id='word_1_919' title='bbox 3251 5864 3313 5902; x_wconf 86' lang='lat' dir='ltr'><strong>ac</strong></span> <span class='ocrx_word' id='word_1_920' title='bbox 3342 5849 3465 5902; x_wconf 80' lang='lat' dir='ltr'><strong>Gro-</strong></span> 
     </span>
    </p>
   </div>
   <div class='ocr_carea' id='block_1_122' title="bbox 1878 5897 3479 5987">
    <p class='ocr_par' dir='ltr' id='par_1_122' title="bbox 1878 5897 3479 5987">
     <span class='ocr_line' id='line_1_123' title="bbox 1878 5897 3479 5987; baseline 0.018 -46"><span class='ocrx_word' id='word_1_921' title='bbox 1878 5907 2096 5987; x_wconf 75' lang='lat' dir='ltr'><strong>goriana</strong></span> <span class='ocrx_word' id='word_1_922' title='bbox 2146 5897 2344 5987; x_wconf 51' lang='lat' dir='ltr'><strong>plit-‘asi.</strong></span> <span class='ocrx_word' id='word_1_923' title='bbox 2397 5898 2451 5951; x_wconf 86' lang='lat' dir='ltr'><strong><em>In</em></strong></span> <span class='ocrx_word' id='word_1_924' title='bbox 2503 5904 2729 5987; x_wconf 31' lang='lat' dir='ltr'><strong>pra-fati...</strong></span> <span class='ocrx_word' id='word_1_925' title='bbox 2782 5897 2939 5987; x_wconf 34' lang='grc' dir='ltr'><strong>[τέ’-8,</strong></span> <span class='ocrx_word' id='word_1_926' title='bbox 2986 5897 3213 5980; x_wconf 71' lang='lat' dir='ltr'><strong>legimus</strong></span> <span class='ocrx_word' id='word_1_927' title='bbox 3242 5897 3479 5987; x_wconf 43' lang='lat' dir='ltr'><strong>{prhib-</strong></span> 
     </span>
    </p>
   </div>
   <div class='ocr_carea' id='block_1_123' title="bbox 1873 5937 3303 6043">
    <p class='ocr_par' dir='ltr' id='par_1_123' title="bbox 1873 5937 3303 6043">
     <span class='ocr_line' id='line_1_124' title="bbox 1879 5937 3272 5980; baseline 0.02 -39"><span class='ocrx_word' id='word_1_928' title='bbox 2147 5937 2344 5961; x_wconf 66' lang='grc' dir='ltr'><strong>,νη-...νη</strong></span> <span class='ocrx_word' id='word_1_929' title='bbox 2397 5937 2451 5951; x_wconf 84' lang='grc' dir='ltr'><strong>..ι</strong></span> <span class='ocrx_word' id='word_1_930' title='bbox 2504 5937 2729 5971; x_wconf 65' lang='grc' dir='ltr'><strong>νημαι..</strong></span> <span class='ocrx_word' id='word_1_931' title='bbox 2782 5937 2834 5961; x_wconf 87' lang='grc' dir='ltr'>ιι.</span> <span class='ocrx_word' id='word_1_932' title='bbox 2875 5937 2939 5975; x_wconf 78' lang='lat'><strong>0,</strong></span> <span class='ocrx_word' id='word_1_933' title='bbox 2986 5937 3209 5980; x_wconf 66' lang='lat' dir='ltr'><strong>lt&#39;gtllllts</strong></span> <span class='ocrx_word' id='word_1_934' title='bbox 3242 5937 3272 5968; x_wconf 72' lang='grc' dir='ltr'>ε’</span> 
     </span>
     <span class='ocr_line' id='line_1_125' title="bbox 1873 5937 3303 6043; baseline 0.016 -28"><span class='ocrx_word' id='word_1_935' title='bbox 1873 5974 2065 6018; x_wconf 77' lang='lat' dir='ltr'><strong>suerat.</strong></span> <span class='ocrx_word' id='word_1_936' title='bbox 2089 5966 2375 6035; x_wconf 80' lang='lat' dir='ltr'><strong>perdidisse</strong></span> <span class='ocrx_word' id='word_1_937' title='bbox 2396 5986 2484 6041; x_wconf 83' lang='lat' dir='ltr'><strong>rep</strong></span> <span class='ocrx_word' id='word_1_938' title='bbox 2500 5974 2753 6032; x_wconf 75' lang='lat' dir='ltr'><strong>relzendit.</strong></span> <span class='ocrx_word' id='word_1_939' title='bbox 2783 5979 2913 6036; x_wconf 85' lang='lat' dir='ltr'><strong>Vide</strong></span> <span class='ocrx_word' id='word_1_940' title='bbox 2944 5981 2979 6036; x_wconf 89' lang='grc' dir='ltr'><strong>Ι.</strong></span> <span class='ocrx_word' id='word_1_941' title='bbox 3012 6000 3159 6043; x_wconf 73' lang='lat' dir='ltr'><strong>xxtu.</strong></span> <span class='ocrx_word' id='word_1_942' title='bbox 3191 6003 3243 6040; x_wconf 90' lang='lat' dir='ltr'><strong>n.</strong></span> <span class='ocrx_word' id='word_1_943' title='bbox 3278 5937 3303 6038; x_wconf 54' lang='grc' dir='ltr'><strong><em>ί</em></strong></span> 
     </span>
    </p>
   </div>
   <div class='ocr_carea' id='block_1_124' title="bbox 3314 6026 3326 6039">
    <p class='ocr_par' dir='ltr' id='par_1_124' title="bbox 3314 6026 3326 6039">
     <span class='ocr_line' id='line_1_126' title="bbox 3314 6026 3326 6039; baseline 0 0"><span class='ocrx_word' id='word_1_944' title='bbox 3314 6026 3326 6039; x_wconf 75' lang='grc' dir='ltr'><strong>ο</strong></span> 
     </span>
    </p>
   </div>
  </div>
