3976 6298
520 398 625 453 56⁵5

1725 399 1967 456 ΞᾹΝΕΤΙ
2008 402 2334 457 CREGORII
2378 401 2590 457 MAGNI

3688 398 3786 456 564

517 532 646 587 pera
674 518 812 575 bene
836 519 1009 587 egisse
1038 516 1361 580 considerat,
1391 516 1681 584 reprobare
1701 516 1843 585 apud
1861 516 2097 585 judicem
2130 521 2173 579 Α
2195 528 2359 588 λιιεια.
2388 550 2454 560 -
2487 516 2775 570 Sciendum
2821 530 2950 570 vero
2989 522 3071 568 est
3119 513 3243 583 quia
3287 512 3502 568 Satanae
3545 514 3792 573 voluntas

517 626 616 681 per
643 610 866 665 adversa
896 609 1131 664 festinat.
1180 605 1329 661 Unde
1356 614 1504 662 recte
1534 607 1588 661 in
1616 607 1938 678 Apocalypsi
1968 622 2101 663 voce

516 702 762 771 attgelica
792 701 985 756 dicitur
1009 717 1021 751 :
1052 698 1325 767 Projectus
1352 708 1429 752 est
1452 708 1720 753 accusator
1745 701 1963 769 fratrum
1988 716 2103 753 nos-

516 804 733 858 trarum,
764 792 851 862 qui
879 789 1155 843 accusabat
1184 790 1301 843 illos
1329 799 1450 843 ante
1472 801 1797 859 conspectum
1825 790 1917 844 Dei
1939 793 2102 845 nostri

514 884 601 937 die
620 899 682 936 ac
702 890 849 936 nocte
871 881 1052 950 (Apoc.
1086 896 1178 943 xu,
1213 880 1322 947 10).
1358 880 1502 951 [Vet.
1540 880 1665 951 IX.]
1696 882 1971 953 Scriptura
2001 898 2101 936 an-

513 981 625 1027 tent
669 986 822 1026 sacra
846 985 988 1040 saepe
1012 970 1155 1024 diem
1184 988 1280 1040 pro
1324 972 1616 1041 prosperis,
1664 982 1877 1027 noctem
1904 982 2099 1036 autem

512 1080 614 1137 pro
643 1064 883 1119 adversis
912 1079 1115 1133 ponere
1152 1065 1450 1119 consuevit.
1490 1064 1565 1125 In.
1586 1065 1672 1119 die
1700 1080 1829 1131 ergo
1859 1077 1913 1121 et
1942 1075 2102 1121 nocte

511 1170 770 1211 accusare
816 1170 923 1209 non
969 1155 1205 1221 desinit,
1253 1155 1377 1223 quia
1405 1155 1568 1209 modo
1597 1171 1696 1210 nos
1726 1159 1776 1210 in
1806 1156 2097 1225 prosperis,

497 1249 675 1313 modo
702 1249 755 1304 in
783 1247 1028 1303 adversis
1054 1248 1386 1303 accnsabiles
1410 1247 1694 1302 ostendere
1720 1248 2015 1303 contendit.
2044 1247 2100 1302 In

489 1318 501 1359 ³
512 1342 603 1397 die
632 1351 870 1406 accusat,
897 1358 1017 1398 eum
1046 1343 1318 1413 prOSperis
1346 1341 1487 1396 male
1519 1357 1618 1397 nos
1647 1343 1722 1395 uti
1755 1342 2010 1396 insinuat.
2044 1340 2099 1395 In

514 1442 675 1490 noete
699 1444 945 1499 accusat,
988 1451 1109 1490 cum
1152 1437 1204 1489 in
1235 1414 1471 1490 adversis
1498 1434 1604 1505 [‘5
1637 1450 1737 1489 nos
1766 1450 1872 1489 non
1903 1435 2103 1490 habere

515 1529 833 1598 patientiam
860 1528 1217 1583 demonstrat.
1261 1528 1483 1582 Beatum
1524 1542 1655 1597 ergo
1682 1527 1783 1582 Job
1811 1528 1936 1596 quia
1971 1541 2102 1582 nec-

512 1622 641 1677 dum
684 1620 892 1690 ilagella
930 1621 1250 1690 attigerant,
1299 1621 1450 1690 quasi
1478 1620 1651 1675 adhuc
1680 1619 1821 1675 unde
1854 1620 1904 1674 'rn
1944 1627 2103 1675 nocte

510 1726 770 1768 accusare
809 1719 1011 1782 posset,
1044 1713 1267 1767 omnino
1297 1726 1401 1766 non
1433 1711 1683 1765 habebat.
1726 1709 1861 1777 Quia
1889 1726 2019 1765 vero
2048 1711 2101 1765 in

510 1803 786 1874 prospet‘is
826 1816 1019 1871 magna
1054 1811 1077 1839 ⁸
1108 1803 1395 1857 sanctitate
1422 1802 1704 1869 viguerat,
1755 1817 1854 1872 pro
1899 1801 2100 1857 eisdem

2201 626 2417 679 semper
2454 610 2637 679 iniqua
2668 617 2778 674 est,
2810 610 2905 664 sed
2954 622 3228 677 nunquam
3261 616 3502 677 potestas
3544 607 3739 675 iniusta
3772 627 3789 665 :

2201 717 2327 771 quia
2368 717 2399 756 a
2429 703 2723 759 scmctiuso
2762 701 3096 757 voluntatem
3134 699 3334 765 habet,
3366 700 3461 756 sed
3490 717 3521 755 a
3566 700 3793 759 Domino

2203 798 2547 862 potestatem.
2591 792 2747 858 Quod
2792 791 2937 846 enim
2969 791 3085 860 ipse
3127 790 3304 845 facere
3335 791 3517 859 inique
3557 792 3791 861 appetit,

2203 883 2306 937 hoc
2334 882 2473 937 Deus
2503 880 2616 937 ﬁeri
2648 882 2860 938 nonnisi
2884 881 3030 950 juste
3053 881 3334 951 permittit.
3390 879 3543 936 Unde
3571 884 3711 937 bene
3738 882 3794 938 in

2202 975 2352 1030 libris
2382 974 2582 1042 Regum
2600 974 2795 1029 dicitur
2821 991 2837 1027 ε
2872 974 3101 1049 Spiritus
3130 972 3340 1027 Domint
3371 974 3538 1027 ntalus
3568 973 3796 1029 irruebat

2202 1068 2256 1120 in
2288 1065 2419 1121 Saul
2447 1065 2500 1135 (1
2532 1065 2662 1136 Ileg.
2696 1081 2843 1129 xvlu,
2878 1064 2985 1134 10).
3036 1061 3173 1119 Ecce
3199 1079 3335 1117 unus
3364 1062 3612 1131 idemque
3640 1064 3796 1133 spiri-

2205 1171 2310 1222 tus,
2344 1166 2399 1211 et
2439 1156 2650 1211 Domini
2680 1156 3002 1226 appellatur,
3029 1164 3085 1210 et
3113 1154 3285 1209 malus
3317 1172 3331 1207 :
3362 1154 3574 1208 Domini
3603 1155 3792 1210 videlio

2203 1256 2291 1302 cet
2319 1262 2416 1316 per
2442 1247 2711 1302 licentiam
2755 1247 3037 1314 potestatis
3060 1246 3249 1314 justze,
3292 1244 3464 1300 malus
3490 1252 3671 1299 autem
3701 1262 3794 1316 per

2204 1337 2525 1391 desiderium
2564 1336 2857 1391 voluntatis
2900 1337 3129 1405 injustm.
3180 1336 3478 1413 Eormidari
3514 1351 3647 1406 ergo
3687 1354 3795 1394 non

2203 1428 2385 1494 debet,
2408 1428 2499 1497 qui
2522 1429 2650 1483 nihil
2674 1429 2772 1483 nisi
2805 1430 3094 1498 permissus
3116 1429 3277 1483 valet.
3303 1428 3429 1483 Sola
3450 1443 3582 1497 ergo
3608 1431 3684 1486 vis
3706 1432 3792 1486 illa

2206 1521 2441 1575 timenda
2471 1530 2573 1585 est,
2605 1536 2723 1588 qua:
2763 1536 2885 1575 cum
2916 1520 3128 1575 hostem
3157 1522 3350 1575 saevire
3378 1522 3704 1590 permiserit,
3743 1523 3792 1578 ei

2206 1611 2272 1665 ad
2302 1625 2456 1665 usum
2479 1609 2839 1680 justijudicii,
2870 1619 2925 1665 et
2955 1610 3149 1680 injusta
3177 1611 3316 1665 illius
3340 1612 3588 1665 voluntas
3608 1612 3791 1666 servit.

2208 1702 2485 1759 Paululum
2516 1720 2647 1760 vero
2676 1720 2893 1759 manum
2924 1703 3162 1775 postulat
3189 1703 3442 1769 extendi;
3483 1704 3608 1771 quia
3638 1714 3790 1759 exte-

2209 1797 2351 1851 riora
2380 1805 2508 1851 sunt
2543 1810 2661 1864 qua:
2713 1795 2918 1866 expetit
2946 1795 3175 1850 conteri.
3209 1793 3393 1863 Neque
3437 1794 3580 1847 enim
3628 1794 3791 1848 Satan

508 1894 782 1965 prosperis
804 1895 945 1951 bona
970 1896 1119 1950 illum
1143 1898 1317 1966 egisse
1339 1896 1628 1951 simulabat,
1652 1914 1665 1951 ε
1692 1906 1907 1952 versum
1934 1912 2102 1953 asser-
2131 1890 2173 1949 Β
2204 1886 2385 1942 facere
2413 1901 2474 1941 se
2510 1884 2709 1955 aliquid
2740 1884 2962 1938 multum
3006 1892 3189 1953 putat,
3222 1883 3320 1938 nisi
3363 1898 3484 1937 Cttlll
3516 1883 3570 1937 in
3618 1883 3793 1936 anima

509 1988 659 2041 tione
687 1988 953 2042 mentiens
991 1987 1137 2058 quod
1180 2003 1285 2042 non
1312 1988 1379 2041 ad
1408 2004 1563 2042 usum
1604 1988 1812 2043 Domini
1852 1989 2101 2043 substan-

509 2078 639 2131 tiam
671 2077 1011 2146 possideret,
1058 2078 1149 2132 sed
1180 2078 1246 2131 ad
1290 2093 1443 2131 usum
1473 2078 1784 2133 substantia:
1814 2077 2100 2133 Dominum

509 2167 733 2223 coleret.
766 2168 904 2222 Sunt
932 2170 1075 2223 enim
1106 2170 1348 2224 nonnulli
1372 2170 1461 2239 qui
1490 2180 1547 2224 ut
1568 2170 1813 2226 lruantur
1836 2172 1965 2235 Deo,
1994 2172 2101 2227 dis-

510 2259 821 2326 pensatorie
850 2267 1073 2313 utuntur
1095 2260 1201 2314 hoc
1231 2260 1451 2314 saeculo.
1487 2259 1553 2313 Et
1581 2270 1706 2315 sunt
1735 2261 1978 2316 nonnulli
2008 2262 2099 2330 qui

512 2358 571 2404 nt
615 2348 858 2404 fruantur
886 2351 991 2405 hoc
1031 2350 1248 2416 saeculo,
1296 2352 1605 2406 transitorie
1646 2352 1720 2407 uti
1752 2353 1936 2406 volunt
1965 2352 2096 2407 Deo.

510 2442 644 2496 Cum
675 2442 836 2511 igitur
864 2442 1002 2496 bona
1032 2442 1195 2496 divini
1241 2444 1480 2498 muneris
1524 2453 1737 2507 narrat,
1780 2453 1932 2514 putat
1958 2444 2101 2513 quod

512 2535 652 2590 facta
683 2534 837 2590 fortis
854 2535 1088 2604 operarii
1118 2535 1347 2603 leviget;
1374 2544 1432 2589 ut
1453 2535 1605 2604 cujus
1626 2537 1791 2589 vitam
1807 2536 2102 2605 reprehen-

511 2625 643 2681 dere
660 2625 729 2681 de
749 2626 1004 2695 operibus
1026 2639 1132 2679 non
1156 2624 1318 2689 valet,
1347 2625 1464 2694 ejus
1490 2634 1725 2680 mentem
1753 2626 1905 2695 quasi
1927 2641 1993 2680 ex
2017 2640 2104 2680 co-

511 2716 863 2785 gitationibus
915 2722 940 2754 υ
987 2714 1229 2781 addicat;
1278 2717 1545 2770 mentiens
1600 2715 1739 2785 quod
1782 2732 1887 2770 non
1930 2716 2101 2771 amori

512 2808 748 2872 Domini,
779 2807 873 2863 sed
903 2807 1217 2877 temporalis
1245 2808 1619 2877 prosperitatis
1648 2807 1965 2877 appetitioni
1996 2823 2104 2864 ser-

465 2919 469 2925 ν
509 2898 667 2952 vierit
692 2912 880 2961 omne,
909 2896 1053 2966 quod
1084 2897 1315 2952 innocue
1343 2898 1582 2952 exterius
1608 2897 1761 2952 vixit.
1792 2897 1947 2953 Vires
1975 2913 2102 2967 ergo

508 2990 649 3046 beati
672 2989 775 3045 Job
795 2991 1064 3054 nesciens,
1090 2990 1183 3046 sed
1207 2998 1387 3045 tamen
1412 3005 1848 3059 unumquemque
1863 2990 2103 3045 adversis

509 3080 726 3151 probari
766 3081 946 3137 verius
992 3081 1188 3147 sciens,
1238 3081 1549 3136 tentandum
1590 3082 1732 3135 inme
1770 3083 2003 3152 expetit;
2045 3090 2104 3137 ut

509 3170 600 3238 qui
629 3185 727 3240 per
754 3170 896 3225 diem
926 3170 1302 3241 prosperitatis
1340 3170 1605 3226 inoll‘enso
1644 3185 1831 3238 gressu
1863 3171 2102 3226 incesse—

2202 1978 2445 2044 sauciat,
2476 1987 2534 2032 ut
2562 1978 2630 2032 ab
2662 1977 2752 2030 illa
2782 1977 2955 2046 patria
2986 1974 3187 2032 feriens
3212 1985 3457 2040 revocet,
3488 1991 3518 2028 a
3546 1991 3651 2044 qua
3683 1975 3794 2047 ipse

2201 2068 2380 2137 longe,
2411 2068 2517 2123 telo
2547 2083 2657 2122 sua:
2687 2067 2950 2136 superbize
2980 2073 3282 2137 prostratus
3304 2064 3474 2135 jacet.

2274 2159 2361 2216 18.
2403 2158 2589 2213 Facies
2630 2158 2723 2212 Dei
2766 2168 3023 2227 respectus
3051 2158 3254 2229 gratitv.
3296 2189 3369 2199 —
3396 2156 3501 2210 Sed
3545 2156 3675 2227 quid
3715 2164 3797 2211 est

2202 2251 2346 2320 quod
2374 2251 2449 2304 ait
2475 2269 2487 2303 :
2524 2248 2647 2305 Nis'i
2668 2252 2720 2303 in
2754 2251 2938 2321 facient
2965 2249 3283 2303 benedixerit
3307 2247 3396 2301 tibi
3412 2250 3436 2301 .’
3463 2247 3573 2303 Nos
3603 2263 3797 2319 nempe

2203 2346 2346 2412 quod
2379 2358 2621 2398 amamus
2660 2341 3005 2411 re~picimns;
3037 2340 3182 2407 quod
3217 2356 3345 2396 vero
3376 2342 3613 2396 aversari
3642 2342 3797 2395 volu-
3896 2392 3901 2397 .

2205 2452 2344 2497 mus,
2378 2434 2445 2488 ah
2474 2449 2539 2488 eo
2570 2434 2760 2489 faciem
2795 2433 2904 2503 46
2932 2431 3284 2487 declinamus.
3317 2431 3453 2498 Quid
3488 2433 3672 2501 itaque
3704 2431 3797 2486 Dei

2204 2526 2391 2595 facies,
2416 2526 2514 2580 nisi
2544 2534 2820 2594 respectus
2841 2524 2957 2592 ejus
2979 2524 3164 2592 gratiae
3191 2534 3212 2561 ο
3238 2523 3508 2591 praebetur
3538 2524 3799 2591 intelligi?

2204 2619 2292 2672 Ait
2333 2634 2462 2686 ergo
2498 2636 2510 2671 :
2549 2617 2784 2671 Extende
2810 2618 3077 2687 paululum
3108 2633 3318 2669 manum
3350 2627 3518 2676 tuam.
3563 2624 3613 2668 et
3645 2626 3800 2684 tange

2204 2719 2387 2765 cuncta
2409 2726 2523 2781 qua:
2549 2710 2797 2780 possidet,
2830 2709 2930 2763 nisi
2952 2709 3004 2762 in
3036 2709 3220 2779 faciem
3245 2707 3563 2762 benedixerit
3587 2707 3696 2761 tibi.
3728 2707 3801 2764 Ac

2203 2800 2247 2855 si
2279 2810 2465 2867 aperte
2494 2799 2633 2853 dicat
2658 2818 2671 2852 :
2703 2800 2772 2851 Ea
2797 2813 2915 2867 quas
2944 2798 3133 2852 dedisti
3159 2798 3455 2864 subtrahe;
3480 2814 3604 2853 nam
3636 2801 3680 2854 si
3705 2816 3801 2855 ac-

2204 2897 2358 2958 cepta
2383 2888 2692 2957 perdiderit,
2725 2896 3030 2957 respectum
3058 2897 3159 2941 tua:
3181 2890 3387 2955 gratim,
3416 2889 3611 2944 ablatis
3638 2891 3801 2945 rebus

2208 2979 2616 3050 temporalibus,
2649 2984 2762 3034 non’
2780 2981 3038 3047 requiret.
3068 2978 3124 3033 Si
3152 2982 3292 3034 enim
3316 2996 3380 3034 ea
3409 2982 3463 3035 in
3490 2982 3691 3050 quibus
3712 2983 3800 3035 de-

2206 3070 2440 3125 lectatur
2471 3086 2576 3124 non
2605 3070 2873 3135 habuerit,
2908 3067 3145 3123 favorem
3176 3077 3325 3123 tuum
3372 3070 3536 3124 etiam
3569 3071 3798 3126 maledi-

2207 3162 2379 3217 cendn
2409 3169 2739 3217 contemnet.
2767 3160 2930 3229 Cujus
2956 3161 3216 3229 petitione
3237 3161 3426 3215 callida
3452 3176 3798 3232 nequaquam

511 3269 619 3328 rat,
645 3260 837 3316 saltem
867 3263 920 3315 in
946 3271 1105 3317 nocte
1133 3262 1473 3317 adversitatis
1503 3262 1852 3332 impingeret,
1892 3272 1949 3317 et
1975 3273 2100 3319 ante

2211 3267 2498 3323 provocata
2524 3253 2735 3308 Veritas
2757 3252 3003 3317 vincitur,
3028 3252 3121 3306 sed
3148 3252 3213 3306 ad
3240 3251 3618 3322 deceptionem
3647 3269 3800 3307 suam

511 3348 807 3409 Iaudatoris
833 3353 915 3407 sui
945 3353 1132 3407 oculos
1159 3351 1454 3409 offensione
1484 3353 1827 3423 impatientia:
1856 3363 2099 3425 prostra-

512 3453 599 3500 tus
622 3444 849 3513 jaceret.
896 3442 1045 3498 Unde
1072 3444 1345 3512 snhjnngit
1373 3463 1386 3497 :

950 3532 1199 3588 CAPUT.
1221 3533 1269 3586 Χ
1300 3533 1448 3604 [Rea
1489 3534 1609 3605 VI].

587 3624 748 3679 Vens.
774 3623 861 3678 Η.
888 3622 1081 3679 —Sed
1108 3625 1328 3678 extende
1347 3626 1613 3695 paululum
1637 3644 1845 3682 ntanum
1870 3637 2031 3694 tuam,
2052 3641 2098 3683 et

511 3723 667 3787 tange
690 3724 875 3769 cuncta
926 3731 1042 3787 qua:
1069 3714 1317 3785 possidet,
1354 3717 1457 3771 nisi
1486 3718 1539 3771 in
1570 3720 1755 3785 faciem
1783 3718 2103 3775 benedixerit

513 3804 625 3859 tibi.

584 3894 673 3950 i6.
708 3893 954 3951 Diabolus
993 3896 1126 3951 nihil
1153 3897 1256 3951 nisi
1300 3896 1410 3952 Deo
1449 3898 1776 3969 permittente
1814 3910 1999 3970 potest.
2030 3934 2101 3944 —

511 3984 645 4040 Cum
674 3995 920 4039 sanctum
949 3985 1121 4039 virum
1152 3985 1318 4041 Satan
1344 3996 1555 4042 tentare
1584 3989 1810 4059 appetit,
1834 3999 1888 4045 et
1919 4000 2099 4045 tamen

512 4076 770 4143 Domino,
802 4088 860 4131 ut
901 4093 1117 4152 manum
1148 4094 1299 4132 suam
1345 4079 1639 4135 extendere
1678 4081 1902 4147 debeat,
1933 4083 2096 4147 dicit;

512 4167 668 4222 valde
697 4167 991 4222 notandum
1021 4175 1103 4222 est
1133 4168 1259 4237 quia
1305 4168 1529 4224 feriendi
1558 4171 1697 4225 vires
1726 4187 1827 4225 nec
1856 4172 1970 4239 ipse
1997 4174 2097 4227 sibi

513 4259 722 4325 tribuit,
750 4258 841 4327 qui
866 4266 1053 4313 contra
1075 4268 1355 4313 auctorem
1384 4260 1622 4315 omnium
1650 4261 1993 4328 singulariter
2011 4278 2099 4316 su-

512 4350 710 4420 perbit.
741 4348 855 4404 Seit
896 4363 1128 4418 namque
1154 4349 1432 4417 diabolus,
1463 4351 1587 4420 quia
1618 4352 1897 4419 quodlibet
1938 4366 2099 4414 agere

512 4456 582 4495 ex
598 4439 889 4509 semetipso
911 4454 1015 4492 non
1042 4437 1259 4507 sumcit,
1286 4439 1407 4508 quia
1431 4455 1532 4495 nec
1556 4456 1654 4511 per
1673 4441 2018 4510 semetipsum
2046 4442 2096 4495 in

512 4544 582 4584 eo
610 4528 754 4598 quod
788 4538 870 4583 est
895 4529 1115 4598 spiritus
1143 4530 1346 4584 existit.
1384 4530 1516 4585 llinc
1546 4538 1629 4585 est
1656 4531 1799 4599 quod
1832 4531 1883 4584 in
1917 4530 2096 4584 Evan-

2201 3346 2346 3403 Ιιοειὶ
2378 3347 2726 3411 conceditur,
2760 3346 2903 3415 quod
2938 3345 3078 3400 lideli
3122 3345 3321 3399 famulo
3352 3346 3419 3400 ad
3448 3354 3800 3415 augmentum

2200 3437 2442 3492 muneris
2470 3436 2811 3501 suffragetur.
2850 3435 3003 3492 Unde
3034 3452 3155 3488 mox
3188 3436 3435 3489 subditur
3465 3454 3478 3489 :

2497 3526 2724 3582 CAPUT
2755 3526 2822 3581 Xl
2854 3528 2998 3600 [γει.
3029 3526 3136 3591 XI,
3176 3526 3295 3580 Rec.
3342 3526 3499 3598 VII].

2272 3620 2437 3675 Vsus.
2470 3619 2555 3673 1‘2.
2588 3647 2660 3657 ——
2686 3618 2709 3657 ά
2742 3619 2878 3675 Ecce
2908 3622 3165 3683 universa,
3196 3636 3309 3691 qua:
3336 3620 3506 3684 habet,
3538 3621 3594 3674 in
3639 3638 3799 3677 manu

2202 3721 2288 3764 tua
2311 3720 2431 3765 sunt
2461 3727 2477 3765 :
2507 3721 2705 3765 tantum
2730 3713 2785 3765 in
2813 3728 2928 3765 eum
2958 3729 3022 3765 ne
3044 3711 3291 3765 extendas
3323 3728 3532 3765 manum
3558 3722 3729 3767 tuam.

2273 3803 2342 3858 i9
2390 3801 2529 3856 Deus
2556 3802 2800 3865 tentatori
2824 3803 2931 3855 alia
2957 3803 3227 3871 permittit,
3249 3802 3354 3855 alia
3376 3812 3550 3872 negat.
3565 3834 3639 3844 —
3655 3804 3799 3859 Con-

2199 3894 2486 3950 sideranda
2522 3903 2610 3948 est
2652 3894 2705 3947 in
2748 3893 2923 3947 verbis
2968 3893 3177 3948 Domini
3222 3893 3550 3963 dispensatio
3594 3903 3798 3951 sanctae

2203 3986 2437 4055 pietatis,
2466 3984 2740 4053 quomodo
2757 3985 2966 4039 hostem
2986 3993 3231 4038 nostrum
3262 3986 3550 4053 permittit,
3581 3995 3636 4040 et
3669 3987 3798 4042 reti-

2202 4087 2315 4144 net;
2348 4080 2575 4141 relaxat,
2593 4087 2648 4132 et
2671 4076 2928 4132 refrenat.
2947 4076 3062 4131 Alia
3089 4078 3154 4130 ad
3179 4078 3491 4131 tentandum
3508 4078 3674 4147 dat°,
3704 4081 3796 4134 sed

2201 4170 2269 4223 ab
2290 4169 2409 4223 aliis
2436 4170 2645 4237 religat.
2675 4168 2931 4223 Universa
2946 4183 3061 4239 qua:
3085 4166 3253 4233 habet,
3279 4169 3332 4220 in
3359 4184 3515 4221 manu
3544 4177 3633 4221 tua
3658 4180 3796 4234 sunt,

2203 4270 2401 4317 tantum
2424 4262 2477 4314 itt
2502 4278 2616 4315 eum
2638 4277 2701 4314 ne
2726 4259 2973 4313 extendas
2998 4276 3207 4313 manum
3233 4269 3391 4313 tuam.
3424 4260 3795 4315 Substantiam

2201 4353 2401 4423 prodit,
2432 4352 2526 4406 sed
2554 4361 2731 4406 tamen
2755 4366 2951 4419 corpus
2978 4365 3096 4413 e,us
3124 4351 3377 4419 protegit,
3399 4351 3543 4419 quod
3573 4352 3791 4421 quidem

2202 4442 2547 4514 postmodum
2579 4441 2834 4497 tentatori
2866 4441 3161 4495 traditurus
3202 4451 3312 4506 est;
3344 4441 3440 4495 sed
3474 4451 3655 4495 tamen
3690 4459 3793 4497 non

2201 4536 2362 4595 simul
2391 4535 2458 4589 ad
2488 4535 2667 4591 omnia
2714 4534 2922 4588 relaxat
2948 4533 3157 4587 hostem
3176 4574 3191 4595 ,
3220 4547 3290 4587 ne
3320 4533 3556 4601 undique
3602 4532 3797 4589 feriens

511 4620 655 4689 gelio
691 4619 1009 4689 expe‘lenda
1032 4620 1101 4675 de
1131 4621 1347 4675 homine
1380 4622 1521 4689 legio
1550 4620 1763 4676 dicebat
1796 4640 1808 4674 :
1843 4621 1903 4676 Si
1949 4624 2099 4693 ejicis
2131 4629 2174 4687 Ι)
2207 4627 2417 4695 frangat
2431 4627 2625 4682 civem.
2649 4623 2786 4681 Mala
2806 4624 2946 4678 enim
2971 4638 3092 4680 cum
3119 4624 3283 4677 multa
3310 4622 3497 4677 electis
3518 4624 3799 4689 eveniunt,

511 4729 626 4777 nos,
657 4713 804 4765 mitte
831 4729 925 4765 nos
953 4714 1006 4765 in
1036 4729 1242 4783 gregem
1288 4728 1561 4781 porcorum
1590 4712 1805 4783 (Matth.
1838 4730 1947 4779 vui,
1982 4715 2097 4785 51).

511 4803 615 4869 Qui
647 4804 788 4858 enim
821 4819 917 4874 per
938 4804 1288 4872 semetipsum
1318 4803 1395 4856 ire
1422 4803 1473 4856 in
1504 4818 1698 4871 porcos
1728 4820 1833 4859 non
1865 4814 2101 4875 poterat,

511 4894 639 4963 quid
671 4896 864 4949 mirum
885 4895 930 4949 si
953 4894 1070 4949 sine
1091 4894 1327 4949 auctoris
1353 4909 1535 4959 manu,
1563 4896 1732 4951 sancti
1759 4897 1856 4952 viri
1884 4897 2100 4952 domum

513 4990 831 5057 contingere
862 5004 969 5042 non
1003 4988 1254 5041 valebat?

584 5076 728 5147 [νει.
764 5074 867 5147 Χ.]
914 5075 999 5131 ΓΙ.
1046 5075 1254 5130 Diaboli
1284 5084 1516 5133 voluntas
1554 5081 1722 5145 mala,
1749 5082 1840 5134 sed
1879 5090 2106 5149 potestas

583 5198 611 5227 ι
641 5188 827 5251 Corb.,
856 5189 1061 5252 Germ,
1090 5188 1305 5255 Rhem.,
1337 5188 1570 5260 Remig.,
1593 5190 1808 5247 Ebroic.
1838 5200 1894 5247 et
1920 5196 2101 5254 caeteri

510 5258 722 5325 Norm.,
755 5276 948 5329 magna
976 5261 1221 5314 sanitate.

584 5331 612 5369 δ
641 5331 717 5385 lta
747 5329 873 5385 Mss.
907 5330 1183 5399 Anglicani
1211 5339 1267 5385 et
1295 5330 1404 5386 alii.
1437 5332 1504 5385 At
1532 5331 1673 5386 Edit.
1704 5330 1893 5397 Gilot.,
1915 5332 2098 5399 Rom.,

514 5400 650 5456 Sixti
681 5400 747 5465 V,
777 5410 831 5456 et
852 5402 1090 5470 plurima:
1112 5402 1311 5456 habent
1336 5402 1593 5458 addiscat.
1627 5402 1858 5457 Verbum
1880 5404 2098 5469 addicit,

513 5480 574 5523 nt
601 5471 864 5539 signiftcat
890 5473 1201 5525 condemnat
1224 5514 1237 5539 ,
1282 5481 1365 5527 est
1389 5470 1649 5541 Gregorio
1680 5472 1963 5529 familiare.
1996 5473 2097 5527 Eo-

512 5541 875 5613 demqunque
900 5558 1061 5597 sensu
1092 5560 1196 5597 non
1228 5558 1350 5597 raro
1378 5544 1644 5611 reperitur
1668 5544 1719 5597 in
1746 5544 2101 5613 scriptoribus

512 5612 690 5682 sacris,
710 5612 825 5666 sive
851 5613 1245 5682 antiquioribus
1273 5614 1387 5667 sive
1418 5615 1823 5682 posteriOrihus.
1858 5612 2100 5669 'Ambro-

513 5682 648 5743 sius,
684 5681 771 5735 lib.
806 5698 841 5751 ι,
874 5683 943 5753 de
972 5680 1200 5749 Virgin.,
1231 5682 1298 5736 de
1324 5680 1525 5738 sancta:
1554 5684 1771 5753 Agnetis
1799 5684 2051 5739 carnilice
2084 5704 2095 5737 :

512 5766 748 5824 cerneres
779 5751 1040 5824 trepidare
1065 5753 1387 5824 carnificem,
1416 5757 1560 5824 quasi
1582 5751 1693 5824 ipse
1714 5754 1949 5808 addictus
1974 5756 2103 5823 fuis-

514 5830 624 5877 set;
644 5820 965 5895 lternardus,
992 5819 1145 5895 lib.‘u
1175 5822 1240 5874 de
1269 5819 1511 5889 Consid.,
1539 5819 1659 5895 cap.
1689 5824 1788 5879 ib:
1816 5826 1935 5882 inde
1952 5819 2102 5881 ϋιηο⁴

520 5906 569 5942 re
580 5892 739 5947 alium
770 5892 1008 5962 frequens
1032 5883 1277 5948 addictio.

2207 4719 2342 4773 mira
2380 4716 2679 4772 conditoris
2706 4715 2878 4785 gratia
2920 4730 2987 4769 ex
3020 4723 3263 4783 tempore
3300 4714 3713 4783 dispensantur;
3743 4721 3797 4767 ut

2206 4824 2326 4880 qua:
2356 4816 2673 4864 coacervata
2713 4806 3069 4877 perimerent,
3102 4805 3308 4875 possint
3346 4806 3514 4858 divisa
3554 4805 3795 4858 tolerari.

2210 4901 2347 4957 llinc
2388 4900 2586 4955 Paulus
2614 4900 2691 4954 ait
2727 4917 2739 4952 :
2775 4898 2975 4952 Fidelis
3006 4898 3168 4961 Deus,
3200 4900 3286 4969 qui
3317 4915 3419 4952 non
3450 4901 3575 4968 pati.
3597 4908 3682 4951 tur
3710 4914 3794 4952 vos

2209 4994 2396 5050 tentari
2432 4990 2449 5030 τ
2482 5008 2641 5061 supra
2670 4990 2723 5044 id
2751 4990 2885 5061 quod
2911 4991 3143 5059 potestis,
3176 4989 3266 5042 sed
3297 4990 3448 5059 faciet
3478 5007 3592 5043 cum
3626 5000 3789 5043 tenta-

2208 5082 2345 5138 tione
2361 5084 2518 5137 etiam
2539 5080 2755 5143 exitum,
2777 5090 2832 5135 ut
2854 5078 3061 5149 possitis
3085 5078 3336 5131 sustinere
3359 5076 3411 5147 (1
3435 5076 3557 5132 Cor.
3584 5094 3640 5142 x,
3684 5077 3792 5144 15).

2283 5207 2306 5236 ε
2338 5194 2496 5258 Editi,
2529 5191 3412 5264 perlribetur._biss.,_adh:eremns.

2277 5264 2303 5303 ά
2329 5260 2593 5342 Gussanv.
2620 5261 2949 5342 hic_pt;:cftgit
2972 5279 2983 5314 :
3010 5260 3160 5315 Dixit
3181 5279 3300 5342 ergo
3324 5263 3578 5315 Dominus
3603 5262 3673 5315 ad
3696 5261 3795 5316 Ss-

2207 5347 2314 5401 tan,
2347 5336 2490 5406 quod
2520 5335 2673 5389 abest
2701 5333 2730 5385 is
2760 5331 2894 5386 Cod.
2930 5342 3039 5386 tum
3071 5331 3302 5397 excusis,
3337 5342 3447 5385 tum
3476 5349 3639 5387 manu
3669 5347 3793 5386 exa-

2204 5408 2357 5463 raus.

2280 5488 2302 5514 ο
2334 5476 2388 5530 ln
2409 5474 2550 5530 Edit.
2578 5489 2673 5543 per
2696 5472 3166 5543 interpolationem
3196 5470 3409 5543 legitur,
3443 5472 3555 5543 alia
3574 5473 3643 5525 ad
3663 5470 3793 5540 afﬂi-

2202 5548 2445 5618 gendum,
2484 5542 2611 5618 sed;
2638 5550 3007 5618 sane_pr:eter
3038 5542 3195 5618 Iidem
3226 5542 3352 5618 Mss,
3393 5542 3637 5618 et_Greg.
3665 5556 3795 5618 pro-

2203 5612 2468 5687 positum,
2510 5616 2599 5683 qui
2630 5613 2738 5669 duo
2783 5614 2899 5675 hic,
2942 5629 3049 5666 non
3084 5614 3183 5687 tria
3234 5612 3507 5687 probanda
3538 5613 3788 5687 suscipit,

2204 5682 2411 5741 scilicet
2441 5682 2650 5741 hestem
2698 5694 2940 5738 nostrum
2972 5692 3027 5737 et
3056 5683 3288 5736 relaxari
3319 5690 3374 5736 et
3404 5682 3648 5737 retineri.
3682 5682 3788 5735 Re—

2206 5758 2417 5811 laxatnr
2444 5772 2563 5809 cum
2587 5755 2916 5822 permittitur
2947 5761 3188 5814 tentare;
3222 5752 3503 5815 retinetur,
3532 5768 3654 5807 cum
3677 5753 3787 5807 lucc

2209 5837 2446 5897 potestas
2475 5826 2636 5897 certis
2666 5823 3065 5897 conditionibus
3096 5823 3309 5889 ligatur.

2284 5898 2299 5936 ί
2332 5897 2545 5962 Rhein,
2579 5895 2809 5965 licmig,
2842 5893 3021 5948 Norm.
3044 5935 3058 5964 ,
3092 5910 3250 5961 supra
3272 5908 3425 5966 quam
3442 5893 3675 5964 potestis.
