3976 6318
215 474 322 529 563

1147 469 1501 525 ιιυιιΑιιυΜ
1545 470 1671 524 LlB.
1717 466 1777 520 ll.
1819 496 1889 507 —
1934 464 1995 517 ΙΝ
2036 464 2187 519 CAP.
2231 466 2249 519 Ι
2290 465 2349 519 Β.
2393 465 2535 521 JOB.

3368 470 3473 523 560'

217 587 351 641 llinc
364 584 529 640 David
549 583 655 638 ait:
682 581 858 636 Proba
879 596 983 648 me,
1006 579 1253 645 Domine,
1270 590 1319 634 et
1347 590 1483 635 tenta
1507 599 1587 634 me
1612 580 1784 653 (I’snl.
1817 585 1862 642 A
1962 579 2051 633 ει.
2077 581 2118 631 Α
2150 582 2282 651 facie
2298 579 2504 635 Domini
2530 580 2636 634 exit
2664 580 2852 647 Satan,
2885 598 2999 635 cum
3021 582 3093 635 ad
3120 582 3364 637 aesiderii
3393 584 3479 637 sui

213 694 350 743 xxv,
375 677 453 747 2).
501 674 577 730 Ac
604 674 649 728 si
675 681 861 743 aperte
889 671 1034 726 dicat
1067 689 1081 724 :
1114 669 1268 726 Prius
1295 674 1437 726 vires
1461 674 1694 741 inspice,
1736 683 1792 728 et
1892 672 2131 740 e/l'ectum
2168 671 2323 725 venit.
2354 704 2425 715 —
2450 670 2569 737 Quo
2608 671 2768 739 igitur
2805 673 2981 728 exitur
3009 674 3077 728 ab
3098 688 3187 741 eo,
3229 673 3319 742 qui
3351 674 3474 727 dum

211 778 339 824 tunc
360 777 417 822 ut
437 766 576 823 ferre
596 765 771 830 valeo,
798 762 995 817 tentari
1016 762 1283 831 permitte.
1311 762 1421 816 lloc
1440 771 1619 816 tamen
1643 762 1789 832 quod
1890 775 1988 828 per
2016 760 2215 814 molem
2235 762 2476 830 corporis
2501 776 2762 829 nusquam
2789 770 2893 827 est,
2920 777 3018 831 per
3046 762 3476 833 incircumscrip-

206 860 404 914 dicitur
435 875 449 911 :
480 855 613 910 Ecce
640 855 899 918 universa,
929 868 1043 923 quae
1067 851 1235 914 habet,
1262 852 1317 905 in
1346 868 1503 905 manu
1534 861 1619 904 tua
1648 862 1784 916 sunt,

1890 859 1999 904 tam
2028 851 2377 905 substantiam
2409 868 2668 922 nusquam
2698 854 2887 909 deest?
2909 853 3017 909 Sed
3046 855 3284 923 quandiu
3308 855 3474 910 Satan

206 957 408 1001 tantum
434 948 488 1000 in
528 962 643 999 eum
668 961 732 997 ne
758 942 1007 997 extendas
1041 957 1251 994 manum
1281 950 1438 1004 tuam,
1481 940 1702 1007 intelligi
1733 949 1790 995 et
1887 951 2109 1005 pressus
2137 939 2438 1006 majestatis
2476 943 2747 1009 potentia,
2779 943 3075 1011 appetitum
3122 958 3231 997 sua:
3260 943 3493 1021 malitiazi

204 1041 359 1094 aliter
388 1046 584 1108 potest,
616 1036 740 1105 quia
772 1033 963 1088 fortem
1005 1032 1219 1101 quidem
1248 1038 1600 1101 pugnatorem
1629 1045 1783 1083 suum

205 1130 462 1183 Dominus
502 1134 752 1189 noverat,
786 1124 879 1179 sed
911 1130 1089 1177 tamen
1134 1121 1371 1175 dividere
1399 1120 1448 1174 ei
1489 1120 1782 1174 certamina

200 1226 389 1273 contra
416 1218 624 1273 hostem
653 1215 903 1278 volebat;
932 1222 990 1266 ut
1013 1210 1257 1281 quamvis
1283 1210 1506 1264 robusto
1536 1208 1783 1264 bellatori

200 1310 428 1363 victoria
475 1309 528 1361 in
559 1305 767 1361 cunctis
808 1310 1148 1373 suppeteret,
1180 1300 1325 1370 prius
1355 1308 1534 1353 tamen
1579 1298 1644 1353 de
1673 1315 1782 1354 uno

197 1398 496 1453 certamine
522 1396 692 1450 bostis
712 1393 776 1447 ad
799 1392 1081 1446 Dominum
1102 1392 1271 1444 victus
1289 1390 1515 1443 rediret:
1546 1397 1781 1457 tuncque

193 1490 245 1543 ei
272 1490 417 1543 aliud
449 1489 642 1542 iterum
671 1484 932 1540 vincendo
960 1482 1299 1546 concederet,
1324 1490 1587 1549 quatenus
1612 1478 1781 1539 ﬁdelis

195 1579 433 1633 taurulus
468 1593 535 1632 eo
576 1575 873 1630 mirabilius
913 1574 1083 1627 victor
1123 1580 1407 1635 existeret,
1456 1587 1563 1638 quo
1605 1572 1779 1626 victus

193 1668 371 1725 bustis
399 1683 457 1722 se
481 1676 668 1723 contra
698 1665 846 1719 illum
876 1664 1069 1717 iterum
1096 1660 1162 1714 ad
1208 1676 1347 1715 nova
1388 1660 1526 1715 bella
1556 1676 1776 1730 repara-

192 1767 296 1813 ret.
326 1758 587 1826 Sequitur
612 1774 626 1809 :

432 1844 664 1900 CAPUT
693 1845 783 1899 XII
832 1845 976 1917 [γει.
999 1842 1142 1907 XII,
1177 1842 1302 1897 Rec.
1332 1842 1525 1914 VIII].

262 1937 388 1991 lino.
419 1960 482 1974 -ο
515 1933 865 2005 Egressusque
889 1941 965 1986 est
985 1932 1153 1986 Satan
1175 1949 1208 1985 a
1233 1933 1368 2001 {acie
1398 1933 1624 1986 Domini.

260 2026 351 2079 ‘20.
382 2024 521 2079 Deus
552 2032 627 2077 est
667 2025 806 2077 intra
840 2031 889 2077 et
930 2030 1077 2075 extra
1118 2022 1290 2076 omnia
1310 2064 1326 2089 ,
1355 2039 1513 2091 supra
1552 2033 1603 2076 et
1631 2024 1775 2095 infra

190 2113 630 2180 omnim—Quid
659 2121 740 2167 est
768 2112 910 2182 quod
940 2111 1105 2166 Satan
1134 2127 1164 2165 a
1194 2110 1334 2167 facie
1362 2112 1573 2166 Domini
1594 2127 1776 2182 εει-εδ·

189 2225 281 2262 sus
308 2207 541 2262 dicitur?
584 2204 705 2271 Quo
731 2205 874 2258 enim
904 2205 1083 2257 exitur
1110 2203 1177 2257 ab
1203 2218 1271 2258 eo
1311 2205 1400 2274 qui
1433 2205 1627 2274 ubique
1653 2207 1775 2259 est?

189 2298 326 2353 Hinc
356 2311 587 2364 namque
615 2296 690 2348 ait
723 2313 736 2349 :
768 2292 962 2348 Caelum
988 2304 1037 2346 et
1068 2303 1258 2347 terram
1298 2312 1391 2365 ego
1417 2296 1607 2361 impleo
1635 2296 1769 2366 (Jer.

189 2403 340 2451 xxru,
365 2386 479 2453 94).
520 2386 654 2440 llinc
681 2391 782 2449 est,
815 2385 957 2454 quod
984 2384 1258 2452 Sapientia
1286 2386 1428 2439 illius
1450 2386 1578 2441 dicit
1609 2405 1623 2441 :
1667 2386 1774 2458 Gy-

188 2496 303 2532 rum
329 2479 445 2532 caeli
483 2476 695 2531 circuiri
722 2476 835 2531 sola
875 2475 1067 2545 (Ecc'i.
1099 2479 1241 2541 xxrv‘,
1272 2476 1350 2547 8).
1383 2477 1518 2533 Hinc
1559 2479 1628 2534 de
1657 2479 1773 2548 ejus

186 2569 387 2639 Spiritu
411 2569 668 2636 scriptum
694 2576 775 2622 est
805 2585 817 2619 :
850 2567 1079 2632 Spiritus
1109 2568 1315 2621 Domini
1341 2570 1569 2640 implevit
1598 2573 1773 2625 orbem

116 2654 121 2659 ’
186 2671 447 2718 terrarum
474 2661 629 2731 (Sap.
660 2674 697 2723 ι,
746 2660 819 2727 7).
854 2658 989 2714 Hinc
1018 2666 1102 2714 est
1127 2659 1271 2729 quod
1300 2660 1552 2715 Dominus
1580 2662 1773 2717 iterum

184 2753 356 2808 dicit:
390 2751 585 2805 Caelum
629 2751 755 2803 milii
784 2750 930 2804 sedes
973 2758 1078 2813 est,
1110 2758 1247 2803 terra
1286 2761 1458 2805 autem
1498 2754 1774 2806 scabellum

186 2843 376 2897 nedum
422 2857 651 2895 meorum
701 2839 856 2911 (Isai.
890 2856 1041 2905 var,
1093 2840 1171 2909 1).
1222 2840 1561 2912 Rursumque
1603 2842 1672 2897 de
1708 2858 1776 2897 eo

150 2932 155 2933 ⁷
186 2933 450 3001 scriptum
478 2939 563 2986 est
591 2949 604 2983 :
639 2930 833 2984 Caelum
858 2933 1069 2984 metitur
1087 2932 1261 3001 palmo
1280 2941 1330 2985 et
1355 2949 1555 2986 omnem
1582 2941 1776 2987 terram

182 3027 383 3097 pugillo
419 3025 680 3080 concludit
746 3024 880 3094 (lsa.
924 3041 1028 3087 XL,
1082 3025 1193 3095 l2).
1250 3025 1379 3081 Sedi
1420 3028 1649 3098 quippe,
1690 3028 1775 3082 cui

185 3117 466 3187 praesidet,
492 3116 713 3172 interior
742 3126 769 3154 ι
791 3126 847 3172 ει
873 3118 1110 3172 exterior
1138 3126 1337 3173 manet.
1366 3118 1570 3174 Canum
1595 3121 1775 3189 palmo

186 3210 449 3275 metiens,
494 3217 550 3264 et
590 3217 791 3264 terram
834 3210 1035 3278 pugillo
1077 3210 1402 3266 concludens
1440 3214 1772 3281 ostenditur,

1886 1041 2141 1084 exercere
2171 1046 2277 1084 non
2302 1032 2487 1092 valuit,
2516 1034 2669 1100 quasi
2694 1042 2819 1088 ante
2844 1035 3036 1090 laciem
3066 1034 3277 1089 Domini
3305 1024 3494 1090 stetit.’

1888 1116 2031 1188 [Vet.
2065 1117 2238 1171 XIII.
2248 1119 2268 1189 1
2314 1120 2357 1174 A
2386 1119 2521 1174 facie
2564 1130 2743 1176 autem
2774 1122 2987 1178 Domini
3024 1124 3189 1189 exiit;
3233 1124 3359 1191 quia
3387 1108 3493 1178 re—I

1885 1209 2095 1263 laxatus
2124 1209 2376 1264 divinitus
2406 1210 2474 1264 ab
2504 1210 2727 1265 interna:
2758 1212 3073 1266 retentionis
3103 1213 3369 1281 angustia,
3404 1206 3495 1267 ad'

1882 1300 1966 1354 sui
1991 1300 2242 1356 desiderii
2263 1302 2509 1357 eﬂectum
2535 1304 2701 1356 venit.
2727 1302 2769 1355 A
2792 1302 2925 1357 facie
2948 1303 3158 1358 Domini
3181 1305 3331 1371 exiit,
3350 1306 3474 1371 quia

1890 1389 1981 1445 diu
2010 1390 2239 1447 vinculis
2275 1391 2565 1461 disciplina:
2594 1392 2814 1460 religata
2859 1390 3186 1462 quandoque
3228 1392 3475 1445 voluntas

1880 1481 2042 1535 noxia
2072 1480 2139 1535 ad
2159 1496 2297 1550 opus
2321 1482 2599 1551 processit.
2628 1481 2761 1536 Cum
2786 1484 2951 1548 enim,
2981 1482 3119 1537 sicut
3143 1482 3345 1536 dictum
3368 1490 3472 1549 est,

1878 1570 1931 1624 id
1961 1572 2105 1640 quod
2133 1572 2305 1626 voluit
2332 1573 2555 1641 implere
2584 1588 2697 1627 non.
2717 1573 2916 1637 valuit,
2948 1573 3099 1641 quasi
3129 1581 3253 1625 ante.
3284 1572 3471 1625 faciem

1879 1662 2091 1718 Domini
2116 1665 2293 1731 stetit;
2323 1665 2447 1733 quia
2488 1665 2635 1718 illum
2665 1666 2733 1720 ab
2771 1665 2969 1721 ell‘ectu
2999 1666 3214 1721 malitiae
3240 1682 3472 1736 superna

1875 1755 2205 1824 dispensatio
2230 1757 2518 1812 coactavit.
2550 1756 2654 1813 Sed
2676 1773 2706 1811 a
2734 1758 2870 1814 facie
2898 1760 3014 1828 ejus
3039 1760 3189 1825 exiit,
3217 1760 3343 1828 quia
3370 1776 3469 1829 po-

1879 1849 2130 1899 testatem
2170 1846 2479 1901 teutationis
2519 1848 2810 1918 accipiens,
2844 1848 2911 1903 ad
2950 1849 3169 1905 malitia:
3206 1865 3315 1905 sua:
3343 1858 3471 1905 vota

1802 1950 1849 2010 Β
1874 1937 2138 2006 pervenit.
2168 1936 2422 2005 Sequitur
2446 1956 2460 1990 :

2294 2064 2523 2120 CAPUT
2571 2063 2687 2119 Xlll
2730 2065 2883 2138 [Rea
2916 2064 3048 2139 IX].

1943 2196 2105 2251 Vens.
2143 2197 2227 2263 t5,
2261 2197 2465 2266 14,15.
2494 2230 2565 2241 -
2593 2197 2721 2253 Cum
2762 2209 2933 2254 autem
2974 2202 3197 2273 quadam
3238 2204 3318 2255 die
3361 2203 3461 2271 ﬁlii

1872 2296 1923 2339 et
1949 2285 2078 2355 ﬁlia:
2120 2288 2233 2356 ejus
2263 2286 2616 2352 concederent,
2661 2297 2713 2342 et
2750 2287 2977 2342 biberent
3015 2291 3186 2343 vinum
3216 2292 3270 2342 in
3311 2292 3465 2359 ponto

1875 2378 2061 2446 fratris
2091 2379 2169 2431 sui
2200 2378 2551 2448 primogeniti,
2574 2379 2786 2432 nuntius
2815 2381 2952 2432 venit
2972 2379 3041 2432 ad
3067 2378 3188 2444 Job,
3211 2382 3295 2449 qui
3328 2381 3467 2433 dice-

1872 2477 1951 2521 ret
1975 2484 1993 2518 :
2026 2467 2185 2523 Boves
2214 2468 2453 2534 arabant,
2479 2477 2528 2522 et
2557 2469 2721 2523 asinte
2741 2468 3081 2538 pascebantur
3104 2471 3259 2539 juxta
3288 2487 3396 2534 eos,
3418 2479 3466 2522 et

1870 2560 2131 2613 irruerunt
2160 2559 2357 2624 Sabazi,
2391 2561 2713 2631 tuleruntque
2740 2561 2935 2628 omnia,
2967 2570 3017 2614 et
3043 2578 3227 2631 pueros
3256 2578 3465 2629 percus-

1871 2659 2049 2705 serunt
2075 2650 2269 2721 gladio,
2296 2660 2343 2704 et
2364 2652 2503 2705 evasi
2525 2668 2617 2721 ego
2645 2651 2804 2717 solus,
2835 2659 2891 2704 ut
2912 2653 3206 2707 nuntiarem
3236 2652 3347 2707 tibi.

1943 2765 2033 2820 22.
2065 2764 2317 2822 Diabolus
2346 2768 2575 2821 tentandi
2604 2776 2834 2839 tempora
2860 2769 3020 2838 eligit.
3053 2797 3123 2808 -
3151 2769 3456 2825 Notandum

1874 2871 1992 2927 qua:
2022 2866 2263 2928 tempora
2299 2858 2683 2913 tentationibus
2721 2866 3041 2928 congruant.
3074 2857 3225 2913 Tunc
3265 2861 3465 2929 quippe

1876 2948 2120 3003 diabolus
2160 2948 2405 3003 tentandi
2451 2957 2662 3019 tempus
2699 2948 2882 3015 elegit,
2923 2949 3140 3019 quando
3177 2949 3319 3003 beati
3362 2949 3464 3006 Job

1877 3039 2015 3093 illius
2042 3041 2093 3094 in
2125 3040 2373 3095 convivio
2400 3039 2621 3094 invenit.
2647 3039 2831 3110 Neque
2854 3042 2996 3096 enim
3027 3043 3362 3098 solummodo
3384 3044 3464 3100 in.

1877 3140 2056 3185 tuetur
2094 3131 2263 3187 hostis
2290 3132 2419 3200 quid
2474 3132 2657 3196 faciat,
2703 3132 2799 3188 sed
2844 3134 3007 3188 etiam
3034 3134 3250 3202 quando
3278 3135 3460 3193 faciat.

1877 3221 2007 3276 Nam
2023 3224 2266 3293 quamvis
2287 3231 2609 3293 potestatem
2626 3226 2915 3294 acceperit,
2949 3235 3135 3295 aptum
3159 3234 3339 3281 tamen
3357 3226 3379 3263 ἀ
3400 3230 3464 3284 ad

184 3301 330 3369 quod
358 3302 473 3371 ipse
498 3303 569 3356 sit
591 3302 1009 3371 circumquaque
1028 3303 1234 3357 cunctis
1254 3304 1434 3368 rebus,
1460 3319 1593 3372 quas
1616 3321 1771 3360 crea-
1795 3311 1841 3372 C
1875 3314 2278 3369 subversionem
2324 3324 2532 3384 tempus
2579 3315 2896 3385 exquisivit;
2937 3324 2996 3370 ut
3019 3316 3267 3372 videlicet
3311 3318 3465 3373 nobis

186 3394 281 3458 vit,
314 3393 574 3448 exterior.
595 3392 653 3447 Id
683 3408 915 3463 namque
937 3394 1079 3462 quod
1108 3394 1330 3447 interius
1359 3395 1713 3461 concluditur,
1738 3412 1769 3450 a

184 3482 544 3538 concludente
568 3484 804 3537 exterius
823 3483 1146 3537 continetur.
1182 3484 1282 3538 Per
1302 3484 1485 3539 sedem
1507 3500 1655 3552 ergo,
1685 3486 1773 3541 cui

184 3572 476 3644 prmsidet,
505 3572 611 3644 47
658 3572 683 3611 ι’
713 3574 1030 3641 intelligitur
1056 3589 1176 3628 esse
1204 3575 1428 3631 interius
1464 3590 1769 3645 supraque;

185 3678 283 3731 per
312 3662 593 3732 pugillum,
618 3677 726 3731 quo
753 3664 1017 3727 continet,
1056 3678 1177 3718 esse
1206 3666 1444 3719 exterius
1481 3666 1772 3733 subterque

182 3754 445 3822 signatur.
477 3752 613 3820 Quia
650 3754 793 3808 enim
834 3754 949 3823 ipse
988 3764 1173 3810 manet
1214 3756 1353 3809 intra
1399 3757 1614 3822 omnia,
1657 3757 1772 3827 ipse

183 3855 335 3901 extra
366 3846 568 3911 omnia,
598 3846 714 3915 ipse
740 3861 900 3915 supra
931 3846 1135 3912 omnia,
1164 3846 1279 3915 ipse
1309 3846 1443 3900 intra
1473 3849 1685 3913 omnia;
1716 3856 1772 3901 et

183 3936 435 4005 superior
461 3942 546 3989 est
574 3950 671 4005 per
698 3936 1018 4005 potentiam,
1050 3946 1104 3991 et
1134 3936 1354 3991 inferior
1379 3952 1478 4007 per
1504 3947 1772 3993 sustenta-

183 4025 424 4090 tionem;
454 4025 691 4083 exterior
721 4039 817 4093 per
856 4024 1304 4094 magnitudinem,
1337 4036 1393 4082 et
1424 4028 1647 4083 interior
1676 4045 1772 4099 per

181 4116 532 4172 subtilitatem
567 4133 580 4169 :
622 4131 833 4170 sursum
877 4131 1100 4184 regens,
1153 4115 1406 4171 deorsum
1445 4120 1767 4185 continens;

180 4218 336 4265 extra
376 4209 742 4274 circumdans,
784 4209 1010 4264 interius
1053 4219 1373 4281 penetrans;
1405 4228 1508 4267 nec
1552 4214 1656 4268 alia
1700 4230 1770 4269 ex

180 4310 340 4374 parte
369 4302 639 4372 superior,
665 4302 771 4357 alia
802 4302 1045 4371 inferior,
1075 4312 1167 4356 aut
1192 4305 1295 4358 alia
1325 4320 1392 4359 ex
1434 4315 1586 4375 parte
1612 4316 1767 4362 exte-

181 4395 318 4461 rior,
348 4400 512 4463 atque
539 4408 605 4447 ex
635 4393 740 4446 alia
782 4400 967 4446 manet
993 4393 1217 4448 interior
1249 4412 1261 4447 :
1309 4395 1404 4449 sed
1434 4412 1570 4450 unus
1597 4396 1767 4451 idem-

178 4499 289 4555 que
319 4491 466 4537 totus
513 4482 710 4552 ubique
739 4482 1074 4551 praesidendo
1104 4486 1376 4539 sustinens
1395 4526 1411 4551 ,
1452 4487 1767 4541 sustinendo

179 4574 499 4646 praesidens,
528 4571 908 4627 circumdando
936 4580 1245 4643 penetrans,
1290 4576 1620 4643 penetrando
1658 4577 1767 4630 cir-

178 4664 470 4728 cumdans;
501 4663 640 4716 unde
667 4662 911 4731 superius
938 4663 1245 4731 praesidens,
1272 4664 1397 4718 inde
1426 4666 1645 4722 inferius
1672 4682 1762 4721 su-
1789 4686 1843 4746 ι)

178 4758 417 4819 stincns;
448 4760 503 4807 et
530 4751 667 4807 unde
694 4751 928 4809 exterius
953 4755 1222 4821 ambiens,
1255 4756 1377 4810 inde
1407 4756 1633 4813 interius
1675 4775 1761 4813 re.

178 4849 334 4917 plens
362 4863 377 4899 :
406 4844 521 4900 sine
543 4844 911 4913 inquietudine
931 4848 1175 4919 superius
1196 4863 1410 4918 regens,
1432 4851 1549 4906 sine
1579 4852 1764 4909 labore

179 4937 405 4994 inferius
435 4940 732 5004 susrinens;
765 4940 987 4995 interius
1024 4941 1141 4997 sine
1170 4943 1557 4997 extenuatione
1598 4959 1764 5013 pene-

178 5038 348 5093 trans,
369 5030 604 5084 exterius
625 5030 741 5085 sine
766 5032 1082 5088 extensione
1103 5034 1457 5090 circumdans.
1473 5034 1567 5091 Est
1583 5037 1764 5106 itaque

180 5124 405 5179 interior
432 5132 485 5178 et
514 5125 758 5193 superior
783 5125 899 5180 sine
925 5126 1079 5193 loco;
1116 5137 1137 5165 ο
1172 5136 1258 5183 est
1285 5129 1514 5199 amplior
1541 5130 1656 5186 sine
1685 5131 1761 5186 la-

179 5214 431 5274 titudine.
460 5222 541 5269 est
569 5214 816 5270 subtilior
841 5216 958 5270 sine
986 5217 1387 5273 extenuatione.

248 5356 275 5417 ξ·
305 5345 439 5417 Mss.
465 5345 623 5417 Corb.
647 5354 702 5400 et
728 5345 934 5417 Germ”
959 5356 1007 5400 et
1032 5350 1265 5417 superior
1285 5357 1478 5403 manet.

249 5414 276 5453 δ
306 5414 365 5468 1η
396 5415 519 5469 Mss.
556 5416 743 5480 Corb.,
783 5415 966 5470 Germ.
998 5426 1053 5471 et
1081 5414 1343 5485 plurimis,
1371 5419 1541 5480 deest,
1570 5421 1766 5475 intelli-

177 5486 335 5557 gitur,
361 5493 417 5538 et
444 5486 522 5539 sic
550 5486 777 5553 legitur:
802 5486 907 5539 Per
927 5488 1098 5539 sedem
1118 5504 1237 5557 ergo
1261 5491 1345 5542 cui
1366 5489 1624 5556 pra'sidet,
1652 5508 1762 5545 esse

174 5556 398 5627 interius
420 5571 709 5627 supraque;
738 5573 829 5624 per
852 5557 1102 5627 pugillum
1127 5556 1225 5627 quo
1255 5558 1504 5623 continet,
1536 5575 1645 5612 esse
1669 5578 1763 5613 ea:-

179 5625 341 5696 terius
358 5624 627 5696 subterque
654 5627 912 5696 signatur.

254 5707 276 5732 ε
315 5693 791 5765 Βιιεηιηῖὶειιιῐςη
824 5694 1127 5761 Vindocin.,
1160 5696 1346 5765 Corb.,
1391 5696 1600 5763 Germ.,
1631 5706 1760 5765 etc.,

178 5764 403 5827 habent,
430 5774 505 5816 est
532 5764 734 5831 amplus
756 5766 869 5817 sine
897 5766 1187 5829 latitudine,
1212 5776 1287 5820 est
1311 5766 1529 5832 subtilis,
1560 5776 1662 5822 etc.

250 5836 276 5870 ἀ
306 5834 590 5903 Antiquior
621 5835 809 5887 Rheni.
840 5844 896 5889 ct
921 5835 1126 5900 Gcrm.,
1146 5837 1214 5888 ad
1228 5838 1657 5904 submersionem;
1690 5841 1761 5895 ita

180 5904 345 5962 etiam
375 5904 541 5973 antiq.
577 5905 873 5974 Compeud.
908 5905 1141 5979 νημαι,
1167 5906 1376 5963 Bclvac.

1874 3405 1986 3460 Deo
2016 3406 2361 3477 dispensante
2391 3406 2733 3476 proderetur,
2756 3408 2881 3476 quia
2911 3408 3209 3477 pramuntia
3244 3409 3463 3463 tribula~

1872 3497 2035 3550 tionis
2063 3505 2145 3550 est
2173 3496 2357 3550 lmtitia
2377 3496 2662 3551 satietatis.
2687 3495 3003 3550 intuendqu
3029 3513 3156 3551 vero
3179 3504 3278 3562 est,
3303 3513 3462 3566 quam

1869 3587 2061 3642 callide
2090 3588 2203 3657 ipsa
2225 3588 2447 3656 damna,
2469 3604 2589 3657 qua:
2618 3589 2764 3643 illata
2790 3598 2951 3655 sunt,
2986 3591 3316 3643 nuntiantur.
3344 3590 3460 3643 Non

1871 3676 2012 3728 enim
2053 3676 2266 3741 dicitur,
2300 3677 2467 3732 boves
2496 3687 2518 3715 ι·
2550 3693 2579 3730 a
2610 3677 2813 3732 Sabzeis
2840 3679 3005 3732 ablati
3036 3689 3161 3732 sunt
3194 3696 3207 3731 :
3250 3680 3342 3733 scd
3372 3682 3463 3748 qui

1872 3767 2035 3820 ablati
2072 3776 2231 3833 sunt,
2274 3768 2439 3822 boves
2477 3770 2736 3833 arabant;
2784 3780 2842 3822 ut
2869 3770 3118 3824 videlicet
3160 3780 3461 3823 Int'lllol'illu

1872 3855 2046 3910 fructu
2097 3856 2307 3924 Operis,
2346 3872 2510 3913 causa
2555 3866 2762 3913 crescat
2787 3858 3007 3913 doloris.
3051 3858 3200 3913 Unde
3230 3869 3284 3913 et
3323 3862 3460 3927 apud

1870 3944 2088 4001 Gnaeos
2120 3963 2226 4000 non
2256 3947 2427 4001 solum
2453 3949 2639 4006 asiam.
2668 3949 2760 4003 scd
2786 3948 2907 4003 feta:
2934 3950 3099 4003 asina:
3132 3959 3298 4020 rapta:
3330 3950 3460 4004 ref.-

1870 4044 2092 4101 runtur;
2124 4044 2182 4089 ut
2218 4036 2349 4089 dum
2376 4037 2597 4091 minima
2636 4039 2887 4092 animalia
2918 4039 3186 4095 audientis
3222 4042 3457 4094 animum

1869 4126 2045 4179 minus
2067 4142 2133 4180 ex
2154 4126 2234 4180 sui
2261 4127 2522 4196 qualitate
2550 4136 2909 4197 percuterent,
2936 4129 3163 4198 amplius
3188 4146 3254 4184 ex
3278 4131 3457 4185 fecun-

1869 4214 2037 4269 ditate
2056 4219 2421 4272 vulnerarent.
2453 4217 2521 4271 Et
2540 4219 2664 4287 quia
2688 4234 2754 4273 eo
2778 4219 2949 4287 magis
2975 4219 3197 4274 adversa
3222 4221 3457 4274 animum

1870 4300 2097 4370 feriunt,
2127 4323 2235 4377 quo
2276 4324 2397 4364 cum
2427 4310 2594 4364 multa
2633 4320 2784 4377 sunt,
2816 4312 2978 4367 etiam
3005 4312 3177 4366 subita
3208 4314 3457 4367 nuntian-

1871 4407 1977 4465 tur,
2010 4408 2165 4454 aucta
2194 4409 2277 4455 est
2304 4416 2555 4456 mensura
2593 4403 2908 4470 gemituum,
2939 4405 3102 4460 etiam
3138 4404 3156 4442 ί
3190 4422 3286 4476 per
3324 4408 3454 4461 arti-

1867 4488 1988 4543 eula
2016 4490 2346 4545 nuntiorum.
2380 4490 2514 4545 Nam
2544 4492 2787 4561 sequitur
2820 4511 2834 4546 :

2277 4621 2507 4681 eaeor
2533 4626 2649 4682 xw
2682 4626 2832 4699 [νει.
2861 4627 2945 4682 x1
2966 4627 3044 4697 γι.

1937 4757 2101 4813 Vlns.
2148 4756 2234 4811 16.
2286 4787 2357 4798 -
2396 4758 2505 4830 [ιε
2542 4759 2766 4831 Cumque
2803 4760 2970 4813 adhuc
3006 4760 3093 4814 ille
3130 4760 3451 4831 loqueretur,

1864 4852 2163 4915 venitalius,
2189 4861 2237 4905 et
2265 4852 2433 4906 dixit:
2462 4850 2612 4923 Ignis
2636 4851 2732 4907 Dei
2761 4854 2944 4908 cecidit
2965 4854 3029 4907 de
3048 4855 3192 4919 caelo,
3218 4865 3266 4909 et
3291 4867 3455 4913 tactas

1864 4960 1980 4997 oves
2010 4959 2292 5014 puerosque
2320 4944 2665 5013 consumpsit,
2691 4954 2740 4997 et
2759 4944 2917 5016 e/fugi
2938 4962 3031 5016 ego
3053 4946 3210 5013 solus,
3244 4958 3299 4999 ut
3321 4966 3453 5003 nun-

1862 5036 2047 5090 tiarem
2084 5035 2193 5088 tibi.

1937 5126 2024 5181 25.
2057 5125 2275 5182 Casibus
2304 5128 2581 5196 repentinis
2609 5129 2955 5183 constantiam
2982 5131 3081 5185 Job
3110 5143 3334 5188 evertere
3361 5154 3449 5191 co-

1865 5230 2039 5275 natur.
2070 5250 2141 5263 ~
2170 5218 2246 5273 Ne
2274 5219 2434 5273 rebus
2472 5218 2695 5288 perditis
2722 5218 2985 5274 minorem
3024 5222 3261 5276 audienti
3300 5226 3441 5280 dolo-

1939 5365 1961 5392 ε
1998 5355 2300 5431 νρηάρείιρε,
2330 5370 2359 5431 a
2385 5355 2591 5431 Sebtcis
2614 5356 2804 5431 ablatte
2820 5365 2971 5421 sunt;
2998 5359 3092 5412 sed
3117 5376 3233 5431 qua:
3259 5361 3450 5417 ablata:

1863 5436 2001 5481 sunt.
2034 5426 2109 5479 Ita
2138 5425 2195 5478 S.
2229 5424 2505 5478 Michaelis
2523 5435 2577 5479 et
2597 5426 2706 5480 alii.

1943 5499 1957 5533 ¹
1984 5496 2311 5565 Siclegimus
2332 5495 2759 5565 inibiss.Rhem.,
2786 5496 3219 5565 Remig.,Corb.,
3240 5499 3446 5564 Gcrm.,

1861 5566 2193 5634 Compend.,
2226 5564 2447 5636 Va|.Cl.
2496 5564 2692 5636 Eadem
2735 5583 2869 5621 voce
2912 5564 3163 5636 tanquam
3206 5573 3450 5625 neutrius

1862 5636 2077 5707 generis
2107 5643 2288 5707 utetur
2314 5634 2747 5707 GregoriusJib.
2784 5653 2891 5698 νιιι,
2919 5634 3037 5707 cap:
3069 5638 3195 5693 olim
3222 5640 3272 5696 7.
3308 5657 3452 5696 nunc
3480 5678 3489 5689 ρ

1864 5721 1984 5773 cap.
2019 5705 2102 5767 il,
2133 5722 2186 5758 ιι.
2211 5704 2301 5771 27,
2332 5704 2529 5759 nullum
2557 5705 2724 5758 adhuc
2748 5709 2927 5761 mortis
2954 5704 3229 5763 articulum
3252 5712 3443 5763 irrnm-
3490 5708 3514 5736 ‘

1863 5772 1957 5844 pit.
1990 5774 2085 5845 llic
2106 5784 2283 5845 autem
2307 5776 2515 5828 variant
2535 5772 2673 5845 Edit.
2702 5776 2867 5830 Paris.
2895 5776 3049 5832 M95.
3074 5777 3247 5833 Habet
3270 5782 3444 5845 etiam,

1866 5844 2141 5912 particula.
2176 5844 2315 5898 Edit.
2348 5845 2507 5899 Basil.
2544 5844 2699 5910 15M,
2731 5848 2887 5901 etiam
2926 5865 3016 5912 per
3045 5850 3298 5905 auricula.
3336 5844 3435 5905 lic?

1867 5919 1982 5988 liq.,
2017 5937 2104 5989 per
2134 5918 2460 5988 particulam,
2494 5918 2576 5973 vel
2598 5935 2687 5987 per
2713 5918 3014 5987 particulas.
