3976 6294
523 371 622 423 367
1737 363 1978 419 SANCTI
2021 363 2343 421 GREGUllll
2385 368 2595 426 MAGNI

3686 379 3787 435 568

520 496 633 536 rem
663 492 896 543 moveat,
942 480 1059 549 ejus
1100 478 1336 531 animum
1368 477 1433 531 ad
1464 486 1489 513 α
1536 474 1905 529 excedendum
1944 474 2106 528 etiam
2138 475 2188 534 A
2212 475 2337 541 sint,
2360 480 2836 539 latenterinfertur
2855 482 3127 556 quodipse
3148 494 3333 539 contra
3357 487 3506 542 illum
3525 489 3789 546 elementa

520 573 651 641 ipsis
689 572 999 625 nuntiorum
1049 567 1229 621 verbis
1272 564 1506 632 instigat.
1546 562 1864 617 Intuendum
1909 562 2108 632 quippe

519 672 620 725 est,
648 677 808 731 quam
836 659 1028 715 callide
1058 657 1253 711 dicitur
1279 674 1292 709 :
1318 654 1468 727 Ignis
1492 655 1609 718 Dei,
1638 670 1703 710 ac
1722 656 1766 710 si
1795 655 2066 709 diceretur
2089 670 2104 707 :

518 753 665 809 Illius
686 749 1207 807 animadversionem
1231 749 1488 816 sustines,
1509 764 1668 818 quem
1692 756 1773 802 tot
1795 748 1980 801 hostiis
2000 746 2110 816 pla-

522 859 648 897 rare
665 841 876 896 voluisti
899 858 913 905 ;
944 841 1083 894 illius
1107 840 1239 893 iram
1265 839 1480 903 toleras,
1504 840 1590 894 cui
1613 839 1849 909 quotidie
1869 838 2107 893 serviens

518 933 828 989 insudabas.
861 931 997 985 Dum
1038 932 1181 984 enim
1211 931 1377 985 Deum
1398 973 1412 995 ,
1445 931 1530 984 cui
1560 931 1849 997 servierat,
1880 929 2104 983 adversa

517 1019 760 1073 intulisse
790 1018 1011 1082 indicat,
1034 1015 1061 1055 δ
1084 1016 1266 1071 laesum
1292 1024 1702 1079 commemorat,
1737 1016 1791 1069 in
1811 1030 1918 1085 quo
1947 1028 2103 1069 exce-

517 1111 642 1175 dat;
673 1117 939 1178 quatenus
962 1116 1211 1163 anteacta
1241 1108 1499 1176 obsequia
1528 1107 1595 1161 ad
1622 1114 1856 1161 mentem
1880 1105 2106 1159 reduce-

518 1209 621 1269 ret,
654 1209 709 1257 et
736 1200 933 1255 frustra
961 1214 1019 1254 se
1047 1200 1277 1255 servisse
1303 1199 1595 1262 aestimans,
1623 1197 1675 1251 in
1701 1196 1938 1250 auctoris
1967 1194 2106 1263 inju-

516 1295 653 1349 riam
674 1293 998 1363 superbirct.
1025 1291 1117 1345 Pia
1139 1292 1336 1346 etenim
1361 1305 1531 1353 mens,
1558 1305 1679 1343 cum
1704 1304 1762 1343 se
1785 1287 2007 1342 adversa
2035 1288 2103 1341 ab

519 1384 827 1439 hominibus
851 1382 1058 1455 perpeti
1084 1380 1363 1450 conspicit,
1398 1382 1450 1434 in
1475 1379 1666 1433 divinae
1693 1378 1880 1446 gratia:
1911 1393 2107 1432 conso-

520 1478 723 1532 latione
771 1474 1094 1544 requiescit;
1149 1487 1380 1540 cumque
1428 1471 1787 1525 tentationum
1842 1469 2108 1539 procellas

519 1580 821 1623 increscere
851 1564 1190 1618 extrinsecus
1218 1561 1435 1627 viderit,
1465 1575 1735 1615 secessum
1778 1559 1893 1629 spei
1923 1556 2105 1611 Domi-

518 1658 645 1711 niae
666 1663 944 1725 appetens,
962 1654 1096 1707 intra
1117 1652 1458 1708 conscientiae
1480 1660 1692 1723 portum
1717 1651 1868 1719 fugit.
1890 1649 1960 1704 Ut
1980 1665 2106 1703 vero

517 1754 765 1801 versutus
808 1745 979 1799 hostis
1022 1759 1131 1798 uno
1170 1742 1469 1811 eodemque
1511 1749 1758 1811 tempore
1797 1739 1967 1796 sancti
2010 1738 2108 1792 viri

2209 574 2459 638 moverit,
2491 575 2581 645 qui
2610 575 2815 630 moveri
2844 578 3109 645 permisit;
3142 580 3385 647 quamvis
3415 581 3584 637 Satan
3625 587 3789 639 semel

2210 672 2431 733 accepta
2459 680 2490 719 a
2533 665 2762 721 Domino
2800 677 3070 737 potestate
3098 669 3162 723 ad
3205 686 3356 725 usum
3400 688 3509 726 sum
3540 676 3793 743 nequitiae

2208 752 2370 808 etiam
2401 755 2666 810 elementa
2693 769 2982 812 concutere
3011 760 3285 828 prmvalet.
3317 761 3426 815 Nec
3454 779 3674 819 movere
3697 767 3792 821 de-

2206 842 2318 909 bet,
2344 845 2389 899 si
2415 846 2632 914 spiritus
2656 847 2722 901 de
2743 850 2968 904 summis
2989 851 3261 919 projectus
3283 854 3501 909 turbare
3524 856 3575 909 in
3604 866 3793 914 ventos

2208 947 2386 987 aerem
2418 935 2621 1003 potuit;
2656 952 2778 991 cum
2809 938 3059 992 nimirum
3089 948 3299 995 constet
3327 944 3447 1010 quia
3476 952 3531 997 et
3561 944 3793 999 damna-

2208 1024 2277 1077 tis
2314 1023 2423 1095 49
2450 1026 2505 1079 in
2546 1028 2848 1093 metallum,
2881 1028 2947 1084 ad
2977 1046 3130 1085 usum
3178 1048 3315 1099 aqua
3344 1043 3399 1087 et
3427 1034 3561 1102 ignis
3606 1038 3789 1092 servit.

2210 1115 2499 1183 Quaesitum
2530 1126 2614 1171 est
2642 1116 2805 1184 igitur
2834 1125 2893 1171 ut
2918 1120 3292 1174 nuntiarentur
3318 1124 3479 1191 mala,
3508 1127 3790 1193 quaesituri:

2209 1215 2268 1259 ut
2293 1208 2478 1271 multa,
2510 1209 2789 1277 qutesitum
2820 1216 2877 1261 ut
2901 1208 3094 1264 subita.
3119 1209 3225 1264 Sed
3252 1228 3373 1265 cum
3399 1215 3543 1280 prius
3568 1217 3793 1272 adversa

2209 1298 2496 1363 nuntiavit,
2526 1298 2812 1367 tranquillo
2841 1298 3015 1354 adhuc
3042 1301 3247 1369 pectori
3274 1304 3426 1372 quasi
3451 1306 3600 1362 sanis
3627 1323 3793 1361 mem-

2209 1384 2319 1438 bris
2341 1386 2529 1441 vulnus
2551 1386 2772 1452 inllixit;
2796 1403 2916 1441 eum
2946 1405 3071 1443 vero
3096 1406 3404 1457 pereussum
3425 1409 3521 1447 cor
3548 1397 3793 1453 lericndo

2209 1472 2441 1549 rﬁietiit,
2476 1490 2531 1534 ut
2560 1481 2625 1534 ad
2657 1481 2999 1548 impatientia:
3031 1483 3190 1539 verba
3220 1486 3602 1556 compelleret,
3632 1506 3792 1561 super

2210 1572 2428 1626 vulnera
2458 1571 2651 1627 vulnus
2679 1573 2954 1641 irrogavit.

2282 1683 2368 1737 26.
2396 1682 2581 1753 Plagae
2607 1682 2705 1737 Job
2743 1684 2925 1738 subita
2950 1694 3001 1739 et
3028 1685 3353 1755 multiplices.
3382 1716 3451 1727 —
3469 1689 3790 1745 Intuendum

2211 1790 2340 1829 vero
2387 1784 2472 1829 est
2514 1790 2674 1844 quam
2720 1775 2911 1830 callide
2955 1779 3163 1830 curavit
3190 1778 3358 1834 hostis
3382 1782 3653 1850 antiquus,
3687 1800 3793 1840 non

516 1838 949 1941 ξφῆυδυεὲπξιυτη
994 1843 1182 1941 pimus
1211 1841 1273 1941 ei
1295 1834 1552 1941 by???
2143 1847 2185 1905 Β
2213 1872 2321 1918 tam
2347 1831 2555 1933 jactura
2600 1880 2778 1919 rerum
2809 1866 2983 1922 sancti
3014 1867 3109 1921 viri
3158 1868 3469 1936 patientiam
3513 1831 3791 1941 inrupere,

516 1928 693 1982 divina
742 1938 764 1966 ο
805 1926 1182 1995 desperatione
1218 1931 1563 1987 concuteret,
1609 1930 1665 1977 et
1705 1921 1853 1991 prius
1889 1920 2108 1973 Sabmos

516 2018 739 2073 irruisse
780 2017 976 2083 intulit,
1009 2024 1065 2071 et
1094 2031 1223 2071 mox
1250 2015 1425 2083 ignem
1456 2013 1550 2067 Dei
1590 2012 1657 2068 de
1685 2012 1821 2066 emlo
1851 2010 2109 2066 cecidisse

516 2108 812 2173 nuntiavit;
868 2114 931 2161 ut
992 2106 1146 2175 quasi
1195 2119 1409 2159 omnem
1463 2102 1666 2156 aditum
1722 2100 2108 2155 consolationis

516 2198 859 2261 excluderet,
889 2199 1016 2253 dum
1046 2205 1101 2251 et
1145 2197 1318 2266 ipsum
1350 2195 1724 2249 adversantem
1769 2190 2106 2258 ostenderet,

516 2292 607 2360 qui
638 2289 907 2344 consolari
939 2287 1175 2341 animum
1208 2287 1349 2340 inter
1378 2285 1603 2339 adversa
1633 2284 1898 2354 potuisset
1930 2300 1942 2335 :
1975 2295 2109 2349 qua-

517 2391 673 2433 tenus
695 2379 820 2433 dum
843 2393 902 2432 se
930 2386 1165 2432 tentatus
1188 2376 1423 2444 undique
1444 2375 1659 2430 destitui
1686 2383 1847 2442 atque
1872 2371 2109 2440 undique

498 2470 689 2539 .premi
735 2461 1067 2532 considerat,
1121 2469 1173 2522 in
1217 2468 1598 2523 contumeliam
1629 2475 1781 2520 tanto
1819 2465 2119 2541 audacius,

515 2568 718 2630 quanto
747 2568 800 2614 et
831 2559 1168 2629 desperatius
1198 2567 1465 2627 erumpat.
1498 2557 1754 2628 Sequitur
1788 2575 1799 2608 :

1127 2671 1355 2725 CAPUT
1386 2668 1501 2723 XV.

587 2767 751 2823 Vens.
786 2767 872 2820 Π.
903 2796 973 2806 -
1004 2764 1111 2819 Sed
1136 2772 1186 2817 et
1212 2762 1305 2816 illo
1331 2762 1498 2814 adhuc
1526 2762 1783 2830 loquente,
1814 2760 1951 2814 venit
1972 2759 2106 2813 alius

516 2870 563 2913 et
589 2862 720 2914 dixit
747 2878 764 2914 :
798 2860 1028 2915 Chaldwi
1067 2862 1295 2929 fecerunt
1330 2866 1432 2910 tres
1464 2866 1690 2921 turmas,
1733 2866 1781 2910 et
1811 2857 2107 2911 invaserunt

514 2952 756 3017 camelos,
783 2962 830 3005 et
852 2954 1077 3005 tulerunt
1103 2966 1213 3017 eos,
1236 2966 1432 3002 necnon
1462 2957 1510 3000 et
1539 2964 1722 3017 pueros
1745 2956 2106 3017 percusserunt

515 3048 711 3116 gladio,
743 3056 791 3100 et
820 3046 977 3116 effugi
1000 3060 1094 3115 ego
1125 3043 1281 3107 solus,
1310 3052 1366 3095 ut
1396 3043 1687 3095 nuntiarem
1720 3041 1828 3094 tibi.

583 3135 672 3191 2i.
717 3134 940 3189 Vulnera
977 3134 1280 3202 ingeminat.
1310 3159 1383 3171 -——
1409 3129 1548 3184 Ecce
1596 3130 1819 3192 iterum,
1870 3144 1937 3183 ne
1977 3128 2105 3200 quid

2210 1972 2369 2026 quatn
2387 1960 2509 2026 ipso
2526 1958 2715 2013 ordine
2729 1960 3058 2014 nuntiorum.
3079 1959 3178 2027 Qui
3201 1963 3421 2016 studens
3443 1962 3588 2033 prius
3605 1981 3791 2035 parva,

2209 2058 2265 2105 et
2313 2058 2434 2118 post
2478 2050 2727 2104 nuntiare
2773 2049 2997 2118 majora,
3030 2050 3083 2104 in
3110 2060 3355 2106 extremo
3384 2051 3615 2108 filiormu
3644 2071 3793 2110 mor-

2211 2148 2318 2194 tem
2344 2140 2555 2206 intulit,
2592 2155 2661 2195 ne
2688 2140 2813 2195 vilia
2844 2150 2999 2211 pater
3039 2143 3117 2197 rei
3145 2142 3424 2199 familiaris
3461 2145 3657 2200 damna
3695 2147 3794 2201 du-

2209 2238 2381 2299 ceret,
2407 2231 2453 2286 si
2476 2231 2566 2285 illa
2589 2232 2700 2300 jam
2741 2232 2963 2288 orbatus
2986 2233 3230 2301 audiret;
3258 2242 3314 2289 et
3343 2236 3519 2291 minus
3546 2247 3794 2306 percute-

2208 2336 2292 2382 ret
2317 2343 2494 2381 rerum
2520 2327 2756 2391 amissio,
2789 2329 3115 2397 praecognita
3163 2339 3338 2383 morte
3381 2329 3637 2399 ﬁliorum,
3668 2334 3795 2401 quia

2208 2418 2459 2473 videlicet
2501 2419 2645 2472 nulla
2677 2428 2820 2475 esset
2849 2420 3154 2488 haereditas,
3184 2422 3229 2476 si
3260 2422 3379 2477 illos
3405 2425 3555 2492 prius
3580 2426 3795 2479 subtra.

2210 2513 2363 2566 heret
2382 2508 2408 2547 ἀ
2435 2512 2528 2582 qui
2554 2512 2909 2566 servabantur
2936 2512 3194 2568 bteredes.
3249 2513 3354 2568 Sed
3384 2530 3413 2568 a
3457 2516 3694 2570 minimis
3724 2519 3797 2571 in-

2210 2603 2436 2672 cipiens,
2464 2603 2516 2656 in
2542 2602 2785 2657 ultimum
2810 2603 3057 2672 graviora
3096 2606 3403 2670 nuntiavit;
3435 2617 3493 2660 ut
3513 2609 3642 2661 dum
3665 2623 3797 2675 gra-

2209 2696 2375 2751 datim
2421 2696 2690 2751 deteriora
2717 2705 3090 2765 cognosceret,
3141 2697 3196 2752 in
3235 2699 3352 2768 ejus
3378 2700 3542 2755 corde
3589 2701 3802 2758 doloris

2211 2785 2387 2841 locum
2417 2802 2577 2842 omne
2603 2787 2797 2841 vulnus
2826 2787 3110 2844 inveniret.
3141 2788 3448 2845 Notandum
3485 2807 3649 2861 quam
3680 2792 3799 2847 cal-

2210 2877 2316 2933 lide
2345 2886 2423 2933 tot
2464 2879 2726 2934 malorum
2754 2879 3022 2949 pondera,
3060 2888 3115 2936 et
3141 2881 3331 2947 divisa,
3360 2890 3416 2937 et
3444 2883 3621 2937 subita
3650 2900 3799 2938 nun-

2209 2970 2430 3035 tiantur,
2460 2978 2520 3023 ut
2561 2978 2616 3023 et
2653 2979 2894 3039 repente,
2925 2980 2980 3027 et
3005 2972 3365 3041 particulatim
3401 2989 3656 3029 crescens
3678 3017 3694 3041 ,
3746 2977 3798 3031 in

2209 3058 2476 3112 audientis
2501 3057 2668 3114 corde
2689 3074 2808 3114 sese
2829 3060 2982 3114 dolor
2999 3062 3112 3131 ipse
3137 3079 3242 3117 non
3268 3073 3520 3133 caperet;
3561 3074 3617 3119 et
3644 3075 3799 3120 tau'u

2209 3144 2483 3206 ardentius
2511 3152 2564 3206 in
2591 3152 2979 3222 blasphemiam
3007 3154 3346 3219 accenderet,
3366 3165 3571 3225 quanto
3600 3157 3799 3212 subitis

516 3227 691 3281 minus
718 3225 785 3278 de
806 3225 1040 3277 humana
1062 3221 1384 3275 adversitate
1405 3218 1663 3274 doluisset
1684 3261 1698 3286 ,
1728 3217 2100 3274 Chaldaeorum
2131 3212 2181 3280 α
2210 3260 2276 3301 ac
2296 3243 2680 3313 multiplicibus
2709 3212 2909 3297 ξιυηιϋδ
2933 3245 2983 3297 in
3008 3260 3069 3299 se
3102 3255 3123 3282 ο
3147 3212 3424 3313 ωιὲηδίίιςε
3449 3256 3732 3301 aestuare,"

519 3329 721 3373 turmas
752 3317 967 3371 irruisse
990 3314 1301 3381 denuntiat;
1332 3323 1386 3367 ct
1406 3329 1472 3367 ne
1503 3313 1648 3367 illum
1673 3313 1848 3368 minus
1871 3314 2103 3385 desuper

517 3410 739 3465 veniens
779 3406 1073 3462 adversitas
1100 3404 1276 3471 feriat,
1310 3406 1559 3459 iteratam
1590 3404 1726 3459 iram
1768 3403 1821 3458 in
1851 3419 1978 3460 aere
2004 3405 2102 3461 de-

517 3509 800 3557 monstrat.
835 3499 966 3553 Nam
996 3498 1239 3566 sequitur
1272 3520 1285 3551 ;

939 3588 1168 3644 CAPUT
1202 3588 1317 3643 xu
1350 3587 1493 3661 [Vel.
1526 3587 1677 3659 XV].

586 3684 747 3739 Vens.
780 3682 868 3749 l8,
902 3682 985 3734 19.
1015 3712 1085 3723 υ-
1117 3679 1444 3751 Loquebatur
1483 3682 1590 3748 ille,
1621 3691 1669 3734 et
1694 3697 1810 3735 ecce
1856 3682 1993 3735 alius
2022 3682 2105 3735 in-

514 3780 691 3837 trarit,
723 3788 769 3831 et
811 3776 944 3829 dixit
975 3793 992 3829 :
1026 3773 1177 3828 Filiis
1221 3776 1319 3826 tuis
1359 3784 1408 3826 et
1446 3773 1653 3842 ﬁliabus
1697 3774 2015 3827 vescentibus
2053 3783 2103 3827 et

513 3866 798 3922 bibentibus
830 3868 1002 3921 vinum
1041 3866 1094 3918 in
1139 3864 1288 3918 domo
1320 3864 1500 3934 fratris
1529 3865 1610 3917 sui
1636 3866 1983 3936 primOgeniti,
2017 3882 2101 3917 re-

512 3968 663 4029 pente
688 3967 864 4012 ventus
893 3957 1156 4011 vehemens
1182 3957 1332 4008 irruit
1361 3971 1392 4006 α
1420 3954 1628 4023 regione
1659 3954 1868 4022 deserti,
1894 3964 1942 4007 et
1973 3972 2101 4009 con-

511 4053 666 4105 russit
695 4061 914 4121 quatuor
940 4049 1156 4119 angulos
1187 4047 1385 4108 domus,
1420 4062 1533 4116 qua:
1575 4063 1817 4098 corruens
1848 4054 2104 4115 oppressit

510 4142 697 4196 liberos
724 4151 854 4203 tuos,
878 4149 925 4193 et
948 4138 1139 4193 mortui
1167 4146 1304 4201 sunt,
1337 4144 1384 4189 et
1414 4135 1571 4206 effugi
1592 4152 1686 4206 ego
1710 4136 1869 4199 solus,
1892 4144 1945 4187 ut
1968 4152 2103 4189 nun-

514 4238 695 4287 tiurent
720 4233 835 4285 tibi.

703 4320 784 4373 Ad
815 4320 991 4372 odium
1024 4316 1124 4371 Dei
1168 4331 1446 4388 provocare
1466 4310 1724 4371 sanatur.
1754 4345 1824 4355 -—-
1854 4313 1953 4380 Qui
1993 4331 2100 4369 uno

515 4415 738 4465 vulnere
768 4426 875 4463 non
905 4407 1285 4478 prosternitur,
1318 4404 1517 4459 idcirco
1548 4406 1651 4468 bis,
1684 4413 1874 4470 terque
1904 4420 2097 4476 pereu-

515 4505 664 4567 titnr,
695 4509 753 4556 ut
783 4515 952 4569 usque
994 4498 1059 4552 ad
1090 4498 1276 4551 iutlma
1320 4496 1645 4566 quandoque
1672 4496 1911 4551 feriatur.
1946 4495 2095 4549 Nun-

512 4597 643 4649 tiata
674 4594 855 4661 itaque
883 4591 1056 4644 fuerat
1083 4589 1379 4644 adversitas
1402 4589 1469 4642 de
1497 4586 1721 4659 Sabmis,
1754 4588 1995 4642 nuntiata
2019 4589 2098 4642 di-

508 4694 633 4739 vtna
676 4680 1070 4738 animadversio
1101 4693 1196 4748 per
1225 4679 1399 4748 ignem
1429 4677 1496 4732 de
1534 4677 1694 4743 coelo,
1728 4679 2003 4732 nuntiatur
2030 4680 2098 4734 ab

507 4774 817 4829 hominibus
847 4772 1038 4826 iterum
1069 4770 1395 4823 natnclorum
1425 4778 1629 4837 raptus,
1662 4769 1941 4838 caedesque
1964 4785 2097 4840 pue-

506 4884 723 4933 rorum,
753 4874 809 4920 et
853 4864 1045 4918 divitne
1087 4859 1465 4930 indignationis
1508 4859 1586 4913 ira
1630 4860 1918 4930 repetitur,
1967 4860 2095 4915 dum

504 4967 704 5015 ventus
744 4958 952 5012 irruens
1004 4952 1338 5008 concussisse
1382 4951 1575 5005 domus
1620 4951 1875 5019 angulos,
1934 4960 2097 5020 atque

506 5052 829 5108 exstinxisse
873 5050 1070 5105 liberos
1099 5047 1382 5101 indicatur.
1415 5044 1549 5113 Quia
1581 5045 1723 5098 enim
1771 5052 1956 5099 notum
1988 5052 2095 5111 est,

505 5143 654 5215 quod
674 5143 878 5212 absque
898 5154 1131 5209 superno
1158 5148 1289 5192 nutu
1317 5136 1519 5192 moveri
1542 5135 1812 5190 elementa
1839 5151 1949 5190 non
1976 5152 2102 5207 pos-

579 5330 603 5357 ·
635 5319 771 5373 Editi
803 5333 926 5372 cum
955 5330 1063 5370 uno
1080 5313 1204 5369 Mss.
1234 5312 1391 5379 Reg.,
1423 5318 1491 5364 ad
1513 5311 1870 5365 exercendum.
1904 5310 2096 5366 Rhein.

505 5399 563 5444 et
592 5390 802 5455 Rcmig.
829 5402 1016 5440 omnes
1044 5401 1167 5439 cum
1190 5384 1410 5455 aliquih.
1436 5382 1643 5455 Norrn._,
1667 5382 1737 5455 ad
1758 5382 2096 5455 exedendum.

505 5400 563 5444 et
594 5400 802 5455 “cling.
829 5402 1016 5440 omnes
1044 5401 1167 5439 cum
1190 5400 1277 5437 aut
1304 5400 1410 5435 um.
1436 5400 1643 5443 norm,
1667 5400 1736 5433 aa
1758 5400 2092 5437 exeaenaum.

504 5460 795 5532 Sequimur
822 5458 947 5532 Mss.
982 5456 1222 5532 Delvac.;
1253 5400 1578 5532 (ἐοξῐιρρηιξηἱ
1603 5451 1829 5532 Carbo,
1865 5452 1975 5532 Val.
2008 5455 2092 5509 Cl.

580 5520 611 5569 ιῖ
637 5531 819 5597 Antiq.
852 5526 969 5591 Ed.,
1002 5526 1289 5597 lars'ionem.
1317 5520 1467 5597 (Ioc,
1498 5520 1912 5597 Gilot.,gV_atic.,
1946 5524 2091 5579 [πλεο.

506 5592 797 5662 Gussanv.,
841 5597 906 5650 ab
934 5613 994 5650 eo
1034 5596 1233 5651 lterum.
1266 5595 1334 5647 At
1374 5592 1498 5647 Mss.
1531 5594 1848 5658 simpliciter
1890 5594 2090 5648 lmmn.

581 5683 600 5708 τ
636 5668 712 5722 Ita
746 5668 879 5721 Mss.
910 5683 1079 5736 prope
1113 5680 1318 5721 omnes.
1353 5664 1420 5715 At
1460 5664 1568 5717 duo
1610 5662 1768 5732 Reg,
1815 5680 1935 5719 cum
1968 5664 2090 5730 Ed.,

506 5741 683 5794 divina
714 5739 1117 5807 dispensatione.

578 5809 604 5846 ά
635 5803 915 5881 Antiquior
946 5807 1123 5869 lien,
1157 5821 1275 5860 CU'n
1298 5803 1485 5869 COIb.,
1503 5803 1683 5858 Germ.
1709 5812 1761 5860 et
1784 5805 1965 5871 C0lh.,
1990 5806 2094 5875 qui-

2281 3355 2426 3427 [Vet.
2449 3354 2501 3409 X
2516 3353 2612 3419 VI,
2650 3355 2768 3409 Rec.
2798 3354 2872 3427 X]
2930 3355 3017 3408 27.
3054 3356 3357 3426 Prprsi'is
3403 3360 3656 3427 voluptati
3682 3378 3800 3415 ser-

2206 3444 2476 3510 vientibus,
2518 3445 2734 3499 subditis
2775 3448 2921 3515 frena
2950 3447 3214 3499 laxantur.
3256 3447 3320 3501 In
3360 3450 3608 3503 conviviis
3637 3452 3799 3507 etiam

2208 3538 2489 3593 ntoderatis
2511 3538 2677 3591 locum
2714 3538 2949 3591 diabolus
2986 3539 3199 3593 invenit.
3230 3539 3337 3593 Sed
3364 3556 3542 3610 neque
3566 3541 3670 3597 hoc
3701 3558 3802 3598 ne.

2204 3628 2382 3697 gleete
2410 3627 2838 3697 praetereundum
2868 3636 3029 3697 puto,
3060 3629 3204 3697 quod
3235 3629 3324 3683 lilii
3349 3631 3400 3685 in
3431 3632 3656 3701 majoris
3680 3634 3802 3688 tra-

2210 3720 2308 3774 tris
2335 3720 2497 3774 domo
2520 3719 2961 3782 convivahantur,
2994 3735 3114 3774 cum
3136 3729 3381 3789 pereunt.
3408 3721 3617 3776 Dictum
3640 3739 3799 3777 nam-

2208 3826 2314 3878 que
2334 3819 2417 3863 est
2444 3809 2713 3879 superius,
2735 3808 2876 3876 quod
2899 3810 3140 3863 convivia
3168 3811 3349 3879 peragi
3376 3812 3492 3865 sine
3512 3813 3673 3882 culpa
3702 3814 3797 3868 vix

2209 3910 2452 3973 possunt.
2502 3900 2573 3956 Ut
2619 3914 2749 3967 ergo
2795 3908 2998 3964 nostra,
3038 3898 3056 3938 ί
3097 3915 3208 3954 non
3238 3900 3449 3955 illorum
3481 3902 3799 3972 loquamur,

2207 3995 2489 4051 sciendum
2539 3993 2696 4049 nobis
2743 4000 2825 4047 est
2866 3994 2992 4061 quia
3043 3992 3185 4061 quod
3216 4008 3246 4046 a
3275 3994 3574 4049 minoribus
3604 3996 3801 4065 volup-

2207 4094 2364 4141 tuose
2408 4086 2614 4154 agitur,
2665 4086 2929 4153 majorum
2978 4087 3258 4156 disciplina
3308 4089 3621 4156 cohibetur;
3671 4106 3800 4146 cum

2205 4204 2335 4242 vero
2366 4185 2599 4253 majores
2638 4185 2737 4254 ipsi
2764 4184 3026 4253 voluptati
3051 4183 3382 4248 deserviunt,
3415 4186 3668 4240 nimirum
3695 4189 3800 4241 mi-

2205 4281 2425 4335 noribus
2454 4278 2681 4334 lasciviae
2700 4276 2847 4331 frena
2878 4277 3145 4330 laxantur.
3170 4275 3300 4343 Quis
3322 4277 3465 4331 enim
3496 4279 3597 4331 sub
3625 4279 3800 4335 disci-

2204 4372 2363 4442 plina:
2404 4386 2461 4426 se
2489 4369 2876 4425 constrictione
2898 4368 3151 4433 retineat,
3197 4368 3411 4437 quando
3440 4377 3495 4422 et
3524 4369 3652 4438 ipsi,
3699 4373 3798 4438 qui

2200 4474 2286 4542 jus
2308 4471 2706 4527 constrictionis
2735 4470 3023 4538 accipiunt,
3072 4482 3193 4523 sese
3234 4468 3601 4539 voluptatibus
3648 4470 3797 4524 rela-

2127 4588 2177 4648 D
2207 4569 2365 4621 sant?
2387 4566 2519 4619 Dum
2549 4577 2678 4632 ergo
2702 4564 2754 4617 in
2777 4561 2994 4630 majoris
3019 4560 3381 4615 fratris-domo
3408 4562 3794 4627 convivantur,

2203 4666 2458 4729 pereunt,
2489 4657 2615 4725 quia
2666 4663 2795 4708 tunc
2840 4662 3026 4707 contra
3066 4666 3166 4737 nos
3214 4651 3384 4705 hastis
3412 4651 3797 4707 vehementius

2204 4760 2345 4814 vires
2369 4756 2586 4825 accipit,
2614 4753 2829 4822 quando
2858 4760 2913 4806 et
2935 4753 3081 4815 ipsos
3108 4749 3198 4820 qtti
3228 4765 3326 4819 pro
3354 4749 3600 4803 custodia
3631 4752 3796 4805 disci-

2201 4853 2360 4923 plina:
2379 4848 2584 4920 precla'i
2614 4854 2739 4900 sunt
2768 4855 2792 4891 8
2823 4844 3019 4899 laetitiae
3047 4843 3251 4901 servire
3278 4843 3579 4909 cognoscit.
3611 4841 3793 4897 Tanto

2200 4945 2343 5000 enim
2368 4940 2613 4997 licentius
2641 4939 2707 4993 ad
2729 4934 3024 4991 feriendum
3046 4942 3294 5003 occupat,
3321 4940 3523 5001 quanto
3550 4935 3678 4987 ethi
3696 4933 3791 5002 qui

2200 5037 2534 5094 intercedere
2554 5049 2653 5103 pro
2678 5031 2849 5101 culpis
2872 5036 3123 5099 poterant
3146 5026 3409 5097 voluptati
3434 5034 3653 5081 vacant.
3687 5026 3791 5081 Ab-

2199 5130 2271 5185 sit
2295 5136 2475 5183 antem
2504 5139 2573 5180 ne
2603 5123 2737 5176 tanti
2768 5120 2864 5175 viri
2894 5117 3031 5173 ﬁlios
3069 5133 3165 5188 per
3192 5115 3563 5172 conviviorum
3611 5113 3789 5171 studia

2199 5310 2292 5363 bus
2318 5305 2619 5361 servabatur
2640 5298 2943 5355 hwreditas.

2273 5388 2295 5416 ⁸
2327 5377 2493 5431 Iidem
2527 5372 2676 5434 Mss.,
2703 5370 2978 5438 angustiis.

2275 5446 2291 5485 τ
2326 5447 2617 5506 Gussanv.,
2643 5433 2744 5495 non
2767 5433 3006 5492 aliorum.
3036 5435 3227 5489 Melius
3255 5434 3342 5488 alii
3371 5433 3643 5506 libri,rnon
3666 5435 3786 5488 illo-

2196 5536 2331 5580 rum,
2363 5532 2440 5570 sc.
2474 5505 2701 5566 ﬁliorum
2725 5509 2842 5571 .lub,
2877 5509 2941 5561 de
2962 5507 3157 5577 quibus
3184 5506 3325 5559 male
3345 5505 3533 5559 sentiri
3563 5520 3675 5561 non
3699 5520 3786 5575 pa.

2200 5592 2329 5643 titur
2356 5592 2574 5641 sanctus
2601 5580 2911 5645 Gregorius.

2273 5670 2295 5705 ε
2322 5658 2411 5711 Sic
2441 5655 2600 5715 Ms;
2651 5643 2791 5703 Editi
2840 5662 2990 5707 vero,
3022 5647 3206 5699 ventri.
3238 5643 3362 5699 Mox
3394 5654 3519 5712 post
3560 5644 3781 5699 verbum

2200 5737 2415 5797 occupat
2443 5724 2673 5797 Curcius
2701 5718 2919 5797 adjecit,
2946 5716 3401 5797 subditpsi-quod
3430 5717 3609 5771 ηυιιυς
3636 5715 3783 5770 dein.

2199 5784 2336 5869 cepa.
2356 5796 2635 5867 expunxit,
2658 5784 2888 5846 etsi'non
2912 5796 3087 5844 exstet
3116 5787 3171 5841 in
3200 5784 3325 5840 Mss.
