3976 6308
207 381 309 436 569
1127 381 1489 439 MUBALIUM
1533 382 1674 438 LIB.
1705 382 1774 438 11.

1928 382 1994 437 ΙΝ
2034 382 2188 439 CAP.
2231 382 2252 441 l
2295 386 2353 439 Β.
2394 385 2533 442 JOB.
3369 400 3473 453 570

205 492 580 561 ingurgitando
617 491 791 544 ventri
823 506 1043 547 vacasse
1070 494 1436 564 suspicemur;
1468 495 1563 550 sed
1607 503 1788 549 tamen
1821 502 1862 557 Α
1896 497 2116 552 omnino
2146 507 2323 552 motus
2365 505 2467 564 est,
2511 513 2580 553 ne
2607 503 2766 557 nimis
2790 501 3023 560 dolendo
3060 516 3327 575 peccaret.
3368 511 3475 565 Sed

204 588 467 641 veraciter
496 587 740 641 nonmus
782 587 907 657 quia
957 588 1055 642 etsi
1098 604 1195 659 per
1243 591 1538 664 disciplima
1564 593 1792 662 quisque

1903 587 2019 655 quia
2067 587 2175 641 duo
2223 598 2349 641 sunt
2392 597 2659 658 praecepta
2710 592 3017 661 charitatis,
3073 595 3167 651 Dei
3222 597 3478 654 videlicet

154 675 501 765 ﬁcustudiam
526 677 864 732 necessitatis
886 688 1056 732 metas
1082 679 1293 734 edendo
1320 697 1426 735 non
1456 684 1668 748 transit,
1698 698 1790 739 ac-
1895 693 2069 746 amur,
2115 688 2169 733 et
2210 679 2440 749 proximi
2514 688 2571 735 ut
2600 682 2944 738 dilectionem
2976 688 3205 755 proximi
3232 679 3480 744 exsolve;-

174 760 364 822 'ceusa
387 776 561 821 tamen
594 768 787 822 mentis
812 769 1037 823 intentio
1060 770 1200 824 inter
1220 771 1465 826 convivia
1495 774 1787 842 torpescit;
1894 778 1998 835 ret,
2026 771 2285 842 impendit
2316 771 2438 827 ﬁliis
2466 773 2697 839 luctum;
2732 790 2799 830 nc
2828 775 3171 832 dilectionem
3202 780 3295 833 Dei
3320 780 3503 834 dese-.

198 866 261 914 et
285 859 461 914 minus
490 856 542 910 in
570 864 775 925 quanto
804 857 874 912 sit
902 860 1261 913 tentationum
1294 860 1434 914 bello
1462 861 1789 923 considerat,

202 957 232 987 ι
258 963 380 1018 quae
424 964 481 1003 se
508 963 605 1018 per
633 948 977 1003 securitatem
1004 949 1229 1003 relaxat.
1260 948 1318 1003 In
1362 950 1450 1004 die
1478 964 1605 1014 ergo
1629 948 1789 1020 primi

198 1036 381 1091 fratris
408 1037 546 1093 ﬁlios
574 1038 773 1101 obruit,
804 1039 930 1106 quia
959 1039 1210 1106 antiquus
1238 1039 1408 1095 hostis
1437 1040 1489 1092 in
1520 1040 1789 1095 minorum

199 1138 380 1183 morte
430 1129 793 1185 subversionis
833 1130 1039 1184 aditum
1086 1146 1181 1200 per
1217 1130 1596 1198 negligentiam
1629 1132 1794 1198 majo-

198 1224 323 1272 rem
370 1220 581 1292 qumrit.
649 1218 756 1273 Sed
810 1220 937 1289 quia
986 1220 1200 1289 quantis
1248 1222 1555 1274 nuntiorum
1599 1218 1793 1287 jaculis

198 1308 270 1360 sit
298 1322 603 1377 percussus,
629 1309 976 1377 agnovimus;
1002 1312 1082 1363 vir
1105 1308 1260 1364 furtis
1282 1319 1484 1378 noster,
1505 1310 1681 1379 qualis
1705 1310 1793 1364 in-

200 1406 287 1452 ter
318 1400 537 1455 vulnera
564 1401 849 1463 consistat,
878 1402 1178 1456 audiamus.
1207 1400 1459 1471 Sequitur
1484 1421 1496 1456 :

647 1512 875 1568 CAPUT
897 1512 1017 1567 XVI
1040 1513 1192 1585 [Rcc.
1221 1512 1354 1585 XI].

276 1601 440 1657 Vens.
462 1602 550 1656 20.
579 1635 651 1646 —-
681 1602 823 1655 Tunc
848 1604 1075 1655 surrexit
1097 1601 1219 1669 Job,
1249 1611 1298 1655 et
1320 1603 1472 1655 scidit
1493 1604 1795 1658 vestimenta

195 1708 299 1745 sua
328 1733 342 1757 ,
374 1703 424 1747 et
457 1704 605 1747 tonso
635 1694 799 1761 capite
820 1709 1061 1745 corruens
1086 1693 1139 1745 in
1173 1704 1364 1747 terram
1392 1695 1647 1748 adoravit.

267 1782 363 1836 28.
395 1782 634 1853 Flagella
662 1782 758 1836 Dei
788 1794 874 1835 aut
904 1801 1007 1836 non
1036 1786 1248 1849 sentire,
1277 1795 1367 1837 aut
1413 1786 1588 1848 nimis,
1617 1788 1795 1841 vitium

1894 862 2067 915 reret,
2123 855 2360 923 explevit
2408 858 2547 910 inter
2592 858 2872 927 gemitusf
2918 864 3239 927 orationem.
3292 848 3497 921 Solent‘

1894 945 2137 999 nonnulli
2166 947 2217 998 in
2262 949 2533 1015 prosperis
2562 946 2732 1002 Deum
2759 951 2998 1018 diligere,
3031 953 3083 1006 in
3114 954 3352 1009 adversis
3381 971 3477 1008 au-

1893 1042 2003 1088 tem
2034 1036 2194 1103 positi
2220 1035 2579 1103 ﬂagellantem
2617 1042 2794 1095 minus
2821 1058 3025 1097 amare.
3077 1046 3274 1102 Beatus
3300 1057 3477 1100 autem

1892 1124 1994 1181 Job
2023 1143 2121 1197 per
2148 1128 2271 1194 hoc,
2307 1129 2449 1196 quod
2479 1140 2657 1185 motus
2686 1135 2924 1188 exterius
2950 1137 3214 1205 exhibuit,
3245 1139 3482 1193 ostendit

1894 1217 2019 1287 quia
2067 1215 2275 1285 ﬂagella
2323 1219 2489 1286 patris
2536 1222 2789 1287 agnovit;
2820 1238 2917 1291 per
2958 1225 3062 1279 hoc
3093 1236 3292 1294 autem,
3334 1229 3480 1297 quod

1896 1306 2175 1362 adorando
2201 1308 2419 1362 humilis
2446 1310 2663 1375 mansit,
2696 1313 2932 1366 ostendit
2960 1314 3084 1381 quia
3112 1332 3353 1370 amorem
3378 1334 3475 1386 pa-

1896 1400 1994 1454 tris
2022 1415 2122 1454 nec
2159 1399 2212 1453 in
2242 1399 2429 1455 dolore
2466 1401 2719 1457 deseruit.
2752 1403 2829 1458 Ne
2861 1405 3019 1472 igitur
3048 1408 3309 1477 superbus
3337 1417 3480 1461 esset

1896 1505 2004 1544 non
2035 1490 2303 1558 sentiens,
2346 1490 2399 1545 in
2425 1492 2778 1562 percussione
2806 1496 3046 1560 corruit;
3098 1512 3165 1550 ne
3196 1506 3374 1552 autem
3421 1515 3480 1553 se

1896 1580 2107 1637 ferienti
2155 1592 2469 1638 extraneum
2498 1582 2723 1648 faceret,
2757 1586 2823 1639 ad
2854 1587 2957 1642 hoc
3013 1589 3216 1643 corruit
3241 1599 3298 1643 ut
3344 1591 3479 1645 ado«

1893 1679 2059 1725 raret.
2093 1671 2207 1726 Mos
2249 1681 2430 1727 autem
2459 1684 2707 1729 veterum
2744 1674 2862 1745 fuit,
2894 1685 2952 1731 ut
2978 1678 3217 1749 quisquis
3244 1680 3480 1748 speciem

1896 1762 1977 1816 sui
2007 1764 2249 1832 corporis
2269 1764 2493 1835 capillos
2520 1767 2803 1821 nutriendo
2825 1778 3084 1835 servaret,
3112 1786 3209 1826 eos
3239 1780 3482 1841 tempore

194 1881 293 1928 est.
320 1905 392 1916 —
417 1871 668 1926 Nonnulli
708 1887 913 1940 magna:
935 1876 1251 1927 constantia:
1278 1875 1675 1945 philosophiam
1704 1893 1793 1945 pu-

1903 1854 2202 1911 aﬂlictionis
2230 1855 2562 1924 abscideret;
2610 1867 2665 1913 et
2699 1875 2909 1916 rursum
2949 1862 3041 1931 qui
3082 1863 3483 1931 tranquillitatis

194 1971 339 2028 tant,
369 1962 413 2014 si
439 1959 730 2029 disciplina:
760 1961 1048 2029 asperitate
1075 1962 1329 2030 correpti,
1356 1963 1497 2016 ictus
1531 1964 1558 2001 ι»
1600 1965 1789 2019 verbe-

193 2066 322 2104 rum
354 2049 674 2117 doloresque
704 2065 810 2102 non
841 2050 1098 2103 sentiant.
1131 2050 1385 2105 Nonnulli
1416 2068 1545 2106 vero
1573 2062 1678 2106 tam
1716 2053 1798 2107 ni-

196 2143 307 2196 mis
344 2141 748 2211 percussionum
797 2141 1003 2209 ﬂagclla
1034 2142 1293 2210 sentiunt,
1340 2152 1409 2197 ut.
1438 2145 1795 2201 immoderato

205 2233 401 2288 dolore
429 2231 710 2299 commoti,
753 2232 915 2285 etiam
947 2230 999 2285 in
1023 2248 1303 2288 excessum
1332 2234 1525 2302 lingua:
1553 2235 1794 2290 dilaban-

192 2330 304 2378 tur.
365 2322 474 2381 Sed
519 2322 761 2391 quisquis
801 2336 980 2375 veram
1034 2329 1219 2376 tenere
1248 2322 1646 2392 philosophiam
1679 2325 1788 2395 50

194 2414 411 2477 nititur,
442 2427 664 2468 necesse
705 2420 788 2467 est
819 2421 877 2465 ut
909 2412 1050 2467 inter
1079 2424 1305 2483 utraque
1348 2414 1644 2481 gradiatur.
1677 2414 1721 2468 N
1759 2430 1794 2468 n

193 2514 279 2560 est
309 2504 454 2558 enim
483 2502 692 2573 pondus
720 2517 859 2556 vera:
890 2502 1120 2569 virtutis,
1155 2502 1538 2559 insensibilitas
1568 2504 1745 2560 cordis
1778 2524 1792 2559 :

193 2597 328 2665 quia
379 2603 435 2651 et
476 2595 631 2650 valde
679 2595 865 2650 insana
912 2612 1008 2665 per
1034 2604 1311 2667 stuporem
1358 2599 1599 2653 membra
1645 2608 1792 2664 sunt,

193 2700 321 2754 quae
351 2694 407 2740 et
446 2685 613 2739 incisa
645 2694 666 2723 ο
699 2683 883 2738 dolere
920 2700 1263 2755 nequaquam
1304 2694 1547 2755 possunt.
1590 2687 1795 2744 Rursus

195 2775 420 2829 virtutis
449 2774 752 2829 custodiam
802 2774 1025 2840 deserit,
1075 2776 1168 2843 qui
1214 2775 1455 2831 dolorem
1504 2778 1793 2832 verberum

192 2868 342 2922 ultra
372 2881 533 2935 quam
554 2880 778 2920 necesse
805 2873 890 2920 est
933 2866 1132 2932 sentit;
1157 2868 1279 2936 quia
1303 2867 1428 2921 dum
1460 2867 1626 2922 nimia
1652 2869 1792 2923 afﬂi-

190 2960 382 3014 ctione
408 2974 504 3013 cor
534 2958 789 3027 tangitur,
824 2972 992 3026 usque
1017 2957 1083 3012 ad
1114 2958 1463 3028 impatientia:
1503 2968 1792 3015 contume-

192 3051 296 3106 lias
327 3052 615 3117 excitatur,
644 3059 699 3105 et
725 3050 814 3118 qui
839 3065 936 3119 per
962 3048 1172 3119 ﬂagella
1202 3052 1476 3120 corrigere
1504 3051 1792 3107 malefacta

193 3144 479 3210 debuerat,
511 3145 620 3211 agit
640 3151 700 3197 ut
726 3142 961 3210 nequitia
985 3157 1081 3213 per
1105 3141 1371 3210 ﬂagellum
1392 3152 1622 3199 crescat.
1650 3141 1793 3199 Con-

1900 1956 2146 2016 terrpore
2174 1948 2395 2019 capillos
2425 1949 2750 2014 abscideret,
2797 1967 2890 2006 eos
2918 1952 2971 2005 in
3001 1954 3310 2008 ostensione
3340 1952 3480 2007 aﬂli-

1897 2039 2092 2092 ctionis
2145 2039 2430 2092 enutriret.
2483 2038 2680 2095 Beatus
2732 2041 2913 2110 itaque
2951 2041 3051 2097 Job
3083 2045 3482 2113 tranquillitatis

1897 2140 2140 2201 tempore
2169 2131 2393 2200 capillos
2421 2146 2667 2189 servasse
2697 2135 3018 2200 ostenditur,
3044 2153 3163 2191 cum
3190 2138 3257 2191 ad
3277 2139 3483 2193 doloris

1894 2237 2048 2275 usum
2076 2229 2237 2291 caput
2266 2222 2564 2276 totondisse
2589 2233 2956 2291 memoratur;
2980 2234 3245 2296 quatenus
3280 2244 3400 2282 cum
3428 2230 3482 2283 in

1895 2312 2103 2367 cunctis
2131 2326 2252 2365 eum
2276 2311 2438 2365 rebus
2467 2328 2659 2366 manus
2699 2329 2933 2382 superna
2966 2326 3289 2384 percuteret,
3321 2318 3482 2371 etiam

1894 2413 2086 2473 sponte
2126 2403 2273 2457 illum
2326 2404 2655 2472 ptenitentize
2704 2405 2913 2474 species
2965 2406 3176 2463 diversa
3228 2406 3480 2462 fuscaret.

1895 2493 1999 2547 Sed
2030 2494 2129 2548 iste
2159 2502 2351 2549 exutus
2379 2495 2560 2559 rebus,
2608 2493 2729 2549 ﬁliis
2758 2495 2997 2559 orbatus,
3031 2497 3123 2565 qui
3163 2498 3482 2554 vestimenta

1894 2584 2072 2648 scidit,
2130 2585 2221 2654 qui
2279 2592 2441 2654 caput
2490 2584 2740 2651 totondit,
2799 2586 2890 2655 qui
2933 2588 2986 2640 in
3021 2597 3215 2643 terram
3255 2590 3482 2656 corruit,

1894 2672 2023 2741 quid
2047 2673 2211 2736 dicat,
2245 2673 2543 2730 audiamus.

2284 2781 2513 2837 CAPUT
2552 2783 2693 2837 xvu
2723 2783 2870 2855 [Rem
2912 2784 3079 2858 xu].

1968 2872 2131 2926 Vens.
2174 2872 2263 2927 21.
2302 2904 2374 2915 -
2402 2871 2591 2927 Nudus
2633 2892 2868 2946 egressus
2896 2893 3011 2931 sum
3037 2877 3102 2931 de
3126 2888 3272 2932 utero
3301 2882 3481 2934 matria

1896 2980 2043 3029 mete,
2075 2967 2240 3017 nudus
2267 2975 2494 3019 revertar
2520 2966 2664 3019 illuc.

1966 3056 2053 3108 50.
2089 3054 2416 3125 Temporalia
2443 3058 2588 3125 parvi
2621 3058 2896 3125 facienda,
2943 3059 3080 3131 quod
3107 3076 3168 3113 ea
3196 3059 3481 3129 aliquando

1897 3162 1999 3200 non
2047 3145 2389 3208 habuerimus,
2423 3164 2514 3201 nec
2537 3148 2762 3202 habituri
2799 3150 2978 3203 simus.
3008 3181 3071 3192 -—
3101 3147 3146 3203 Ο
3174 3165 3334 3218 quam
3360 3151 3481 3204 altat

195 3241 279 3287 tra
312 3233 777 3289 insensibilitatem
799 3233 998 3301 quippe
1024 3248 1401 3302 percussorum
1429 3250 1524 3303 per
1553 3235 1787 3304 prophe-
1812 3232 1859 3295 C
1888 3241 2004 3297 sedi
2028 3241 2223 3294 interni
2252 3241 2459 3295 consilii
2484 3242 2734 3310 pnesidet
2763 3242 2884 3304 iste,
2917 3244 3009 3311 qui
3032 3243 3213 3297 scissis
3242 3244 3481 3297 vestibus

196 3335 310 3380 tam
339 3324 532 3380 dicitur
564 3341 577 3378 :
614 3324 927 3378 Percussisti
954 3340 1059 3388 eos,
1093 3340 1186 3377 nec
1211 3324 1517 3391 doluerunt;
1547 3325 1792 3379 attrivisti

194 3434 307 3484 eos,
344 3425 393 3469 et
433 3424 711 3469 renuerunt
740 3415 972 3482 accipere
1000 3414 1331 3483 disciplinam
1363 3415 1580 3485 (Jercm.
1612 3432 1666 3478 ν,
1697 3415 1783 3483 5).

196 3509 402 3564 Contra
457 3506 955 3576 pusillanimitatem
995 3519 1371 3573 percussorum
1420 3522 1515 3575 per
1566 3504 1792 3558 Psalmi-

197 3607 342 3655 stam
364 3597 559 3652 dicitur
590 3614 603 3648 :
630 3594 697 3648 In
722 3594 943 3648 miseriis
967 3610 1069 3647 non
1089 3594 1367 3648 subsistent
1391 3594 1566 3663 (Psal.
1593 3609 1792 3649 cxxxu

200 3691 316 3763 ll).
349 3690 405 3744 ln
428 3690 655 3745 miseriis
686 3702 918 3755 namque
941 3685 1314 3753 subsisterent,
1346 3686 1390 3741 si
1420 3687 1794 3755 aequanimiter

200 3784 429 3839 adversa
460 3783 775 3836 tolerarent.
808 3780 879 3833 At
901 3787 1186 3848 postquam
1211 3788 1392 3833 mente
1421 3779 1561 3832 inter
1585 3777 1794 3846 ﬂagella

203 3883 488 3939 corruunt,
520 3874 671 3941 quasi
695 3872 833 3926 inter
852 3871 1028 3927 illatas
1054 3871 1299 3926 miserias
1320 3870 1642 3926 subsistendi
1664 3885 1795 3924 con-

202 3966 459 4023 stantiam
484 3964 733 4035 perdunt.
1398 4032 1405 4037 _

276 4058 407 4133 [Vet
432 4055 583 4127 xvu.]
608 4056 696 4111 ἓξ).
725 4055 824 4110 Job
847 4065 1119 4125 utrumque
1139 4056 1290 4109 cavit.
1312 4053 1700 4110 Mosnutriendi
1722 4057 1797 4109 vel

204 4148 509 4203 abscidendi
531 4147 746 4216 capillos
771 4156 997 4211 tempore
1018 4146 1340 4215 afﬂictionis.
1371 4177 1442 4187 -
1472 4145 1666 4198 Beatus
1695 4146 1796 4199 ita-

203 4257 310 4310 que
338 4238 460 4304 Job,
493 4239 615 4307 quia
638 4254 778 4293 verae
802 4237 1153 4307 philosophia:
1172 4237 1411 4303 regulam
1442 4238 1630 4301 tenuit,
1661 4251 1795 4290 con-

205 4342 285 4386 tra
320 4343 548 4399 utraque
576 4331 709 4383 mira
738 4345 797 4385 se
826 4330 1094 4397 :equitatis
1128 4338 1244 4383 arte
1265 4329 1528 4393 servavit;
1562 4336 1619 4382 ut
1642 4344 1742 4382 nec
1767 4328 1793 4364 ά

203 4423 449 4478 dolorem
475 4439 580 4477 non
603 4422 863 4483 sentiens,
893 4420 1101 4489 ﬂagella
1125 4430 1431 4491 sperneret;
1460 4437 1562 4474 nec
1584 4436 1794 4475 rursum

206 4515 347 4568 ultra
379 4513 596 4567 modum
630 4512 871 4566 dolorem
899 4512 1159 4577 sentiens,
1195 4518 1384 4566 contra
1400 4509 1663 4579 judicium
1696 4509 1794 4563 ﬂa-

1895 3331 1949 3385 in
1981 3340 2123 3386 terra
2154 3339 2455 3401 prostratus
2479 3332 2653 3401 jacet!
2707 3333 2843 3400 Quia
2890 3335 3030 3388 enim
3070 3334 3345 3403 iudicante
3376 3335 3483 3389 Do-

1894 3425 2063 3489 inino,
2107 3434 2302 3480 cuncta
2331 3426 2612 3490 amiserat,
2662 3442 2761 3496 pro
2802 3427 3064 3482 servanda
3095 3429 3197 3499 51
3225 3428 3483 3498 patientia

1895 3515 2023 3570 illud
2054 3524 2265 3586 tempus
2290 3514 2356 3569 ad
2384 3518 2701 3572 memoriam
2722 3518 2954 3583 reduxit,
2986 3535 3093 3589 quo
3126 3519 3353 3574 necdum
3384 3520 3482 3574 ista

1895 3622 2014 3677 quae
2041 3608 2273 3678 perdidit
2322 3609 2585 3673 habebat;
2638 3620 2698 3663 ut
2747 3610 2874 3666 dum
2923 3612 3163 3667 intuetur
3210 3614 3352 3681 quod
3383 3614 3481 3667 ali-

1895 3698 2112 3768 quando
2136 3699 2223 3752 illa
2252 3714 2358 3754 non
2386 3700 2594 3767 habuit,
2617 3700 2859 3756 dolorem
2885 3709 3152 3769 temperet
3172 3701 3317 3770 quod
3349 3701 3481 3753 ami-

1896 3789 1984 3843 sit.
2018 3788 2207 3857 Magna
2257 3790 2401 3844 enim
2430 3791 2730 3845 consolatio
2759 3799 2842 3845 est
2869 3792 2924 3844 in
2964 3807 3142 3846 rerum
3174 3792 3481 3859 amissione,

1896 3879 1985 3933 illa
2023 3887 2267 3949 tempora
2296 3880 2363 3933 ad
2394 3890 2630 3934 mentem
2669 3882 2956 3945 reducere,
3002 3881 3194 3949 quibus
3223 3897 3321 3936 nos
3351 3897 3481 3935 con-

1899 3968 2016 4035 tigit
2061 3984 2150 4024 res
2177 3984 2310 4038 quas
2340 3969 2667 4038 perdidimus
2697 3986 2803 4024 non
2854 3971 3119 4024 habuisse.
3171 3970 3303 4036 Quia
3355 3987 3482 4025 vero

1897 4073 2086 4112 omnes
2112 4074 2212 4112 nos
2242 4066 2381 4112 terra
2411 4060 2624 4125 genuit,
2659 4059 2796 4114 hanc
2823 4076 2927 4113 non
2961 4059 3227 4113 immerito
3256 4070 3479 4114 matrem

1898 4166 2172 4205 vocamus.
2208 4149 2359 4205 Unde
2387 4151 2641 4220 scriptum
2666 4160 2751 4206 est
2784 4169 2795 4204 :
2830 4151 2995 4205 Grave
3024 4152 3209 4222 jngum
3230 4169 3384 4222 super
3409 4152 3479 4220 ﬁ-

1898 4246 1996 4299 lios
2035 4244 2201 4297 Adam
2229 4261 2261 4297 a
2290 4249 2373 4298 die
2402 4248 2569 4297 exitus
2600 4246 2662 4297 de
2684 4256 2858 4299 ventre
2878 4257 3060 4299 matrts
3091 4263 3283 4310 eorum,
3326 4263 3481 4317 usque

1898 4336 1951 4387 in
1988 4334 2126 4387 diem
2164 4334 2438 4402 sepultura:
2466 4335 2517 4386 in
2559 4343 2773 4387 matrem
2802 4336 3027 4387 omnium
3070 4335 3258 4408 (Eccli.
3289 4352 3376 4396 XL,
3411 4338 3478 4402 l).

1898 4426 2098 4481 Beatus
2128 4426 2287 4493 igitur
2307 4424 2428 4488 Job,
2466 4435 2523 4477 ut
2554 4426 3025 4494 patienter'lugeat
3052 4427 3194 4495 quod
3228 4428 3311 4481 hic
3352 4430 3479 4481 ami-

1899 4518 1990 4584 sit,
2040 4515 2326 4583 vigilanter
2366 4515 2597 4568 attcndit
2644 4516 2819 4584 qualis
2847 4517 2954 4571 huc
2984 4518 3206 4570 venerit.
3241 4517 3318 4568 Ad
3352 4535 3479 4583 ang-

206 4606 457 4674 gcllantis
478 4605 754 4658 insaniret.
788 4603 1006 4658 Cunctis
1035 4603 1176 4657 enim
1208 4602 1368 4656 rebus
1396 4601 1637 4671 perditis,
1662 4616 1793 4654 cun-
1823 4607 1872 4666 ι)
1898 4612 2136 4658 mentum
2169 4614 2352 4658 autem
2382 4604 2656 4658 serrandm
2684 4606 2975 4673 patientiw,
3006 4605 3185 4659 adhuc
3231 4607 3481 4662 solertius

204 4700 306 4753 etis
338 4698 522 4752 liberis
552 4698 784 4761 amissis,
834 4698 1088 4759 surrexit,
1135 4694 1295 4750 scidit
1323 4695 1642 4748 vestimenta
1672 4708 1789 4757 sua,

205 4800 259 4843 et
282 4801 441 4843 tonso
471 4789 647 4856 capite
677 4804 937 4843 corruens
982 4788 1035 4841 in
1078 4796 1297 4853 terram,
1330 4785 1594 4839 adoravit.
1640 4784 1794 4849 Quod

206 4883 527 4936 vestimenta
557 4880 731 4944 scidit,
771 4880 913 4948 quod
954 4888 1112 4934 tonso
1141 4879 1322 4949 capite
1363 4877 1414 4931 in
1444 4885 1643 4930 terram
1674 4890 1795 4929 cor-

206 4976 332 5038 ruit,
358 4981 626 5027 monstrat
673 4972 923 5025 nimirum
958 4972 1081 5041 quia
1108 4969 1304 5039 ﬂagelli
1331 4969 1574 5023 dolorem
1604 4968 1793 5023 sensit.

205 5065 361 5132 Quod
377 5082 505 5120 vero
519 5065 788 5133 adjicitur,
810 5064 1064 5126 adoravit,
1082 5069 1267 5132 aperte
1283 5061 1607 5126 ostenditur,
1630 5070 1651 5095 ο
1667 5058 1792 5128 quia

207 5169 260 5210 et
316 5157 369 5210 in
426 5157 615 5211 dolore
670 5155 877 5223 posi'us
931 5161 1119 5208 contra
1170 5152 1488 5219 ﬂagellantis
1533 5150 1793 5220 judicium

210 5265 316 5303 non
342 5249 590 5304 excessit.
643 5247 755 5302 Nec
803 5246 1021 5300 omnino
1051 5258 1181 5311 ergo
1213 5261 1318 5298 non
1347 5252 1525 5298 motus
1574 5250 1673 5307 est,
1727 5255 1796 5295 ne

212 5338 378 5392 Deum
421 5339 532 5408 ipsa
563 5336 971 5393 insensibilitate
1000 5342 1399 5396 contemneret;
1440 5348 1541 5387 nec
1583 5345 1794 5385 rursum

285 5497 310 5524 ι
340 5486 554 5550 Excusi,
587 5488 703 5556 qui;
743 5493 797 5539 et
826 5500 972 5556 mox_,
1004 5485 1056 5556 in
1097 5484 1247 5556 domo
1282 5500 1420 5553 ergo.
1468 5482 1797 5556 Reponimus

212 5570 279 5611 ex
304 5558 427 5613 Mss.
459 5550 678 5627 (pum-sc
728 5570 897 5609 mens.
926 5554 1009 5617 Et,
1035 5555 1086 5606 in
1117 5555 1198 5605 die
1222 5550 1480 5675 ergo'suo.
1527 5550 1797 5604 Alluditur

215 5631 461 5675 nimirum
492 5630 557 5675 ad
598 5627 647 5675 id
678 5627 820 5675 nuod
848 5639 1007 5675 sunra
1037 5626 1246 5675 legitur.
1309 5623 1377 5675 ob
1404 5638 1440 5675 ι.
1467 5637 1607 5675 vers.
1632 5620 1685 5675 4.
1718 5628 1797 5675 la—

215 5620 557 5683 nimirum'ad
598 5627 647 5680 id
678 5627 820 5696 quod
848 5639 1007 5691 supra
1037 5626 1246 5696 legitur,
1278 5620 1377 5676 Job
1404 5638 1440 5688 t,
1467 5637 1607 5676 vers.
1632 5620 1685 5681 4.
1716 5628 1797 5691 [a-

219 5700 430 5750 ciebtmt'
450 5716 593 5751 conv.
626 5739 636 5749 .
669 5693 1062 5765 {unusquisque
1090 5695 1143 5745 in
1173 5693 1255 5745 die
1277 5710 1389 5746 suo.

292 5768 317 5805 ι)
346 5770 494 5837 Apud
522 5769 813 5837 Gussany,
847 5766 1126 5837 mendose,
1156 5768 1439 5837 verborum.

296 5851 315 5876 ε
344 5831 471 5894 cae.
496 5851 547 5894 et
576 5853 693 5907 seq.
719 5835 842 5904 Ed,
871 5835 1064 5889 sentire
1092 5834 1343 5899 dolorem,
1375 5831 1795 5903 repugnantibus

1901 4695 2116 4762 inspicit
2141 4694 2266 4749 hinc
2294 4695 2467 4763 qualis
2494 4695 2722 4759 recedit,
2752 4704 2808 4748 et
2835 4695 2963 4748 dicit
2996 4711 3009 4746 :
3042 4692 3231 4748 Nudus
3250 4712 3481 4766 egressus

1901 4802 2015 4838 smn
2041 4784 2104 4837 de
2132 4794 2277 4837 utero
2304 4787 2484 4837 matris
2514 4801 2660 4847 meae,
2685 4785 2852 4837 nudus
2883 4791 3110 4838 revertar
3144 4786 3285 4837 illuc.
3338 4786 3414 4837 Ac
3440 4787 3481 4838 si

1903 4874 2047 4929 dicat
2079 4893 2092 4927 :
2127 4874 2335 4928 Nudum
2362 4890 2445 4927 me
2487 4875 2591 4927 huc
2624 4875 2910 4928 intrantem
2944 4884 3084 4928 terra
3116 4874 3355 4942 protulit,
3390 4891 3478 4927 nu-

1901 4965 2027 5019 dum
2050 4980 2137 5019 me
2160 4964 2285 5017 hinc
2312 4954 2598 5017 exeuntem
2624 4972 2765 5017 terra
2788 4962 3027 5031 recipiet.
3052 4964 3071 5034 ις
3089 4963 3195 5015 l’et.
3226 4961 3277 5015 X
3293 4962 3365 5015 γι
3376 4962 3401 5015 I
3415 4962 3435 5015 1
3445 4960 3483 5024 .l

1904 5055 2005 5122 Qui
2029 5068 2157 5122 ergo
2187 5063 2427 5122 accepta,
2452 5053 2545 5107 sed
2570 5053 2849 5121 relinquen
2870 5055 2919 5106 fa
2950 5053 3183 5122 perdidi,
3207 5056 3331 5124 quid
3356 5072 3482 5123 ιηό⁴

1898 5147 2073 5216 prium
2105 5145 2302 5200 amisi?
2326 5143 2477 5217 [Rea
2506 5143 2624 5197 XII
2635 5144 2706 5215 1.]
2730 5144 2863 5210 Quia
2890 5161 3019 5200 vero
3049 5148 3351 5201 consolatio
3380 5164 3481 5202 non

1898 5238 2071 5293 solum
2112 5254 2179 5292 ex
2232 5236 2662 5291 consideratione
2702 5236 3025 5292 conditionis
3053 5238 3350 5293 adhibenda
3381 5247 3481 5304 est,

1899 5328 1991 5383 sed
2014 5326 2177 5382 etiam
2206 5341 2271 5380 ex
2290 5325 2497 5395 justitia
2528 5325 2851 5391 conditoris,
2881 5336 3029 5382 recte
3057 5326 3328 5396 subjungit
3362 5345 3375 5381 :

1903 5479 2030 5534 hlss.

1977 5557 1997 5584 α
2033 5549 2353 5622 Particulam
2404 5549 2552 5619 quasi
2599 5552 2949 5622 removimus,
2992 5553 3315 5608 auctoritate
3357 5552 3487 5614 Mss.

1904 5618 2063 5687 Reg”
2096 5622 2256 5675 (ἑστι-Ι).
2287 5619 2377 5685 G.,
2400 5618 2505 5673 etc.

1977 5700 1998 5766 ις
2032 5690 2152 5766 Quo
2174 5690 2365 5766 Rheni.
2395 5705 2516 5743 cum
2549 5705 2656 5766 uno
2684 5690 2921 5766 Remig.,
2950 5694 3075 5766 quia
3103 5709 3193 5756 per
3221 5694 3453 5766 ﬂagella.

1978 5758 1996 5795 ί
2030 5761 2193 5813 (Imb.
2243 5760 2448 5825 Gcrm.,
2494 5760 2887 5828 adorationem;
2917 5758 2996 5820 sic
3035 5758 3375 5820 etiatu’ol'im
3407 5774 3474 5820 to-

1901 5837 2044 5884 ctum
2070 5830 2122 5884 in
2157 5828 2297 5884 Utic.
