3976 6366
472 447 567 502 571

475 652 698 710 Domino
728 654 938 722 placuit,
967 652 1040 702 ita
1062 651 1252 719 factum
1281 656 1377 701 est.

545 747 632 799 5L
668 744 805 797 Deus
834 743 977 794 bonis
1007 757 1099 794 nos
1125 738 1375 809 sptlians,
1416 755 1519 794 non
1546 748 1725 792 nostra
1746 740 1938 807 aufert,
1963 737 2052 790 sed

472 854 583 891 sua.
612 866 681 875 —
706 834 935 887 Sanctus
960 831 1058 896 vir,
1090 838 1334 884 tentante
1356 830 1689 891 adversario.
1712 838 1903 884 cuncta
1929 844 2053 897 per-

472 927 705 987 diderat;
736 924 829 977 sed
854 932 1031 976 tamen
1061 922 1256 984 sciens,
1288 924 1412 990 quia
1442 930 1631 977 contra
1652 938 1710 977 se
1739 921 1903 977 Satan
1936 931 2054 975 ten-

474 1014 616 1067 tandi
658 1014 817 1074 vires,
863 1012 962 1066 nisi
990 1014 1334 1081 permittente
1375 1013 1624 1079 Domino,
1647 1029 1754 1067 non
1796 1012 2052 1081 habebat,

473 1120 580 1158 non
610 1104 712 1157 ait:
748 1103 1006 1158 Dominus
1033 1104 1206 1166 dedit,
1236 1105 1481 1160 diabolus
1510 1105 1758 1170 abstulit;
1787 1105 1912 1160 sed:
1947 1105 2054 1159 Do-

474 1201 642 1250 minus
684 1197 846 1262 dedit,
880 1196 1133 1251 Dom'nus
1162 1198 1403 1263 abstulit;
1451 1197 1676 1252 fortasse
1704 1199 1847 1252 enim
1882 1198 2056 1252 luerat

470 1286 781 1352 dolendum,
823 1287 867 1341 si
898 1287 1043 1357 quod
1066 1288 1315 1341 conditor
1342 1288 1565 1343 dederat
1590 1289 1757 1344 hostis
1797 1289 2052 1343 abstulisc

474 1385 594 1430 set:
626 1386 681 1431 at
713 1384 994 1446 postquam
1048 1394 1152 1432 non
1202 1378 1422 1432 abstulit
1460 1378 1560 1433 nisi
1608 1380 1721 1447 ipse
1769 1380 1857 1448 qui
1889 1380 2053 1447 dedit,

476 1482 574 1521 sua
597 1469 819 1538 recepit,
851 1484 957 1522 non
987 1479 1169 1523 nostra
1214 1470 1450 1523 abstulit.
1495 1470 1549 1523 Si
1589 1472 1731 1523 enim
1761 1471 1827 1524 ab
1852 1470 1942 1525 illo
1967 1488 2058 1526 ac-

476 1557 722 1625 cipimus,
754 1558 946 1627 quibus
974 1559 1024 1612 in
1056 1558 1159 1613 hac
1190 1560 1295 1613 vita
1332 1561 1548 1622 utimur,
1582 1576 1680 1615 cur
1706 1561 1887 1615 doleat
1914 1561 2057 1631 quod

479 1647 596 1716 ipso
619 1648 891 1716 judicante
938 1649 1221 1718 exigimur,
1262 1665 1370 1717 quo
1416 1651 1679 1719 largiente
1720 1650 2058 1707 fenerainur?

476 1737 585 1792 Nec
631 1738 918 1806 aliquando
948 1738 1177 1807 injustus
1218 1748 1304 1795 est
1326 1742 1578 1808 creditor,
1628 1751 1719 1812 qut
1768 1746 1891 1797 dum
1922 1760 2057 1815 pra:-

478 1823 585 1878 ﬁxo
638 1826 897 1880 reddendi
948 1835 1188 1897 tempore
1252 1846 1361 1885 non
1413 1831 2058 1903 constringitur;quando

1683 438 1927 494 SANCTI
1971 434 2296 491 GREGOIlll
2336 430 2551 488 MAGNI

540 560 667 616 leto.
718 592 788 605 —-—
836 558 1086 612 Dominus
1146 555 1305 620 dedit,
1360 553 1605 609 Dominus
1636 552 1867 617 abstulit,
1922 551 2053 605 sicut
2081 551 2132 611 Α

3640 424 3767 481 572

2560 544 2788 601 CAPUT
2811 543 2929 599 χιχ
2957 544 3108 617 [Rec.
3139 544 3226 599 χι
3243 544 3323 615 νι.

2225 638 2387 694 Vens.
2434 636 2524 692 9.2.
2569 661 2641 682 -ι
2686 637 2752 692 In
2786 638 3020 691 omnibus
3060 638 3136 691 his
3178 654 3280 691 non
3318 637 3546 707 peccavit
3585 629 3768 693 loli:

2154 728 2182 767 δ
2220 746 2382 798 neque
2408 730 2617 782 stultum
2647 728 2843 798 aliquid
2870 735 3051 781 contra
3074 725 3236 780 Deum
3264 726 3462 780 locutus
3481 732 3580 780 est.

2225 818 2314 872 55.
2346 818 2445 872 Job
2467 837 2497 871 α
2533 818 2936 872 murmuratione
2965 819 3072 871 oris
3111 828 3160 871 et
3179 817 3352 871 cordis
3378 818 3657 873 abstinuit.
3682 847 3771 863 —

2154 909 2288 977 Quia
2330 909 2685 963 tentationum
2720 908 3152 963 tribulationibus
3190 908 3532 978 deprehensi,
3578 909 3768 965 etiam

2156 1002 2320 1054 tacito
2363 1001 2747 1069 cogitationum
2796 1009 2947 1054 motu
3000 1014 3286 1068 possumus
3314 1014 3423 1053 non
3468 999 3768 1068 loquendo

2154 1106 2401 1161 peccare,
2428 1091 2585 1144 beato
2605 1089 2705 1144 Job
2733 1097 2789 1143 et
2808 1090 2916 1144 oris
2940 1090 3302 1145 testimonium
3330 1089 3668 1158 perhibetur,
3704 1100 3769 1144 et

2155 1182 2351 1239 cordis.
2401 1180 2552 1235 Prius
2596 1180 2741 1234 enim
2789 1179 2985 1233 dicitur
3014 1195 3030 1233 :
3064 1177 3187 1233 Non
3224 1180 3483 1249 peccavit,-
3523 1188 3581 1234 et
3618 1189 3769 1235 tunc

2154 1272 2369 1326 demum
2396 1269 2640 1323 subditur
2673 1284 2685 1319 :
2719 1264 2903 1337 Neque
2922 1267 3134 1321 stultum
3154 1268 3352 1338 aliquid
3371 1276 3555 1321 contra
3576 1267 3767 1323 Deum

2158 1362 2357 1413 locutus
2379 1366 2475 1411 est.
2506 1356 2607 1424 Qui
2636 1356 2777 1411 enim
2801 1356 3022 1410 stultum
3043 1356 3255 1411 locutus
3275 1372 3383 1410 non
3405 1366 3509 1421 est,
3532 1358 3766 1427 culpam

2160 1467 2190 1505 a
2222 1452 2401 1519 lingua
2429 1449 2790 1518 compescuit;
2816 1449 2911 1504 sed
2938 1464 3059 1502 cum
3090 1449 3446 1519 prmmittitur,
3477 1448 3603 1503 Non
3623 1466 3766 1519 pec-

2157 1543 2319 1607 cavit,
2370 1549 2583 1595 constat
2626 1539 2772 1610 quod
2816 1540 3258 1595 murmurationis
3282 1540 3474 1595 vitium
3503 1542 3672 1596 etiam
3724 1558 3761 1596 a

2158 1634 2482 1702 cogitatione
2512 1633 2805 1688 restrinxit.
2842 1633 2950 1687 Nec
2973 1633 3215 1703 peccavit
3242 1649 3395 1703 ergo,
3443 1650 3546 1689 nec
3585 1634 3764 1690 stulto

2160 1730 2371 1779 locutus
2393 1733 2497 1793 est,
2526 1725 2649 1794 quia
2672 1740 2773 1780 nec
2795 1740 2893 1795 per
2911 1726 3292 1781 conscientiam
3318 1726 3509 1782 tacitus
3531 1727 3765 1797 tumuit,

2160 1832 2262 1873 nec
2296 1818 2530 1885 linguam
2565 1819 2619 1873 in
2647 1819 3045 1874 contumaciam
3080 1820 3361 1875 relaxnvit.
3399 1820 3576 1877 Stulte
3605 1824 3760 1877 enim

479 1915 610 1982 vult,
637 1916 803 1984 exigit
822 1918 964 1986 quod
989 1917 1279 1975 feneratur.
1314 1919 1415 1975 Ubi
1437 1929 1489 1975 et
1510 1917 2013 1993 bene'subjungitur
2040 1943 2056 1982 :

2179 1919 2349 1964 :ontra
2392 1910 2558 1964 Deum
2590 1909 2846 1978 loquitur,
2877 1910 2966 1979 qui
2997 1910 3139 1965 inter
3171 1912 3366 1966 divina:
3402 1913 3759 1968 animadver-

478 2005 628 2059 Sicut
677 2005 901 2062 Domino
942 2011 1157 2077 placuit,
1187 2012 1261 2064 ita
1289 2013 1483 2081 factum
1529 2022 1625 2066 est.
1674 2011 1807 2067 Cum
1835 2015 1976 2068 enim
2007 2016 2059 2070 in

480 2096 580 2150 hac
602 2097 708 2151 vita
739 2114 801 2153 ea
831 2114 951 2167 qua:
980 2100 1251 2169 nolumus,
1277 2102 1531 2170 patimur,
1563 2119 1783 2159 necesse
1813 2114 1969 2160 estut
1995 2104 2062 2160 ad

479 2204 603 2243 cum
634 2192 723 2259 qui
749 2191 1003 2260 injustutn
1031 2193 1172 2247 velle
1203 2194 1276 2248 nil
1307 2205 1508 2264 potest,
1532 2198 1705 2251 studia
1735 2207 1932 2254 nostra:
1960 2216 2059 2254 vo-

482 2278 701 2334 luntatis
730 2282 1065 2337 inclinemus.
1113 2283 1301 2352 Magna
1343 2286 1541 2356 quippe
1572 2297 1655 2342 est
1682 2290 1977 2345 consolatio
2007 2292 2061 2345 in

481 2386 550 2427 eo
576 2373 720 2442 quod
766 2376 1030 2443 displicet,
1063 2378 1206 2445 quod
1236 2377 1327 2432 illo
1356 2379 1639 2434 ordinante
1677 2396 1801 2452 erga
1831 2397 1930 2437 nos
1959 2384 2065 2453 agi-

485 2472 590 2525 tur,
619 2465 702 2519 cui
727 2468 935 2520 nonnisi
954 2467 1153 2535 justum
1181 2470 1376 2538 placet.
1420 2470 1475 2525 Si
1506 2473 1668 2539 igitur
1682 2473 1824 2541 justa
1850 2475 2063 2543 placere

486 2552 713 2606 Domino
743 2556 962 2618 scimus,
997 2558 1105 2626 pati
1146 2568 1324 2612 autem
1356 2560 1520 2628 nulla,
1566 2562 1663 2615 nisi
1694 2579 1811 2632 qua:
1835 2564 2063 2620 Domino

485 2640 807 2711 placuerint,
858 2662 1174 2715 possumus;
1200 2648 1341 2716 justa
1372 2660 1499 2705 sunt
1540 2662 1733 2706 cuncta
1761 2670 1878 2722 qua:
1927 2657 2066 2725 pati-

484 2747 625 2796 mur,
656 2743 712 2789 et
734 2736 884 2791 valde
904 2738 1157 2807 injustum
1190 2749 1290 2806 est,
1328 2742 1373 2796 si
1397 2741 1463 2797 de
1479 2743 1623 2811 justa
1654 2746 1903 2813 passione
1928 2764 2067 2802 mur-

486 2839 779 2881 mttramus.

556 2915 645 2969 32.
671 2916 921 2973 Diabolus
946 2936 1042 2975 nos
1070 2924 1391 2993 aggrediens,
1425 2924 1712 2980 humilitate
1731 2943 1791 2980 ac
1813 2930 2068 2995 patientia

486 3018 663 3063 nostra
687 3012 1002 3081 confoditur.
1026 3046 1097 3055 —
1116 3014 1223 3068 Sed
1252 3015 1378 3084 quia
1400 3025 1586 3070 orator
1616 3015 1767 3073 fortis
1795 3021 2067 3087 quomodo

486 3100 837 3155 assertionem
862 3103 1032 3171 partis
1052 3119 1162 3158 suae
1183 3114 1369 3159 contra
1394 3107 1761 3161 adversarium
1793 3109 2067 3180 allegavit,

488 3188 815 3256 audivimus;
854 3208 999 3248 nunc
1025 3195 1296 3263 quomodo
1324 3196 1375 3249 in
1405 3198 1665 3252 orationis
1702 3214 1811 3252 sua:
1840 3200 2069 3255 termino

2166 2000 2335 2054 sionis
2362 2000 2570 2068 ﬂagella
2612 2003 2840 2071 positus,
2866 2001 3161 2071 justilicare
3198 2004 3546 2074 semetipsum
3578 2022 3757 2061 cona-

2169 2099 2273 2145 tur.
2294 2090 2349 2145 Si
2381 2092 2524 2146 enim
2552 2092 2893 2147 innocentem
2917 2109 2974 2147 se
3002 2109 3246 2149 asserere
3273 2095 3505 2165 superbe
3528 2098 3759 2163 audeat,

2168 2184 2294 2252 quid
2324 2184 2465 2237 aliud
2495 2199 2655 2250 quam
2681 2184 2945 2251 justitiam
2984 2184 3223 2240 ferientis
3252 2189 3507 2241 accusat?
3534 2186 3761 2243 Uncus-

2166 2288 2273 2341 que
2320 2289 2417 2328 nos
2442 2274 2606 2327 verba
2639 2273 2877 2329 historia:
2916 2277 3296 2332 transcurrisse
3323 2278 3552 2333 sul‘liciat
3584 2296 3597 2331 :
3632 2278 3762 2347 jam

2169 2383 2312 2421 nunc
2358 2366 2426 2420 ad
2474 2365 2770 2433 indaganda
2823 2366 3093 2434 allegoria:
3142 2368 3396 2438 mysteria
3454 2367 3764 2439 expositio-

2169 2459 2253 2514 nis
2295 2474 2356 2513 se
2385 2472 2562 2513 sermo
2608 2466 2910 2513 convertat.
2944 2457 3051 2513 Sed
3080 2458 3134 2513 in
3179 2458 3283 2514 hoc
3318 2459 3462 2529 quod
3487 2460 3765 2529 scriptum

2169 2562 2251 2609 est
2296 2571 2309 2607 :

2452 2644 2678 2701 CAPUT
2699 2644 2796 2699 XX
2825 2645 2971 2717 [Vet.
2994 2645 3130 2713 XX,
3148 2646 3273 2701 Rec.
3302 2646 3454 2717 XV].

2243 2734 2407 2789 Vens.
2437 2735 2492 2789 6.
2521 2764 2593 2775 -—
2620 2734 2861 2799 Quadam
2890 2736 2973 2789 die
2999 2753 3113 2790 cum
3144 2747 3167 2776 ε
3198 2738 3449 2791 venissent
3502 2737 3604 2807 ﬁlii
3649 2735 3767 2792 Dei

2170 2842 2346 2879 coram
2382 2826 2637 2889 Domino;
2670 2826 2840 2896 adfuit
2869 2828 3003 2880 inter
3028 2843 3116 2880 eos
3136 2829 3291 2880 etiam
3321 2826 3492 2882 Satan
3520 2845 3540 2882 :

2244 2915 2332 2969 54.
2377 2915 2511 2969 Deus
2554 2924 2782 2985 tempora
2813 2916 2925 2969 siue
2963 2925 3189 2987 tempore
3224 2917 3473 2987 disponit.
3504 2950 3577 2960 —
3630 2918 3764 2973 Dis-

2172 3005 2482 3061 cuticndum
2531 3007 2678 3076 prius
2716 3014 2818 3071 est,
2866 3022 2962 3062 cur
3006 3007 3237 3077 quadam
3282 3007 3370 3062 die
3409 3006 3611 3063 factum
3655 3011 3765 3065 ali-

2173 3097 2299 3165 quid
2346 3112 2532 3151 coram
2578 3096 2806 3150 Domino
2848 3098 3077 3161 dicitur,
3122 3113 3244 3151 cum
3284 3098 3426 3169 apud
3463 3099 3615 3154 illum
3655 3117 3765 3157 ne-

2174 3202 2442 3255 quaquam
2482 3202 2672 3242 cursus
2717 3187 3010 3257 temporis,
3065 3190 3363 3244 mutatione
3404 3190 3513 3245 diei
3556 3192 3767 3247 noctis-

486 3279 718 3347 judicem
741 3283 1107 3339 benedicendo
1139 3286 1319 3341 laudet
1344 3288 1639 3343 audiamus.
1667 3291 1921 3359 Sequitur
1946 3311 1959 3346 :
1987 3294 2070 3348 Sit
2097 3298 2141 3360 c
2172 3291 2279 3344 (Ιυθ
2308 3275 2561 3329 varie“)?-
2606 3276 2791 3345 Ne‘lue
2833 3277 2974 3331 enim
3016 3278 3069 3331 ίίι
3099 3292 3161 3331 ea
3190 3278 3333 3344 ιυεθν
3360 3294 3478 3347 quin
3524 3280 3645 3335 δίηθ
3666 3296 3767 3336 ac“

489 3387 673 3424 nomen
719 3372 927 3428 Domini
956 3375 1293 3430 benedictum.
1324 3377 1464 3433 Ecce
1510 3396 1669 3434 omne
1691 3382 1833 3450 quod
1862 3392 2072 3439 rectum

489 3461 677 3521 sensit,
727 3462 936 3518 Domini
982 3467 1360 3523 benedictione
1386 3471 1681 3538 conclusit;
1728 3481 1784 3526 ut
1816 3474 1939 3529 hinc
1980 3476 2074 3530 ad-

488 3554 755 3608 versarius
775 3554 1042 3624 inspiciat,
1067 3568 1120 3611 et
1140 3559 1207 3612 ad
1238 3574 1449 3628 pmnam
1480 3577 1630 3616 suam
1653 3563 1825 3617 vietus
1854 3565 2074 3619 erubes-

488 3650 598 3706 cat,
638 3644 764 3712 quia
814 3646 927 3714 ipse
966 3647 1194 3703 Domino
1241 3662 1530 3705 contumax
1569 3654 1727 3707 etiam
1757 3655 1811 3707 in
1842 3655 2076 3710 beatitu-

485 3729 616 3787 dine
665 3733 913 3789 conditus
961 3737 1197 3804 exstitit,
1236 3740 1320 3792 cui
1371 3740 1535 3794 homo
1582 3742 1840 3813 hymnum
1890 3744 2074 3812 gloriae

488 3822 651 3877 etiam
683 3839 965 3892 percussus
985 3825 1131 3881 dicit.
1190 3827 1332 3899 [νει.
1362 3828 1505 3882 XIX
1512 3831 1550 3901 .]
1581 3830 1898 3886 Intuendum
1943 3850 2074 3889 vero

488 3922 594 3978 est,
638 3915 762 3983 quia
793 3915 959 3972 hostis
985 3934 1084 3974 nos
1110 3934 1170 3973 er
1198 3927 1278 3973 tot
1304 3936 1402 3975 nos
1425 3920 1616 3989 jaculis
1646 3925 1913 3993 percutit,
1944 3932 2077 3994 quot

489 4007 875 4063 tentationibus
923 4009 1129 4079 alliigit.
1180 4012 1428 4078 Quotidie
1464 4031 1694 4085 namque
1722 4018 1775 4071 in
1820 4018 1937 4073 acie
1965 4027 2075 4073 sta-

490 4108 630 4161 mus,
673 4100 914 4167 quotidie
943 4104 1297 4158 tentationmn
1330 4105 1444 4174 ejus
1474 4107 1576 4160 tela
1619 4109 1934 4178 excipimus.
1968 4108 2076 4163 Sed

489 4194 547 4241 et
591 4203 689 4242 nos
718 4199 905 4244 contra
934 4192 1078 4245 illum
1120 4193 1298 4261 jacula
1329 4196 1608 4262 mittimus,
1641 4197 1684 4251 si
1713 4199 1945 4253 confossi
1976 4200 2075 4253 tri-

489 4275 874 4343 bulationibus,
900 4282 1119 4337 humilia
1142 4286 1549 4354 respondemus.
1577 4287 1776 4342 Beatus
1798 4289 1958 4356 igitur
1976 4287 2078 4345 Job

492 4380 782 4434 percussus
809 4369 1004 4424 damno
1045 4387 1247 4438 rerum,
1279 4368 1564 4443 percussus
1614 4385 1790 4431 morte
1820 4378 2077 4445 ﬁliorum,

492 4458 619 4526 quia
642 4460 748 4511 vim
779 4459 985 4516 doloris
1009 4468 1169 4517 vertit
1198 4467 1251 4519 in
1280 4466 1490 4521 laudem
1516 4468 1829 4533 conditoris,
1864 4471 1967 4541 52
1993 4472 2078 4526 di-

494 4564 655 4604 cens:
682 4548 934 4605 Dominus
960 4553 1121 4619 dedit,
1143 4554 1397 4609 Dominus
1427 4557 1668 4622 abstulit;
1699 4558 1831 4612 sicut
1855 4560 2077 4616 Domino

495 4638 709 4708 placuit,
741 4640 815 4693 ita
837 4642 1031 4711 factum
1051 4654 1155 4709 est;
1186 4646 1253 4698 sit
1276 4662 1461 4699 nomen
1486 4645 1694 4702 Domini
1719 4648 2071 4717 benedictum;
2103 4663 2153 4724 ι)

495 4729 785 4800 superbum
824 4732 1031 4787 hostem
1063 4733 1365 4791 humilitate
1394 4738 1643 4806 perculit,
1672 4740 1944 4796 crudelem
1975 4757 2074 4810 pa-

495 4820 681 4874 tientia
728 4823 937 4877 stravit;
969 4822 1078 4879 Nec
1123 4827 1429 4895 credamus,
1460 4828 1603 4898 quod
1635 4830 1864 4886 bellator
1892 4841 2076 4887 noster

493 4912 705 4981 accepit
726 4913 966 4979 vulnera,
998 4922 1053 4969 et
1075 4932 1182 4970 non
1208 4915 1418 4973 inﬂixit.
1447 4918 1591 4985 Quot
1618 4920 1760 4973 enim
1792 4936 1953 4975 voces
1980 4936 2076 4992 pa-

496 5003 697 5058 tientiae
727 5005 778 5058 in
803 5005 895 5060 Dei
919 5004 1126 5062 laudem
1152 5025 1435 5078 percussus
1462 5012 1712 5081 reddidit,
1736 5015 1887 5082 quasi
1913 5022 1992 5068 tot
2022 5016 2074 5070 in

494 5092 786 5148 adversarii
842 5106 1062 5165 pectore
1100 5099 1275 5168 jacula
1327 5101 1557 5167 intorsit,
1603 5112 1658 5157 et
1685 5104 1892 5158 acriora
1920 5107 2078 5162 valde

494 5196 656 5250 quam
700 5186 952 5242 sustinuit
982 5199 1006 5227 η
1040 5190 1229 5246 inlisit.
1263 5192 1505 5247 Alllictus
1533 5193 1676 5247 enim
1709 5202 1921 5248 terrena
1959 5212 2081 5264 per-

496 5273 662 5340 didit,
704 5276 799 5330 sed
837 5276 1183 5335 aﬂlictionem
1228 5282 1500 5337 humiliter
1528 5283 1799 5339 sustinens
1840 5284 2078 5340 cmlestia

495 5366 892 5437 multiplicavit.
923 5371 1214 5443 Sequitur:

572 5531 596 5599 ἐ
625 5522 720 5599 Sig
751 5525 878 5599 Mss.
908 5526 1085 5599 Regii,
1133 5526 1321 5593 Corb.,
1364 5529 1569 5595 Germ.,
1601 5529 1863 5599 Colbert.,
1890 5546 2077 5589 emen-

496 5588 656 5669 datus
676 5592 838 5669 Uti_c.,
868 5588 1270 5669 aliique'Norm.
1307 5588 1443 5653 Editi
1475 5588 1623 5665 vero,
1652 5588 1865 5669 inﬂixit:

572 5660 597 5698 ι’
641 5663 697 5716 In
877 5660 1064 5741 Gildu,
1104 5671 1292 5741 Vatic.,
1323 5669 1565 5741 Qussanv
1595 5660 1829 5737 ,qu'ibus
1876 5675 2083 5741 pmivit

497 5729 555 5784 Ct
580 5748 652 5805 c.,
678 5735 889 5805 additur
917 5729 1067 5792 labiis
1088 5740 1215 5802 suis,
1240 5729 1292 5791 in
1324 5739 1449 5793 Mss.
1480 5729 1830 5805 incognitum.

575 5814 593 5835 ί
632 5803 649 5854 Ι
691 5801 911 5879 _\_’_im|oc.
954 5816 1008 5859 et
1050 5801 1238 5879 (30th.,
1267 5808 1485 5879 Cornu.
1506 5801 1728 5879 quadam
1749 5811 1834 5862 die
1860 5828 1975 5866 cum
1995 5832 2077 5867 es-

500 5882 612 5927 unt
641 5873 740 5941 ﬁlii
770 5872 870 5929 Dei
920 5890 1093 5930 coram
1132 5874 1374 5933 Domino.
1429 5872 1597 5945 Altcr,
1654 5883 1809 5949 quad.
1844 5882 1926 5936 dic
1964 5901 2079 5939 cum

2175 3381 2331 3421 cessa
2364 3382 2428 3421 ea
2462 3381 2580 3434 qua:
2618 3367 2766 3435 eligit
2798 3367 3044 3433 illustrat,
3078 3377 3133 3422 et
3160 3368 3276 3422 sine
3304 3384 3520 3425 recessu
3550 3386 3615 3425 ea
3636 3386 3766 3441 quas

2175 3458 2378 3527 respuit
2406 3457 2624 3524 deserit,
2661 3459 2901 3514 defectus
2940 3460 3311 3515 mutabilitatis
3341 3463 3519 3525 venit;
3555 3465 3682 3533 quia
3708 3466 3773 3518 in

2174 3550 2461 3618 semetipsa
2504 3550 2769 3604 manendo
2821 3550 3197 3616 immutabilis,
3231 3552 3505 3606 mutabilia
3563 3563 3763 3609 cuncta

2176 3639 2443 3708 disponit;
2475 3640 2658 3708 sicque
2688 3640 2740 3693 in
2770 3656 2828 3696 se
2874 3644 3203 3696 transeuntia
3235 3644 3497 3711 condidit,
3532 3657 3587 3698 ut
3614 3646 3763 3713 apud

2176 3743 2236 3783 se
2275 3730 2504 3785 transire
2534 3745 2871 3799 nequaquam
2895 3732 3129 3801 possint;
3162 3748 3262 3788 nec
3297 3744 3505 3804 tempus
3538 3739 3685 3789 intus
3712 3738 3764 3790 in

2176 3830 2467 3889 conspectu
2496 3820 2611 3891 ejus
2639 3822 2844 3888 deﬂuit,
2872 3824 3015 3893 quod
3038 3825 3179 3894 apud
3208 3843 3306 3881 nos
3336 3828 3481 3881 foras
3500 3828 3762 3883 decurrit.

2178 3910 2329 3966 Unde
2356 3912 2415 3966 lit
2444 3920 2503 3966 ut
2531 3914 2585 3967 in
2615 3916 2919 3971 :cternitate
2960 3916 3077 3985 ejus
3125 3916 3226 3971 ltxa
3255 3927 3507 3973 maneant
3546 3935 3609 3975 ca
3640 3934 3765 3990 quae

2176 4017 2285 4056 non
2315 4003 2419 4057 lixa
2449 4004 2685 4059 exterius
2712 4005 3028 4059 szeculorum
3052 4008 3324 4062 volumina
3349 4019 3623 4065 emanant.
3656 4012 3764 4065 Cur

2177 4105 2306 4160 ergo
2327 4093 2467 4161 apud
2489 4109 2610 4147 eum
2634 4094 2847 4163 dicitur,
2874 4096 3109 4160 Quadam
3132 4099 3233 4163 die,
3259 4099 3346 4152 cui
3374 4100 3622 4154 nimirum
3648 4102 3766 4158 dies

2178 4197 2283 4237 una
2330 4193 2414 4239 est
2468 4188 2741 4241 aeternitas
2787 4189 2924 4243 sua?
2971 4205 3129 4257 quam
3182 4191 3432 4246 videlicet
3488 4208 3590 4248 nec
3657 4196 3764 4250 line

2178 4273 2371 4340 claudi,
2406 4291 2505 4330 nec
2534 4276 2685 4331 initio
2716 4277 2846 4332 vidit
2875 4280 3071 4349 aperiri
3102 4279 3404 4350 Psahnista,
3436 4300 3558 4338 cum
3589 4285 3720 4340 dicit
3752 4305 3763 4340 :

2181 4364 2369 4420 Melior
2402 4377 2478 4421 est
2509 4368 2619 4423 dies
2659 4387 2764 4424 una
2792 4371 2846 4425 in
2888 4374 3035 4427 atriis
3063 4376 3164 4429 tuis
3199 4391 3352 4446 super
3376 4378 3543 4431 millia
3588 4378 3761 4446 (l’sal.

2180 4473 2402 4523 Lxxxtu,
2432 4457 2541 4528 11).

2251 4545 2338 4601 55.
2370 4548 2613 4603 Assuetos
2645 4551 3009 4621 temporalibus
3046 4558 3238 4609 sensim
3276 4557 3346 4611 ad
3372 4566 3571 4613 (eterna
3598 4559 3764 4614 dedu-

2179 4639 2267 4692 cit.
2297 4670 2368 4681 —
2387 4639 2492 4693 Sed
2511 4655 2633 4694 cum
2662 4640 2935 4711 Scriptura
2964 4661 3116 4699 sacra
3146 4648 3169 4683 ἀ
3208 4650 3580 4718 tcmporaliter
3609 4653 3767 4709 editis

2183 4730 2442 4800 loquitur,
2472 4731 2688 4801 dignum
2718 4744 2802 4790 est
2832 4743 2890 4789 ut
2918 4738 3096 4792 verbis
3142 4741 3530 4810 temporalibus
3558 4752 3760 4809 utatur,

2182 4830 2446 4890 quatenus
2476 4824 2959 4883 condescendendo
2990 4828 3158 4897 levet;
3198 4840 3254 4886 et
3280 4833 3407 4887 dum
3437 4826 3505 4888 de
3548 4837 3741 4890 :eterni

2184 4922 2297 4969 tate
2317 4915 2517 4984 aliquid
2540 4919 2911 4987 temporaliter
2933 4929 3139 4988 narrat,
3172 4934 3419 4979 assuetos
3448 4930 3757 4997 temporali-

2182 5004 2282 5059 bus
2310 5006 2509 5061 sensim
2555 5008 2623 5062 ad
2665 5016 2866 5063 aeterna
2896 5014 3155 5081 trajiciat;
3195 5030 3361 5085 seque
3384 5016 3525 5072 bene
3569 5021 3766 5076 nostris

2181 5096 2451 5150 tuentibus
2490 5100 2763 5155 teternitas
2806 5101 3095 5172 incognita,
3142 5104 3270 5160 dum
3315 5109 3488 5163 verbis
3535 5113 3763 5179 cognitis

2179 5186 2472 5256 blanditur,
2502 5188 2762 5246 infundat.
2795 5186 2931 5259 Q‘uid
2960 5206 3140 5250 autem
3179 5198 3394 5261 mirum,
3425 5200 3469 5253 si
3512 5200 3567 5255 in
3610 5218 3763 5257 sacro

2176 5277 2393 5347 eloquio
2422 5280 3015 5339 incommutabilitatem
3052 5302 3205 5342 suam
3254 5288 3396 5344 Deus
3422 5300 3765 5362 prazpropere

2098 5391 2103 5395 -
2178 5369 2425 5426 humana:
2453 5374 2619 5429 menti
2656 5389 2765 5429 non
2793 5378 3001 5447 aperit;
3029 5381 3246 5447 quando
3269 5389 3323 5435 et
3352 5384 3763 5438 resurrectionis

2183 5526 2503 5581 assisterent.
2558 5526 2781 5597 Rbem.,
2821 5530 3066 5602 llemig.,
3099 5532 3387 5601 German.,
3437 5553 3555 5591 cum
3602 5538 3763 5593 venis-

2181 5608 2315 5652 sent.

2256 5666 2529 5740 djkcusi,
2559 5668 2623 5723 de
2642 5672 2914 5740 temperat.
2946 5671 3275 5730 Emendandi
3306 5690 3371 5730 ex
3402 5675 3533 5733 Mss.
3565 5686 3621 5732 et
3646 5694 3759 5733 sano

2181 5739 2253 5794 cli
2284 5735 2526 5805 Gregorii
2547 5755 2714 5809 scopo
2730 5735 2753 5803 ;’
2774 5758 2953 5797 sermo
2981 5747 3181 5816 quippe
3201 5756 3285 5800 est
3309 5749 3378 5800 de
3406 5749 3646 5813 mternis,
3671 5751 3757 5803 sed

2181 5826 2301 5878 quae
2344 5821 2836 5931 noi;_assequantur
2866 5816 3249 5885 temporalibus
3277 5820 3500 5886 assueti,
3532 5821 3637 5876 nisi
3665 5820 3767 5892 per

2184 5894 2426 5931 ιειιιυοῐίι
2452 5895 2520 5931 1a.

2184 5894 2520 5949 temporalia.
