3976 6302
190 377 293 433 573

1142 381 1497 438 ΜοιιΑιιυΜ
1539 382 1666 437 LIB.
1708 382 1771 438 ll.
1801 405 1874 425 —
1911 381 1976 436 ΙΝ
2019 381 2170 438 CAP.
2214 385 2229 439 1
2274 385 2331 438 Β.
2372 385 2508 440 JOD.

3345 396 3449 452 5Ἷὸ

186 509 299 549 sua:
327 495 667 549 solemnitate
694 494 986 558 celebrata,
1016 496 1334 565 quibusdam
1355 497 1764 566 provectionum
1801 501 1846 557 Α
1871 496 2093 566 exsequi
2133 499 2528 566 reprobationis
2576 512 2818 562 conatur.
2866 505 3029 578 [Rea
3051 504 3103 559 Χ
3118 506 3245 579 γλ]
3296 507 3449 563 Unde

186 588 492 643 accessibus
534 588 795 650 innotuit,
841 588 1299 657 incorruptionem
1329 589 1595 657 corporis,
1625 587 1769 656 quod

185 680 510 748 reSumpsit?
540 679 681 734 Luca
706 681 906 749 quippe
927 688 1217 736 attestante
1247 679 1396 750 (Luc.
1428 697 1575 747 xxiv,
1603 679 1657 749 4)
1684 679 1765 732 di-

187 770 417 824 dicimus
441 757 583 838 quod
621 770 941 839 quibusdam
979 785 1039 827 se
1066 771 1119 826 in
1145 780 1498 826 monumento
1526 786 1767 839 qumren-

186 861 331 915 tibus
352 862 494 930 prius
511 861 726 929 angelos
752 862 923 927 misit;
952 870 1008 917 et
1028 878 1238 917 rursum
1269 864 1371 934 53
1401 862 1673 930 discipulis
1699 860 1769 916 de

184 966 248 1007 se
275 951 328 1005 lu
370 952 453 1005 via
483 951 824 1021 loquentibus
854 954 968 1023 ipse
996 954 1235 1022 quidem,
1277 954 1369 1007 sed
1400 970 1504 1008 non
1535 966 1766 1019 cognos-

184 1040 389 1095 cendus
418 1043 666 1110 apparuit
712 1042 896 1111 (Ibid.,
944 1043 1054 1109 15),
1087 1045 1175 1112 qui
1209 1051 1329 1113 post
1372 1040 1768 1096 exhortationis

184 1145 386 1196 moras,
433 1134 867 1200 cognoscendum
914 1149 974 1189 se
1024 1134 1077 1188 in
1122 1135 1275 1204 panis
1303 1132 1564 1187 fractione
1612 1147 1768 1186 mon-

183 1222 408 1287 stravit;
459 1222 525 1277 ad
554 1233 851 1278 extremum
883 1239 1010 1278 vero
1039 1232 1261 1293 repente
1293 1223 1612 1292 ingrediens,
1659 1237 1767 1276 non

181 1310 359 1364 solum
388 1328 448 1367 se
486 1298 925 1381 cognoscibilem,
955 1314 1048 1371 sed
1076 1315 1235 1369 etiam
1271 1314 1594 1384 palpabilem
1626 1328 1766 1383 pra!-

181 1401 321 1455 btiit.
356 1402 489 1469 Quia
512 1406 654 1459 enim
678 1404 883 1459 inlirma
916 1405 1089 1460 adhuc
1116 1406 1399 1474 gestabant
1423 1405 1587 1459 corda
1609 1405 1768 1460 disci-

178 1491 319 1559 puli,
370 1494 423 1546 iu
472 1495 778 1563 cognitione
809 1496 939 1549 tanti
969 1496 1208 1566 mysterii
1240 1506 1263 1532 α
1296 1496 1397 1549 ista
1426 1494 1637 1550 fuerant
1660 1495 1770 1549 dis-

178 1586 509 1651 pensatione
536 1588 822 1652 nutriendi,
858 1596 914 1642 ut
940 1588 1211 1658 paulisper
1238 1588 1435 1657 aliquid
1466 1598 1770 1658 quaarentes

178 1674 528 1741 inveni'cnt;
576 1680 911 1732 invenientes
959 1687 1303 1743 crescerent,
1353 1686 1408 1733 et
1461 1688 1770 1734 crescentes

177 1763 401 1830 cognita
432 1765 704 1820 robustius
732 1774 996 1820 tenerent.
1026 1766 1161 1832 Quia
1202 1767 1362 1836 igitur
1391 1784 1497 1823 nou
1521 1777 1767 1837 repente,

1867 585 2008 640 bene
2051 589 2104 641 in
2145 588 2294 643 libris
2336 589 2539 660 Regum
2577 608 2673 662 per
2691 596 3008 664 prophetam
3037 599 3271 653 dicitur:
3326 600 3448 654 Vidi

1870 675 2145 732 Dominum
2174 682 2428 735 sedentem
2468 701 2620 754 super
2646 687 2831 741 solium
2860 705 3036 755 suum,
3079 701 3126 744 et
3168 695 3448 746 exercitum

1867 768 1981 822 caeli
2001 786 2033 821 a
2055 771 2251 825 dextris
2277 784 2324 825 et
2351 775 2575 829 sinistris
2613 779 2747 847 ejus,
2777 790 2827 832 et
2853 782 3043 835 dictum
3070 793 3146 835 est
3188 801 3206 837 :
3250 784 3312 837 In
3350 803 3450 855 quo

1867 860 2119 927 decipiam
2148 874 2167 898 ε
2195 863 2388 927 Achab,
2421 875 2476 918 ut
2500 869 2745 921 ascendat
2764 880 2811 923 et
2837 873 2992 925 cadat
3014 874 3067 927 in
3096 873 3318 929 Ramotl:
3341 876 3453 930 Ga-

1872 948 2060 1001 luatlt?
2102 948 2171 1001 Et
2201 953 2332 1005 dixit
2362 955 2496 1008 alius
2527 958 2629 1021 ita,
2673 968 2721 1011 et
2761 961 2894 1015 alius
2922 963 3091 1017 aliter.
3126 964 3194 1018 Et
3219 983 3453 1033 egressus

1865 1046 1944 1089 est
1970 1055 2122 1103 unus,
2146 1050 2193 1091 et
2214 1041 2343 1093 dixit
2368 1059 2385 1094 :
2409 1043 2521 1113 Ego
2542 1047 2794 1115 decipiam
2815 1052 3011 1107 Achab.
3038 1053 3102 1106 Et
3125 1057 3318 1110 dictum
3333 1067 3409 1112 est
3430 1075 3451 1113 .'

1866 1124 1933 1180 In
1962 1144 2060 1197 quo
2090 1130 2346 1197 decipies?
2377 1129 2474 1194 Qui
2504 1137 2801 1204 respondit,
2841 1141 3018 1195 dicens
3046 1160 3063 1196 :
3097 1144 3372 1214 Egredior,
3405 1157 3454 1200 et

1866 1234 1953 1271 ero
1985 1217 2212 1285 Spiritus
2242 1223 2466 1276 mendax
2493 1224 2543 1277 in
2577 1242 2665 1279 ore
2692 1244 2920 1283 omnium
2948 1237 3313 1299 prophetarum
3342 1241 3453 1309 ejus

1869 1305 2004 1378 (III
2031 1306 2159 1378 Reg.
2203 1327 2336 1378 xxu,
2372 1312 2436 1366 l9
2457 1317 2614 1385 seq.).
2652 1319 2785 1383 Quid
2809 1321 2949 1374 enim
2981 1323 3173 1378 solium
3203 1305 3411 1382 Domini
3435 1370 3451 1393 ,

1867 1398 1966 1451 nisi
1993 1400 2262 1467 angelicas
2284 1412 2579 1470 potestates
2598 1408 2910 1476 accipimus,
2935 1428 3159 1480 quarum
3182 1417 3453 1470 mentibus

1868 1488 2029 1542 altius
2076 1491 2395 1558 prmsidens,
2442 1494 2664 1551 inferius
2694 1509 2886 1553 cuncta
2922 1501 3198 1571 disponit?
3236 1504 3299 1559 Et
3325 1507 3454 1574 quid

1869 1578 2138 1633 exercitus
2166 1580 2309 1644 εαξη,
2344 1582 2442 1635 nisi
2473 1585 2888 1642 ministrantium
2922 1592 3236 1658 angelorum
3270 1597 3453 1649 multi-

1870 1667 1999 1721 tudo
2027 1667 2385 1727 describitur?
2414 1673 2550 1739 Quid
2582 1685 2663 1730 cst
2691 1691 2842 1746 ergo,
2871 1682 3015 1748 quod
3045 1685 3311 1739 exercitus
3330 1686 3452 1741 cmli

1870 1770 1900 1808 a
1940 1755 2144 1811 dextris
2192 1770 2248 1814 et
2295 1762 2526 1817 sinistris
2568 1764 2683 1832 ejus
2736 1775 2880 1822 stare
2921 1770 3268 1838 perhibetur?
3317 1774 3455 1830 Deus

178 1851 278 1904 sed
309 1868 593 1906 causarum
621 1855 1014 1923 verborumque
1038 1856 1402 1922 incrementis,
1451 1859 1602 1927 quasi
1646 1857 1766 1926 qui-
1800 1849 1844 1909 Β
1872 1845 2033 1911 enim.
2067 1847 2173 1919 54
2201 1852 2291 1919 qui
2321 1851 2392 1905 ita
2424 1861 2507 1907 est
2534 1854 2671 1909 intra
2703 1859 2905 1927 omnia,
2937 1867 2994 1913 ut
3021 1861 3198 1915 etiam‘
3214 1863 3283 1917 sit
3303 1872 3453 1917 extra

178 1943 407 2001 busdam
434 1947 500 2000 ad
517 1949 869 2002 mteruitatem
902 1950 1144 2019 passibus
1168 1950 1431 2017 ducimur,
1463 1953 1607 2006 intus
1628 1951 1771 2021 apud

179 2053 310 2092 eum
335 2040 562 2107 quadam
585 2039 673 2094 die
694 2041 891 2111 aliquid
915 2041 1112 2096 factum
1136 2044 1348 2111 dicitur,
1379 2045 1471 2114 qui
1498 2045 1614 2116 ipsa
1636 2060 1774 2115 quo-

180 2143 293 2198 que
323 2137 562 2199 tempora
592 2130 707 2185 sine
736 2140 978 2200 tempore
1006 2144 1312 2189 contuetur.

260 2220 403 2295 [Vet.
434 2219 541 2273 XX
545 2220 620 2291 1.}
653 2220 740 2276 56.
773 2220 840 2276 In
862 2223 972 2277 luce
999 2225 1232 2280 tenebras
1262 2226 1415 2281 videt.
1446 2259 1516 2271 --
1540 2226 1621 2281 Au
1645 2225 1770 2297 quia

181 2314 350 2368 etiam
376 2312 539 2367 Satan
573 2313 765 2379 adfuit,
802 2316 927 2369 dum
956 2317 1185 2385 quadam
1214 2318 1300 2373 die
1327 2322 1433 2374 hoc
1460 2319 1656 2375 factum
1686 2321 1771 2375 di-

181 2406 362 2475 citur,
405 2406 644 2461 iudicare
683 2423 836 2462 sacra
871 2408 1147 2478 Scriptura
1177 2410 1381 2466 studuit
1407 2412 1531 2480 quia
1560 2412 1613 2467 in
1650 2412 1771 2467 luce

182 2495 333 2550 Deus
359 2495 607 2551 tenebras
636 2496 801 2550 vidit?
828 2496 934 2551 Nos
962 2499 1159 2567 quippe
1188 2514 1296 2553 uno
1324 2500 1622 2568 eodemque
1642 2515 1773 2554 con-

183 2588 330 2641 tuitu
361 2588 532 2641 lucem
562 2596 617 2642 et
646 2589 896 2642 tenebras
924 2589 1121 2644 intueri
1152 2606 1258 2643 non
1289 2606 1571 2659 possumus
1602 2608 1613 2643 :
1646 2592 1771 2659 quia

182 2693 313 2732 cum
346 2677 397 2731 in
426 2678 675 2732 tenebras
708 2678 898 2733 oculus
939 2678 1147 2747 ligitur,
1179 2680 1270 2733 lux
1299 2680 1539 2747 fugatur;
1568 2688 1624 2735 et
1651 2696 1771 2735 cum

184 2768 259 2821 ad
289 2767 424 2822 lucis
449 2782 509 2822 se
536 2768 962 2823 coruscationem
994 2771 1249 2839 verterit,
1289 2771 1627 2825 tenebrarum
1656 2786 1773 2825 um-

185 2860 289 2914 bra
336 2859 585 2914 discedit.
624 2859 715 2913 Illa
746 2868 925 2913 autem
954 2861 1067 2927 vis,
1110 2876 1229 2929 qua:
1256 2869 1448 2915 cuncta
1497 2862 1773 2916 mutabilia

186 2952 601 3007 immutabiliter
626 2951 792 3019 videt,
819 2952 968 3021 quasi
994 2952 1045 3005 in
1073 2952 1158 3006 die
1180 2953 1229 3007 ei
1252 2952 1415 3007 Satan
1439 2951 1625 3018 adfuit,
1649 2953 1774 3021 quia

186 3047 455 3109 apostatre
471 3040 642 3109 angeli
665 3042 916 3096 tenebras
935 3042 1049 3096 sine
1072 3042 1396 3098 obscuritate
1418 3044 1774 3113 comprehen-

188 3131 294 3184 dit.
328 3130 470 3195 Nos,
496 3138 554 3185 ut
582 3130 781 3185 dictum
818 3140 927 3196 est,
960 3148 1067 3185 uno
1096 3131 1396 3201 eodemque
1425 3133 1617 3187 intuitu
1644 3150 1775 3188 con-

1874 1939 2072 2003 omuia,
2123 1955 2224 1995 nec
2274 1942 2481 2007 dextra,
2534 1962 2634 2002 nec
2678 1949 2893 2004 sinistra
2942 1952 3297 2007 concluditur.
3347 1955 3453 2009 Sed

1873 2024 2061 2081 dextra
2094 2028 2214 2095 Dei,
2267 2033 2580 2102 angelorum
2624 2053 2750 2106 pars
2777 2040 2982 2105 electa;
3030 2043 3245 2097 sinistra
3276 2054 3455 2100 autem

1874 2118 2008 2183 Dei,
2053 2136 2176 2189 pars
2205 2126 2518 2191 angelorum
2548 2132 2778 2199 reproba
2808 2132 3134 2201 designatur.
3167 2135 3282 2190 Non
3314 2138 3456 2191 enim

1873 2207 2182 2262 ministrant
2221 2210 2333 2265 Deo
2359 2213 2698 2273 solummodo
2738 2219 2884 2284 boni,
2917 2222 3007 2291 qui
3048 2222 3331 2291 adjuvent;
3361 2225 3456 2280 sed

1876 2297 2041 2352 etiam
2082 2299 2229 2362 mali,
2263 2298 2289 2336 ά
2329 2302 2421 2370 qui
2452 2304 2710 2371 probent;
2745 2322 2854 2361 non
2888 2309 3063 2363 solum
3091 2312 3182 2381 qui
3222 2329 3254 2365 a
3301 2314 3458 2383 culpa

1870 2388 2163 2444 redeuntes
2190 2390 2507 2458 sublevent,
2556 2394 2652 2447 sed
2681 2395 2844 2450 etiam
2871 2398 2963 2465 qui
3004 2399 3179 2455 redire
3214 2401 3459 2457 nolentes

1874 2488 2120 2546 gravent.
2150 2480 2261 2536 Nec
2288 2483 2431 2550 quod
2459 2484 2579 2538 (εωιί
2605 2488 2873 2541 exercitus
2898 2488 3113 2557 dicitur,
3143 2491 3457 2559 angelorum

1873 2585 2000 2639 pars
2040 2573 2270 2641 reproba
2308 2576 2363 2628 in
2404 2590 2470 2630 eo
2500 2577 2722 2646 intelligi
2752 2596 2909 2649 posse
2939 2583 3273 2651 prohibetur.
3315 2583 3460 2650 Quas

1873 2664 2015 2718 enim
2039 2667 2291 2737 suspendi
2324 2668 2375 2722 in
2419 2684 2545 2725 aere
2591 2687 2868 2739 novimus,
2899 2690 3025 2728 aves
3053 2675 3176 2729 caeli
3208 2677 3450 2729 nomina.

1875 2769 2012 2809 mus.
2062 2755 2130 2809 Et
2156 2756 2223 2811 de
2264 2758 2466 2813 eisdem
2495 2762 2768 2829 spiritibus
2809 2762 3007 2818 Paulus
3035 2765 3163 2819 dicit
3205 2782 3219 2822 :
3267 2765 3461 2819 Contra

1874 2845 2144 2912 spiritalia
2172 2849 2411 2917 nequitia:
2440 2850 2495 2903 in
2524 2852 2804 2905 cwlestibus
2828 2853 3045 2921 (Ep/tes.
3074 2872 3148 2921 vt,
3181 2855 3287 2925 12).
3316 2854 3461 2921 Quo-

1874 2950 1993 2988 rum
2022 2946 2184 3005 caput
2222 2939 2509 2995 enuntians
2529 2982 2544 3007 ,
2575 2942 2651 2995 ait
2682 2960 2695 2995 :
2729 2943 3026 2998 Secundum
3054 2948 3335 3017 principem
3365 2963 3460 3015 po-

1876 3029 2073 3082 testatis
2095 3031 2227 3083 aeris
2255 3031 2367 3100 ejus
2398 3031 2616 3104 (Ephes.
2647 3050 2703 3099 u,
2729 3034 2807 3104 9.).
2841 3036 2886 3088 A
2909 3037 3099 3090 dextra
3129 3051 3257 3105 ergo
3285 3037 3376 3090 Dei
3404 3044 3460 3090 et

1876 3117 2093 3172 sinistra
2134 3121 2446 3187 angelorum
2485 3125 2756 3179 exercitus
2792 3134 2900 3179 stat
2937 3143 2951 3180 :
2982 3128 3105 3196 quia
3132 3137 3186 3180 et
3214 3128 3461 3181 voluntas

191 3224 449 3293 templari
474 3240 577 3278 non
600 3239 903 3293 possumus,
927 3234 982 3291 et
1002 3240 1120 3294 qum
1141 3228 1488 3297 approbando
1511 3229 1777 3297 eligimus,
1807 3206 1852 3268 C
1885 3209 2181 3263 electorum
2207 3211 2487 3281 spirituum
2510 3213 2699 3269 divinm
2729 3217 2914 3285 pietati
2944 3218 3269 3282 concordat;
3301 3226 3356 3272 et
3379 3235 3460 3273 re-

190 3324 251 3367 et
274 3329 396 3382 qum
419 3315 755 3383 reprobando
770 3315 1118 3371 damnamus:
1141 3319 1265 3387 quia
1287 3334 1406 3372 cum
1422 3318 1489 3374 ad
1510 3320 1651 3375 hanc
1671 3325 1785 3375 ani-

192 3421 320 3457 mus
342 3405 587 3470 vertitur,
615 3407 682 3461 ab
705 3406 794 3461 illa
818 3407 1144 3475 cogitatione
1170 3424 1485 3478 separatur;
1511 3427 1632 3467 cum
1653 3427 1784 3468 vero

194 3495 267 3549 ad
297 3496 441 3548 illam
464 3495 755 3563 reducitur,
788 3498 855 3551 ab
886 3498 987 3553 hac
1010 3500 1095 3553 cui
1123 3499 1332 3555 inhaesit
1360 3510 1690 3557 removetur.

271 3585 364 3639 57.
408 3584 622 3638 Diversa
669 3586 918 3640 ordinans
966 3604 1068 3641 non
1106 3598 1184 3642 est
1230 3589 1478 3644 diversus.
1527 3623 1600 3633 —-
1647 3591 1790 3648 Deus

196 3689 364 3738 vero,
409 3676 533 3744 quia
572 3674 689 3729 sine
718 3666 1072 3732 mutabilitate
1108 3678 1268 3733 simul
1308 3689 1496 3735 cuncta
1538 3682 1785 3751 respicit,

197 3764 322 3818 sine
342 3762 668 3817 distentione
688 3764 1116 3833 comprehendit,
1142 3767 1391 3823 videlicet
1418 3777 1472 3824 et
1500 3769 1642 3823 bona
1668 3785 1789 3839 qua:

194 3851 374 3921 juvat,
405 3860 459 3906 et
479 3853 617 3906 mala
640 3869 757 3923 qua:
776 3853 997 3920 judicat,
1032 3865 1087 3910 et
1106 3872 1225 3925 qua:
1247 3858 1429 3926 adjuta
1456 3868 1784 3926 remunerat,

198 3949 259 3997 et
284 3956 405 4011 qum
432 3941 671 4009 judicans
697 3942 947 4009 damnat,
982 3945 1033 3999 in
1064 3946 1146 4000 his
1169 3945 1197 3984 δ
1221 3963 1339 4017 quzc
1367 3947 1581 4003 diverso
1606 3948 1791 4021 dispo-

200 4034 283 4085 nit
313 4032 522 4098 ordine,
552 4033 796 4090 diversus
820 4051 925 4090 non
956 4045 1054 4091 est.
1084 4035 1141 4091 ln
1172 4036 1257 4092 die
1278 4051 1407 4105 ergo
1434 4040 1482 4094 ei
1510 4038 1670 4094 Satan
1695 4040 1791 4096 ad-

196 4120 368 4176 fuisse
407 4123 757 4188 describitur,
791 4127 913 4194 quia
946 4127 1124 4181 lumen
1151 4130 1470 4184 :cternitatis
1499 4130 1613 4199 ejus
1643 4132 1789 4188 nulla

198 4215 577 4269 mutabilitatis
606 4216 902 4272 fuscatione
932 4220 1194 4287 tangitur;
1228 4227 1283 4273 et
1313 4220 1364 4274 in
1395 4221 1531 4287 hoc,
1565 4224 1707 4291 quod
1736 4223 1788 4279 ei
1839 4226 1842 4230 ’

200 4308 442 4362 tenebrae
472 4319 762 4377 prmsentes
792 4310 921 4364 liunt
941 4350 956 4374 ,
989 4311 1220 4367 adfuisse
1248 4312 1389 4368 inter
1418 4313 1554 4369 ﬁlios
1582 4316 1678 4371 Dei
1707 4317 1789 4370 di~

198 4404 344 4457 citur
387 4419 400 4454 :
444 4402 567 4471 quia
595 4419 656 4457 ea
688 4405 739 4457 vi
764 4404 983 4473 justitiae
1011 4406 1316 4464 immundus
1353 4409 1574 4478 spiritus
1616 4426 1786 4482 pene-

204 4501 409 4556 tratur,
460 4508 563 4560 qua
614 4494 863 4551 videlicet
920 4499 1237 4551 mundorum
1292 4500 1574 4569 spirituum
1622 4504 1787 4559 corda

1887 3298 2183 3368 proborum
2214 3315 2403 3357 sensus
2442 3319 2552 3358 sua:
2579 3306 2795 3360 malitia:
2821 3310 3093 3373 serviens,
3152 3309 3352 3377 judicio
3381 3310 3462 3364 di-

1887 3388 2182 3445 strictionis
2197 3392 2679 3463 ejusobtemperat.
2702 3395 2852 3452 Unde
2870 3407 2925 3451 et
2938 3414 3061 3452 mox
3080 3400 3236 3453 fallax
3252 3402 3465 3471 spiritus

1888 3481 1943 3535 in
1980 3482 2215 3537 medium
2258 3486 2550 3554 prosiliisse
2577 3488 2928 3557 describitur,
2973 3506 3068 3560 per
3096 3508 3253 3561 quem
3283 3493 3465 3547 Achab

1888 3590 2005 3643 rex,
2036 3579 2370 3647 exigentibus
2389 3581 2500 3637 suis
2521 3583 2750 3651 meritis,
2771 3585 3093 3655 decipiatur.
3120 3588 3302 3657 Neque
3323 3590 3464 3644 enim

1890 3665 1970 3722 fas
1990 3676 2074 3721 est
2096 3669 2317 3726 credere
2339 3672 2541 3728 bonum
2564 3675 2812 3744 spiritum
2833 3676 3057 3733 fallaciae
3078 3680 3348 3735 deservire
3371 3699 3463 3737 vo-

1890 3755 2073 3822 luisse,
2102 3764 2159 3811 ut
2187 3759 2391 3814 diceret
2416 3779 2428 3814 :
2456 3762 2731 3834 Egredior,
2761 3776 2808 3819 et
2825 3784 2913 3821 ero
2934 3771 3143 3838 spiritus
3168 3772 3389 3825 mendax
3411 3773 3466 3826 in

1889 3864 1981 3902 ore
2015 3852 2242 3904 omnium
2280 3854 2644 3923 praphetarum
2686 3858 2817 3927 ejus.
2859 3858 2964 3913 Sed
3008 3863 3131 3929 quia
3163 3862 3343 3917 Achab
3372 3880 3464 3918 rex

1891 3940 2133 4008 peccatis
2162 3944 2586 4011 praecedentibus
2613 3947 2803 4015 dignus
2832 3958 2972 4017 erat,
3004 3961 3063 4005 ut
3088 3953 3176 4006 tali
3201 3952 3465 4010 debuisset

1891 4030 2209 4101 deceptione
2234 4035 2477 4091 damnari
2511 4056 2522 4090 ε
2556 4048 2821 4106 quatenus
2848 4041 2936 4108 qui
2966 4056 3106 4110 saepe
3125 4044 3310 4098 volens
3330 4048 3459 4100 ceci-

1891 4123 2044 4178 derat
2088 4125 2141 4179 iu
2191 4127 2427 4197 culpam,
2475 4131 2797 4200 quandoque
2846 4133 3037 4187 nolens
3080 4146 3361 4203 caperetur
3402 4138 3469 4190 ad

1891 4227 2141 4283 pinnam,
2176 4217 2386 4271 occulta
2422 4218 2627 4287 justitia
2666 4220 2876 4276 licentia
2918 4223 3160 4291 malignis
3200 4225 3472 4294 spiritibus

1892 4303 2069 4370 datur,
2096 4314 2153 4360 ut
2175 4322 2310 4375 quos
2329 4309 2647 4365 volentesin
2670 4315 2877 4382 peccati
2900 4314 3093 4383 laqueo
3116 4319 3469 4387 strangulant,

1892 4394 1946 4449 in
1996 4399 2206 4466 peccati
2256 4415 2467 4468 poenam
2516 4403 2677 4456 etiam
2731 4404 2973 4458 nolentes
3027 4406 3262 4462 trahant.
3319 4409 3471 4475 Quod

1891 4502 2021 4558 ergo
2050 4490 2161 4545 illic.
2182 4506 2213 4545 a
2238 4492 2441 4547 dextris
2469 4504 2628 4564 atque
2656 4496 2885 4552 sinistris
2910 4496 3026 4563 Dei,
3055 4500 3326 4553 exercitus
3352 4502 3472 4556 cmli

199 4584 572 4653 complentur;
618 4601 791 4655 eoque
837 4588 989 4642 radio
1026 4589 1241 4646 luminis
1285 4592 1387 4649 iste
1432 4595 1777 4667 transligitur,

1897 4583 2131 4639 astitisse
2154 4583 2491 4651 describitur,
2526 4587 2630 4643 hoc
2654 4588 2739 4644 hic
2760 4590 2898 4643 inter
2924 4588 3058 4645 ﬁlios
3080 4591 3171 4644 Dei
3197 4592 3358 4645 Satan
3383 4592 3469 4645 ad~

198 4692 311 4745 quo
344 4677 418 4731 illi
449 4687 506 4730 ut
532 4678 743 4733 luceant
775 4678 1183 4747 perfunduntur.

272 4768 362 4822 38.
392 4769 501 4824 Deo
530 4773 755 4824 serviunt
781 4773 951 4843 angeli
974 4772 1093 4828 boni
1118 4776 1186 4827 ad
1207 4775 1541 4846 adjutorium,
1572 4780 1697 4833 mali
1718 4780 1788 4834 ad

198 4858 575 4928 probationem.
619 4894 690 4903 —
718 4862 862 4917 Inter
892 4864 1028 4920 filios
1057 4866 1384 4932 Dei'adfuit,
1428 4871 1550 4940 quia
1581 4872 1680 4925 etsi
1711 4872 1787 4927 illi

201 4949 316 5005 Deo
358 4950 426 5005 ad
468 4952 764 5007 electorum
795 4954 1115 5023 adjutorium
1139 4999 1155 5024 ,
1187 4958 1289 5013 iste
1317 4960 1382 5014 ad
1414 4962 1783 5031 probationem

199 5043 389 5097 servit.
422 5042 568 5098 lnter
593 5044 730 5100 lilios
751 5047 846 5101 Dei
873 5048 1058 5114 adfuit,
1089 5049 1210 5119 quia
1243 5051 1343 5105 etsi
1371 5051 1437 5107 ab
1468 5053 1573 5108 illis
1602 5054 1655 5107 in
1686 5055 1787 5110 hac

199 5133 310 5185 vita
351 5132 720 5189 laborantibus
763 5137 1017 5190 auxilium
1048 5138 1264 5207 pietatis
1292 5138 1651 5209 impenditur,
1688 5142 1788 5198 iste

198 5225 430 5281 occulta:
450 5226 568 5296 ejus
588 5227 812 5297 justititc
833 5230 1124 5286 nesciendo
1145 5232 1407 5301 serviens,
1432 5235 1787 5292 ministerium

274 5384 301 5413 ι
343 5375 436 5431 Sic
487 5376 611 5433 Mss.
666 5377 864 5456 garb”
922 5378 1102 5456 Germ.
1132 5423 1148 5447 ,
1200 5383 1390 5438 Rhem.
1419 5426 1433 5450 ,
1482 5387 1691 5456 Remig.
1725 5406 1789 5447 ac

203 5444 392 5527 Norm.
425 5463 634 5506 omnes.
666 5449 809 5504 Editi
837 5464 989 5515 vero,
1018 5452 1093 5506 ita
1134 5444 1340 5523 fuerant
1369 5444 1542 5510 divina
1574 5444 1784 5530 mimi

200 5526 428 5574 satione.

278 5587 306 5665 ιζ
336 5586 371 5638 2
410 5588 602 5644 Rhem.
634 5598 689 5644 et
721 5590 745 5642 1
780 5590 1014 5659 Remig.,
1045 5593 1331 5663 qumdiviso
1352 5597 1577 5665 disponit
1593 5597 1775 5653 ordine

200 5653 395 5709 divisus
425 5675 527 5712 non
555 5668 648 5712 est.

282 5737 301 5762 ε
325 5730 425 5803 _ln_
459 5730 664 5803 duobus
694 5728 902 5803 [then],
933 5739 989 5784 ct
1033 5732 1242 5788 duobus
1278 5733 1484 5803 Remig.
1534 5736 1787 5794 scribitur

208 5794 371 5855 dhab.
408 5797 485 5855 lla
524 5799 685 5855 etiam
727 5801 778 5856 in
813 5800 926 5856 Val.
968 5802 1053 5858 CI.
1102 5804 1155 5859 ln
1199 5804 1360 5859 Corb.
1401 5794 1671 5877 cKpuucta
1702 5818 1784 5864 est

1895 4672 2057 4729 fuisse
2078 4676 2405 4744 perhibetur.
2430 4676 2572 4732 Ecce
2593 4694 2622 4732 a
2646 4679 2849 4735 dextris
2874 4680 2966 4735 Dei
2988 4689 3254 4736 steterunt
3275 4684 3470 4749 angeli,

1893 4764 2017 4832 quia
2048 4766 2396 4820 nominantur
2425 4766 2518 4821 ﬁlii
2548 4768 2676 4831 Dei;
2718 4785 2845 4825 ecce
2879 4786 2908 4825 a
2945 4771 3175 4826 sinistris
3209 4778 3356 4825 stant
3378 4788 3466 4826 au-

1892 4874 2015 4942 geli,
2045 4876 2172 4944 quia
2201 4876 2372 4931 adfuit
2402 4878 2544 4933 inter
2570 4894 2666 4935 eos
2688 4882 2851 4936 etiam
2878 4882 3062 4937 Satan.

1966 4965 2123 5035 [Vet.
2164 4965 2360 5039 XXll.]
2401 4968 2490 5023 59.
2540 4969 2645 5024 Sed
2683 4973 2805 5038 quia
2834 4983 2857 5009 ο
2906 4974 3175 5042 allegorice
3224 4976 3472 5044 mysteria

1891 5056 2151 5127 indagare
2178 5060 2535 5126 decrevimus,
2581 5078 2686 5116 nou
2717 5065 3156 5122 inconvenientcr
3183 5069 3475 5139 accipimus

1890 5149 2035 5217 quod
2073 5151 2124 5205 in
2164 5151 2250 5207 die
2290 5152 2550 5209 Dominus
2578 5153 2742 5208 Satan
2772 5156 2921 5220 vidit,
2954 5159 3077 5225 quia
3110 5159 3221 5213 vias
3259 5159 3375 5227 ejus
3422 5161 3473 5214 in

1890 5238 2179 5311 Sapientia:
2220 5258 2331 5298 suae
2372 5245 2743 5299 incarnatione
2769 5247 3061 5316 corripuit;
3110 5246 3311 5317 tquasi
3353 5264 3475 5305 eum

1890 5392 1990 5533 [.md
2112 5465 2429 5533 Quibusdam
2469 5466 2628 5531 Edit.,
2674 5422 2908 5523 maxime
2950 5470 2999 5523 in
3048 5469 3216 5523 Paris.
3255 5467 3393 5524 1619
3422 5482 3481 5527 εἰ

1891 5531 2048 5606 1640,
2082 5531 2167 5606 qui
2192 5535 2480 5605 reprobent.
2512 5538 2586 5592 lla
2618 5541 2778 5592 etiam
2810 5540 2859 5592 iu
2885 5539 3040 5593 Roni.
3071 5540 3205 5593 Sixti
3241 5540 3301 5593 V.

1961 5610 1988 5679 εἰ
2018 5604 2072 5679 [η
2095 5604 2391 5679 nonnullis,
2419 5610 2693 5678 allegorice
2719 5613 2962 5678 mysteria
2990 5610 3260 5679 indagare,
3295 5620 3403 5667 etc.

1888 5741 1941 5795 ά.
1965 5674 1988 5709 τ
2020 5672 2144 5741 Lyr.
2177 5684 2231 5729 et
2272 5676 2411 5745 Big.,
2458 5672 2603 5747 quasi
2642 5672 2791 5733 enim"
2819 5696 2923 5735 non
2965 5672 3153 5736 vidisse
3182 5682 3317 5753 fuit,
3358 5691 3465 5736 ωη-

1925 5759 1997 5795 tu.
2029 5753 2135 5795 etc.

1925 5753 1997 5807 iu,
2029 5753 2135 5798 etc.
