3976 6316
563 391 667 447 675

1783 400 2019 453 SANCTI
2059 396 2380 457 GBEGORII
2421 406 2631 461 MACNI

3721 433 3829 490 576

561 528 670 568 non
700 515 893 573 vidisse
917 520 1094 587 fuerit,
1120 520 1303 573 tandiu
1334 520 1652 587 pravitatem
1679 521 1819 575 illius
1838 521 1891 575 in
1916 521 2134 575 humani
2166 525 2212 578 A
2244 529 2500 593 repressit.
2530 563 2599 572 —
2627 531 2780 595 Quod
2818 531 2921 587 Job
2964 536 3347 606 interpretetur
3394 542 3615 610 dolens,
3664 554 3825 618 paulo

559 607 771 668 generis
802 609 1099 676 perditione
1132 611 1408 663 tolerasse.
1446 608 1595 664 Unde
1638 619 1693 665 et
1725 612 1774 665 ei
1804 610 1980 665 divina
2008 629 2141 668 voce

561 704 683 743 utox
716 693 909 748 dicitur
932 713 945 747 :

1148 787 1374 842 CAPUT
1414 789 1549 843 XXI.

637 870 794 925 Vens.
837 874 889 927 7.
937 875 1085 931 Unde
1112 882 1290 934 venio?

627 958 713 1013 40.
761 963 963 1018 Diaboli
992 967 1213 1023 insidias
1260 970 1395 1026 Deus
1421 974 1709 1028 incarnnta:
1735 976 2003 1045 sapientia:
2030 976 2140 1029 luce

556 1048 771 1107 detexit.
798 1087 872 1097 —-
896 1056 951 1111 In
980 1058 1067 1113 die
1093 1059 1257 1116 Salan
1288 1063 1355 1117 de
1386 1065 1483 1117 viis
1511 1066 1622 1118 suis
1653 1067 1970 1134 requiritur,
2014 1068 2137 1134 quia

556 1139 609 1193 in
644 1141 759 1196 luce
795 1148 1144 1204 manifestata:
1175 1154 1451 1220 sapientize
1482 1155 1677 1209 occulti
1717 1156 1887 1211 hostis
1932 1157 2137 1213 insidiae

556 1230 895 1299 deteguntur.
924 1237 1057 1302 Quia
1082 1255 1211 1308 ergo
1234 1242 1512 1297 incarnato
1540 1244 1767 1297 Domino
1792 1244 2034 1300 diabolus
2056 1247 2137 1300 in-

553 1332 825 1390 erepatur,
869 1335 925 1381 et
959 1343 987 1380 a
1018 1345 1113 1383 sua
1143 1330 1393 1399 pestifera
1437 1332 1787 1388 effrenatione
1826 1336 2131 1404 corripitur,

554 1426 703 1470 recte
741 1420 1077 1489 sulqungitur
1111 1442 1119 1475 :
1155 1424 1249 1478 Cui
1271 1427 1403 1479 dixit
1444 1426 1692 1480 Dominus
1720 1444 1736 1481 .·
1772 1427 1921 1481 Unde
1949 1431 2136 1483 venis?

556 1502 705 1559 Tunc
734 1510 874 1562 enim
905 1510 1117 1567 Satanae
1146 1514 1258 1567 vias
1295 1516 1614 1585 requirendo
1644 1519 1847 1585 arguit,
1887 1534 2008 1573 cum
2038 1534 2136 1588 per

552 1599 862 1657 Mediatoris
899 1606 1182 1660 adventum
1214 1612 1576 1678 persuasionis
1602 1612 1718 1681 ejus
1747 1614 2010 1680 nequitias
2042 1630 2124 1668 re-

549 1690 785 1758 primens
815 1694 1127 1764 increpavit.
1163 1700 1270 1754 Nec
1291 1701 1564 1757 iunnerito
1590 1704 1641 1758 in
1670 1705 1772 1758 hoc
1800 1706 1886 1758 die
1922 1705 2011 1757 lilii
2037 1703 2131 1758 Dei

548 1792 729 1833 coram
778 1782 1005 1839 Domino
1050 1789 1286 1845 astitisse
1328 1792 1663 1858 referuntur;
1710 1796 1834 1863 quia
1884 1794 2131 1850 videlicet

2246 626 2370 671 ante
2406 619 2516 686 jam
2568 622 2819 677 diximus.
2873 626 3069 682 Dolens
3115 646 3243 684 vero
3283 634 3397 702 ipse
3436 641 3700 695 veraciter
3725 659 3826 712 per

2246 706 2464 773 ﬁguram
2505 714 2728 781 dicitur,
2771 718 2858 787 qui
2908 729 3124 788 portare
3153 723 3368 780 dolores
3400 739 3644 797 nostros,
3692 736 3825 792 Pro-

2244 800 2401 868 pheta
2429 812 2734 875 attestante,
2761 811 3092 877 perhibetur.
3122 813 3216 869 Cui
3248 818 3297 870 in
3325 829 3470 875 terra
3498 824 3687 882 similis
3710 844 3822 884 non

2241 900 2356 960 est,
2406 896 2528 961 quia
2558 899 2731 953 omnis
2758 899 2919 954 homo
2952 908 3320 962 tantummodo
3348 911 3511 968 homo
3538 925 3655 984 est,
3704 921 3822 989 ipse

2240 991 2416 1036 autem
2456 985 2596 1039 Deus
2624 997 2678 1041 et
2706 988 2886 1045 homo.
2922 991 2977 1045 In
3014 1003 3153 1049 terra
3194 997 3244 1051 ei
3287 1001 3476 1057 similis
3516 1022 3625 1061 non
3656 1010 3682 1044 ⁶¹
3713 1022 3821 1078 est,

2238 1073 2361 1138 quia
2401 1076 2499 1128 etsi
2535 1077 2817 1146 adoptivus
2859 1081 3084 1150 quisque
3129 1085 3271 1141 ﬁlius
3315 1090 3380 1143 ad
3421 1073 3821 1166 percipiendam

2237 1161 2567 1219 divinitatem
2600 1166 2838 1235 prolicit,
2873 1187 3213 1242 nequaquam
3254 1186 3431 1235 tamen
3462 1194 3519 1238 ut
3561 1161 3701 1244 Deus
3724 1207 3822 1244 na-

2237 1253 2481 1308 turaliter
2517 1256 2586 1310 sit
2625 1259 2837 1328 accipit.
2892 1262 2992 1328 Qui
3032 1266 3169 1320 bene
3216 1262 3377 1324 etiam
3425 1289 3614 1330 servus
3646 1279 3821 1336 d’tcltts

2235 1350 2339 1406 est,
2368 1347 2492 1412 quia
2518 1345 2741 1402 formam
2764 1353 2905 1411 servi
2935 1355 3206 1425 suscipere
3234 1360 3551 1429 dedignatus
3581 1385 3687 1422 non
3713 1385 3817 1427 est.

2234 1433 2344 1489 Nec
2380 1440 2646 1506 majestati
2695 1443 2943 1513 injuriam
2992 1448 3171 1505 intulit
3219 1466 3492 1527 assumpta
3543 1461 3821 1520 humilitas

2234 1527 2440 1588 carnis;
2489 1530 2613 1597 quia
2654 1541 2709 1586 et
2746 1543 2803 1587 ut
2842 1539 3100 1592 servanda
3148 1545 3466 1614 susciperet,
3501 1566 3603 1606 nec
3633 1561 3814 1610 tamen

2232 1614 2412 1670 habita
2455 1631 2806 1688 permutaret,
2853 1642 2951 1680 nec
2996 1628 3173 1684 divina
3225 1632 3561 1693 humanitate
3600 1644 3812 1709 minuit,

2233 1722 2332 1761 nec
2384 1708 2613 1765 humana
2665 1713 2944 1771 divinitate
2985 1724 3353 1790 consumpsit;
3404 1727 3528 1797 quia
3567 1735 3669 1786 etsi
3716 1751 3811 1804 per

2231 1793 2453 1850 Paulum
2476 1800 2669 1856 dicitur
2700 1822 2713 1857 :
2749 1802 2845 1868 Qui
2869 1822 2981 1860 cum
3010 1810 3255 1880 informa
3286 1814 3383 1868 Dei
3410 1830 3562 1883 esset,
3594 1839 3696 1876 non
3720 1844 3807 1878 ra-

552 1868 617 1918 ad
643 1867 858 1926 aaternat
884 1877 1070 1943 patriae
1100 1881 1439 1935 vocationem
1468 1884 1623 1937 electi
1654 1901 1859 1949 onmes,
1894 1886 2011 1940 luce
2039 1902 2127 1939 sa-
2165 1892 2202 1947 B
2233 1886 2408 1952 ρῑηαηι
2438 1890 2718 1948 “Thura!”
2742 1904 2817 1948 εδε
2838 1913 2949 1951 ωδε
2972 1917 3025 1951 δε
3052 1904 3301 1970 wquulem
3330 1906 3436 1962 Deo
3458 1951 3472 1973 ν
3507 1918 3603 1965 sed
3628 1931 3809 1970 δεηιει·

549 1959 765 2027 pientiae
794 1977 854 2016 se
885 1966 1185 2023 illustrante
1207 2012 1222 2032 ,
1267 1972 1479 2027 collecti
1509 1982 1653 2027 sunt.
1699 1974 1845 2041 Quos
1886 1978 2126 2044 quamvis

547 2045 824 2104 incarnata
855 2053 1128 2119 Sapientia
1158 2070 1449 2126 aggregare
1473 2072 1497 2096 ἰ
1530 2061 1723 2117 eﬁectu
1757 2066 1937 2132 operis
1967 2082 2127 2120 vene-

544 2149 658 2205 rat,
699 2142 962 2199 divinitati
995 2155 1173 2202 tamen
1206 2151 1346 2205 illius
1368 2151 1479 2219 jam
1508 2162 1603 2221 pe'r
1633 2154 1749 2223 ejus
1778 2154 1805 2193 ι’
1837 2159 2117 2225 prmscien-

546 2229 675 2283 tiam
715 2233 1037 2291 intrin~ecus
1075 2241 1418 2295 assistebant.
1466 2244 1572 2297 Sed
1613 2248 1736 2315 quia
1772 2248 1837 2302 de
1877 2249 1973 2302 viis
2013 2251 2153 2303 suis.

541 2321 791 2390 antiquus
816 2326 984 2381 hostis
1014 2328 1376 2401 Redemptore
1396 2336 1643 2391 veniente
1664 2337 1967 2406 discutitur,
1995 2341 2120 2409 quid

540 2408 683 2464 dicat
704 2416 1000 2473 audiamus.

893 2528 1119 2585 CAPUT
1158 2532 1313 2588 XXII.
1368 2536 1523 2607 [Rea
1577 2538 1762 2610 XVll.]

606 2634 732 2690 luto.
765 2671 834 2681 ——
861 2639 1077 2697 Circuivi
1101 2655 1310 2711 terram,
1343 2649 1760 2718 etperumbulavi
1789 2669 1924 2707 eam.

606 2744 694 2798 1H.
730 2748 977 2805 Diabolus
1008 2763 1197 2808 terram
1221 2758 1451 2810 circuirtt
1470 2800 1485 2823 ,
1531 2777 1650 2831 qum
1681 2780 1853 2817 omnes
1885 2766 2115 2822 homines

535 2836 754 2889 circnma
783 2841 859 2891 nit
882 2881 895 2901 ,
928 2853 977 2894 et
1006 2846 1250 2911 possedit.
1290 2880 1363 2888 —
1409 2849 1488 2903 Ab
1522 2851 1692 2905 Adam
1721 2856 1946 2924 quippe,
1989 2868 2115 2912 ante

533 2924 819 2981 adventum
864 2930 1090 2998 Domini,
1123 2951 1311 2991 omnes
1349 2947 1468 3007 post
1508 2956 1567 2994 se
1595 2946 1835 3008 gentium
1867 2948 2113 3004 nationes

532 3018 714 3071 traxit.
746 3019 1002 3077 Circuivit
1045 3034 1242 3081 terram
1283 3038 1337 3084 et
1375 3033 1798 3103 perambulavit,
1848 3040 1971 3105 quia
2016 3056 2113 3108 per

530 3108 693 3163 corda
723 3113 959 3178 gentium
987 3116 1281 3185 iniquitatis
1306 3138 1416 3176 sua:
1441 3126 1662 3193 vestigia
1688 3128 1974 3197 impressit.
2007 3131 2099 3185 Ca-

531 3194 661 3249 dcns
701 3202 840 3252 enim
887 3217 917 3255 a
958 3205 1272 3264 sublimibus
1319 3214 1421 3283 55
1468 3216 1726 3271 humanas
1756 3230 1961 3275 mentes
1985 3221 2107 3289 jure

530 3290 788 3354 possedit,
821 3293 944 3359 quia
976 3295 1029 3349 in
1057 3298 1226 3368 culpae
1261 3317 1371 3356 suae
1396 3305 1608 3360 vinculo
1635 3309 1879 3365 volentes
1906 3314 2102 3366 astrin-

530 3376 646 3439 xit;
681 3384 936 3448 tantoque
970 3383 1125 3440 latius
1156 3388 1207 3442 in
1238 3392 1437 3447 mundo
1467 3405 1688 3463 vagatus
1716 3408 1816 3466 est,
1845 3415 2045 3469 quanto
2075 3422 2104 3460 a

530 3477 683 3520 reatu
711 3470 938 3539 quisque
961 3474 1099 3531 illius
1124 3477 1257 3534 liber
1278 3497 1375 3550 per
1398 3486 1575 3539 omnia
1604 3488 1850 3546 inventus
1872 3510 1977 3547 non
1997 3505 2098 3551 est.

529 3554 627 3608 Cui
654 3561 806 3625 quasi
834 3577 898 3615 ex
922 3575 1185 3631 potestate
1208 3574 1459 3629 mundum
1484 3577 1737 3634 circuisse
1765 3592 1866 3645 est,
1899 3588 2101 3643 nulhtm

528 3640 798 3701 hominem
821 3651 911 3717 qui
942 3655 1041 3708 sibi
1072 3657 1226 3725 plene
1254 3663 1528 3719 resisteret
1550 3667 1835 3728 invenisse.
1864 3676 1967 3731 Sed
1990 3676 2102 3746 jam

526 3732 690 3791 Satan
719 3740 922 3807 redeat,
955 3744 1003 3797 id
1035 3758 1134 3813 est,
1160 3751 1227 3804 ab
1250 3752 1443 3808 elTectu
1472 3773 1581 3812 suze
1606 3763 1819 3818 malitia:
1846 3767 1925 3821 vis
1954 3769 2100 3845 illum

532 3824 694 3845 ,Ηυέμρ
869 3840 879 3845 -
922 3834 931 3845 ⁸
1192 3840 1203 3845 ’
1273 3840 1285 3845 ⁸

525 3824 702 3880 divina
733 3834 1084 3902 constringat,
1115 3840 1236 3907 quia
1263 3840 1374 3909 jam
1406 3849 1655 3915 apparuit
1708 3853 1759 3907 in
1790 3870 1954 3910 carne
2008 3861 2099 3929 qui

530 3923 552 3950 ε
570 3915 621 3967 in
641 3921 847 3984 peccati
865 3927 1185 3993 contagione
1200 3946 1267 3984 ex
1280 3936 1456 3989 carnis
1478 3939 1606 3992 nihil
1626 3941 1858 3999 habebat
1876 3947 2102 4004 inlirmi-
2125 3974 2133 3983 ο

523 4010 653 4057 tate.
702 4006 857 4062 Venit
887 4013 1097 4069 humilis
1119 4057 1132 4079 ,
1175 4033 1332 4086 quem
1359 4032 1414 4076 et
1442 4029 1704 4095 superbus
1730 4032 1899 4089 hostis
1928 4038 2102 4093 admi-

522 4102 703 4160 retur;
737 4108 1001 4165 quatenus
1021 4106 1111 4171 qui
1137 4107 1291 4163 fortia
1315 4112 1606 4173 divinitatis
1627 4120 1743 4189 ejus
1758 4125 2096 4199 despexerat,

523 4185 683 4236 etiam
716 4188 1059 4247 humanitatis
1087 4195 1201 4261 ejus
1230 4200 1436 4257 inﬁrma
1467 4210 1829 4274 pertimescat.
1868 4216 2017 4274 Unde
2046 4232 2100 4277 et

521 4288 647 4327 mox
677 4277 1065 4343 signiﬁcatione
1095 4287 1346 4355 miriﬁca,
1394 4305 1581 4352 contra
1610 4316 1730 4356 eum
1762 4306 1875 4375 ipsa
1911 4311 2098 4366 huma-

523 4368 703 4423 nitatis
744 4372 1022 4431 inﬁrmitas
1058 4379 1483 4451 obstupescenda
1524 4399 1872 4466 proponitur,
1924 4416 1982 4459 ut
2017 4408 2097 4462 di-

519 4466 708 4513 ςθῑυνε

1079 4560 1307 4619 CAPUT
1348 4567 1531 4625 XXIII.

589 4661 751 4720 Vens.
800 4668 853 4722 8.
906 4699 973 4710 -
1016 4672 1265 4747 Nunquid
1293 4685 1635 4742 considerasti
1686 4708 1886 4749 servum
1923 4717 2091 4755 meum

511 4755 633 4825 Job,
664 4762 798 4829 quod
828 4781 929 4816 non
958 4766 1023 4819 sit
1052 4770 1098 4820 ei
1126 4772 1307 4824 similis
1338 4777 1389 4828 in
1430 4784 1605 4833 terra?

584 4849 672 4904 4'2.
706 4851 882 4907 Donec
910 4860 1103 4912 veniret
1130 4862 1359 4917 Christus
1397 4869 1461 4920 de
1487 4887 1584 4938 quo
1615 4891 1794 4931 rursus
1820 4883 2090 4949 explican-

512 4950 594 4993 tur
626 4941 766 4995 dicta
806 4943 868 4997 de
904 4944 1023 5000 Job.
1067 4952 1355 5022 Assumpsit
1388 4956 1727 5018 humilitatem
1756 4974 1948 5033 carnis,
1978 4976 2089 5031 sine

509 5031 705 5103 injuria
749 5035 1053 5105 majestatis.
1099 5039 1380 5101 Virtutibus
1409 5051 1518 5104 suis
1564 5053 1755 5110 diaboli
1792 5063 2085 5130 superbiam

582 5161 1266 5263 f.lt.::npostet':iﬂhztss’.,moq
1294 5177 1509 5247 affectu,
1555 5192 1611 5238 ut
1641 5190 1787 5255 prius
1827 5193 1999 5263 legeb.
2032 5202 2082 5256 in

508 5227 829 5305 notationi.
864 5237 998 5292 Sixti
1030 5227 1177 5305 v,'ei
1205 5227 1273 5297 at.

580 5300 605 5338 δ
638 5303 750 5382 [_)no
776 5304 988 5391 ῐίιιρηι.2
1018 5300 1204 5411 Οὐκ-2.,
1247 5313 1431 5397 Germ.
1460 5331 1515 5403 et
1545 5341 1677 5382 unus
1700 5329 1931 5403 Remig.,
1967 5339 2083 5411 jam

580 5388 597 5411 Γ
616 5388 727 5411 ΩΗΙΩ
752 5390 1071 5411 ηνπηαηηηηι
1176 5398 1200 5411 n
1235 5395 1390 5411 ιιι-Α-..
1431 5408 1490 5411 ..μμ
1537 5396 1546 5411 I
1670 5398 1709 5411 τη
1731 5402 1761 5411 ι.
1794 5404 1804 5411 ι

506 5386 643 5437 pere
680 5390 727 5425 ts
747 5382 1091 5443 prarsentiam.
1127 5382 1203 5436 Ita
1233 5386 1392 5441 etiam
1423 5394 1637 5460 quidam
1967 5382 2083 5411 Iw"

506 5389 918 5535 nﬂ‘ﬂflltt'lgcin.
943 5460 996 5501 et
1014 5452 1368 5535 pllicittti,hqiti
1389 5460 1443 5513 in
1466 5469 1661 5531 peccati
1682 5476 1939 5535 contagio.
1971 5477 2083 5535 Αη-

583 5467 601 5478 ι
650 5467 918 5499 nunocm.
943 5467 996 5501 et
1017 5467 1251 5518 pmrmn,
1282 5467 1367 5527 qui
1389 5467 1443 5513 in
1466 5469 1661 5531 peccati
1682 5476 1939 5543 contagio.
1971 5477 2081 5535 An-

506 5509 708 5577 tiquior
748 5513 936 5569 lihem.
968 5561 980 5583 ,
1012 5519 1174 5576 Corb.
1198 5564 1211 5588 ,
1243 5523 1424 5583 Germ.
1474 5543 1529 5585 et
1567 5552 1705 5593 unus
1732 5541 1962 5613 Remig.,
1996 5554 2081 5621 qui

506 5579 555 5621 in
578 5584 770 5621 narrnli
804 5590 1040 5621 ιεηηιηηὲη
1073 5609 1133 5621 η..
1173 5598 1341 5621 ,ιη-..2-
1388 5602 1514 5621 ,Λινι
1549 5606 1561 5621 ι
1619 5608 1630 5621 ι
1761 5614 1772 5621 -
1828 5615 1848 5621 Α
1942 5620 1949 5621 ί

1199 5579 1210 5588 ,
1327 5579 1423 5583 μη-
1477 5579 1529 5585 ν-
1570 5579 1705 5593 ...μισ
1732 5579 1883 5597 ιιι-ιιι
1926 5587 1938 5599 .
2030 5579 2074 5605 ut

501 5579 770 5681 gtlpfccati
804 5579 1133 5681 cpnt'qqiaex
1170 5598 1341 5681 carnis
1384 5602 1514 5655 nihil
1540 5606 1728 5681 habeat
1755 5579 2074 5681 inﬁrmitatis.

1264 5646 1337 5650 η.-
1384 5646 1512 5655 -.-.-..
1540 5646 1727 5663 ..ιονοιη
1755 5646 1804 5664 su
1831 5646 2074 5674 ιιηηιυισ.

503 5646 539 5750 ἓ
569 5648 760 5750 l'ihc'tn}
788 5661 880 5750 etut
911 5646 1115 5750 licp‘tig.
1138 5708 1148 5726 ,
1169 5665 1255 5750 qui
1281 5668 1345 5750 de
1373 5677 1568 5750 peccati
1586 5646 1912 5750 cantagiol....
1948 5691 2080 5746 nihil

507 5717 953 5813 habentilt'tublss.
987 5717 2001 5813 Nurni.'legitub

1254 5786 1283 5800 υ
1316 5786 1381 5789 ἣν-
1425 5786 1580 5796 ν...υ-ι
1642 5786 1771 5804 usus".
1800 5786 1896 5807 ηυυ
1929 5786 1942 5809 Ι
1988 5800 2001 5813 ο

573 5786 598 5823 ἀ
627 5788 748 5845 Mss.
780 5790 986 5860 Norm.,
1016 5802 1135 5866 quia
1161 5803 1256 5855 etsi
1279 5807 1568 5876 adoptionis
1588 5788 1800 5889 quisque
1818 5786 2071 5891 ﬁtnisi...

2228 1975 2393 2042 ipsunt
2422 1980 2704 2037 exinanivit
2741 1988 2961 2053 formam
2987 1995 3119 2045 servi
3149 1997 3405 2062 accipiens
3436 2001 3455 2068 (
3477 2000 3708 2075 Philipp.
3742 2025 3808 2078 tt,

2229 2063 2313 2132 6),
2355 2069 2403 2120 ei
2432 2071 2777 2141 semetipsum
2808 2077 3140 2149 exinanisse,
3189 2094 3271 2138 est
3311 2088 3377 2141 ab
3422 2063 3807 2154 iitvisibititatis

2226 2171 2335 2209 sum
2365 2162 2724 2227 magnitudine
2752 2181 2811 2220 se
2837 2169 3098 2225 visibilem
3128 2175 3549 2250 demonstrasse,
3580 2196 3637 2239 nt
3663 2194 3806 2246 servi

2222 2244 2393 2303 forma
2436 2260 2640 2320 tegeret
2686 2257 2790 2313 hoc
2825 2262 2968 2328 quod
3017 2264 3473 2340 incircmuscripte
3514 2281 3696 2333 omnia
3738 2298 3801 2337 ex

2221 2340 2500 2397 divinitate
2525 2357 2851 2414 penetraret.
2897 2354 2987 2408 Dei
3022 2366 3201 2413 autem
3242 2362 3308 2416 ad
3343 2364 3507 2423 Satan
3536 2386 3635 2440 per
3667 2374 3800 2442 ﬁgu-

2220 2444 2334 2482 ram
2365 2433 2543 2489 dicere
2571 2446 2653 2491 est
2688 2458 2699 2491 :
2750 2439 3002 2514 Nunquid
3028 2449 3369 2507 considerasti
3396 2472 3597 2513 servum
3633 2480 3801 2519 meum

2218 2520 2354 2575 Job?
2391 2526 2717 2595 unigenitum
2749 2531 2913 2589 ﬁlium
2955 2548 3142 2592 contra
3185 2559 3307 2597 eum
3350 2546 3404 2601 in
3446 2547 3618 2606 forma
3659 2559 3805 2612 servi

2220 2614 2588 2671 admirabilem
2615 2618 3008 2682 demonstrare.
3035 2626 3113 2682 Eo
3144 2632 3305 2697 enim,
3337 2652 3443 2705 quo
3464 2640 3612 2696 illum
3640 2653 3804 2701 tanta:

2222 2702 2429 2758 virtutis
2456 2706 2508 2759 in
2539 2722 2701 2764 carne
2737 2711 3000 2783 innotuit,
3046 2722 3197 2787 quasi
3237 2727 3562 2793 superbienti
3603 2736 3803 2793 advers

2215 2790 2358 2845 sario
2379 2835 2394 2859 ,
2421 2796 2563 2862 quod
2594 2798 2780 2855 dolens
2804 2806 3196 2875 consideraret,
3229 2790 3498 2871 indicavit.
3532 2820 3638 2875 Sed
3669 2827 3798 2894 quit

2214 2879 2413 2934 bonum
2440 2886 2583 2952 quod
2622 2889 2906 2946 miraretur
2932 2895 3214 2966 intulerat,
3247 2915 3415 2959 restat
3444 2918 3501 2961 ut
3530 2911 3595 2964 ad
3628 2918 3800 2984 repri-

2213 2973 2461 3025 mendam
2486 2976 2600 3041 ejus
2625 2983 2927 3049 superbiam
2960 2987 3179 3046 virtutes
3202 2993 3343 3049 illius
3368 2999 3545 3056 adhuc
3571 3018 3797 3062 enume-

2211 3063 2380 3116 rando
2409 3068 2709 3136 subjnngat.
2738 3074 3010 3142 Sequitur.

2545 3161 2793 3217 .caeur
2832 3165 3013 3222 xxw.
3033 3171 3199 3243 “[Vet.
3224 3174 3430 3248 xxaq.

2282 3244 2406 3300 lam.
2436 3280 2508 3289 —
2538 3250 2706 3306 Homo
2734 3258 2953 3327 simplex
2978 3270 3028 3313 et
3066 3272 3253 3331 rectus,
3296 3286 3356 3321 ac
3386 3272 3569 3330 timens
3600 3277 3793 3347 Deum,

2207 3343 2257 3387 et
2285 3339 2524 3393 recedens
2546 3358 2577 3395 a
2604 3345 2759 3398 malo.

2276 3426 2363 3480 45.
2394 3426 2507 3493 Qua
2536 3437 2737 3490 ratione
2760 3438 2988 3496 Christus
3014 3446 3250 3516 simplex,
3293 3464 3477 3521 rectus,
3521 3469 3631 3514 etc.
3664 3461 3792 3517 Diu-

2206 3516 2320 3571 bolo
2348 3521 2664 3577 divinitatem
2691 3544 2837 3582 suam
2856 3573 2869 3595 ,
2900 3532 2962 3585 ob
2991 3553 3051 3587 ea
3089 3554 3202 3606 qua:
3238 3558 3422 3608 passus
3449 3558 3545 3611 est,
3573 3550 3788 3608 dubiam

2206 3608 2346 3675 fecit.
2375 3642 2448 3651 —
2476 3611 2633 3666 Venit
2655 3632 2881 3688 namque
2904 3622 3042 3678 inter
3063 3626 3305 3685 homines
3326 3637 3591 3693 mediator
3616 3642 3712 3697 Dei
3739 3655 3792 3700 et

2204 3695 2519 3765 hominum,
2574 3702 2738 3760 homo
2791 3707 3033 3769 Christus
3079 3715 3272 3788 Jesus,
3321 3725 3390 3779 ad
3438 3730 3787 3796 prazbeudum

2203 3788 2507 3855 exemplum
2528 3792 2647 3845 vita:
2678 3794 3003 3869 hominibus,
3043 3807 3302 3879 simplex;
3335 3814 3402 3868 ad
3429 3834 3533 3871 non
3560 3837 3788 3890 parcen-

2202 3874 2326 3928 dum
2357 3879 2602 3947 malignis
2626 3885 2922 3956 spiritibus,
2953 3874 3165 3962 rectus;
3198 3901 3264 3954 ad
3289 3874 3664 3965 debellandum
3698 3931 3787 3968 su-

2202 3967 2468 4034 perbiam,
2523 3971 2716 4028 timens
2764 3978 2957 4046 Deum;
3006 3985 3075 4039 ad
3124 3987 3502 4059 detergendam
3552 4017 3689 4056 vero
3731 4006 3785 4060 in

2201 4055 2385 4111 electis
2414 4060 2523 4115 suis
2554 4064 2674 4118 vita:
2706 4066 3127 4142 immunditiam,
3160 4084 3421 4142 recedens
3449 4103 3478 4141 a
3509 4093 3676 4147 malo.
3713 4096 3783 4150 De

2199 4147 2316 4216 ipso
2355 4152 2495 4206 enim
2534 4171 2631 4224 per
2667 4158 2854 4215 Isaiam
2887 4168 3250 4238 principaliter
3273 4176 3468 4232 dicitur
3497 4200 3507 4232 :
3542 4181 3607 4236 Et
3642 4197 3667 4221 ε
3698 4206 3781 4241 re-

2199 4238 2354 4308 plebit
2370 4259 2482 4295 eum
2505 4247 2712 4312 spiritus
2735 4251 2934 4308 timoris
2959 4255 3171 4314 Domini
3194 4262 3343 4330 (Isai.
3375 4284 3447 4332 ιι,
3469 4269 3546 4340 5).
3574 4272 3643 4326 Et
3672 4238 3783 4345 ipse

2199 4343 2229 4382 a
2261 4336 2401 4386 mafo
2429 4335 2766 4403 singulariter
2794 4348 3017 4401 recessit
3050 4367 3063 4402 :
3105 4354 3228 4419 quia
3261 4355 3395 4413 latta
3438 4361 3634 4419 imitari
3689 4384 3781 4422 no-

2197 4419 2313 4482 luit,
2362 4439 2479 4491 quae
2514 4426 2565 4479 in
2606 4428 2909 4489 hominibus
2937 4437 3158 4509 invenit,
3193 4449 3463 4513 quoniam-
3486 4463 3542 4506 at
3567 4466 3780 4513 astante

2200 4508 2358 4565 Prer
2389 4531 2400 4565 :
2433 4514 2594 4569 Pecca
2618 4535 2702 4572 um
2732 4539 2834 4576 non
2865 4527 3012 4591 fecit,
3046 4547 3139 4583 nec
3167 4535 3313 4588 dolus
3352 4540 3499 4592 inren
3524 4560 3583 4596 us
3618 4558 3701 4599 est
3726 4551 3777 4601 in

2120 4619 2174 4679 D
2198 4619 2285 4656 ore
2314 4604 2424 4673 ejus
2454 4605 2509 4675 (Ι
2534 4607 2643 4662 Pet.
2678 4628 2740 4677 ιι,
2770 4613 2883 4682 22).
2915 4616 3167 4688 Sequitur
3197 4644 3206 4675 :
3245 4624 3578 4698 Respondeas
3605 4636 3772 4692 Satuu

2194 4695 2269 4746 ait
2294 4712 2307 4748 :
2342 4695 2591 4767 Nunquid
2611 4703 2801 4770 frustra
2828 4706 2928 4763 Job
2960 4713 3100 4766 timet
3127 4714 3290 4771 Deum
3309 4695 3552 4777 ?_Nonne
3583 4737 3633 4779 tu
3668 4735 3773 4785 ral-

2193 4786 2314 4839 lasti
2338 4804 2451 4843 eum
2469 4830 2484 4852 ,
2516 4808 2578 4844 ac
2602 4794 2807 4849 domum
2828 4800 2939 4869 ejus
2962 4841 2977 4867 ,
3019 4805 3406 4881 universumque
3433 4817 3773 4876 substantiam

2195 4891 2287 4939 per
2312 4880 2621 4936 circuitum?
2665 4882 2917 4955 Operibus
2945 4909 3186 4950 manuum
3216 4880 3328 4968 ejus
3358 4902 3670 4965 benedixisti
3686 4955 3699 4975 ,
3730 4924 3773 4967 et

2192 4972 2443 5033 possrssio
2476 4972 2615 5027 illius
2655 4979 2809 5031 crevit
2856 4981 2909 5033 in
2952 4993 3106 5039 terra.
3156 4988 3418 5060 Antiquos
3452 4996 3624 5055 hostis
3673 5003 3771 5058 lie-

2191 5055 2523 5127 demptorem
2556 5065 2662 5135 56
2690 5066 2904 5124 humani
2930 5076 3170 5143 generis,
3203 5055 3591 5146 debellatorem
3617 5110 3767 5151 suum

2188 5211 2437 5313 ut'Deqs'
2479 5219 2785 5275 naturaliter
2820 5235 2973 5290 esset,
3021 5233 3236 5301 accepit.
3278 5233 3439 5294 Corb.
3484 5239 3758 5313 Germam,

2191 5283 2496 5337 naturaliter
2522 5302 2651 5340 esse.

2265 5360 2286 5387 ε
2316 5350 2541 5442 Quidam
2572 5356 2722 5425 Mss.,
2752 5370 2803 5414 et
2828 5365 3057 5442 repleuit.
3076 5369 3452 5442 ‘SnSpicamur
3474 5390 3649 5437 autem
3679 5387 3763 5442 hic

3101 5418 3204 5427 ην
3245 5418 3438 5432 ..,........
3474 5418 3649 5437 πω...
3679 5418 3758 5439 ...ἡ

2185 5418 2786 5513 interpolatiotietn,'es
2820 5418 3246 5513 antiquariorum
3275 5460 3494 5513 errore,
3528 5418 3758 5508 textum:

2184 5504 2290 5578 que
2319 5493 2776 5578 sancti.Grego.rii
2816 5502 2893 5557 sic
2929 5493 3050 5578 esse
3078 5493 3515 5572 reslituendum':
3550 5521 3757 5578 Timens

2967 5557 3047 5562 __.-
3079 5557 3090 5563 -
3108 5557 3465 5571 νυν-νιιυ--υυιιι
3501 5561 3514 5572 ο
3559 5557 3578 5575 Ι
3595 5557 3755 5578 ΙΙΙΙῈΪΙΙ³

2185 5557 2374 5653 Βοιυηἶ
2406 5563 2469 5653 είς
2496 5564 2607 5632 ipso
2636 5557 2891 5653 (iamper
2919 5574 3114 5653 lsaiam
3143 5585 3500 5653 principaliter
3525 5593 3710 5646 dicitur
3735 5612 3755 5650 :

2182 5637 2233 5733 St
2260 5633 2486 5716 replebit
2505 5651 2626 5733 eum
2649 5633 2882 5733 Spiritus
2910 5646 3115 5733 timoris

2940 5698 2945 5699 γ
3026 5698 3113 5704 .--ν
3138 5698 3368 5710 -ς---ιι---σ
3399 5698 3476 5711 ..ιο
3499 5698 3749 5718 κοιτιιιη¹

2181 5698 2304 5793 dam
2326 5718 2439 5793 ve'r‘o
2461 5706 2512 5786 in
2538 5698 2714 5761 electis
2736 5713 2989 5793 ραις-νῆας
3012 5719 3408 5793 inmunditiam,
3443 5698 3692 5788 recedctls
3720 5752 3749 5788 εδ

2179 5770 2439 5859 malo;'Et
2469 5775 2629 5859 ipse‘a
2654 5784 2792 5859 malo
2814 5770 3148 5859 singulariter
3176 5770 3408 5857 recessit:
3423 5809 3528 5854 etc.
3557 5802 3744 5859 Verum

2178 5838 2294 5893 sine
2323 5839 2445 5897 Mss.
2477 5838 2801 5907 auctoritate
2826 5838 3271 5919 uiliilrimmutare
3298 5838 3586 5929 voluimus.
