4030 6312
568 298 669 352 579

1777 288 2021 347 SANCTI
2061 284 2387 343 GREGORII
2425 282 2636 339 MAGNI

3712 278 3805 335 580

567 443 754 481 eorum
795 427 1142 496 intelligentia
1180 431 1491 495 pascuntur.
1535 420 1709 476 Sabmi
1755 426 1933 473 autem
1973 416 2141 487 capti-
2176 420 2222 477 Λ
2245 414 2585 468 videbantur.
2617 414 2723 468 Sed
2750 413 2874 482 quia
2906 412 3006 482 ipsi
3037 426 3376 480 summopere
3415 412 3467 465 in
3507 411 3809 481 redempto-

570 525 759 570 vantes
808 517 1245 585 interpretantur.
1277 513 1344 565 Et
1371 512 1463 580 qui
1493 511 1581 564 alii
1611 508 1995 579 captivantium
2042 522 2141 560 no-

572 607 736 673 mine,
762 608 861 660 nisi
884 605 1137 661 immundi
1166 605 1384 673 spiritus
1406 602 1774 668 designantur,
1804 598 1895 667 qui
1924 606 2148 650 cunctos

574 712 711 766 quos
737 699 834 753 sibi
860 697 1146 765 subjiciunt
1172 697 1222 748 in
1253 694 1620 748 inﬁdelitatem
1643 692 1886 761 captivos
1908 690 2149 743 ducunt?

577 786 678 850 Qui
703 793 759 838 et
786 800 981 853 pueros
1007 783 1182 850 gladio
1207 781 1421 847 feriunt,
1444 783 1568 850 quia
1591 797 1686 835 eos
1708 778 2018 835 tentationis
2040 789 2151 830 suae

577 875 812 944 graviter
846 873 1037 941 jaculis
1085 874 1397 938 vulnerant,
1447 887 1583 941 quos
1626 870 1857 925 necdum
1900 865 2152 935 juvenilis

580 965 881 1018 constantia
903 964 1102 1018 liberos
1133 964 1214 1017 vel
1242 964 1492 1017 robustos
1520 968 1717 1017 servat.
1745 958 1845 1026 Qui
1878 958 2017 1012 bene
2043 955 2155 1024 qui-

582 1054 703 1107 dem
732 1055 873 1108 bona
916 1055 1192 1124 incipiunt,
1223 1056 1316 1109 sed
1346 1056 1398 1109 in
1430 1055 1541 1123 ipsa
1579 1053 1753 1107 adhuc
1798 1049 2155 1105 incboationis

583 1161 693 1200 sua:
739 1148 1097 1202 teneritudine
1125 1147 1520 1217 captivantibus
1560 1143 1843 1198 immundis
1881 1138 2158 1210 spiritibus

584 1243 1015 1296 substernuntur.
1041 1242 1187 1307 Quos
1215 1241 1391 1308 gladio
1415 1239 1583 1294 hostis
1599 1236 1849 1308 percutit,
1864 1234 1988 1303 quia
2001 1239 2159 1286 arter-

587 1333 771 1387 nitatis
798 1332 1169 1400 desperatione
1200 1331 1475 1399 transﬁgit.

661 1443 818 1515 [ῐῖερ.
848 1442 1009 1513 XIX.]
1049 1441 1134 1498 50.
1184 1442 1482 1512 Prophetia,
1511 1442 1711 1496 ctetcris
1731 1436 2073 1509 pereuntibus,
2094 1435 2161 1489 “in

592 1545 837 1588 (sternam
865 1545 1054 1588 manet.
1077 1562 1146 1573 —
1171 1534 1304 1599 Quid
1333 1542 1414 1587 est
1438 1543 1614 1587 autem
1644 1536 1746 1588 hoc
1770 1533 1913 1602 quod
1943 1530 2164 1586 nuntius

591 1625 768 1689 venit,
807 1624 899 1691 qui
926 1624 1130 1677 diceret
1163 1641 1175 1675 :
1230 1622 1384 1676 Evasi
1430 1640 1521 1694 ego
1552 1624 1729 1677 solus?
1766 1622 1897 1689 Quis
1943 1628 2027 1675 est
2062 1620 2163 1675 iste

593 1714 829 1779 nuntius,
853 1713 964 1780 qui,
990 1713 1109 1767 aliis
1133 1714 1494 1782 pereuntibus,
1517 1716 1663 1769 solus
1687 1714 1886 1777 evadit,
1916 1713 2013 1766 nisi
2036 1726 2164 1781 pro—

590 1803 833 1873 pheticus
861 1819 1055 1868 sermo,
1083 1805 1192 1872 qui,
1218 1803 1343 1858 dum
1366 1804 1498 1858 ﬁunt
1520 1806 1699 1858 omnia
1730 1803 1867 1856 mala
1891 1817 2009 1870 quas
2031 1816 2165 1871 prte-

591 1892 741 1955 disit,
764 1893 915 1960 quasi
935 1909 1095 1947 sanus
1111 1893 1179 1947 ad
1203 1895 1483 1948 Dominum
1505 1896 1651 1949 solus
1672 1894 1844 1948 redit?
1866 1893 2001 1945 Dum
2021 1891 2164 1945 enim

594 1997 719 2035 vera
762 1981 961 2037 dixisse
988 1984 1055 2037 de
1084 1984 1415 2052 perditorum
1454 1999 1585 2039 casu
1611 1982 1981 2050 cognoscitur,
2011 1978 2167 2048 quasi

594 2071 735 2125 inter
763 2080 1005 2126 mortuos
1032 2073 1229 2129 vixisse
1256 2083 1603 2128 monstratur.
1636 2073 1769 2127 Hinc
1796 2080 1899 2137 est,
1928 2071 2071 2139 quod
2098 2068 2166 2123 ad

597 2159 893 2215 Bebeccam
934 2162 987 2215 iu
1016 2162 1165 2215 lsaac
1194 2162 1442 2230 conjugio
1486 2162 1852 2216 deducendam
1884 2176 2017 2230 puer
2044 2160 2167 2213 mit-

593 2251 725 2303 titur
746 2249 948 2317 (Cenes.
977 2265 1121 2317 xxw,
1145 2253 1223 2318 9),
1240 2254 1362 2322 quia
1388 2253 1633 2308 videlicet
1653 2254 1717 2307 ad
1741 2251 2168 2323 desponsaudam

596 2336 889 2393 Ecclesiam
921 2340 1165 2407 Domino,
1198 2342 1507 2411 interposita
1547 2342 1829 2411 prophetia
1861 2342 2164 2395 lamulatur.

597 2425 799 2481 Saba-is
844 2444 971 2497 ergo
1011 2432 1351 2494 irruentibus,
1395 2432 1541 2487 solus
1585 2447 1720 2501 puer
1762 2431 1853 2500 qui
1899 2430 2171 2485 nuntiaret

598 2518 786 2581 evasit,
820 2521 942 2588 quia
968 2522 1211 2590 malignis
1232 2523 1501 2592 spiritibus
1529 2524 1859 2579 inﬁrmorum
1888 2530 2095 2578 mentes
2117 2522 2170 2576 in

600 2609 964 2676 captivitatem
993 2611 1324 2678 ducentibus,
1355 2614 1617 2668 sententia
1645 2613 1941 2683 prophetiae
1970 2629 2169 2668 conva-

600 2699 728 2765 luit;
756 2701 862 2772 58
889 2716 1008 2769 quae
1038 2703 1278 2757 eamdem
1304 2704 1669 2773 captivitatem
1699 2704 2062 2774 przcnuntians
2093 2704 2173 2759 di-

598 2788 672 2843 cit
701 2806 715 2841 :
745 2788 1032 2858 Propterea
1060 2794 1286 2860 captivus
1315 2794 1494 2847 ductus
1519 2804 1595 2849 est
1617 2795 1832 2865 populus
1860 2812 2025 2862 meus,
2051 2794 2173 2866 quia

600 2895 702 2933 non
746 2879 921 2934 habuit
960 2884 1226 2937 scientiam
1275 2882 1430 2952 (Isai.
1460 2900 1515 2948 v,
1566 2885 1677 2955 15).
1711 2884 1997 2955 Prophetia
2042 2900 2174 2955 ergo

599 2972 751 3038 quasi
773 2973 1026 3035 salvatur,
1050 2974 1174 3028 dum
1196 2977 1505 3045 captivitas,
1529 2992 1689 3046 quam
1715 2979 1977 3048 praedixit,
1994 2988 2176 3034 osten-

600 3065 760 3119 ditur.
791 3065 1042 3136 Sequitur
1064 3084 1081 3121 :

810 3178 1035 3233 CAPUT
1064 3179 1230 3235 XXXI
1262 3178 1405 3251 [Vet.
1436 3182 1540 3237 XX
1559 3182 1648 3247 γι,
1684 3182 1805 3237 Rec.
1830 3181 1980 3255 XX].

676 3290 835 3344 Vnus.
878 3290 964 3344 16.
996 3322 1065 3332 --
1095 3293 1319 3363 Cumque
1364 3294 1530 3346 adhuc
1558 3295 1646 3348 ille
1685 3296 2000 3359 loqueretur,
2044 3293 2179 3348 venit

604 3381 765 3446 alter,
811 3392 861 3434 et
890 3382 1021 3435 dixit
1050 3398 1067 3435 :
1112 3381 1259 3452 Ignis
1285 3383 1383 3437 Dei
1425 3385 1608 3438 cecidit
1654 3385 1717 3438 de
1744 3385 1898 3450 caelo,
1929 3395 1978 3439 et
2015 3394 2179 3439 tactas

605 3490 738 3537 oves,
770 3490 1046 3543 puerosque
1065 3478 1396 3547 consumpsit,
1420 3486 1468 3530 et
1492 3477 1645 3547 e/I‘ugi
1666 3494 1759 3547 ego
1782 3478 1945 3546 solus,
1965 3488 2022 3531 ut
2043 3494 2179 3531 nun-

606 3565 786 3617 tiarem
818 3562 926 3617 tibi.

677 3650 763 3706 5|.
798 3651 944 3724 Ignis
986 3670 1102 3709 oves
1139 3663 1189 3708 et
1221 3672 1407 3725 pueros
1440 3654 1539 3710 Job
1577 3674 1900 3723 consumens,
1932 3659 2179 3713 invidiam

604 3749 929 3805 sacerdotum
974 3760 1156 3805 contra
1206 3749 1463 3805 Christum
1510 3753 1792 3823 signiﬁcat.
1834 3753 2007 3806 Malos
2045 3755 2180 3823 ignis

606 3858 741 3895 nunc
758 3843 951 3894 cruciat
971 3859 1061 3912 per
1071 3843 1299 3907 livorem,
1313 3853 1489 3913 postea
1504 3861 1593 3914 per
1615 3843 2182 3898 vindictam—Omnes

605 3932 697 4000 qui
727 3932 1118 4001 praedicationis
1159 3932 1390 3988 ofﬁcium
1435 3933 1489 3987 in
1535 3947 1803 4005 synagoga
1860 3941 2177 3997 tenuerunt,

606 4021 801 4076 caelum
846 4030 990 4076 recte
1035 4031 1210 4076 vocati
1238 4031 1396 4090 sunt,
1426 4023 1550 4090 quia
1580 4023 1830 4076 nimirum
1877 4037 2069 4091 sapere
2092 4037 2181 4075 su-

607 4127 773 4183 perna
828 4113 1199 4168 credebantur.
1228 4112 1379 4167 Unde
1400 4122 1455 4167 et
1468 4112 1679 4183 Moyses
1695 4152 1711 4177 ,
1730 4129 1852 4167 cum
1873 4112 2182 4166 sacerdotes

608 4221 673 4261 ac
710 4205 965 4275 populum
1005 4205 1069 4259 ad
1115 4205 1279 4259 verba
1324 4219 1433 4260 suae
1480 4205 1861 4259 admonitionis
1899 4204 2178 4266 excitaret,

608 4296 743 4350 dixit
772 4315 783 4347 :
816 4295 1272 4358 Attende,catlum.
1303 4303 1349 4349 et
1367 4297 1569 4366 loquar;
1597 4305 1646 4349 et
1672 4296 1852 4348 audiat
1881 4293 2174 4348 terraverba

609 4400 675 4437 ea:
702 4400 791 4437 ore
818 4399 929 4437 meo
961 4381 1134 4452 (Deut.
1159 4399 1339 4444 χχιιι,
1388 4384 1437 4449 1,
1470 4401 1570 4439 sec.
1604 4383 1811 4453 LXX);
1862 4399 1959 4453 per
1987 4384 2179 4438 malum

2245 505 2318 558 ris
2350 504 2516 556 nostri
2548 514 2570 541 ο
2618 504 2939 557 adversitate
2968 501 3221 557 commoti
3243 510 3387 568 sunt,
3416 500 3566 569 quasi
3591 502 3725 569 ignis
3751 502 3811 557 de

2248 592 2386 646 caelo
2415 591 2631 657 cecidit,
2660 590 2785 644 dum
2812 591 2877 644 ad
2904 589 3276 659 decipiendum
3319 588 3623 658 imperitum
3654 606 3812 659 popu-

2247 677 2392 750 lum,
2443 682 2510 735 ab
2560 681 2644 735 bis
2696 682 2857 735 etiam
2909 682 3000 749 qui
3051 695 3180 736 vera
3226 678 3423 734 docere
3470 682 3811 749 putabantur,

2250 770 2461 823 llamma
2484 769 2695 823 invidiae
2717 770 2933 823 exarsit.
2956 769 3115 823 Teste
3136 769 3333 839 quippe
3358 766 3647 837 Evangelio
3675 772 3817 823 novi—

2251 874 2371 912 mus
2409 858 2550 928 quod
2581 857 2838 912 doctrina:
2872 858 3117 911 veritatis
3147 857 3464 921 invidentes,
3511 860 3817 927 opportuni-

2253 954 2419 1001 tatem
2442 946 2729 1001 Dominiae
2750 946 3054 1001 traditionis
3078 947 3461 1017 exquirebant;
3480 948 3572 1001 sed
3598 956 3822 1002 metuen~

2254 1051 2337 1096 tes
2365 1039 2640 1109 populum,
2680 1054 2799 1108 qua:
2827 1038 3188 1092 moliebantur
3216 1039 3553 1094 innotescere
3582 1054 3689 1092 non
3730 1052 3820 1092 au-

2257 1130 2473 1185 debant.
2523 1127 2661 1182 Hinc
2682 1129 2843 1182 etiam
2878 1129 2928 1181 in
2959 1127 3027 1182 eo
3049 1128 3309 1196 scriptum
3336 1136 3452 1193 est,
3479 1128 3622 1198 quod
3663 1125 3688 1164 ά
3714 1128 3819 1182 dis-

2258 1222 2544 1277 suadendis
2574 1220 2786 1292 pepulis
2831 1221 3052 1274 dicunt:
3092 1217 3346 1290 Nunquid
3389 1221 3573 1290 aliquis
3604 1237 3669 1274 ea:
3688 1223 3822 1292 prin-

2259 1312 2454 1384 cipibus
2493 1311 2710 1364 credidit
2737 1313 2791 1363 in
2812 1327 2955 1374 eum,
2986 1318 3075 1362 aut
3101 1327 3167 1363 ea:
3196 1308 3520 1364 Phariswis?
3551 1309 3658 1364 Sed
3686 1314 3826 1366 turba

2262 1403 2369 1457 Iiwc
2402 1417 2515 1473 qua:
2554 1417 2657 1454 non
2686 1400 2823 1453 novit
2852 1401 3033 1469 legem,
3080 1401 3342 1454 maledicti
3383 1412 3501 1454 sunt
3530 1401 3707 1473 (Joan.
3736 1420 3820 1470 vn,

2262 1492 2375 1559 48).
2407 1490 2544 1557 Quid
2575 1499 2752 1544 autem
2784 1490 2836 1543 in
2867 1490 3057 1544 ovibus
3076 1499 3235 1560 atque
3265 1492 3318 1545 in
3342 1492 3539 1561 pueris,
3567 1493 3664 1547 nisi
3690 1492 3827 1546 inno-

2265 1591 2449 1636 centes
2491 1593 2753 1649 quosque,
2785 1578 2876 1633 sed
2925 1588 3102 1635 tamen
3132 1580 3306 1635 adhuc
3354 1580 3615 1645 inﬁrmos,
3643 1583 3826 1650 accipi-

2265 1672 2418 1725 mus?
2447 1670 2538 1738 qui
2563 1669 2687 1723 dum
2715 1668 3093 1723 adversitatem
3125 1667 3515 1724 Pharisaeorum
3548 1685 3615 1724 ac
3639 1672 3821 1740 princi-

2195 1771 2239 1831 B
2266 1775 2398 1830 pum"
2428 1760 2658 1813 tolerare
2686 1759 3004 1822 timuerunt,
3055 1758 3380 1813 inlidelitatis
3407 1762 3827 1817 concrematioue

2268 1848 2571 1918 consumpti
2618 1855 2760 1902 sunt.
2794 1847 3012 1901 Dicatur
3037 1862 3166 1918 ergo
3200 1864 3211 1899 :
3246 1845 3393 1918 Ignis
3438 1847 3536 1902 Dei
3566 1850 3745 1902 cecidit
3771 1852 3826 1903 de

2266 1940 2391 1995 calo
2411 1981 2427 2006 ,
2455 1948 2504 1991 et
2533 1946 2697 1992 tactas
2725 1953 2858 2002 oves,
2889 1954 3169 2009 puerosque
3196 1941 3513 2007 consumpsit
3535 1980 3551 2005 ,
3584 1939 3637 1993 id
3665 1949 3769 2005 est,
3800 1956 3826 1995 a

2266 2028 2675 2100 prtepositorum
2718 2029 2967 2082 cordibus
3012 2027 3225 2082 ﬂamma
3271 2029 3480 2083 invidia:
3509 2031 3737 2095 corruit,
3781 2043 3829 2086 et

2266 2118 2678 2189 quidquidiboni
2722 2116 2775 2171 in
2806 2117 3050 2187 plebibus
3087 2118 3380 2183 oriebatur,
3414 2120 3681 2185 incendit;
3717 2122 3829 2190 quia

2268 2209 2393 2263 dum
2421 2208 2545 2263 mali
2570 2210 2842 2277 prmpoxiti
2870 2224 3026 2261 suum
3056 2217 3238 2263 contra
3272 2210 3555 2264 veritatem
3587 2211 3829 2266 honorem

2268 2300 2507 2368 exigunt,
2558 2298 2629 2352 ab
2682 2296 2827 2351 omni
2881 2298 3202 2353 rectitudine
3244 2300 3406 2353 corda
3457 2300 3828 2368 sequentium‘

2272 2389 2610 2444 subvertunt.
2658 2387 2757 2443 Ubi
2796 2396 2852 2443 et
2891 2389 3029 2443 bene
3065 2388 3371 2456 adjungitur
3405 2406 3419 2441 :
3463 2388 3534 2441 Et
3562 2390 3717 2459 eﬂ'ugi
3751 2407 3831 2460 ego

2267 2480 2430 2544 solus,
2451 2486 2507 2532 ut
2537 2479 2827 2532 nuntiarem
2856 2478 2979 2539 tibi;
3008 2479 3133 2547 quia
3161 2479 3286 2532 dum
3316 2479 3574 2549 impletur
3600 2480 3832 2549 praedicta

2271 2583 2432 2625 causa
2462 2568 2703 2633 malitice,
2736 2568 2959 2621 lallacia:
2987 2567 3260 2622 interitum
3299 2568 3478 2623 evadit
3505 2583 3686 2622 sermo
3719 2583 3828 2637 pro.

2274 2661 2486 2731 pbetim,
2521 2659 2612 2729 qui
2643 2659 2719 2712 ait
2750 2676 2763 2711 :
2793 2656 2862 2710 Et
2890 2675 3026 2712 nunc
3063 2658 3199 2729 ignis
3238 2657 3569 2712 adversarios
3606 2659 3833 2711 consumit

2273 2748 2429 2819 (Isai.
2455 2762 2601 2809 xxvi,
2636 2746 2747 2816 11).
2777 2745 2856 2800 Ac
2882 2748 2927 2800 si
2948 2755 3134 2815 aperte
3156 2747 3297 2800 dicat
3321 2762 3334 2798 :
3358 2745 3525 2800 Malos
3554 2762 3662 2801 non
3682 2746 3833 2800 solum

2274 2844 2411 2911 ignis
2438 2858 2532 2912 per
2560 2841 2849 2898 vindictam
2876 2850 2997 2911 post
3024 2841 3247 2908 cruciat,
3276 2841 3369 2895 sed
3397 2855 3543 2894 nunc
3571 2840 3729 2895 etiam
3755 2854 3835 2908 per

2274 2937 2497 2990 livorem
2525 2944 2745 3001 cremat,
2769 2937 2895 3003 quia
2922 2934 3011 3002 qui
3042 2944 3163 3004 post
3193 2932 3446 3001 puniendi
3468 2940 3599 2986 sunt
3624 2930 3836 2986 retribu~

2276 3028 2438 3082 tionis
2480 3026 2764 3097 supplicio,
2809 3039 2949 3080 nunc
2992 3023 3309 3092 semetipsos
3354 3021 3603 3075 alliciunt
3649 3019 3836 3074 invidia!

2199 3129 2245 3189 C
2281 3129 2567 3177 tormento.
2610 3118 2750 3173 Puer
2774 3132 2902 3186 ergo
2945 3117 3091 3173 solus
3126 3114 3332 3183 fugiens
3373 3121 3615 3178 remeat,
3647 3122 3699 3166 et
3734 3114 3839 3182 igne

2277 3211 2503 3281 periisse
2552 3224 2683 3264 oves
2712 3222 3018 3278 puerosque
3058 3204 3363 3266 denuntiat,
3405 3201 3532 3255 dum
3579 3204 3838 3272 prophetia

2277 3300 2558 3354 Judaicum
2587 3299 2843 3369 populum
2884 3296 3157 3363 deserens,
3187 3310 3314 3349 vera
3352 3307 3413 3346 se
3455 3292 3660 3348 dixisse
3688 3294 3837 3347 mani-

2278 3389 2466 3459 festat,
2492 3404 2611 3458 qum
2650 3390 2727 3443 ait
2758 3406 2771 3441 :
2812 3387 2830 3426 ί
2863 3387 3017 3442 Zelus
3047 3387 3385 3457 apprehendit
3410 3387 3657 3459 papulum
3687 3387 3839 3437 ineru~

2280 3482 2464 3536 ditum.
2493 3482 2571 3536 Ac
2597 3482 2642 3539 si
2668 3489 2853 3552 aperte
2882 3480 3026 3535 dicat
3057 3496 3071 3531 :
3121 3480 3256 3535 Dum
3282 3484 3443 3534 verba
3474 3478 3838 3549 prophetarum

2279 3572 2432 3641 plebs
2459 3572 2729 3627 discutere
2757 3571 2947 3635 noluit,
2980 3570 3077 3624 sed
3107 3569 3479 3625 credulitatem
3508 3584 3664 3624 suam
3688 3566 3840 3621 verbis

2280 3662 2631 3716 invidentium
2675 3661 2851 3725 dedit,
2894 3660 2999 3713 ‘zeli
3046 3658 3167 3727 igne
3196 3660 3381 3728 periit,
3421 3658 3547 3727 quia
3581 3657 3636 3711 in
3677 3656 3841 3709 aliena

2279 3750 2491 3806 invidia:
2517 3767 2577 3806 se
2605 3750 2818 3804 ﬂamma
2845 3750 3229 3803 concremavit.
3258 3748 3511 3818 Sequitur
3538 3763 3555 3801 :

2596 3838 2819 3894 CAPUT
2850 3837 3037 3892 xxxu
3088 3838 3236 3910 [Vet.
3265 3833 3541 3906 XXVII].

2351 3929 2513 3984 Vsus.
2548 3928 2634 3983 17.
2667 3962 2737 3974 ——
2759 3929 2865 3984 Sed
2887 3940 2935 3983 et
2958 3928 3051 3981 illo
3074 3928 3241 3982 adhuc
3270 3929 3523 3999 loquente,
3548 3927 3686 3980 venit
3706 3925 3841 3987 alius,

2279 4032 2328 4075 et
2357 4022 2489 4074 Δὶεἱι
2517 4040 2534 4075 :
2573 4020 2804 4076 Chaldaei
2835 4022 3065 4091 fecerunt
3092 4028 3196 4073 tres
3237 4028 3450 4082 turmas,
3490 4027 3539 4071 et
3568 4018 3841 4071 invaserunt

2280 4115 2522 4180 camelos,
2552 4123 2601 4167 et
2626 4114 2847 4167 tulerunt
2870 4127 2976 4176 eos,
3009 4127 3208 4165 necnon
3229 4120 3277 4163 et
3294 4126 3479 4179 pueros
3504 4116 3841 4176 percusserunt

2282 4206 2477 4277 gladio,
2499 4213 2548 4258 et
2567 4205 2722 4274 effugi
2750 4221 2843 4275 ego
2872 4208 3035 4268 solus,
3063 4212 3119 4257 ut
3146 4204 3435 4256 nuntiarem
3460 4202 3571 4257 tibi.

2354 4296 2461 4365 59
2498 4293 2586 4347 52.
2626 4292 2855 4347 ϐἡαιάιεε
2896 4302 2997 4347 tres
3044 4302 3237 4346 turmas
3286 4294 3531 4362 facientes
3580 4290 3839 4351 l’lmr'stti.

2282 4383 2573 4439 Herodiani
2601 4393 2647 4437 et
2676 4383 2974 4438 Sadduccei.
3005 4381 3217 4446 Cameli,
3245 4382 3566 4437 Samaritani
3598 4422 3613 4443 ,
3646 4388 3732 4433 aut
3756 4378 3840 4431 Ju-

608 4472 859 4527 videlicet
885 4472 1098 4539 signans
1126 4473 1531 4542 praepositorum
1561 4474 1824 4537 ordinem,
1854 4488 1951 4543 per
1978 4483 2174 4527 terram
2208 4488 2253 4546 ι)
2280 4478 2380 4532 dcei
2406 4494 2559 4531 merce
2582 4478 2706 4548 legis
2734 4477 2917 4529 lit'era:
2946 4475 3286 4529 adhwrentes.
3318 4504 3388 4514 —
3417 4472 3551 4538 Quia
3582 4470 3843 4526 Chaldznos

611 4576 741 4617 vero
770 4560 796 4599 δ
825 4561 1088 4615 subditam
1118 4562 1347 4630 plebem.
1378 4560 1491 4617 Hoc
1518 4563 1677 4630 igitur
1697 4562 1817 4615 loco
1847 4562 2063 4629 caelum,
2090 4578 2181 4616 sa-

613 4650 876 4715 cerdotes,
901 4651 985 4706 vel
1005 4651 1315 4715 Pbarismos,
1342 4653 1422 4706 vel
1448 4652 1578 4720 legis
1599 4651 1846 4707 doctores
1867 4668 1972 4706 non
1990 4653 2183 4707 incon-

614 4743 889 4796 venienter
915 4742 1225 4811 accipimus,
1256 4743 1347 4811 qui
1375 4752 1500 4797 ante
1528 4743 1715 4798 oculos
1744 4744 2014 4798 hominum
2054 4744 2182 4798 dum

614 4832 922 4887 cmlestibus
963 4831 1155 4887 oﬁiciis
1184 4833 1531 4896 inservirent,
1568 4835 1721 4903 quasi
1750 4834 1980 4904 desuper
2002 4834 2185 4890 lucere

665 4957 802 5020 "Ita
824 4980 1012 5022 omnes
1033 4969 1155 5027 Mss.
1179 4969 1366 5026 nostri.
1391 4968 1447 5023 ln
1468 4968 1607 5021 Edit.
1626 4967 1820 5031 Vatic.,
1844 4968 1952 5021 alta
1967 4984 2179 5036 sapere;

612 5036 759 5107 quod
784 5038 943 5091 etiam
965 5038 1542 5101 retinuitGussanvill.,
1562 5036 1763 5107 rejecto
1782 5038 1849 5091 ad
1867 5039 2178 5105 marginem,

613 5124 815 5161 canere.

745 5176 907 5237 Editi,‘
933 5177 1251 5233 subditorum
1274 5170 1489 5238 plebem.
1521 5177 1708 5232 Melius
1738 5175 1885 5238 Mss.,
1924 5175 2184 5230 subditam

611 5246 686 5315 pl.
732 5246 823 5301 Sic
852 5246 1008 5318 infra,
1038 5264 1183 5318 num.
1217 5246 1306 5318 55,
1335 5247 1580 5315 legimus,
1610 5247 1948 5316 pratdicantes
1977 5256 2185 5316 aposto-

613 5318 711 5380 los,
742 5327 791 5371 et
819 5316 986 5385 plebes
1013 5317 1263 5371 subditas.

690 5398 712 5425 ο
754 5384 950 5452 Ctirb.,
998 5386 1176 5441 Germ.
1229 5396 1283 5441 et
1327 5385 1509 5451 Colb.,
1554 5386 1609 5438 in
1651 5385 2028 5439 adversitatcm.
2072 5384 2188 5441 Hoc

613 5463 792 5510 autem
818 5456 934 5509 loco
964 5458 1257 5511 adversitas
1288 5472 1391 5510 non
1423 5456 1561 5511 idem
1588 5454 1849 5523 signiﬁcat
1877 5471 1941 5508 ac
1968 5455 2186 5509 calami-

613 5525 821 5590 tas,sed
845 5533 929 5579 est
943 5528 1156 5596 proprie
1177 5527 1568 5596 adversantium
1591 5526 1875 5596 Oppositio‘.
1891 5525 2009 5596 Quo
2024 5540 2182 5579 sensu

615 5596 709 5649 lib.
740 5610 816 5659 ut,
848 5593 966 5663 capi.
1011 5593 1135 5648 olim
1180 5595 1265 5660 15,
1298 5611 1454 5650 nunc.
1495 5593 1585 5658 ‘26,
1632 5593 1776 5647 num.
1808 5594 1897 5659 δὲ,
1944 5595 2134 5662 legitur
2166 5612 2179 5649 :

616 5664 850 5733 protinus
892 5666 944 5716 in
973 5666 1329 5733 adversitatent
1360 5666 1649 5733 prosiliunt.
1694 5663 1821 5719 Vide
1852 5664 2013 5718 etiam
2057 5664 2091 5717 Ι.
2124 5678 2159 5717 ιι

618 5748 671 5785 n.
706 5732 797 5796 58.
824 5741 876 5786 et
902 5734 935 5784 Ι.
972 5732 1052 5793 16,
1087 5750 1139 5784 ιι.
1164 5733 1250 5787 Ιιῦ.

2285 4568 2627 4638 interpretari
2652 4567 2860 4622 feroces
2876 4568 3139 4631 novimus,
3164 4566 3254 4636 qui
3272 4565 3359 4619 alii
3382 4564 3749 4618 Chaldaeorum
3770 4576 3841 4613 no

2284 4656 2426 4710 mine
2446 4656 2811 4723 designantur,
2833 4655 2933 4708 nisi
2951 4654 3336 4723 persecutionis
3347 4661 3596 4707 auctores
3616 4662 3774 4719 usque
3788 4646 3843 4700 ad

2285 4758 2499 4819 apertos
2527 4750 2786 4804 clamores
2808 4748 3020 4801 malitia:
3045 4752 3475 4816 prorumpentes,
3499 4760 3619 4799 cum
3641 4744 3843 4796 dicunt:

2285 4839 2555 4910 Cruci/ige,
2580 4840 2821 4910 cruciﬁge
2849 4837 3002 4907 (Luc.
3029 4852 3181 4902 χχιιι,
3207 4835 3268 4888 21
3293 4854 3308 4903 ;
3341 4835 3508 4889 Marc.
3540 4851 3615 4896 tu,
3642 4832 3729 4903 6)?
3758 4829 3844 4896 Qui

2356 4972 2383 5010 ἀ
2411 4973 2565 5040 Reg..
2591 4972 2977 5027 succendendis.
3001 4971 3117 5025 Duo
3141 4971 3353 5037 Rhem.,
3370 4967 3721 5040 Remigqlal.
3748 4964 3844 5022 CL.

2287 5042 2472 5107 Corb.,
2498 5038 2710 5106 Cerm.,
2735 5058 2763 5095 a
2788 5043 2957 5111 prima
2987 5057 3170 5109 manu,
3192 5042 3256 5094 de
3278 5041 3575 5094 suadendis.
3598 5038 3776 5094 Nortn.
3798 5041 3844 5085 et

2286 5111 2493 5175 Germ.,
2523 5112 2822 5165 suadendis.

2362 5193 2385 5219 ο
2418 5170 2598 5248 Antiq.
2647 5180 2799 5235 Rem.
2847 5186 2903 5233 et
2946 5178 3203 5242 Vindoc.,
3246 5178 3624 5232 subvertantur.
3689 5170 3841 5229 σοι-1).

2289 5250 2496 5315 Germ.,
2526 5250 2896 5303 subuerterant.

2364 5320 2383 5359 ί
2417 5312 2545 5386 Quae
2572 5321 2643 5373 sit
2671 5320 2784 5391 lucc
2814 5318 3095 5391 prophetia
3121 5333 3228 5371 non
3254 5317 3385 5391 satis
3411 5318 3597 5391 liquet.
3614 5312 3844 5391 lfpr

2288 5390 2376 5443 tia:
2417 5382 2590 5442 tamen
2639 5382 2855 5443 nomine
2903 5382 3076 5457 omnis
3128 5402 3279 5441 sai-ra
3320 5382 3587 5457 Scriptura
3636 5382 3844 5457 intelligi

2286 5466 2483 5527 potest.
2510 5457 2677 5527 Porro
2701 5458 2855 5511 Rom.
2880 5474 2933 5520 χ,
2960 5456 3015 5519 2,
3041 5456 3326 5525 Apostolus
3353 5447 3517 5527 ait'de
3545 5455 3737 5527 populo
3762 5447 3847 5523 Ju-

2285 5523 2469 5591 daico,
2498 5543 2620 5582 eum
2650 5526 2851 5581 habere
2884 5523 3279 5583 mmulatiouem
3311 5527 3403 5580 Dei
3433 5525 3636 5595 (Ome
3664 5523 3841 5587 esten,

2283 5597 2376 5651 sed
2409 5612 2514 5650 non
2557 5596 2850 5666 secundum
2893 5597 3202 5661 scientiam;
3233 5596 3374 5666 quod
3405 5610 3487 5666 εει
3516 5596 3626 5666 fere
3650 5596 3841 5654 dicere,

2282 5664 2899 5747 zelum-apprehendisse
2939 5668 3192 5737 populum
3237 5664 3579 5731 ineruditum,
3618 5664 3719 5719 hoc
3745 5670 3834 5726 est,

2285 5743 2520 5790 scicntia:
2538 5743 2833 5804 expertem.
