4030 6332
296 318 389 373 581

1225 312 1585 372 ΜοηΑιιυιι
1624 315 1752 371 LIB.
1796 312 1861 369 ιι.
1900 340 1972 355 -
2011 311 2076 367 ΙΝ
2128 313 2280 370 CAP.
2326 312 2343 367 I
2385 313 2446 367 Β.
2487 311 2630 367 .lOB.

3452 304 3564 357 58‘s

290 429 682 499 desemetipsis
696 396 1024 483 tresturmas
1045 426 1475 495 faciunt,cumse
1495 430 1562 484 ad
1584 444 1882 503 proponen-
1905 431 1957 487 Α
1987 434 2130 482 tator
2158 429 2309 483 colit.
2353 427 2557 482 Ventus
2602 434 2783 481 autem
2825 425 3116 482 vehemens
3155 424 3181 463 ι)
3211 426 3339 500 quid
3385 428 3560 493 aliud,

290 525 391 579 das
416 522 740 591 qtnestiones
770 519 996 576 Domino
1017 518 1291 584 Pharisaei,
1344 520 1633 576 Herodiam
1663 531 1718 576 et
1742 521 1877 576 Sad—

291 613 463 669 ducaai
481 613 795 666 diviserunt.
813 611 912 677 Qui
934 626 1030 665 ore
1045 611 1263 679 quidem
1279 610 1568 680 Sapientia:
1582 613 1701 667 victi
1722 619 1848 668 sunt
1862 631 1875 666 :

1983 533 2146 587 quam
2196 520 2422 573 tentatio
2471 518 2622 572 fortis
2662 517 2959 586 accipitur?
2986 516 3191 572 Ventus
3220 532 3352 587 ergo
3391 519 3561 573 vehe-

1981 626 2135 665 mens
2180 627 2211 665 a
2242 612 2462 681 regione
2489 611 2686 665 deserti
2718 611 2901 676 irruit;
2939 610 3063 678 quia
3092 610 3145 663 in
3176 611 3424 679 passione
3454 610 3562 665 Re-

290 705 389 760 sed
415 704 536 773 quia
562 702 1028 770 srultosquosdam
1052 710 1174 770 post
1194 717 1254 755 se
1278 718 1373 756 eos
1400 703 1628 756 traxisse
1655 704 1881 758 creden—
1979 699 2274 770 demptoris
2304 702 2473 756 nostri
2500 708 2690 755 contra
2730 699 2914 755 ﬁdeles
2934 701 3071 768 ejus,
3100 699 3251 755 fortis
3280 703 3506 756 tentatio
3529 718 3559 756 a

289 796 419 850 dum
445 803 547 860 est,
576 790 730 846 factis
751 792 939 845 turmis
961 792 1198 845 camelos
1220 792 1475 846 tulerunt.
1503 790 1878 861 Unusquisque

291 898 524 951 namque
561 898 749 936 eorum
779 880 914 935 ordo
944 881 997 934 in
1039 896 1203 950 prava
1233 895 1353 949 qum
1389 881 1584 950 sapuit,
1618 882 1875 952 insipien-

290 975 425 1027 tium
455 972 616 1027 corda
645 972 914 1041 corrupit;
945 980 1003 1026 et
1030 972 1155 1025 dum
1184 972 1561 1041 persuadendo
1588 973 1655 1027 ad
1686 974 1875 1029 interi-

287 1068 402 1115 tum
432 1060 726 1130 pertraxit,
756 1060 909 1130 quasi
940 1068 1211 1115 tortuosas
1238 1071 1446 1116 mentes
1489 1062 1871 1118 inﬁrmantium

286 1154 354 1206 ad
384 1154 745 1223 captivitatem
767 1152 936 1208 duxit.
970 1152 1303 1208 Prmdicante
1326 1154 1523 1223 quippe
1551 1155 1602 1209 in
1630 1156 1872 1210 Samaria

287 1240 547 1305 Domino,
582 1242 735 1295 multi
777 1257 843 1295 ex
873 1241 1225 1296 Samaritanis
1254 1240 1467 1297 fuerunt
1494 1243 1547 1297 in
1577 1244 1874 1312 possessio-

287 1349 411 1388 nem
434 1334 673 1402 ejusdem
698 1333 1073 1405 Redemptoris
1099 1336 1265 1389 nostri
1295 1336 1468 1391 asciti.
1498 1335 1605 1390 Sed
1632 1337 1870 1404 nunquid

285 1422 320 1477 ii
349 1424 439 1491 qui
462 1440 560 1493 pro
582 1432 789 1494 septem
818 1424 947 1480 viris
969 1426 1127 1480 unius
1154 1425 1394 1480 mulieris
1419 1427 1661 1493 mortuis,
1690 1428 1757 1481 de
1784 1443 1873 1482 re-

281 1515 640 1569 surrectionis
682 1515 1059 1585 desperatione
1089 1514 1373 1570 Dominum
1414 1523 1623 1570 tentant
1652 1516 1866 1587 (Matth.

281 1619 421 1671 χχιι,
451 1605 563 1677 25),
594 1620 931 1676 nequaquam
961 1605 1139 1659 conati
1170 1613 1295 1658 sunt
1321 1604 1606 1660 credentes
1632 1606 1870 1660 Samari-

281 1702 444 1747 tanos
471 1709 501 1747 a
534 1694 637 1749 lide
678 1694 954 1757 reducere,
996 1708 1132 1761 quos
1158 1701 1373 1749 constat
1406 1710 1556 1764 spem
1595 1711 1867 1752 resurrec-

279 1784 450 1840 tionis
480 1787 759 1855 ignorare?
784 1784 884 1851 Qui
908 1785 1032 1838 dum
1055 1801 1122 1839 ex
1148 1786 1264 1852 lege
1292 1787 1549 1840 nonnulla
1581 1787 1865 1857 recipiunt,

278 1877 541 1929 nonnulla
572 1884 941 1939 contemnunt,
973 1875 1124 1943 quasi
1156 1876 1483 1930 camelorum
1515 1892 1687 1943 more,
1719 1879 1866 1934 velut

278 1964 540 2016 tuundum
570 1965 765 2018 animal
796 1966 1085 2029 ruminaut,
1118 1966 1209 2019 sed
1250 1974 1308 2019 ut
1336 1966 1666 2021 immundum
1696 1984 1867 2039 ungu-

280 2053 387 2109 lam
416 2069 753 2123 nequaquam
786 2054 1013 2108 ﬁndunt.
1058 2054 1312 2121 Quamvis
1342 2065 1397 2110 et
1422 2072 1518 2112 eos
1553 2059 1747 2113 cameli
1774 2076 1866 2113 ru-

280 2147 564 2211 minantes,
581 2146 675 2200 sed
702 2155 879 2201 tamen
908 2148 1161 2217 ungulam
1189 2164 1297 2201 non
1322 2148 1601 2211 ﬁndentes,
1628 2150 1867 2205 indicant

280 2236 371 2305 qui
398 2237 450 2290 in
471 2233 651 2289 Iudaea
671 2234 822 2304 juxta
854 2236 1109 2299 litteram,
1136 2224 1417 2290 historiam
1447 2237 1747 2302 audierant,
1771 2238 1864 2293 sed

282 2329 531 2382 virtutem
558 2327 673 2397 ejus
699 2328 1007 2382 discernere
1030 2328 1343 2396 spiritaliter
1362 2328 1694 2382 nesciebant.
1718 2329 1865 2394 Quos

278 2421 450 2475 tribus
476 2420 666 2474 turmis
695 2418 931 2473 Chaldmi
959 2419 1205 2489 rapiunt;
1231 2420 1358 2473 dum
1387 2418 1660 2485 Pharisa-i,
1696 2419 1866 2475 llero—

281 2512 420 2566 diaui
443 2510 801 2566 etSadductei
830 2510 898 2564 ab
940 2510 1086 2563 omni
1117 2525 1307 2565 sensus
1336 2510 1657 2565 rectitudine
1684 2511 1864 2580 iniqua

278 2602 624 2673 persuasione
670 2608 1001 2672 pervertunt.
1034 2600 1313 2669 Simulque
1342 2616 1538 2670 pueros
1565 2602 1742 2669 gladio
1782 2603 1862 2656 fe-

281 2694 442 2757 riunt,
486 2693 611 2761 quia
642 2692 741 2747 etsi
771 2693 864 2760 qui
894 2692 946 2745 in
981 2691 1179 2761 populo
1215 2692 1291 2745 uti
1318 2692 1429 2760 jam
1457 2693 1669 2746 ratione
1708 2702 1863 2760 pote-

276 2796 429 2850 rant,
473 2786 553 2840 eis
594 2786 695 2855 ipsi
743 2801 852 2839 non
895 2785 1098 2840 virtute
1144 2785 1403 2849 rationis,
1450 2786 1543 2840 sed
1583 2788 1865 2855 potestatis

278 2876 598 2934 auctoritate
618 2876 997 2941 contraibant;
1026 2876 1259 2944 dumque
1286 2891 1344 2930 se
1366 2876 1519 2945 quasi
1550 2878 1865 2947 prmpositos

278 2970 478 3023 imitari
509 2985 540 3023 a
582 2968 809 3024 subditis
838 2967 1045 3033 volunt,
1078 2969 1177 3022 etsi
1226 2970 1524 3037 intelligere
1552 2970 1751 3038 aliquid
1778 2984 1865 3024 se-

278 3070 503 3129 quentes
527 3070 774 3132 possunt,
803 3075 870 3117 ex
899 3061 1223 3116 auctoritate
1251 3074 1430 3116 tamen
1458 3062 1692 3131 suscepti
1721 3062 1862 3130 regi-

1978 792 2228 847 cordibus
2246 791 2549 848 Iudaeorum
2570 793 2735 847 venit.
2766 792 2952 848 Potest
2971 793 3135 847 etiam
3163 793 3359 847 deserti
3387 795 3557 862 regio,

1976 878 2231 935 derelicta
2276 882 2670 938 immundorum
2710 885 2993 954 spirituum
3024 884 3309 939 multitudo
3340 901 3445 939 non
3478 886 3562 938 in-

1975 972 2359 1028 convenienter
2388 975 2630 1042 intelligi.
2659 977 2700 1029 A
2731 993 2837 1045 qua
2859 986 3050 1031 ventus
3070 979 3234 1043 venit,
3265 985 3319 1032 et
3340 978 3557 1032 domum
3655 1024 3661 1031 .

1974 1063 2238 1127 concutit,
2269 1065 2392 1132 quia
2423 1065 2492 1118 ab
2513 1069 2622 1136 60
2650 1069 2727 1121 eis
2749 1068 2977 1123 tentatio
2998 1069 3214 1138 prodiit,
3234 1079 3289 1125 et
3305 1086 3560 1139 persecu-

1974 1160 2151 1206 torum
2178 1153 2339 1208 corda
2367 1157 2677 1210 commovit.

2050 1264 2137 1320 54.
2163 1265 2295 1339 Ejus
2318 1268 2501 1323 domus
2528 1285 2719 1335 eversa,
2744 1281 2819 1324 est
2842 1287 3126 1341 synagoga,
3149 1284 3371 1339 quatuor
3391 1292 3560 1345 angu-

1970 1358 2058 1420 lis,
2100 1357 2198 1410 hoc
2226 1369 2306 1412 est
2332 1370 2553 1429 quatuor
2580 1360 2850 1414 ordinibus
2890 1364 3152 1415 concussis
3180 1364 3371 1415 diruta.
3408 1364 3561 1419 Unde

1970 1454 2019 1500 et
2048 1446 2280 1512 oppressi
2300 1447 2468 1501 liberi.
2486 1446 2680 1503 ——Sed
2707 1450 2823 1504 haec
2849 1448 3065 1517 domus,
3095 1450 3147 1504 in
3169 1466 3271 1521 qua
3302 1453 3560 1507 conviva-

1969 1538 2164 1593 bantur
2191 1540 2302 1605 lilii,
2358 1551 2381 1580 ο
2414 1542 2467 1595 in
2497 1551 2728 1612 quatuor
2771 1543 2980 1609 angulis
3005 1544 3202 1598 stabat.
3252 1543 3385 1600 Tres
3413 1547 3559 1601 enim

1969 1631 2271 1697 regentium
2301 1632 2518 1688 ordines
2548 1632 2600 1686 in
2627 1648 2901 1704 synagoga
2922 1636 3289 1703 cognovimus,
3313 1638 3560 1691 sacculo.

1970 1726 2085 1773 tum
2109 1721 2333 1784 scilicet,
2364 1724 2664 1778 scribarum
2690 1734 2853 1794 atque
2898 1726 3169 1781 seniorum
3202 1728 3404 1796 populi.
3429 1728 3559 1795 Qui—

1900 1791 1948 1852 Β
1975 1810 2073 1864 bus
2118 1811 2162 1864 si
2191 1820 2245 1864 et
2272 1811 2571 1868 Pharisteos
2599 1813 2895 1883 iungimus,
2927 1829 3160 1883 quatuor
3186 1818 3238 1871 in
3269 1817 3370 1872 hac
3393 1820 3556 1873 domo

1968 1899 2193 1966 angulos
2233 1901 2556 1957 invenimus.
2591 1904 2637 1956 A
2677 1905 2898 1973 regione
2928 1906 3089 1973 igitur
3132 1906 3329 1962 deserti
3365 1920 3555 1964 ventus

1966 1988 2131 2054 venit,
2164 2000 2218 2043 et
2247 2000 2481 2059 quatuor
2520 1994 2715 2049 domus
2756 1996 2982 2063 angulos
3019 1999 3277 2061 concutit,
3317 2002 3442 2068 quia
3485 2002 3555 2056 ab

1967 2080 2253 2136 immundis
2279 2084 2554 2152 spiritibus
2575 2088 2801 2141 tentatio
2826 2088 3001 2155 irruit,
3018 2100 3073 2143 et
3094 2099 3299 2145 mentes
3324 2101 3554 2159 quatuor

1966 2171 2214 2225 ordinum
2238 2212 2254 2237 ,
2283 2172 2337 2226 in
2386 2174 2645 2228 malitiam
2684 2178 3074 2244 persecutionis
3118 2180 3390 2234 excitavit.
3423 2180 3553 2245 Quae

1965 2260 2156 2315 domus
2185 2277 2461 2328 corruens,
2493 2265 2763 2333 oppressit
2801 2266 3019 2331 liberos,
3048 2269 3172 2335 quia
3216 2269 3341 2322 dmn
3370 2270 3551 2326 Iudaea

1965 2348 2019 2402 in
2048 2351 2421 2407 crudelitatem
2454 2354 2744 2411 Dominicze
2770 2358 3155 2425 persecutionis
3181 2360 3393 2427 cecidit,
3421 2377 3551 2431 apo-

1965 2443 2228 2495 stolorum
2250 2441 2407 2497 ﬁdem
2430 2444 2819 2514 desperationis
2836 2446 3117 2501 formidine
3133 2449 3331 2503 obruit.
3356 2449 3552 2505 Teneri

1965 2531 2107 2586 enim
2138 2533 2515 2589 tantummodo
2552 2537 2865 2603 magistrum
2912 2538 3193 2601 viderunt,
3226 2548 3281 2592 et
3316 2540 3427 2609 jam
3456 2558 3551 2596 ne-

1964 2630 2153 2690 gantes
2191 2640 2287 2694 per
2331 2625 2543 2681 diversa
2588 2626 2881 2697 fugiebant.
2932 2627 3000 2683 Et
3045 2633 3289 2697 quamvis
3341 2641 3549 2687 interna

1964 2730 2158 2771 manus
2183 2733 2370 2772 eorum
2409 2720 2657 2788 spiritum
2686 2720 2741 2774 in
2784 2722 3123 2789 pnescientia
3173 2723 3238 2776 ad
3269 2723 3431 2777 vitam
3464 2733 3548 2778 te-

1966 2806 2110 2870 nuit,
2143 2822 2174 2860 a
2204 2808 2311 2861 vita
2363 2817 2539 2863 tamen
2572 2809 2693 2863 ﬁdei
2734 2827 2829 2865 eos
2856 2812 3069 2866 interim
3117 2813 3347 2867 carnalis
3388 2814 3550 2867 timor

1964 2899 2242 2953 exstinxit.
2272 2899 2371 2965 Qui
2401 2914 2529 2968 ergo
2559 2909 2831 2955 auctorem
2858 2917 3030 2966 suum,
3060 2901 3241 2956 Judtea
3271 2903 3547 2967 saeviente,

1964 2993 2325 3061 reliquerunt,
2374 2994 2530 3062 quasi
2578 2994 2855 3048 concussis
2897 2994 3105 3062 angulis
3146 2995 3306 3049 domo
3357 3011 3545 3050 eversa

1966 3084 2137 3138 necati
2164 3093 2308 3138 sunt.
2340 3084 2477 3150 Quid
2506 3093 2684 3139 autem
2713 3078 2805 3139 illo
2834 3093 3079 3155 tempore
3107 3086 3175 3141 de
3215 3101 3377 3156 grege
3416 3085 3544 3142 ﬁde-

276 3156 438 3208 minis
468 3169 561 3208 eos
589 3155 657 3208 ad
704 3153 996 3223 perniciem
1043 3153 1382 3221 pertrahunt.
1418 3155 1457 3207 A
1487 3154 1681 3221 quibus
1726 3155 1865 3210 bene

1974 3172 2097 3226 lium
2124 3173 2322 3227 factum
2343 3174 2629 3239 credimus,
2653 3190 2762 3243 quo
2783 3174 2978 3243 fugisse
3002 3176 3146 3245 ipsos
3168 3181 3329 3231 etiam
3351 3179 3547 3233 arietes

275 3245 425 3300 solus
454 3261 587 3314 puer
614 3246 703 3314 qui
734 3246 945 3299 nuntiet
984 3243 1152 3314 fugit:
1183 3244 1308 3313 quia
1338 3243 1638 3310 Pharismis,
1682 3243 1855 3299 Hero-

276 3337 481 3405 dianis,
539 3347 701 3405 atque
752 3337 1057 3392 Sadducacis
1107 3336 1287 3405 iniqua
1339 3336 1708 3406 patrantibus,
1762 3351 1858 3390 eos

275 3429 529 3482 nimirum
547 3429 799 3483 deserens
819 3426 1168 3497 propheticus
1188 3442 1367 3481 sermo
1392 3426 1738 3492 convalescit,
1766 3426 1858 3493 qui

277 3520 355 3573 ait
388 3537 398 3571 :
434 3518 501 3573 Et
532 3528 757 3575 tenentes
781 3520 941 3591 legem
964 3518 1252 3572 nescierunt
1280 3536 1361 3573 me
1385 3518 1517 3589 (Jer.
1549 3535 1623 3587 ιι,
1651 3517 1729 3589 8).
1761 3518 1860 3574 Se—

274 3612 495 3679 quitur-z

382 3722 609 3778 CAPUT
639 3722 855 3777 XXXIII
883 3722 1029 3798 [νει.
1061 3721 1347 3788 XXVIII,
1384 3722 1509 3776 Rec.
1539 3720 1723 3792 XXI].

352 3838 517 3892 Vens.
552 3836 621 3891 I8
682 3838 766 3892 I9.
794 3870 866 3880 —
894 3847 919 3875 ⁸
955 3836 1279 3909 Loquebatur
1319 3836 1439 3900 ille,
1476 3844 1526 3888 et
1572 3852 1687 3888 ecce
1728 3834 1861 3888 alius

275 3932 512 3994 intravit,
542 3940 589 3983 et
628 3930 759 3984 dixit
788 3949 801 3982 :
840 3930 989 3984 Filiis
1024 3931 1125 3983 tuis
1167 3939 1216 3983 et
1244 3926 1450 3998 ﬁliabus
1478 3924 1787 3981 vescentibus
1813 3934 1862 3978 et

275 4020 564 4074 bibentibus
593 4021 765 4073 vinum
803 4021 857 4087 in
883 4021 1036 4074 domo
1074 4020 1253 4090 fratris
1280 4019 1358 4071 sui
1396 4017 1746 4087 primogeniti,
1777 4031 1861 4068 re-

276 4122 432 4183 pente
458 4123 633 4166 ventus
656 4114 921 4167 vehemens
949 4113 1102 4167 irruit
1130 4129 1163 4165 a
1192 4112 1398 4180 regione
1425 4110 1634 4175 deserti,
1665 4118 1713 4161 et
1742 4124 1864 4161 con-

275 4206 441 4255 cussit
460 4212 680 4273 quatuor
706 4204 922 4274 angulos
963 4202 1164 4256 domus.
1195 4199 1324 4265 Quae
1349 4216 1593 4255 corruens
1613 4196 1866 4269 oppressit

278 4293 471 4347 liberos
494 4303 626 4356 tuos,
650 4303 699 4347 et
730 4294 916 4349 mortui
937 4302 1078 4347 sunt.

356 4401 442 4457 55.
474 4402 727 4457 Iudaicus
755 4404 970 4474 populus
1008 4404 1062 4457 in
1092 4402 1435 4473 primogenito
1460 4400 1561 4456 Job
1589 4401 1863 4472 ﬁguratus.

280 4522 354 4538 ——
384 4493 550 4549 Paulo
580 4503 705 4549 ante
730 4494 840 4562 jam
867 4495 1099 4549 diximus
1119 4494 1263 4563 quod
1295 4494 1432 4549 IIIIOS
1460 4502 1517 4549 et
1545 4494 1696 4559 ﬁlias,
1729 4509 1865 4563 pra:-

280 4584 525 4640 dicantes
547 4586 825 4654 apostolos
852 4594 907 4640 et
933 4586 1118 4655 plebes
1138 4586 1377 4641 subditas
1396 4586 1692 4641 sentiamus
1724 4602 1737 4639 :
1770 4586 1861 4654 qui

282 4676 338 4730 in
356 4675 517 4730 domo
542 4675 720 4730 fratris
742 4678 1080 4745 primogeniti
1102 4678 1376 4732 convivari
1402 4677 1863 4747 referuntur,quia

283 4766 340 4819 in
372 4766 705 4820 habitatione
734 4766 908 4821 adhuc
949 4765 1153 4822 Iudaici
1196 4767 1377 4837 populi
1417 4782 1583 4822 sacrm
1609 4768 1867 4836 praedica-

282 4858 450 4911 tionis
477 4856 685 4911 deliciis
712 4859 1088 4913 vescebantur.
1136 4856 1361 4927 Repente
1389 4868 1557 4911 autem
1598 4859 1865 4913 vehemens

280 4958 461 5003 ventus
500 4949 654 5001 irruit
683 4965 715 5001 α
744 4950 952 5019 regione
990 4948 1192 5002 drserti.
1236 4948 1404 5016 Regio
1430 4948 1627 5003 deserti
1660 4957 1742 5003 est
1769 4963 1867 5002 cor

283 5040 598 5104 inlidelium,
623 5040 768 5110 quod
789 5040 915 5094 dum
945 5040 1172 5096 Creator
1195 5040 1416 5107 deserit,
1447 5041 1625 5096 nullus
1652 5039 1864 5093 inhabi-

316 5284 330 5297 .
362 5213 387 5240 ⁸
417 5208 553 5297 [ἐύξιί
580 5214 667 5297 hic
691 5222 746 5268 et
774 5212 933 5297 infra,
960 5212 1472 5297 adhuc‘loquebatur,
1502 5228 1623 5269 cum
1654 5213 1706 5268 in
1736 5211 1864 5267 Mss.

284 5283 602 5352 simpliciter
631 5284 890 5351 legamus,
915 5283 1234 5349 loquebatur.

358 5352 387 5391 δ
408 5352 468 5425 lu
492 5352 617 5425 Lyr.
644 5361 698 5409 et
720 5354 895 5422 Bigot.
922 5355 1007 5408 hic
1028 5354 1261 5419 additur,
1286 5354 1368 5425 qui
1397 5370 1428 5407 α
1448 5354 1658 5424 regione
1679 5353 1867 5407 deserti

282 5424 463 5493 irruit,
483 5424 625 5493 quid.

363 5503 384 5529 ε
419 5491 547 5549 Mss.
596 5492 813 5555 Norm.,
845 5492 1100 5547 German.
1122 5535 1137 5561 ,
1175 5508 1314 5547 unus
1344 5492 1551 5561 Remig.
1585 5493 1701 5548 Val.
1747 5491 1865 5557 CL,

287 5576 541 5645 concussa
569 5563 759 5617 dicitur
785 5565 839 5618 in
866 5572 1084 5645 qug‘tupr
1114 5563 1340 5645 angulis.
1373 5561 1516 5614 Tres.
1542 5562 1759 5617 Stamus
1784 5580 1873 5618 re-

287 5640 461 5701 cepta:
488 5633 639 5695 Iect.,
669 5649 791 5702 quae
820 5631 903 5687 est
929 5631 1196 5687 Codicum
1219 5631 1519 5685 meliorum.

359 5703 386 5740 α
418 5701 566 5773 I_ayr.,
600 5703 800 5770 Bigot.,
832 5702 999 5763 Utic.,
1029 5711 1079 5756 et
1108 5705 1462 5771 dispergentur
1482 5718 1680 5771 greges.

365 5782 389 5810 ε
422 5771 583 5836 Editi,
612 5784 843 5843 excepto
871 5773 1136 5839 Bartlml.,
1166 5772 1219 5825 in
1244 5786 1431 5842 pavore
1458 5773 1654 5826 mortis.
1681 5771 1872 5828 Melius

1895 4538 1945 4597 ι)

1959 3264 2158 3318 scimus
2180 3266 2203 3319 ?
2229 3264 2335 3319 Sed
2365 3266 2505 3320 inter
2530 3266 2645 3320 hare
2671 3282 2806 3321 unus
2834 3267 2923 3337 qui
2954 3269 3161 3322 nuntiet
3189 3269 3389 3336 evadit,
3420 3271 3544 3339 quia

1958 3356 2298 3411 convaluisse
2340 3371 2400 3411 se
2430 3371 2609 3412 sermo
2650 3359 3014 3428 propheticus,
3060 3360 3152 3428 qui
3181 3360 3296 3415 hmc
3339 3361 3547 3414 denun-

1957 3446 2219 3515 tiaverat,
2268 3447 2533 3513 ostendit,
2576 3448 2761 3503 dicens
2805 3449 2873 3503 de
2909 3459 3257 3519 persecutore
3300 3451 3542 3521 populo:

1958 3539 2192 3594 Dilectus
2221 3556 2362 3594 meus
2385 3541 2440 3593 in
2462 3539 2614 3595 domo
2641 3557 2756 3594 mea
2779 3542 2899 3612 fecit
2924 3543 3117 3595 scelera
3144 3543 3305 3595 multa
3329 3541 3543 3615 (Jerrm.

1961 3648 2037 3694 ιι,
2070 3630 2196 3700 15);
2235 3632 2420 3687 dicens
2448 3631 2516 3687 de
2561 3632 2717 3687 bonis
2743 3632 3203 3702 prmdicatoribus,
3244 3633 3338 3687 sed
3368 3642 3548 3688 tamen

1964 3720 2015 3777 in
2044 3722 2297 3790 passione
2322 3722 2645 3790 fugientibus
2677 3740 2691 3775 :
2740 3722 2976 3776 Proximi
3006 3724 3103 3776 mei
3140 3740 3171 3776 α
3210 3725 3361 3795 longe
3397 3733 3548 3777 stete-

1961 3824 2081 3865 runt
2114 3811 2286 3882 (Psal.
2319 3828 2523 3878 xxxvu,
2559 3812 2679 3877 l2);
2711 3812 2893 3867 dicens
2923 3812 2991 3865 de
3018 3813 3230 3867 cunctis
3259 3813 3411 3866 valde
3440 3813 3549 3866 for-

1962 3903 2288 3958 midantibus
2321 3921 2334 3956 :
2385 3903 2676 3957 Perculiam
2705 3913 2995 3973 pastorem,
3040 3913 3089 3957 et
3133 3902 3159 3939 ά
3192 3906 3548 3976 dispergentur

1962 4011 2080 4048 oves
2118 3995 2285 4065 gregis
2317 3992 2505 4064 (Zach.
2547 4010 2662 4059 χιιι,
2695 3994 2756 4059 7;
2810 3993 3001 4049 Matth.
3035 4011 3182 4059 xxvr,
3212 3995 3325 4065 ⁵51).
3357 3995 3547 4065 Sequi-

1965 4094 2053 4141 tur
2078 4104 2090 4140 :

2085 4193 2316 4250 CAPUT
2342 4194 2554 4249 XXXIV
2598 4194 2709 4250 νει.
2741 4193 2956 4269 [XXIX
2981 4232 2997 4258 ,
3040 4194 3161 4248 Rec.
3203 4194 3418 4267 XXII].

2036 4309 2201 4366 Vens.
2232 4309 2323 4365 20.
2344 4338 2416 4352 —-—
2438 4308 2580 4363 Tunc
2599 4312 2822 4364 surrexit
2846 4308 2967 4374 Job,
2996 4318 3045 4362 et
3072 4309 3225 4362 scidit
3251 4311 3548 4363 vestimenta

1966 4419 2082 4457 sua.

2038 4490 2128 4547 55.
2154 4491 2253 4547 Job
2279 4507 2492 4563 surgens
2521 4500 2571 4546 et
2597 4498 2785 4546 vestem
2809 4491 3050 4546 scindens
3078 4490 3335 4546 Christum
3364 4493 3549 4549 adum-

1968 4583 2101 4637 brat.
2131 4612 2202 4625 —
2245 4582 2455 4636 Ruente
2484 4581 2647 4636 domo
2688 4582 2967 4637 exsﬁnctis
2996 4581 3136 4645 liliis,
3164 4580 3266 4634 Job
3294 4585 3548 4645 surrexit,

1969 4676 2092 4745 quia
2113 4673 2293 4728 Judzea
2340 4674 2391 4726 in
2420 4671 2733 4727 inﬁdelitate
2756 4673 2958 4742 perdita
2976 4710 2992 4737 ,
3038 4658 3476 4741 prtedicatonbus
3498 4674 3550 4726 in

1973 4778 1996 4805 ο
2026 4767 2242 4837 pavoris
2280 4775 2455 4821 morte
2483 4765 2811 4827 cadentibus,
2845 4763 3172 4833 Redemptor
3200 4764 3418 4828 humani
3458 4779 3551 4831 ge-

1969 4859 2115 4914 neris
2150 4857 2167 4895 '
2216 4858 2562 4927 semetipsum
2607 4872 2637 4911 a
2670 4858 2847 4911 carnis
2872 4871 2982 4911 sua:
3025 4862 3202 4910 morte
3236 4856 3549 4912 suscitavit:

1971 4958 2174 5021 quanto
2206 4948 2407 5017 judicio
2450 4956 2822 5015 persecutores
2867 4961 2993 5000 suos
3032 4946 3301 5007 deseruit,
3327 4944 3552 4998 demon-

1969 5042 2179 5095 stravit.
2211 5038 2444 5107 Surgere
2463 5036 2661 5107 quippe
2689 5035 2806 5105 ejus
2827 5043 2910 5090 est
2930 5050 3037 5104 qua
3066 5034 3403 5090 districtione
3422 5049 3550 5105 pec-

1973 5214 2190 5277 Rhenu,
2216 5210 2445 5278 Remig.,
2472 5209 2626 5275 Cor.,
2656 5208 2861 5271 Germ.,
2906 5205 3243 5278 {LV/indoc"
3286 5204 3405 5278 Val.
3440 5205 3547 5272 CL,

1971 5300 2104 5354 quos
2119 5275 2409 5352 sequimur,
2432 5281 2489 5334 in
2510 5296 2713 5351 pavoris
2733 5288 2913 5333 morte.
2942 5275 3084 5332 Utic.
3105 5277 3260 5332 habet
3287 5276 3341 5330 in
3364 5292 3552 5346 pavore

1970 5355 2173 5409 mortis.

2050 5424 2066 5461 ί
2099 5424 2213 5476 Duo
2254 5422 2469 5484 Rhem.,
2499 5422 2552 5483 l,
2584 5419 2817 5486 Remig.,
2856 5417 3045 5481 Corb.,
3085 5415 3294 5481 Germ,
3340 5416 3551 5484 Norm.,

1970 5495 2090 5549 Val.
2122 5493 2225 5557 CL,
2258 5492 2471 5546 omissis
2511 5492 2593 5545 his
2623 5490 2818 5551 verbis,
2849 5489 2925 5542 sic
2956 5488 3156 5541 habent
3188 5505 3201 5539 :
3240 5486 3547 5556 Redemptor

1972 5564 2185 5618 humani
2223 5563 2441 5633 generis,
2481 5560 2893 5633 quantojudicio
2921 5574 3040 5611 suos
3077 5566 3429 5633 persecutores
3459 5560 3545 5609 da-

1972 5634 2208 5697 seruerit,
2224 5628 2623 5685 demonstravit.
2673 5628 2728 5683 In
2759 5629 2939 5689 Colb.,
2971 5642 3110 5695 post,
3152 5628 3437 5691 suscitauit,
3471 5636 3525 5681 at

1972 5705 2192 5767 texitur,
2222 5702 2295 5755 vel
2317 5711 2451 5754 certe
2479 5702 2775 5763 resurrexit,
2798 5699 3003 5769 quando
3017 5698 3241 5767 judicio,
3271 5707 3396 5763 etc.,
3431 5712 3552 5768 qum

1973 5786 2072 5843 pro
2103 5773 2422 5841 glossemate
2450 5772 2635 5827 haberi
2661 5770 2889 5827 fortasse
2917 5770 3134 5825 debent.
