4030 6310
610 307 717 362 ἷίἔῖῗ)
1813 306 1891 360 S.\
1903 307 2055 361 NC'I'I
2097 305 2175 361 Cll

2295 300 2433 359 ORll
2470 299 2681 355 MAGNI
3744 293 3848 348 58$

608 428 822 474 calores
850 417 1187 487 derelinquat
1231 416 1546 476 ostendere.
1578 424 1603 451 ⁸
1651 416 1804 482 quasi
1835 416 1975 469 enim
2004 414 2175 483 jar-ere

2283 422 2522 483 abstulit,
2552 420 2616 472 ad
2644 417 2883 471 notitiam
2909 412 3151 483 gentium
3179 413 3345 467 venit.
3375 408 3615 478 Capillos
3636 409 3781 463 enim
3818 424 3850 461 τι

608 510 727 577 ejus
754 517 837 563 est
882 510 1149 579 patienter
1183 507 1321 559 mala
1368 505 1618 559 tolerare.
1649 504 1831 571 Surgit
1882 517 2037 570 ergo,
2066 518 2169 556 cun

2283 513 2457 582 capite
2480 514 2640 574 rasit,
2664 512 2785 578 quia
2806 517 3140 563 sacramenta
3170 508 3301 573 legis
3318 506 3385 559 ab
3422 505 3514 559 illo
3546 502 3721 573 primo
3750 517 3852 555 suo

608 611 799 654 contra
848 598 1105 668 reprobus
1149 595 1408 664 judicium
1450 594 1671 663 justitiie
1718 601 1910 648 exerit.
1943 592 2096 648 Unde
2139 608 2175 645 e‘

2283 603 2583 660 sacerdotio
2610 603 2850 665 sustulit;
2877 610 2930 655 et
2966 602 3017 654 in
3055 609 3252 653 terram
3300 597 3522 657 corruit,
3566 593 3698 662 quia
3746 592 3853 646 sal-

610 699 759 744 reete
787 689 1102 742 Vestimenta
1149 685 1371 738 scidisse
1400 684 1728 752 perhibetur.
1760 682 1897 748 Quid
1925 681 2067 735 enim
2102 696 2192 733 ve-
2282 694 2466 748 “mdis
2506 709 2565 748 se
2593 690 2962 762 peccamribus
2985 688 3167 749 dedit;
3223 686 3457 753 dumque
3486 696 3582 736 eos
3618 681 3709 749 qui
3751 680 3856 733 sibi

610 780 919 832 stimentum
966 775 1173 828 Domini
1206 775 1305 827 nisi
1336 773 1615 844 Synagoga
1662 774 1886 836 eXstitit,
1917 787 2033 842 quae
2063 786 2175 841 pro‘

2283 783 2403 852 justi
2434 783 2750 837 videbantur
2796 779 3051 841 deseruit,
3083 778 3180 830 hos
3209 775 3301 843 qui
3330 789 3388 827 se
3420 773 3646 838 iniustos
3671 781 3728 825 et
3754 785 3856 824 no-

612 868 786 937 phetis
813 864 1222 934 prmdicantibus
1249 864 1610 933 expectationi
1642 863 2025 917 incarnationis
2053 862 2192 915 illius
2281 881 2488 937 veram,
2535 882 2589 926 ei
2627 870 2948 927 fatebantur,
3003 866 3304 933 assumpsit.
3368 862 3505 919 Hinc
3549 872 3606 917 et
3644 864 3759 932 ipse
3798 867 3856 916 in

612 956 872 1011 adhzesit?
900 956 1050 1010 Sicut
1072 958 1213 1010 enim
1244 956 1328 1011 liis
1350 971 1493 1009 nunc
1522 956 1767 1019 vestitur,
1798 969 1826 1006 a
1854 953 2046 1022 quibus
2075 953 2195 1005 dili-

610 1047 772 1115 gitur,
804 1047 967 1099 Paulo
994 1055 1288 1100 attestaute
1315 1047 1405 1114 qui
1438 1046 1510 1099 ait
1537 1064 1548 1099 :
1587 1045 1652 1099 Ut
1683 1045 1941 1098 exhiberet
1970 1044 2068 1096 sibi
2090 1044 2196 1114 glo-

611 1139 806 1190 riosam
838 1136 1147 1200 Ecclesium,
1179 1154 1281 1191 non
1312 1137 1583 1190 habentem
1611 1135 1867 1188 maculam
1897 1144 1984 1186 aut
2009 1149 2193 1203 rugam

612 1230 831 1302 (Ephes.
877 1247 931 1292 v,
964 1230 1077 1301 27).
1111 1229 1241 1296 Quae
1281 1229 1421 1283 enim
1454 1230 1718 1283 maculam
1750 1235 1843 1279 aut
1869 1238 2054 1293 rugam
2086 1239 2191 1278 non

612 1322 815 1376 habere
870 1321 1104 1388 dicitur,
1159 1320 1404 1391 profecto
1454 1321 1615 1375 vestis
1668 1316 1947 1371 rationalis
1995 1324 2051 1368 et
2099 1330 2195 1382 per

612 1413 881 1467 actionem
912 1412 1130 1477 munda,
1162 1419 1216 1464 et
1262 1426 1357 1480 per
1385 1424 1533 1479 spem
1564 1418 1713 1463 tensa
1740 1414 2087 1462 monstratur.
2118 1404 2193 1458 Ita

611 1519 733 1557 cum
783 1502 1164 1557 iucarnandum
1197 1517 1316 1555 eum
1347 1500 1527 1555 Judma
1557 1499 1825 1562 credidit,
1872 1496 2194 1551 adbznrendo

612 1594 959 1648 nihilominus
987 1593 1151 1646 vestis
1181 1590 1299 1644 fuit.

679 1683 768 1737 56.
802 1683 1087 1754 Synagoga
1127 1682 1240 1752 ejus
1263 1684 1411 1736 vestis
1452 1682 1649 1749 scissa,
1679 1681 1797 1735 aliis
1839 1677 2189 1739 credentibus,

2282 961 2571 1031 Evangelio
2600 961 2727 1015 dicit
2756 979 2768 1021 :
2798 960 2911 1028 Ego
2940 960 2992 1012 in
3026 956 3281 1029 judicium
3308 957 3422 1009 veni
3447 957 3499 1008 in
3530 954 3667 1007 hunc
3694 971 3852 1007 mun—

2282 1054 2435 1115 dum,
2469 1060 2524 1104 ut
2571 1052 2657 1122 qui
2704 1067 2806 1105 non
2830 1052 2999 1103 vident
3036 1050 3259 1111 videant,
3313 1055 3362 1100 et
3388 1047 3473 1118 qui
3520 1045 3690 1099 vident
3726 1045 3855 1100 carci

2282 1141 2413 1209 ﬁant
2441 1141 2616 1211 (Joan.
2652 1156 2726 1201 ix,
2764 1138 2875 1207 39).
2908 1139 3039 1192 Hinc
3076 1146 3129 1191 et
3155 1138 3406 1192 columna
3445 1136 3617 1198 nubis,
3649 1150 3768 1204 quae
3796 1137 3852 1189 in

2282 1246 2465 1289 eremo
2507 1233 2760 1301 populum
2798 1228 3238 1300 prmibat(E:cod.
3274 1243 3385 1283 xm.
3417 1226 3529 1295 Si),
3562 1228 3855 1297 splendore

2293 1336 2431 1405 ignis
2457 1349 2563 1387 non
2594 1333 2645 1386 in
2668 1332 2773 1398 die,
2797 1331 2891 1386 sed
2913 1332 2963 1385 in
2986 1339 3145 1387 nocte
3166 1331 3426 1398 radiabat,
3449 1348 3573 1402 qma
3624 1332 3851 1386 videlice

2292 1426 2602 1493 redemptor
2631 1433 2832 1488 noster,
2868 1438 2976 1477 suae
3007 1423 3430 1478 conversationis
3454 1422 3723 1493 exemplo,
3774 1422 3860 1474 du.

2293 1527 2468 1573 catum
2498 1515 2845 1584 sequentibus
2896 1522 3172 1583 praestans,
3219 1513 3286 1567 de
3325 1514 3531 1581 justitia
3574 1528 3672 1567 sua
3705 1511 3864 1566 conti-

2294 1606 2543 1662 dentibus
2562 1605 2705 1659 nulla
2726 1604 2847 1658 luce
2870 1603 3091 1670 claruit;
3120 1612 3473 1673 peccatorum
3501 1618 3631 1655 vero
3654 1616 3865 1655 suorum

2293 1698 2546 1752 tenebras
2594 1694 3030 1763 agnoscentibus,
3061 1695 3080 1715 '
3111 1695 3238 1760 igne
3290 1694 3371 1747 sui
3400 1694 3600 1747 amoris
3650 1690 3866 1745 infulsit.

608 1781 728 1833 aliis
757 1796 862 1833 non
893 1776 1232 1832 credentibus.
1263 1810 1334 1820 —
1361 1777 1466 1831 Sed
1499 1776 1625 1846 quia
1654 1782 1995 1843 exspectatus
2022 1774 2175 1826 venit.

2295 1787 2403 1841 Nec
2423 1785 2566 1854 quod
2588 1800 2838 1839 corruere
2864 1782 2966 1837 Job
2995 1782 3205 1847 dicitur,
3238 1784 3511 1850 indignum
3560 1797 3713 1835 mens
3767 1781 3866 1834 hoc

606 1873 829 1925 veniens
858 1886 995 1924 nova
1025 1870 1224 1933 docuit,
1257 1870 1457 1922 docens
1484 1869 1615 1920 mira
1649 1866 1914 1931 exercuit,
1955 1865 2087 1917 mira
2117 1862 2191 1914 fa-

605 1962 755 2016 ciens
801 1976 963 2030 prava
1007 1959 1286 2025 toleravit;
1330 1968 1531 2013 vestem
1562 1973 1721 2024 quam
1765 1956 1979 2009 indutus
2020 1954 2193 2006 luerat

602 2053 782 2117 scidit,
815 2052 939 2107 dum
970 2054 1023 2105 in
1062 2050 1242 2105 Judzna
1293 2052 1429 2104 alios
1473 2051 1540 2102 ab
1592 2046 1907 2102 inﬁdelitate
1950 2044 2187 2106 sustulit,

605 2142 633 2181 ι’
653 2144 788 2197 alios
805 2140 1190 2206 in_inlidelitate
1212 2139 1518 2206 dereliquit.
1551 2136 1687 2204 Quid
1719 2146 1803 2191 est
1830 2136 1989 2193 igitur
2026 2135 2189 2187 vestis

602 2248 791 2297 scissa,
826 2232 930 2289 nisi
954 2231 1131 2285 iudica
1179 2230 1232 2283 in
1263 2230 1547 2284 contrariis
1575 2227 1859 2283 sententiis
1887 2225 2057 2282 divisa
2081 2226 2103 2278 ’ἔ
2131 2223 2187 2278 Si

602 2325 747 2378 enim
774 2330 939 2377 vestis
962 2322 1078 2389 ejus
1106 2321 1270 2375 scissa
1300 2336 1405 2374 non
1434 2328 1596 2384 esset,
1621 2317 1946 2387 evangelista
1975 2332 2081 2370 non
2108 2315 2187 2370 di-

601 2423 751 2469 ceret
795 2413 939 2482 quod
971 2413 1291 2481 prcedicante
1331 2412 1557 2465 Domino
1588 2410 1863 2465 contentio
1915 2409 2188 2463 oriebatur

602 2509 655 2562 in
695 2507 929 2577 populo,
975 2505 1044 2560 Ut
1073 2506 1163 2558 alii
1201 2505 1448 2569 dicerent,
1498 2502 1671 2558 Bonus
1707 2512 1816 2565 est;
1841 2503 1933 2556 alii
1981 2510 2181 2564 autem,

601 2599 746 2664 Non,
782 2599 872 2655 sed
909 2598 1107 2652 seducit
1137 2595 1309 2650 turbas
1341 2594 1523 2665 (Joan.
1554 2611 1648 2663 vn,
1680 2592 1789 2665 12).
1824 2593 1986 2661 Quasi
2016 2593 2184 2646 scissa

600 2694 765 2748 vestis
793 2692 932 2746 illius
958 2691 1057 2744 fuit
1083 2704 1202 2758 qua!
1230 2689 1396 2743 divisa
1423 2690 1528 2758 61
1563 2704 1659 2756 per
1686 2686 1981 2741 sententias
2011 2685 2175 2739 unita:

599 2794 704 2839 tem
733 2781 1035 2838 concordiae
1063 2780 1313 2852 perdidit.
1350 2791 1370 2816 ο
1398 2780 1657 2845 Sequitur
1688 2797 1701 2832 :

1160 2868 1389 2924 CAPUT
1420 2869 1653 2940 xxxv;

664 2965 792 3020 lato.
823 2996 896 3008 --
923 2961 992 3016 Et
1021 2970 1170 3017 tonso
1207 2964 1375 3029 capite
1402 2977 1644 3015 corruens
1686 2960 1742 3014 in
1793 2970 2004 3028 terram,
2050 2962 2183 3015 ado-

596 3058 748 3110 ravit.

2295 1874 2689 1944 signiﬁcatione
2761 1874 3135 1943 Redemptoris
3207 1874 3517 1929 arbitretur.
3597 1872 3864 1940 Scriptum

2293 1982 2526 2033 namque
2548 1974 2668 2019 est:
2688 1963 2910 2017 Verbum
2937 1964 3074 2016 misit
3103 1963 3353 2017 Dominus
3382 1965 3435 2017 in
3453 1961 3637 2030 Jacob,
3666 1971 3714 2015 et
3747 1962 3865 2014 ceci-

2292 2058 2367 2111 dit
2396 2059 2449 2110 in
2473 2056 2641 2109 Israel
2665 2056 2821 2126 (Isai.
2852 2072 2923 2120 ix,
2946 2054 3025 2116 8).
3057 2053 3224 2109 Iacob
3247 2054 3444 2123 quippe
3469 2060 3866 2121 supplantator,

2292 2147 2451 2206 Israél
2479 2162 2607 2201 vero
2630 2146 2816 2199 videns
2841 2144 3010 2199 Deum
3033 2144 3246 2199 dicitur.
3304 2142 3372 2197 Et
3398 2143 3525 2212 quid
3554 2158 3652 2213 per
3680 2140 3866 2205 Iacob,

2290 2238 2389 2293 nisi
2413 2236 2665 2291 Iudaicus
2688 2236 2947 2306 populus;
2976 2235 3102 2303 quid
3122 2250 3215 2303 per
3236 2234 3395 2289 lsraél
3424 2234 3525 2288 nisi
3547 2235 3761 2303 gentilis
3786 2249 3865 2302 ρο-

2289 2330 2446 2399 pulus
2468 2328 2816 2396 designatur?
2847 2326 2979 2393 Quia
3005 2342 3163 2396 quem
3192 2325 3362 2381 Iacob
3394 2341 3487 2395 per
3518 2328 3699 2380 Carttts
3729 2342 3866 2378 mor-

2292 2430 2400 2475 tem
2423 2420 2766 2491 supplantare
2795 2418 3015 2481 studuit,
3064 2419 3207 2473 hunc
3236 2418 3484 2471 nimirum
3538 2433 3636 2487 per
3687 2418 3868 2472 oculos

2289 2512 2411 2567 ﬁdei
2431 2513 2700 2582 gentilitas
2740 2512 2905 2566 Deum
2937 2511 3086 2566 vidit.
3138 2510 3217 2564 Ad
3256 2510 3422 2565 Iacob
3476 2524 3606 2579 ergo
3652 2511 3868 2564 missum

2288 2590 2357 2659 vel
2384 2605 2531 2672 bum,
2560 2603 2613 2656 in
2642 2601 2803 2656 Israél
2836 2600 3051 2662 cecidit,
3094 2602 3218 2669 quia
3246 2616 3366 2653 eum
3397 2616 3557 2669 quem
3589 2599 3655 2653 ad
3685 2616 3743 2655 se
3775 2615 3867 2653 ve-

2287 2696 2524 2750 nientem
2571 2692 2828 2747 Judaicus
2860 2692 3080 2761 respuit,
3135 2691 3279 2745 hunc
3332 2700 3553 2761 repente
3604 2690 3867 2745 conﬁtens

2287 2788 2524 2859 p0pulus
2548 2787 2761 2854 gentilis
2784 2785 3005 2838 invenit.
3057 2784 3132 2840 De
3179 2793 3364 2840 sancto
3421 2784 3615 2856 quippe
3662 2782 3865 2854 Spiritu

2283 2880 2543 2949 scriptum
2574 2887 2690 2932 est:
2715 2876 2907 2931 Cecidit
2933 2877 3146 2947 spiritus
3180 2874 3384 2930 Domini
3405 2891 3561 2947 super
3586 2892 3672 2929 eos
3725 2874 3862 2945 (Act.

2286 2988 2343 3039 ιι,
2376 2971 2487 3040 44).

2358 3060 2443 3115 58.
2479 3062 2671 3115 Cadere
2691 3062 2779 3132 qui
2805 3060 3007 3114 dicatur
3028 3062 3230 3114 verbum
3262 3060 3355 3114 De:
3376 3073 3463 3114 aut
3489 3061 3656 3131 Spirit
3694 3079 3718 3116 s
3743 3078 3860 3115 sun-

668 3146 757 3200 57.
792 3143 956 3210 Quasi
983 3153 1130 3197 tonso
1151 3144 1319 3213 capite
1342 3143 1396 3195 in
1422 3157 1611 3195 terram
1653 3141 1780 3208 ruit,
1810 3139 1932 3193 dum
1958 3138 2175 3193 Iudaico

2287 3163 2415 3207 ctus.
2439 3183 2512 3195 -—
2539 3152 2745 3207 Idcirco
2774 3160 2953 3205 autem
2997 3153 3081 3205 vel
3113 3154 3334 3205 verbum
3370 3151 3486 3218 Dei,
3520 3153 3603 3206 vel
3632 3151 3862 3219 Spiritus

594 3238 880 3292 sacerdotio
905 3235 1119 3304 rejecto,
1175 3234 1242 3286 ad
1263 3240 1437 3302 gentes
1479 3230 1759 3284 descendit.
1790 3260 1859 3269 —
1903 3229 2037 3295 Quid
2082 3245 2178 3298 per

595 3329 803 3383 decisos
826 3326 1062 3395 capillos,
1094 3324 1192 3377 nisi
1223 3329 1683 3377 sacramentorum
1720 3319 2020 3383 subtilitas;
2047 3318 2177 3387 quid

595 3436 691 3490 per
718 3430 898 3487 caput,
931 3416 1248 3469 nisisumma
1271 3412 1556 3467 sacerdotii
1583 3409 1609 3448 ἀ
1637 3411 1990 3477 designatur?
2027 3408 2176 3463 Unde

592 3520 649 3565 et
676 3510 743 3564 ad
774 3508 1108 3563 Ezecliielem
1137 3510 1455 3576 prophetam
1483 3502 1710 3557 dicitur:
1752 3500 1848 3565 Tu,
1882 3500 1960 3570 ﬁli
2004 3501 2173 3554 homi-

592 3603 694 3662 nis,
726 3614 870 3653 sume
898 3596 986 3651 tibi
1007 3597 1239 3669 gladium
1266 3603 1492 3657 acutum,
1522 3594 1788 3647 radentem
1820 3593 1974 3660 pilos,
2005 3599 2052 3643 et
2087 3606 2174 3643 as-

589 3708 759 3745 sumes
786 3706 921 3749 eum,
940 3698 989 3741 et
1019 3688 1175 3740 duces
1204 3703 1293 3757 per
1308 3693 1461 3754 caput
1489 3692 1629 3735 tuum
1652 3693 1699 3736 et
1716 3681 1928 3735 barbam
1953 3679 2168 3753 (Ezech.

590 3800 643 3849 v,
673 3784 753 3849 1),
784 3790 841 3835 ιιι
866 3780 1111 3834 videlicet
1134 3776 1411 3848 prOpheta:
1441 3773 1581 3829 facto
1603 3772 1863 3841 judicium
1896 3771 2169 3841 Redemp-

590 3873 720 3925 toris
747 3870 1100 3939 exprimatur,
1131 3867 1221 3935 qui
1244 3866 1297 3919 in
1327 3879 1489 3920 carne
1517 3878 1781 3934 apparens
1808 3869 1969 3931 caput
2015 3862 2166 3927 rasit,

586 3965 711 4034 quia
742 3978 771 4015 a
799 3960 1026 4015 Judaico
1051 3957 1356 4012 sacerdotio
1395 3963 1786 4025 praeceptorum
1831 3966 2053 4006 suorum
2081 3966 2170 4005 sa-

586 4060 862 4108 cramenta
890 4049 1134 4113 abstulit;
1165 4047 1386 4100 barbam
1416 4050 1570 4109 rasit,
1599 4043 1722 4110 quia
1752 4056 1974 4110 regnum
1998 4040 2170 4095 Israe-

587 4145 790 4199 liticum
820 4142 1094 4203 deserens,
1123 4138 1374 4192 decorem
1422 4134 1636 4189 virtutis
1688 4133 1804 4202 ejus
1849 4132 2164 4201 amputavit.

588 4237 733 4309 [νει.
757 4232 914 4288 ΧΧΧ
922 4232 963 4304 .1
992 4232 1131 4298 Quid
1159 4246 1289 4285 vero
1328 4231 1432 4284 hoc
1476 4229 1598 4282 loco
1652 4242 1750 4296 per
1798 4234 2021 4302 terram,
2066 4223 2168 4278 nisi

586 4332 748 4385 homo
779 4337 1034 4397 peccator
1058 4324 1409 4393 exprimitur?
1462 4321 1640 4374 Primo
1692 4320 1892 4388 quippe
1922 4316 2167 4386 peccanti

586 4420 793 4476 homini
816 4418 1017 4474 dictum
1047 4425 1131 4471 est
1156 4433 1167 4469 :
1198 4414 1359 4468 Terra
1387 4429 1460 4478 es,
1487 4422 1535 4465 et
1564 4407 2162 4477 interramibislGenes.

2279 3253 2497 3300 sanctus
2519 3245 2572 3298 in
2600 3259 2753 3320 sacra
2782 3243 3058 3312 Scriptura
3094 3244 3286 3298 cadere
3315 3244 3528 3308 dicitur,
3579 3254 3637 3297 ut
3691 3243 3862 3311 inopi-

2278 3347 2434 3389 natus
2462 3335 2579 3403 ejus
2615 3335 2876 3389 adventus
2904 3335 3256 3403 exprimatur.
3290 3335 3442 3401 Quod
3467 3336 3609 3389 enim
3640 3336 3751 3389 ruit
3777 3334 3862 3389 vel

2278 3426 2441 3490 cadit,
2472 3425 2536 3478 ad
2564 3425 2668 3479 ima
2700 3434 2920 3493 repente
2949 3425 3117 3479 venit.
3154 3425 3442 3479 Mediatori
3468 3439 3597 3493 ergo
3654 3426 3707 3478 in
3748 3433 3860 3478 ter-

2278 3517 2560 3585 ramquasi
2592 3518 2865 3573 corruisse
2893 3526 2995 3581 est,
3028 3517 3189 3571 nullis
3218 3517 3383 3586 signis
3410 3517 3862 3586 prmcurrentibus

2281 3609 2555 3677 in0pinate
2580 3608 2646 3661 ad
2663 3616 2850 3676 gentes
2870 3607 3100 3661 venisse.
3125 3607 3271 3661 Bene
3298 3616 3475 3661 autem
3500 3608 3694 3661 dicitur
3718 3606 3862 3675 quod

2277 3714 2537 3755 corruens
2566 3699 2828 3763 adoravit,
2860 3699 2985 3767 quia
3016 3699 3139 3753 dum
3164 3700 3277 3768 ipse
3296 3699 3651 3753 humilitatem
3676 3700 3860 3753 carnis

2274 3791 2532 3860 suscepit,
2568 3791 2618 3845 in
2649 3806 2707 3844 se
2732 3790 3074 3844 credentibus
3118 3798 3243 3843 vota
3273 3789 3591 3843 humilitatis
3642 3788 3861 3845 inludit.

2272 3882 2426 3937 Fecit
2444 3882 2607 3943 enim,
2632 3880 2759 3948 quia
2788 3878 2902 3933 ﬁeri
2929 3880 3114 3933 docuit
3139 3896 3154 3944 ;
3186 3880 3324 3934 sicut
3371 3887 3426 3934 et
3474 3880 3541 3933 de
3588 3879 3707 3946 ejus
3734 3877 3861 3948 Spi-

2271 3973 2380 4028 ritu
2402 3972 2625 4027 dicitur:
2644 3970 2766 4040 Ipse
2791 3971 3017 4040 Spiritus
3040 3970 3269 4038 postulat
3290 3973 3395 4040 62
3414 3987 3508 4040 pro
3523 3968 3668 4023 nobis
3692 3972 3858 4040 gemi-

2272 4065 2405 4119 tibus
2434 4064 2865 4119 inenarrabilibus
2918 4063 3094 4133 (Rom.
3148 4080 3261 4131 vm,
3311 4063 3427 4132 2(5).
3479 4062 3664 4133 Neque
3712 4063 3856 4117 enim

2270 4156 2426 4226 petit,
2451 4155 2543 4224 qui
2570 4156 2791 4221 :equalis
2816 4162 2917 4219 est,
2942 4154 3035 4209 sed
3063 4154 3337 4224 postulare
3368 4154 3595 4219 dicitur;
3617 4154 3743 4221 quia
3774 4153 3857 4205 ni-

2270 4254 2465 4302 mirum
2505 4262 2641 4315 quos
2670 4246 2976 4315 repleverit,
3022 4246 3361 4315 postulantes
3402 4243 3534 4298 facit
3563 4262 3575 4295 :
3607 4244 3858 4311 quamvis

2270 4341 2446 4396 hocet
2474 4339 2528 4393 in
2556 4338 2848 4406 semetipso
2879 4335 3208 4405 Redemptor
3234 4344 3418 4390 noster
3459 4334 3716 4396 ostendit,
3762 4334 3853 4401 qui

2271 4430 2482 4485 Patrem
2505 4430 2691 4492 etiam,
2712 4429 2837 4482 dum
2864 4427 3098 4496 passioni
3119 4427 3533 4498 propinquaret,
3585 4427 3850 4479 exoravit.

584 4531 666 4581 ιιι,
693 4512 802 4582 t9).
831 4512 1009 4567 Terrae
1055 4525 1184 4579 ergo
1211 4510 1428 4563 nomine
1471 4507 1742 4577 peccatrix
1770 4506 2042 4574 gentilitas
2070 4506 2169 4574 deo

2283 4521 2297 4561 τ
2329 4521 2470 4589 Quid
2496 4522 2639 4576 enim
2686 4519 2902 4584 mirum,
2932 4519 2980 4573 si
3027 4519 3081 4572 in
3110 4519 3281 4573 forma
3309 4518 3450 4572 servi
3476 4517 3749 4571 exorando
3793 4531 3854 4569 se

582 4607 844 4675 signatur.
876 4604 1009 4658 Nam
1036 4618 1159 4658 eum
1183 4602 1384 4670 justam
1428 4599 1609 4654 Judzea
1637 4614 1696 4654 se
1719 4598 1997 4664 crederet,
2029 4614 2163 4653 con-

582 4707 694 4754 stat
720 4712 880 4765 quam
909 4693 1140 4764 reproba
1168 4692 1235 4746 de
1263 4690 1564 4759 gentilitate
1591 4689 1836 4754 sentiret,
1868 4687 2032 4742 Paulo
2076 4698 2161 4741 at-

584 4798 841 4855 testautc,
872 4788 964 4858 qui
993 4787 1068 4840 ait
1092 4804 1105 4838 :
1131 4783 1247 4838 Nos
1267 4793 1454 4837 natura
1477 4783 1671 4847 Judaei,
1697 4794 1746 4837 et
1776 4800 1879 4838 non
1907 4800 1973 4837 ea:
1992 4784 2161 4854 genti-

582 4884 679 4937 bus
727 4890 1019 4947 peccatores
1056 4878 1202 4950 (Gal.
1244 4894 1299 4941 ιι,
1337 4879 1447 4948 15).
1476 4877 1741 4933 Mediator
1769 4878 1929 4945 igitur
1973 4885 2159 4931 noster

583 4975 737 5047 quasi
758 4974 986 5029 detonso
1006 4972 1182 5040 capite
1208 4971 1259 5025 in
1285 4979 1483 5024 terram
1511 4970 1737 5036 corruit,
1768 4969 1891 5039 quia
1918 4966 2159 5022 Judaeam

580 5069 854 5130 deserens,
901 5064 1027 5119 dum
1055 5072 1392 5117 sacramenta
1421 5077 1518 5116 sua
1572 5061 1641 5115 ab
1692 5063 1808 5131 ejus
1861 5060 2163 5116 sacerdotio

654 5210 681 5237 ι
707 5197 831 5253 llzcc
856 5196 1042 5260 verba,
1072 5196 1238 5265 quasi,
1295 5201 1426 5259 etc.,
1458 5207 1625 5265 usque
1654 5193 1720 5246 ad
1753 5196 1990 5265 t_o_lerare,
2022 5192 2165 5265 desi-

577 5270 838 5326 derantur
876 5268 931 5321 in
960 5261 1096 5319 Mss.
1117 5263 1302 5329 Corb.,
1335 5261 1548 5329 Germ.,
1574 5262 1730 5332 Reg.,
1765 5261 1929 5331 Utic.,
1960 5272 2014 5318 et
2056 5264 2163 5319 Ior-

578 5348 722 5395 tasse
750 5356 781 5393 e
807 5352 975 5405 marg.
1001 5336 1054 5389 in
1079 5344 1284 5389 textum
1315 5336 1663 5403 irrepserunt.

653 5410 679 5449 b
707 5409 872 5472 Edit.,
906 5403 1324 5474 repugnantibus
1353 5405 1501 5467 Mss,
1535 5406 1668 5458 alios
1694 5404 1746 5457 in
1780 5403 2157 5461 incredulitate.

653 5493 674 5520 ε
699 5481 757 5535 In
787 5478 931 5533 Edit.
970 5476 1136 5528 I’aris.
1166 5474 1325 5540 1518,
1353 5484 1408 5529 ct
1437 5476 1642 5529 munib.
1677 5488 1816 5542 seq.,
1837 5475 1940 5529 huc
1968 5476 2162 5531 immis-

574 5567 693 5606 sum
724 5562 828 5610 est,
856 5564 969 5601 cum
1010 5554 1057 5598 et
1087 5554 1200 5613 post
1237 5546 1660 5599 resurrectionem
1686 5561 1833 5599 suam
1856 5544 2158 5615 quibusdam

575 5621 848 5674 credituris
876 5616 1143 5686 apparuit,
1163 5624 1211 5668 et
1232 5616 1539 5685 quibusdam
1561 5632 1663 5669 non
1686 5615 1960 5669 credituris
1986 5633 2041 5669 se
2060 5617 2157 5669 ab-

574 5690 800 5745 scondit.
849 5687 1053 5739 Merum
1101 5694 1488 5749 assumcntum,
1528 5686 1669 5753 quod
1718 5687 2160 5743 antetedeutibus

576 5768 669 5813 aut
695 5754 1145 5824 subsequentibus
1173 5770 1280 5808 non
1325 5756 1581 5810 cobwret.
1611 5755 1829 5826 Legitur
1873 5766 2052 5811 tamen
2100 5759 2153 5812 in

2272 4613 2421 4669 Patri
2466 4612 2743 4676 subdidit,
2795 4612 2849 4665 in
2900 4627 3004 4679 qua
3062 4612 3225 4665 etiam
3282 4626 3471 4665 manus
3513 4608 3851 4679 peccantium

2270 4724 2443 4779 usque
2472 4707 2540 4761 ad
2570 4706 2758 4761 mortis
2785 4714 3027 4759 extrema
3057 4704 3344 4758 toleravit?
3374 4702 3671 4771 Sequitur:

2396 4797 2624 4854 CAPUT
2655 4795 2869 4851 XXXVI
2892 4795 3036 4868 [Vet.
3065 4793 3282 4861 XXXI,
3312 4794 3435 4848 Rec.
3467 4792 3725 4866 XXIII].

2340 4889 2504 4945 Vens.
2526 4887 2616 4943 2|.
2644 4915 2719 4929 -—
2747 4885 2937 4940 Nudus
2960 4902 3197 4957 egressus
3239 4903 3353 4939 sum
3384 4886 3447 4939 de
3474 4896 3621 4939 utero
3670 4894 3853 4939 matris

2269 5000 2415 5047 mea,
2447 4983 2613 5036 nudus
2635 4990 2860 5035 revertar
2889 4980 3034 5034 illuc.

2340 5074 2428 5130 59.
2458 5074 2693 5129 Christus
2720 5074 2788 5126 ad
2807 5073 3017 5126 Judwos
3037 5090 3065 5125 e
3085 5071 3265 5143 quibus
3294 5073 3469 5138 exivit,
3500 5088 3551 5125 in
3573 5073 3677 5141 ﬁne
3700 5087 3845 5127 mun-

2268 5221 2439 5275 marg.
2472 5206 2710 5261 Colbert.
2757 5203 2913 5271 Cod.,
2946 5204 3099 5258 abest
3139 5220 3270 5259 vero
3309 5220 3340 5259 a
3381 5206 3591 5260 caeteris
3636 5204 3763 5261 Mss.
3793 5216 3846 5260 et

2269 5277 2661 5346 antiquioribus
2683 5275 2783 5328 Ed.

2340 5348 2364 5384 τι
2399 5344 2453 5400 ln
2487 5346 2680 5408 Editis,
2713 5344 2953 5414 exceptis
2989 5352 3167 5399 tamen
3203 5345 3624 5415 antiquioribus,
3656 5345 3843 5413 legitur

2267 5416 2543 5473 sacerdotii
2574 5416 2822 5485 dignitas.

2339 5498 2362 5525 ο
2391 5486 2498 5547 AL,
2520 5483 2755 5555 ignein...
2786 5484 3010 5555 infulsit,
3042 5491 3100 5538 ut
3127 5483 3353 5555 habetur
3382 5485 3435 5539 in
3460 5485 3750 5555 nonnullis.

2340 5556 2356 5595 ί
2387 5557 2441 5613 Ιιι
2473 5552 2595 5608 Msl.
2630 5552 3077 5622 Rhem.,Remig.
3100 5595 3115 5616 ,
3144 5554 3259 5624 Val.
3291 5554 3369 5608 Cl.
3391 5596 3405 5619 ,
3440 5555 3632 5624 legitur
3666 5574 3679 5610 :
3714 5552 3843 5619 Quid

2259 5629 2397 5681 enim
2439 5627 2625 5679 mirum
2655 5625 2698 5677 si
2729 5625 2781 5677 in
2810 5628 2977 5695 forma
3002 5626 3135 5677 serri
3164 5623 3376 5677 Patrem
3416 5626 3685 5680 exoravit!
3713 5624 3844 5693 Quid

2261 5700 2470 5761 mirum,
2497 5696 2541 5749 si
2572 5696 2623 5747 in
2657 5697 2823 5765 forma
2846 5697 2975 5749 ςενινὶ
3002 5695 3291 5757 exorando,
3320 5705 3417 5749 etc.
