4030 6356
213 284 287 339 5-8
302 286 327 340 ‘5

1153 289 1513 348 MORALIUM
1556 292 1685 347 LIB.
1730 292 1793 348 ll.
1834 321 1887 333 —
1944 286 2011 346 IN
2048 289 2202 350 CAP.
2251 293 2267 346 l
2308 294 2369 348 Β.
2412 295 2549 352 JOB.

3401 309 3506 365 585

207 407 266 459 di
299 414 376 460 est
404 420 718 463 reversurus.
745 442 814 451 —-
846 408 1223 480 Retlemptoris
1253 421 1427 466 mater
1475 413 1628 482 juxta
1684 429 1807 468 car—
1839 416 1883 471 Α
1914 413 2066 478 gellis
2088 413 2243 482 positi
2266 412 2587 469 benedicere
2611 411 2838 468 Domino
2859 414 3051 483 sciant,
3086 434 3206 474 cum
3226 422 3505 479 subditur:

204 512 341 549 nem
372 495 650 566 Synagoga
681 499 903 561 exstitit,
933 516 995 553 ex
1027 516 1130 569 qua
1158 502 1223 556 ad
1250 518 1347 557 nos
1379 518 1476 572 per
1505 520 1701 573 corpus
1730 505 1806 557 vi-

202 586 383 639 sibilis
414 588 692 654 processit.
720 587 825 642 Sed
859 591 1001 643 hunc
1033 592 1172 643 intra
1221 607 1280 645 se
1329 594 1563 660 tegmine
1615 596 1806 648 littera:

203 679 533 747 adopertum
568 680 755 742 tenuit,
790 681 915 735 dum
948 682 1012 735 ad
1038 683 1330 751 spiritalem
1360 683 1473 752 ejus
1502 684 1805 751 intelligen-

206 771 340 823 tiam
375 769 570 823 meulis
601 771 789 825 oculos
816 772 1030 840 aperire
1087 773 1340 841 neglexit.
1373 773 1527 829 Hunc
1568 775 1694 842 quia
1752 776 1805 828 in

205 877 376 917 carne
398 862 615 917 humani
639 864 884 931 corporis
915 863 1170 917 latentem
1204 863 1385 919 videre
1408 864 1575 920 Deum
1610 865 1801 932 noluit,

204 951 364 1019 quasi
396 952 449 1004 in
480 950 758 1005 divinitate
789 953 990 1005 nudum
1035 962 1060 989 ⁸
1088 952 1431 1012 considerare
1458 956 1798 1023 contempsit.

207 1040 320 1095 Sed
351 1041 523 1095 nudus
552 1040 619 1094 de
646 1049 799 1095 utero
826 1042 1015 1096 matris
1041 1043 1173 1096 exiit
1206 1043 1262 1095 ει»
1291 1044 1417 1112 quia
1444 1059 1473 1097 a
1505 1043 1802 1114 Synagogm

207 1146 375 1186 carne
417 1131 675 1201 prodiens
712 1133 1037 1201 conSpicuus
1090 1134 1155 1187 ad
1200 1143 1390 1202 gentes
1437 1136 1602 1189 venit.
1648 1134 1801 1201 Quod

206 1220 353 1276 bene
396 1220 600 1291 Joseph
653 1221 846 1277 relicto
896 1223 1063 1292 pallio
1114 1223 1349 1293 fugiente
1398 1226 1667 1294 signatum
1718 1235 1802 1279 est

209 1310 425 1380 (Cenes.
458 1329 646 1378 χχχιχ,
695 1311 806 1381 12).
841 1313 973 1367 Dum
1001 1315 1142 1368 enim
1174 1316 1366 1370 mulier
1392 1316 1632 1371 adultera
1661 1318 1800 1371 male

207 1403 309 1457 ilio
340 1405 414 1459 uti
440 1405 726 1465 voluisset,
757 1405 945 1459 relicto
977 1407 1138 1474 pallio
1170 1406 1302 1476 l'ugit
1332 1407 1494 1471 foras,
1521 1409 1644 1477 quia
1671 1408 1797 1462 dum

205 1493 497 1566 Synagoga
526 1496 809 1550 Dominum
839 1514 1027 1565 purum
1056 1499 1329 1554 hominem
1361 1500 1609 1565 credens,
1643 1502 1797 1571 qua~i

204 1589 517 1645 adulterino
547 1591 830 1659 complexu
863 1593 1229 1661 constringere
1273 1595 1461 1661 voluit,
1514 1596 1631 1665 ipse
1683 1605 1799 1664 teg-

204 1694 336 1732 men
363 1680 555 1735 litteras
578 1682 693 1749 ejus
722 1679 889 1735 oculis
923 1683 1154 1752 reliquit,
1190 1692 1248 1737 et
1273 1685 1338 1737 ad
1370 1687 1795 1752 cognoscendam

1912 508 2061 561 Sicut
2087 507 2306 562 Domino
2338 508 2552 576 placuit,
2584 509 2657 560 ita
2690 510 2885 579 factum
2914 521 3019 575 est;
3067 514 3133 565 sit
3163 530 3348 567 nomen
3395 514 3503 570 Da-

1908 599 2034 651 mini
2082 598 2425 652 benedictum.
2464 596 2617 652 Unde
2656 605 2711 652 et
2743 606 2880 653 teste
2930 599 3221 669 Evangelia
3279 601 3500 673 (Matth.

1908 706 2053 751 xxw,
2114 688 2227 757 26),
2286 704 2408 745 cum
2463 690 2568 760 63
2601 690 2967 759 propinquare
3010 695 3241 759 passioni
3270 695 3499 762 dicitur,

1908 791 2131 850 accepto
2160 797 2299 849 pane
2328 779 2527 848 gratias
2541 780 2713 848 egisse
2730 781 3058 849 perhibetur.
3078 782 3291 838 Gratias
3321 785 3505 854 itaque

1906 870 2033 936 agit,
2063 870 2154 939 qui
2204 868 2412 939 ﬂagella
2443 870 2633 924 alienae
2665 870 2966 941 iniquitatis
3015 874 3257 943 su-cipit.
3294 873 3359 929 Et
3409 876 3503 945 qui

1907 961 2038 1013 nihil
2090 962 2307 1028 dignum
2362 961 2714 1032 percussione
2769 964 3048 1029 exhibuit,
3109 966 3389 1020 humiliter
3445 969 3499 1022 in

1910 1047 1927 1085 ί
1960 1051 2307 1118 percussione
2332 1052 2639 1117 benedicit;
2673 1062 2729 1106 ut
2772 1054 2902 1110 hinc
2952 1056 3203 1113 videlicet
3250 1059 3503 1115 ostendat

1904 1138 2029 1208 quid
2048 1142 2415 1211 unusquisque
2440 1141 2491 1195 in
2528 1141 2741 1210 ﬂagello
2764 1145 2935 1214 culpae
2959 1149 3189 1216 propriae
3207 1149 3382 1204 facere
3404 1150 3501 1204 de-

1903 1232 2048 1297 beat,
2065 1232 2109 1285 si
2127 1232 2241 1302 ipse
2254 1233 2634 1302 aequanimiter
2654 1232 2863 1301 ﬂagella
2885 1239 3056 1306 culpae
3072 1250 3251 1307 portat
3272 1241 3461 1296 alienzc
3486 1257 3499 1295 :

1903 1331 1962 1377 ut
1991 1324 2116 1379 hinc
2145 1327 2394 1379 ostendat
2415 1324 2544 1393 quid
2577 1326 2628 1378 in
2660 1328 3007 1395 correptione
3039 1328 3199 1383 t‘aciat
3230 1332 3496 1397 subditus,

1901 1415 1943 1469 si
1978 1416 2029 1469 in
2075 1415 2285 1484 ﬂagello
2339 1417 2547 1486 posi'us
2582 1414 2726 1470 Patri
2759 1419 2962 1484 gratias
2988 1419 3095 1488 agit
3122 1420 3365 1489 tequalia.
3399 1420 3499 1477 Se-

1901 1505 2082 1572 quitur
2118 1522 2129 1557 :

2430 1615 2661 1672 CAPUT
2688 1616 2970 1672 XXXVIII.

1974 1703 2135 1758 Vens.
2169 1704 2254 1757 2%.
2283 1739 2354 1748 —
2386 1705 2451 1759 In
2499 1709 2734 1762 omnibus
2768 1709 2847 1763 his
2900 1728 3003 1765 non
3062 1712 3291 1781 peccarit
3342 1713 3441 1771 Job
3466 1727 3490 1764 ε

200 1769 511 1826 divinitatis
546 1787 656 1826 sua:
686 1774 983 1841 potentiam
1032 1776 1381 1844 conspicuum
1434 1792 1493 1831 se
1548 1778 1787 1844 gentibus

1903 1811 2062 1866 neque
2086 1798 2295 1851 stultum
2322 1798 2521 1868 aliquid
2541 1808 2722 1853 contra
2748 1800 2913 1855 Deum
2944 1802 3143 1857 locutus
3171 1813 3267 1858 est.

200 1859 459 1927 praebuit.
495 1859 647 1916 Unde
674 1871 729 1914 et
758 1863 953 1918 Paulus
978 1862 1113 1917 dixit
1138 1882 1151 1917 :
1181 1863 1351 1935 Usque
1379 1866 1550 1933 hodie,
1577 1868 1697 1922 dum
1721 1871 1796 1924 le-

200 1940 353 2015 gitur
375 1945 605 2017 Moyses,
648 1950 874 2005 velamen
897 1963 973 2007 est
1001 1964 1019 1989 ε
1044 1970 1197 2024 super
1223 1972 1313 2009 cor
1339 1973 1515 2011 eorum
1547 1957 1636 2027 (II
1674 1958 1795 2015 Cor.

202 2050 283 2098 ιιι,
319 2034 433 2105 15),
484 2039 609 2105 quia
641 2041 893 2095 videlicet
922 2042 1162 2097 adultera
1194 2045 1385 2102 mulier
1414 2048 1557 2117 apud
1598 2059 1796 2105 semet-

204 2141 376 2195 Ipsam
410 2128 631 2196 pallium
659 2132 897 2195 retinuit,
923 2141 975 2187 et
1005 2150 1163 2204 quem
1214 2136 1354 2192 male
1408 2141 1646 2205 tenebat,
1696 2157 1795 2196 nu-

202 2216 332 2271 dum
357 2220 556 2275 amisit.
589 2219 690 2287 Qui
722 2237 849 2292 ergo
878 2240 907 2278 a
929 2225 1209 2297 Synagoga
1238 2230 1480 2297 veniens,
1515 2232 1634 2287 ﬁdei
1659 2247 1792 2301 gen-

203 2310 340 2363 tium
382 2312 705 2380 conspicuus
759 2316 1024 2384 apparuit,
1058 2332 1123 2371 ex
1172 2327 1326 2375 utero
1381 2323 1569 2377 matris
1620 2326 1792 2381 nudus

200 2400 394 2455 exivit.
424 2399 531 2455 Sed
560 2402 799 2470 nunquid
829 2404 969 2460 hanc
1007 2408 1316 2464 omnimodo
1341 2410 1582 2467 deserit?
1605 2412 1672 2468 Et
1703 2417 1793 2475 ubi

202 2497 292 2543 est
342 2490 487 2559 quod
517 2506 615 2560 per
644 2493 961 2561 prophetam
1008 2495 1240 2552 dicitur:
1276 2498 1335 2552 Si
1367 2501 1521 2571 fuerit
1550 2520 1791 2561 numerus

201 2579 433 2648 filiarum
458 2578 626 2634 Israel
650 2583 797 2651 quasi
825 2600 985 2637 arena
1011 2587 1193 2651 maris,
1222 2591 1453 2660 reliquiae
1480 2594 1637 2648 salue
1662 2596 1791 2665 ﬁent

200 2668 363 2739 (Isai.
398 2687 447 2736 χ,
481 2669 573 2737 22,
620 2670 767 2724 Rom.
796 2689 868 2737 ix,
900 2673 993 2740 ΞΠ)
1022 2676 1045 2728 ?
1076 2674 1178 2730 Ubi
1204 2679 1348 2747 quod
1379 2682 1639 2752 scriptum
1664 2694 1783 2741 est:

200 2758 383 2812 Donec
411 2760 675 2829 plenitudo
698 2764 927 2832 gentium
954 2765 1214 2834 introiret,
1248 2778 1297 2822 et
1320 2771 1393 2824 sic
1418 2774 1586 2827 omnis
1616 2774 1787 2831 Israel

201 2849 373 2903 salvus
402 2850 547 2920 ﬁeret
576 2850 750 2921 (Rom.
786 2869 859 2919 xi,
892 2854 1014 2925 ελεγι
1045 2856 1156 2912 Erit
1177 2873 1304 2929 ergo
1324 2859 1351 2899 ἀ
1381 2865 1601 2933 quando
1624 2882 1787 2924 cons-

198 2942 390 3013 picuus
447 2944 607 3000 etiam
673 2947 971 3019 Synagoga:
1036 2961 1316 3022 appareat.
1372 2953 1487 3011 Erit
1558 2958 1612 3012 in
1681 2958 1787 3015 line

198 3035 383 3088 mundi
412 3036 599 3105 procul
626 3037 814 3105 dubio,
845 3038 1057 3108 quando
1087 3043 1262 3110 gentis
1290 3059 1399 3099 sure
1424 3046 1663 3117 reliquiis
1694 3065 1781 3105 se-

199 3125 509 3193 metipsum,
540 3127 679 3182 sicut
706 3136 790 3184 est
819 3129 982 3195 Deus,
1018 3131 1339 3189 innotescat.
1373 3133 1527 3191 Unde
1556 3144 1611 3192 et
1640 3138 1780 3193 bene
1809 3142 1854 3206 Ο

198 3216 288 3271 hic
314 3216 543 3273 dicitur:
579 3217 771 3275 Nudus
802 3210 1028 3275 revertar
1056 3223 1196 3277 illuc.
1245 3223 1432 3281 Nudus
1472 3226 1673 3296 quippe
1713 3228 1780 3283 ad

198 3314 409 3361 uterum
440 3310 629 3365 matris
666 3312 974 3375 revertitur,
1007 3328 1129 3367 cum
1160 3314 1213 3368 in
1246 3315 1427 3369 mundi
1477 3315 1639 3385 hujus
1672 3326 1781 3374 ter-

197 3394 345 3448 mino
376 3396 440 3461 is,
463 3398 554 3465 qui
579 3398 631 3451 in
660 3400 856 3455 saeculo
886 3400 1057 3457 lactus
1086 3403 1247 3459 homo
1268 3405 1584 3477 despicitur,
1615 3406 1781 3480 Syna-

194 3497 345 3552 gogze
372 3503 483 3542 suae
511 3491 701 3555 oculis,
730 3491 868 3547 Deus
913 3503 1038 3549 ante
1085 3497 1281 3552 saecula
1327 3497 1649 3556 declaratur.
1677 3500 1778 3557 Se-

197 3584 381 3643 qum"
410 3617 422 3628 ’
519 3648 749 3703 CAPUT
776 3650 1015 3707 xxxvu
1044 3654 1191 3727 [Rec.
1224 3656 1467 3729 XXIV].

265 3733 392 3789 lam.
417 3769 489 3779 —
519 3738 770 3795 Dominus
791 3743 950 3808 dedit,
976 3743 1227 3800 Dominus
1255 3747 1496 3805 abstulit:
1518 3754 1648 3807 sicut
1669 3755 1779 3810 Do-

194 3826 334 3879 mino
362 3827 581 3896 placuit,
611 3832 685 3885 ita
714 3834 908 3904 factum
933 3844 1045 3890 est:
1074 3838 1140 3891 sit
1168 3854 1355 3894 nomen
1384 3840 1599 3898 Domini
1627 3846 1777 3901 bene—

194 3916 416 3970 dictum.
818 3918 835 3923 ”

259 4008 347 4062 60.
382 4010 521 4065 Deus
545 4011 748 4071 Christo
768 4015 1008 4073 Iudaeam
1048 4020 1188 4075 dedit
1228 4030 1277 4076 et
1318 4023 1547 4080 abstulit.
1582 4057 1650 4067 —
1680 4027 1778 4083 Re-

200 4100 453 4170 demptor
481 4114 664 4161 noster
712 4123 810 4177 per
857 4110 960 4165 hoc
987 4112 1130 4179 quod
1168 4112 1308 4168 Deus
1333 4122 1432 4182 est,
1464 4131 1584 4171 cum
1617 4116 1777 4174 Patre

189 4190 282 4245 dat
309 4196 521 4261 omnia;
553 4212 649 4267 per
678 4199 781 4254 hoc
831 4215 959 4255 vero
989 4202 1128 4271 quod
1162 4204 1323 4260 homo
1346 4214 1446 4269 est,
1481 4222 1512 4261 a
1553 4208 1714 4264 Patre
1741 4221 1765 4248 ο

194 4283 391 4353 accipit
423 4286 561 4341 inter
580 4290 782 4345 omnia.
814 4289 969 4346 Dicat
996 4292 1158 4362 igitur
1183 4294 1250 4350 de
1269 4294 1473 4364 Judtea,
1503 4313 1624 4353 cum
1652 4316 1777 4357 ven-

188 4378 363 4426 turum
414 4374 794 4434 incarnationis
843 4380 960 4449 ejus
998 4384 1312 4454 mysterium
1344 4386 1591 4443 crederet
1620 4409 1632 4442 :
1663 4389 1773 4446 Do-

1971 1910 2058 1965 6‘2.
2086 1909 2249 1967 Dolus
2270 1916 2411 1984 apud
2434 1916 2668 1972 homines
2690 1920 2986 1986 prudentia,
3014 1922 3155 1992 apud
3185 1922 3351 1978 Deum
3373 1927 3498 1979 stul«

1901 2002 2011 2055 titia
2041 2014 2134 2057 est.
2159 2033 2227 2045 -—-
2252 2004 2409 2070 Quod
2442 2023 2543 2062 nec
2574 2023 2854 2077 peccasse,
2904 2026 3007 2065 nec
3035 2013 3259 2067 stultum
3293 2016 3492 2085 aliquid

1896 2104 2084 2151 contra
2127 2097 2292 2153 Deum
2326 2100 2539 2155 loeutus
2565 2103 2857 2169 asseritur;
2913 2105 3016 2158 hoc
3044 2106 3111 2160 de
3141 2106 3233 2160 illo
3265 2106 3481 2167 Petrus.

1895 2185 2028 2239 sicut
2054 2184 2167 2255 jam
2199 2190 2562 2257 przediximus,
2593 2203 2779 2263 aperte
2832 2202 3080 2261 testatur,
3111 2197 3293 2254 dicens
3323 2218 3335 2252 :
3390 2200 3491 2264 Qui

1893 2289 2155 2348 peccatum
2182 2296 2283 2334 non
2314 2282 2452 2351 fecit,
2487 2299 2580 2336 nec
2611 2283 2759 2339 dolus
2790 2285 3026 2340 inventus
3057 2297 3134 2341 est
3159 2290 3212 2342 in
3233 2306 3322 2344 ore
3372 2294 3493 2361 ejus

1894 2365 1949 2436 (Ι
1979 2366 2095 2421 Pet.
2126 2385 2183 2436 ιι,
2212 2367 2325 2439 22).
2390 2370 2556 2427 Dolus
2598 2374 2796 2443 quippe
2837 2374 2888 2428 in
2922 2392 3034 2443 ore,
3094 2386 3300 2445 quanto
3349 2382 3492 2448 apud

1892 2455 2140 2512 homines
2168 2460 2490 2527 prudentius
2519 2462 2703 2527 callet,
2738 2472 2887 2518 tanto
2918 2467 3056 2536 apud
3086 2466 3250 2521 Deum
3274 2469 3491 2523 stultius

1893 2542 2110 2616 desipit,
2168 2546 2339 2604 Paulo
2369 2559 2684 2619 attestante,
2718 2556 2808 2623 qui
2861 2557 2935 2610 ait
2967 2575 2979 2609 :
3014 2556 3288 2629 Sapientia
3336 2562 3489 2631 hujus

1891 2638 2069 2692 mundi
2098 2641 2320 2695 stultitia
2349 2649 2425 2697 est
2456 2644 2596 2714 apud
2622 2645 2791 2700 Deum
2824 2646 2878 2719 (I
2900 2648 3019 2704 Cor.
3057 2667 3132 2714 ut,
3194 2660 3209 2703 αι
3226 2652 3301 2723 9).
3352 2652 3487 2719 Quia

1890 2744 2021 2800 ergo
2051 2730 2204 2786 dolus
2236 2733 2287 2785 in
2328 2748 2424 2789 ore
2454 2734 2571 2804 ejus
2602 2752 2710 2791 non
2742 2738 2857 2805 fuit,
2891 2740 3111 2796 stultum
3134 2745 3488 2812 proculdubio

1889 2820 2020 2875 nihil
2040 2821 2192 2877 dixit.
2225 2821 2379 2879 llunc
2424 2834 2612 2881 contra
2644 2825 2811 2881 Deum
2862 2832 3176 2886 sacerdotes
3202 2843 3256 2886 et
3285 2834 3488 2903 princi—

1888 2926 1984 2981 pes
2018 2910 2255 2968 loeutum
2302 2912 2467 2970 stulte
2516 2916 2885 2985 crediderunt,
2940 2935 3060 2974 cum
3116 2921 3479 2993 interrogatus

1887 3002 2150 3071 passionis
2171 3012 2435 3075 tempore,
2470 3005 2567 3063 Dei
2608 3021 2668 3063 se
2692 3007 2888 3064 Filium
2920 3017 3226 3068 testaretur.
3254 3012 3409 3070 Unde
3430 3027 3486 3070 et

1886 3096 2267 3165 conquirentes
2295 3097 2481 3154 dicunt
2504 3117 2519 3153 :
2547 3097 2685 3164 Quid
2706 3103 3089 3175 adhucegemus
3106 3108 3482 3165 testibus?ecce

1885 3189 1985 3259 ipsi
2028 3190 2365 3246 audivimush
2412 3191 2784 3265 blasphemiam
2810 3195 3025 3269 (Matth.
3057 3215 3200 3266 xxvr,
3235 3199 3348 3273 65).
3373 3201 3483 3258 Sed

1883 3286 2071 3333 contra
2102 3279 2269 3335 Deum
2299 3282 2464 3337 stulte
2484 3283 2617 3339 nihil
2644 3284 2782 3339 dixit
2800 3304 2814 3340 :
2831 3287 2956 3357 quia
2973 3303 3101 3343 vera
3115 3292 3483 3360 loquens,hoc

1881 3369 1947 3426 de
1976 3387 2035 3426 se
2063 3372 2371 3429 inlidelibus
2399 3375 2563 3430 etiam
2610 3377 2893 3435 moriendo
2918 3379 3124 3446 intulit,
3150 3382 3293 3450 quod
3316 3385 3481 3454 paulo

1880 3468 2003 3529 post
2024 3460 2315 3531 redemptis
2340 3465 2590 3521 omnibus
2607 3467 2933 3536 resurgendo
2960 3472 3299 3525 monstravit.

1952 3572 2095 3644 [Vet.
2132 3571 2236 3626 XX
2241 3572 2291 3627 Χ
2297 3572 2405 3647 ΙΙ.]
2434 3574 2521 3629 65.
2549 3576 2749 3633 Sensus
2786 3594 3031 3634 MORALIS.
3059 3611 3132 3620 --
3164 3582 3334 3637 Satan
3364 3584 3477 3639 Deo

1879 3680 1995 3717 cum
2019 3666 2213 3719 sanctis
2244 3668 2441 3736 angelis
2480 3669 2714 3735 assistit,
2748 3672 3085 3741 cogitationes
3134 3674 3300 3727 malas
3331 3672 3479 3730 bonis

1876 3755 2255 3808 interserendo.
2289 3785 2358 3795 —
2387 3755 2512 3814 Hmc
2534 3758 2587 3812 in
2609 3759 3055 3827 signiﬁcationem
3086 3763 3255 3817 nostri
3287 3765 3477 3833 capitis

1878 3844 2114 3900 breviter
2154 3854 2381 3902 tractata
2414 3852 2836 3907 transcurrimus
2865 3871 2877 3906 :
2911 3869 3052 3909 nunc
3080 3854 3132 3909 in
3159 3855 3474 3913 aediﬁcatio-

1880 3952 2003 3991 nem
2027 3937 2143 4005 ejus
2162 3940 2426 4008 corporis,
2442 3955 2502 3995 ea
2527 3943 2807 3999 moraliter
2827 3945 3110 4000 tractanda
3131 3948 3469 4016 replicemus,

1878 4038 1939 4085 ut
1964 4031 2108 4100 quod
2136 4039 2315 4085 actum
2347 4032 2481 4087 foris
2497 4045 2746 4089 narratur
2774 4036 2828 4090 in
2858 4051 3047 4107 opere,
3078 4039 3307 4093 sciamus
3331 4055 3471 4109 quo-

1879 4119 2043 4179 modo
2074 4121 2219 4177 intus
2247 4131 2437 4191 agatur
2466 4124 2519 4177 in
2542 4133 2742 4181 mente.
2775 4126 2912 4182 Nam
2942 4144 3065 4183 cum
3095 4128 3184 4185 lilii
3219 4129 3312 4183 Dei
3337 4131 3471 4185 assi-

1878 4226 2025 4274 stunt
2050 4234 2232 4274 coram
2263 4219 2398 4289 Deo,
2430 4220 2574 4276 inter
2594 4238 2689 4277 eos
2716 4238 2935 4293 quoque
2961 4224 3164 4279 assistit
3193 4233 3247 4280 et
3275 4224 3463 4290 Satan,

1877 4310 2003 4379 quia
2042 4310 2356 4381 plerumque
2382 4314 2537 4369 bonis
2566 4315 2765 4371 nostris
2794 4316 3235 4385 cogitationibus,
3268 4331 3386 4386 qua:
3415 4317 3466 4372 in

1878 4400 2043 4455 corde
2074 4408 2290 4465 nostro,
2328 4402 2563 4457 adventu
2592 4404 2761 4459 sancti
2790 4404 3022 4475 Spiritus
3051 4416 3341 4476 operante,
3381 4423 3468 4463 se-

189 4462 355 4515 η³ί⁷η¹³
388 4464 545 4518 dedit
580 4465 732 4522 Dicat
778 4468 846 4523 de
876 4469 1076 4535 δυάεθθν
1111 4488 1234 4527 cum
1264 4483 1626 4544 “speculam
1680 4481 1762 4535 in-
1793 4503 1845 4563 ι)
1870 4492 2159 4557 minantur,
2192 4494 2441 4563 antiquus
2462 4494 2551 4550 ille
2574 4496 2764 4551 callide
2792 4512 2851 4551 se
2872 4498 3143 4553 interserit
3171 4514 3225 4554 et
3252 4500 3467 4569 subjun-

187 4554 511 4609 carnationis
533 4556 647 4624 ejus
668 4560 1006 4627 prze'sentiam
1034 4565 1446 4634 contempsisset
1471 4584 1483 4620 :
1508 4567 1765 4626 Dominus

186 4640 411 4697 abstulit.
447 4645 579 4701 Data
608 4650 807 4719 quippe
836 4660 937 4717 est,
980 4668 1103 4708 cum
1134 4669 1231 4724 per
1277 4659 1540 4725 quosdam
1588 4661 1768 4718 futura

186 4735 440 4805 credidit;
490 4741 584 4811 sed
640 4743 890 4812 exigente
936 4748 1129 4801 merito
1159 4764 1269 4804 sua:
1297 4751 1556 4808 czecitatis
1588 4756 1766 4811 ablata

181 4834 281 4891 est,
312 4843 436 4882 cum
470 4831 672 4887 credita
723 4850 821 4904 per
845 4838 1103 4904 quosdam
1136 4842 1381 4896 venerari
1412 4848 1758 4917 contempsit.

249 4916 336 4972 61.
371 4916 604 4977 Christus
634 4927 868 4997 exemplo
897 4928 1069 4983 docuit
1112 4930 1221 4985 Deo
1266 4934 1318 4987 in
1349 4934 1572 5007 ﬂagellis
1603 4916 1759 4992 bene-

178 5010 367 5066 dicere.
388 5044 458 5054 —
504 5013 563 5068 In
593 5032 652 5072 se
681 5026 863 5075 autem
893 5021 1174 5079 credentes
1204 5025 1449 5094 edoceat,
1483 5036 1541 5083 ut
1578 5030 1629 5084 in
1660 5030 1759 5086 ﬂa-

249 5153 275 5219 f
302 5143 464 5219 Editi,
495 5155 805 5219 conspicere.

247 5212 554 5305 {Nonnulli
578 5212 730 5305 ᾔδεε,
760 5242 882 5295 quia
909 5243 941 5305 ιι
972 5227 1255 5305 Synagoga
1297 5248 1452 5305 carne
1492 5236 1753 5305 prodiens,

181 5297 293 5370 qua:
324 5285 484 5343 lectio
506 5285 784 5370 videretur
804 5285 1156 5366 prtuferevnda',
1186 5285 1232 5354 si
1259 5285 1756 5370 potioresrC'odic—es

179 5352 614 5423 suﬂ'ragarenlur.

247 5436 267 5463 ε
298 5423 525 5512 ςοορίιιε
561 5433 761 5489 addidit
788 5436 1031 5503 positum,
1062 5438 1206 5506 quod
1246 5440 1299 5495 in
1345 5456 1456 5512 seq.
1504 5443 1644 5502 Edit.
1678 5451 1750 5505 ir-

299 5513 309 5545 l
343 5538 356 5551 ο

177 5506 506 5690 Ξζεὲιῇυεί,
532 5575 835 5647 quandoque
854 5579 1179 5645 conspicuus,
1206 5588 1263 5633 ut
1284 5582 1457 5638 etiam.
1481 5585 1750 5657 Castigan-

232 5652 255 5689 r
280 5654 341 5690 ex
423 5656 493 5690 ss.

280 5654 341 5690 ex
370 5654 493 5694 MSS.

246 5718 267 5744 ε
299 5705 621 5767 Particulam
648 5716 783 5768 inter
825 5716 876 5770 in
908 5717 1146 5788 Vulgatis
1175 5722 1424 5779 omissam
1474 5732 1748 5785 revocavi"

451 5803 724 5864 Ριιτιιοι..
776 5807 1033 5870 LXXV.

1874 4584 1949 4652 git
1992 4583 2269 4649 inimicus,
2301 4594 2359 4639 ut
2409 4586 2547 4642 bene
2591 4588 2821 4656 cogitata
2865 4590 3170 4660 perturbet,
3214 4592 3465 4661 maleque

1871 4675 2183 4744 perturbata
2210 4676 2448 4732 dilaniet.
2465 4676 2569 4732 Sed
2600 4694 2939 4749 nequaquam
2967 4696 3065 4735 nos
3087 4681 3139 4735 in
3162 4683 3462 4738 tentatione

1869 4766 2094 4833 deserit,
2124 4767 2214 4835 qui
2261 4769 2483 4822 ereavit.
2517 4768 2647 4823 Nam
2691 4771 2901 4827 hostem
2952 4781 3228 4840 nostrum,
3259 4774 3350 4841 qui
3396 4790 3456 4829 se

1871 4865 2058 4912 contra
2090 4872 2186 4911 nos
2216 4858 2267 4911 in
2316 4858 2519 4913 insidiis
2545 4861 2811 4929 contegit,
2846 4863 3203 4918 illustratione
3249 4864 3329 4916 sui
3373 4863 3457 4918 lu-

1864 4950 2027 5003 minis
2049 4949 2204 5005 nobis
2227 4949 2710 5019 deprehensibilem
2750 4954 2957 5021 reddit;
2988 4963 3208 5025 propter
3234 4955 3376 5024 quod
3403 4957 3451 5011 ei

1865 5056 1994 5095 mox
2017 5039 2145 5094 dicit
2180 5058 2191 5091 :

1864 5186 1983 5245 nius
2013 5186 2077 5223 ex
2121 5170 2246 5245 Mss.
2276 5169 2365 5245 Sic
2418 5174 2573 5245 infra,
2610 5177 2695 5231 lib.
2722 5193 2795 5241 rx,
2828 5192 2947 5244 cap.
2992 5179 3118 5232 olim
3174 5177 3259 5245 l6,
3308 5196 3450 5235 nunc

1861 5241 1959 5304 50,
2010 5256 2156 5294 num.
2185 5241 2282 5303 48,
2314 5243 2448 5296 hunc
2478 5243 2640 5299 Deum
2685 5264 2839 5311 supra
2868 5241 3073 5311 omnia,
3107 5260 3156 5303 et
3192 5241 3449 5305 hominem

1860 5312 2003 5433 ἰηιΞὲ
2031 5312 2205 5365 omnia
2235 5326 2542 5384 agnoscunt.
2581 5317 2712 5372 Vide
2746 5312 2784 5371 Ι.
2822 5334 2918 5386 xv,
2952 5336 3007 5374 η.
3041 5319 3138 5383 20,
3170 5330 3225 5373 et
3254 5320 3289 5372 l.
3326 5336 3442 5387 nt,

1860 5398 1912 5433 n.
2010 5421 2022 5432 .

1859 5398 1912 5435 Π.
1937 5398 2022 5433 ου.

1935 5450 1954 5487 ί
1980 5450 2136 5527 Coc,
2186 5450 2375 5527 Gjlot.,
2407 5454 2603 5523 Vatie.,
2634 5455 2919 5524 Gussanv.,
2964 5458 3018 5510 in
3070 5459 3442 5527 persecutione,

1859 5532 2046 5576 contra
2076 5522 2199 5575 Mss.
2221 5522 2252 5572 li
2274 5525 2397 5578 lem.

1934 5602 1955 5639 ρ
1989 5592 2093 5674 llic.
2114 5592 2374 5660 additum,
2397 5594 2450 5649 in
2481 5595 2631 5650 labiis
2660 5598 2787 5666 suis,
2818 5614 2848 5653 a
2880 5598 3043 5655 Gilot.
3078 5606 3131 5654 et
3157 5598 3276 5657 aliis
3324 5614 3439 5673 seq.

1857 5678 2235 5727 expttnxtmus.

1932 5732 1956 5770 ⁸³
1989 5734 2166 5803 Antiq.
2205 5734 2357 5792 Rem.
2386 5746 2439 5793 et
2466 5736 2715 5805 Vindoc.,
2748 5739 3109 5809 blasphemias.

2890 5834 2961 5890 l9
