4030 6338
542 248 643 302 597
1744 230 1987 285 SANCTI
2032 229 2152 282 blil

2262 230 2359 281 ιιιιι
2400 231 2613 286 MACNI

1082 346 1310 404 CAPUT
1354 342 1587 398 XXXIX.

616 449 785 507 Vens.
814 447 870 501 7.
898 476 970 491 —-
1000 443 1149 499 Unde
1177 441 1316 496 uenis
1344 438 1369 489 7

617 542 707 597 6L
727 540 822 595 Cui
843 535 1118 593 dicendum
1144 531 1279 585 unde
1308 526 1485 582 uenis?
1514 555 1587 567 ——
1604 522 1869 577 Callidum
1900 535 2135 591 namque

544 637 758 691 hostem
788 627 1078 698 requirere,
1122 627 1203 676 est
1230 616 1345 687 ejus
1377 614 1532 669 nobis
1562 612 1779 667 insidias
1808 610 2084 666 declarare
2114 650 2131 677 ,

522 703 606 783 jut
634 738 743 794 quo
772 733 894 775 eum
919 713 1222 771 subintrare
1246 723 1338 763 cor
1367 705 1657 773 cernimus,
1689 701 1814 757 forti
1846 709 2036 757 contra
2069 701 2135 756 il-

546 818 656 871 lum
683 802 1164 876 circumspectione
1182 798 1483 866 vigilemus.

1158 888 1384 947 CAPUT
1406 887 1517 943 XL.

615 996 819 1051 Into.—
835 987 935 1055 Qui
962 981 1278 1057 respondens
1304 980 1379 1033 ait
1405 996 1421 1033 :
1446 975 1667 1032 Circuiui
1692 982 1884 1030 terram
1900 1016 1913 1040 ,
1937 982 1987 1029 et
2013 992 2132 1046 per-

547 1082 804 1141 ambulavi
832 1096 965 1134 eum.

619 1195 708 1251 65.
744 1193 845 1258 Qui
872 1190 1095 1247 insidias
1122 1187 1233 1258 ejus
1264 1184 1402 1238 Deus
1426 1179 1570 1236 nobis
1595 1179 1894 1249 detegat.—-
1920 1176 2135 1231 Satana:

548 1299 748 1344 terratn
774 1282 1020 1345 circuire,
1040 1286 1122 1334 est
1149 1274 1385 1332 carnalia
1412 1270 1574 1328 corda
1596 1268 1939 1340 perscrutari,
1957 1276 2011 1322 et
2036 1284 2137 1322 un-

549 1379 617 1435 de
647 1376 983 1434 occasionem
1011 1362 1369 1425 accusationis
1394 1361 1638 1418 invenire
1662 1359 1853 1426 possit,
1881 1356 2133 1427 exquire-

470 1440 471 1447 γ
549 1485 630 1525 re.
664 1466 885 1523 Terram
915 1460 1122 1525 circuit,
1154 1457 1277 1526 quia
1306 1455 1539 1510 humana
1568 1449 1733 1506 corda
1760 1448 2132 1512 (ircumvenit,

551 1570 611 1616 ut
637 1560 778 1614 bona
812 1554 982 1617 tollat,
1011 1560 1067 1607 ut
1093 1548 1231 1603 mala
1272 1546 1540 1601 mentibus
1578 1544 1797 1607 inserat,
1829 1548 1888 1595 ut
1935 1539 2135 1595 inserta

551 1649 808 1712 cumulet,
843 1653 902 1700 ut
937 1641 1208 1699 cumulata
1239 1637 1500 1710 perficiat,
1533 1642 1590 1689 ut
1620 1633 1884 1703 perfectos
1928 1631 1981 1686 in
2031 1629 2134 1683 ini-

3728 234 3839 288 588

2162 341 2210 399 Α
2242 338 2293 392 in
2336 340 2492 394 bonis
2522 340 2587 395 de
2612 339 2807 411 quibus
2834 338 3104 410 gaudebat
3132 339 3469 406 concutitur,
3501 338 3840 395 imbecillita-

2237 431 2304 485 tis
2331 445 2440 485 suze
2467 431 2746 485 debilitate
2774 431 2989 501 cognita
3008 471 3024 498 ,
3055 431 3110 485 in
3148 445 3244 500 spe
3270 431 3437 485 divini
3472 430 3727 499 adjutorii
3755 447 3843 485 ro-

2234 522 2440 578 bustius
2468 523 2747 577 solidetur.
2766 522 2959 591 Fitque
2988 522 3123 577 mira
3157 522 3565 593 dispensatione
3598 523 3843 594 pietatis,

2234 619 2293 666 ut
2320 612 2461 668 unde
2481 613 2742 682 malignus
2771 613 2943 669 hostis
2972 628 3069 668 cor
3095 621 3292 677 tentat,
3322 613 3695 678 utinterimat,
3713 614 3843 668 inde

2233 702 2542 759 misericors
2576 702 2825 759 conditor
2868 702 2975 758 hoc
3004 702 3235 767 erudiat,
3268 709 3328 759 ut
3369 701 3535 757 vivat.
3575 700 3730 758 Unde
3778 712 3841 758 et

2234 796 2371 853 bene
2398 795 2738 866 subjttngitur
2766 811 2781 850 :

2815 884 3045 941 CAPUT
3075 884 3261 941 XLIV.

2306 983 2467 1037 Vens.
2495 980 2579 1035 12.
2605 1014 2674 1024 —
2705 979 2841 1035 Ecce
2862 981 3103 1036 universa
3133 996 3246 1052 qua?
3275 979 3443 1046 habet,
3475 981 3528 1034 in
3560 998 3715 1035 manu
3747 993 3836 1035 tua

2234 1086 2372 1138 sunt,
2408 1085 2601 1130 tantum
2630 1076 2684 1128 in
2714 1092 2829 1128 eum
2852 1091 2917 1128 ne
2942 1074 3193 1127 extendas
3215 1090 3427 1127 manum
3457 1083 3614 1128 tuam.

2306 1168 2393 1221 69.
2430 1166 2538 1221 Deo
2579 1165 3016 1236 perseverantiam
3058 1163 3332 1247 tribuente.
3357 1192 3427 1204 —
3462 1162 3536 1218 Ac
3560 1164 3607 1218 si
3644 1172 3838 1234 aperte

2235 1258 2421 1314 dicat:
2456 1258 2624 1313 Electi
2670 1255 3090 1325 uniuscujusque
3128 1256 3269 1311 bona
3310 1255 3388 1311 sic
3432 1256 3527 1310 tibi
3575 1257 3833 1312 tentanda

2237 1350 2472 1406 exterius
2500 1348 2698 1416 tribuo,
2728 1354 2785 1401 ut
2812 1354 2994 1403 tamen
3029 1346 3143 1416 ipse
3165 1346 3403 1413 noveris,
3432 1346 3557 1415 quia
3580 1360 3836 1415 perseve-

2236 1450 2444 1497 rantem
2476 1439 2607 1493 mihi
2636 1438 2784 1493 illum
2808 1438 2861 1494 in
2891 1438 3088 1493 tuentis
3109 1437 3290 1494 radice
3310 1452 3596 1493 conservo.
3631 1435 3729 1493 Ubi
3773 1446 3833 1493 et

2240 1528 2377 1583 bene
2399 1528 2648 1583 subditur
2674 1544 2687 1580 :

2830 1615 3060 1672 CAPUT
3082 1615 3239 1671 XLV.

551 1705 845 1810 quitatibus
887 1734 954 1789 ad
983 1746 1199 1803 poenam
1228 1705 1404 1785 socios
1444 1725 1707 1795 acquirat.
1754 1722 1821 1777 Et
1845 1720 2139 1777 notandum
2172 1707 2220 1766 B
2317 1709 2545 1810 [Blb-n—
2568 1707 2919 1810 Egressusque
2940 1707 3269 1810 ςξίίςιξιαηια
3293 1708 3428 1778 [αεῖε
3464 1705 3676 1810 Domi"i
3696 1722 3714 1759 ε

552 1827 697 1898 quod
728 1841 834 1880 non
861 1822 1247 1883 transvolasse,
1279 1816 1373 1873 sed
1402 1813 1805 1886 perambulasse
1834 1828 1893 1866 se
1933 1811 2144 1876 asserit,

552 1920 677 1991 quia
708 1916 956 1973 nimirum
986 1924 1327 1983 nequaquam
1358 1920 1518 1976 quem
1558 1911 1732 1960 tentat
1759 1903 2018 1959 velociter
2049 1902 2147 1958 de-

555 2011 719 2077 serit;
744 2008 838 2063 sed
887 2006 977 2061 ubi
1003 2004 1166 2059 molle
1194 2017 1290 2057 cor
1333 1998 1566 2065 invenit,
1598 1997 1670 2052 ibi
1712 1996 1905 2066 pedem
1942 1996 2149 2050 misera:

555 2098 918 2173 persuasionis
949 2094 1089 2164 ﬁgit,
1122 2102 1184 2148 ut
1211 2089 1548 2147 immorando
1577 2088 1806 2144 actionis
1842 2102 2019 2157 prava:
2059 2102 2150 2140 ve—

556 2192 713 2261 stigia
756 2188 1051 2260 imprimat,
1083 2194 1139 2241 et
1183 2200 1250 2240 ex
1296 2198 1407 2239 suae
1435 2182 1732 2254 iniquitatis
1780 2180 2147 2247 similitudine,

558 2298 694 2353 quos
719 2281 881 2345 valet,
912 2280 1174 2348 reprobos
1195 2276 1403 2333 reddat.
1433 2274 1541 2331 Sed
1576 2283 1764 2330 contra
1795 2273 1934 2328 hunc
1960 2272 2152 2327 beatus

560 2372 662 2435 Job
683 2372 955 2439 laudatur,
988 2379 1044 2426 et
1073 2370 1270 2425 dicitur
1298 2387 1311 2423 ε

1149 2453 1381 2513 CAPUT
1411 2454 1544 2511 LXI.

633 2555 798 2611 Vens.
818 2552 871 2608 8.
894 2582 966 2595 —
989 2549 1240 2622 Nunquid
1262 2547 1602 2603 considerasti
1628 2563 1826 2601 servum
1848 2564 2010 2601 meum
2032 2545 2150 2615 Job,

563 2645 699 2718 quod
726 2645 836 2717 64.
863 2659 966 2697 non
988 2643 1055 2695 sit
1077 2641 1124 2694 ei
1148 2640 1334 2693 similis
1363 2655 1515 2709 super
1543 2647 1732 2691 terram
1756 2678 1771 2703 ,
1796 2638 1872 2690 vir
1895 2638 2116 2709 simplex
2134 2679 2149 2706 ,

562 2746 613 2792 et
636 2744 825 2803 rectus,
856 2734 1123 2787 ae‘timens
1152 2730 1340 2790 Deum.
1372 2738 1419 2783 et
1444 2730 1685 2783 recedens
1709 2746 1740 2782 a
1770 2728 1942 2783 malo?

636 2825 724 2881 66.
756 2824 1001 2878 Laudare
1027 2822 1121 2876 Dei
1149 2830 1225 2875 est
1246 2820 1380 2876 bona
1408 2818 1552 2885 dare,
1578 2836 1638 2873 ac
1662 2818 1786 2873 data
1806 2822 2126 2875 custodire.—

564 2919 736 2986 Quem
765 2911 946 2970 divina
978 2912 1260 2983 inspiratio
1281 2919 1473 2967 contra
1497 2910 1710 2967 hostem
1742 2910 1981 2975 roborat,
2013 2912 2156 2967 hunc

564 3007 717 3078 quasi
734 3006 798 3067 in
826 3005 1040 3061 Satante
1068 3004 1284 3059 auribus
1321 3001 1463 3058 Deus
1494 3000 1695 3058 laudat.
1725 3001 1967 3058 Laudare
1994 3004 2153 3074 quip-

565 3075 634 3169 pe
663 3096 779 3168 ejus
802 3105 903 3164 est,
926 3104 982 3151 ct
1010 3095 1158 3166 prius
1183 3094 1326 3149 bona
1350 3092 1671 3159 concedere,
1704 3100 1759 3148 et
1787 3100 1908 3163 post
1932 3108 2153 3149 conces-
2181 3075 2228 3138 C

566 3206 628 3246 sa
674 3188 963 3244 custodire.
988 3185 1095 3241 Sed
1142 3186 1394 3255 antiquus
1442 3183 1615 3239 hostis
1654 3198 1720 3238 eo
1754 3192 1941 3239 contta
1982 3184 2157 3241 bonos

569 3282 783 3351 gravius
804 3280 976 3346 saevit,
1003 3292 1112 3350 quo
1131 3277 1317 3332 vallari
1339 3292 1433 3332 eos
1455 3274 1649 3330 divina:
1675 3276 2021 3346 protectionis
2042 3294 2157 3333 mu-

574 3385 702 3427 nere
727 3369 1016 3439 conspicit.
1044 3366 1197 3422 Unde
1227 3374 1280 3422 et
1302 3366 1633 3436 subjungens
1662 3367 1794 3422 dicit
1823 3384 1834 3421 :

1164 3455 1390 3512 CAPUT
1435 3455 1590 3511 XLII.

644 3550 809 3608 Vatis.
839 3548 1223 3620 9.—Nunquid
1243 3552 1437 3620 frustra
1457 3548 1556 3605 Job
1581 3551 1725 3603 timet
1751 3548 1916 3603 Deum
1932 3552 1952 3602 ἵ)
1968 3547 2160 3605 Nonne

576 3653 628 3697 tu
656 3642 860 3696 vallasti
886 3656 1019 3700 eum,
1037 3656 1098 3692 ac
1126 3641 1331 3694 domum
1353 3638 1487 3709 ejus,
1521 3639 1907 3710 universumque
1919 3639 2161 3693 substan-

573 3737 699 3791 tiam
720 3752 809 3807 per
831 3735 1133 3789 circuitum?
1163 3731 1417 3805 Operibus
1436 3748 1679 3786 manuum
1699 3731 1809 3802 ejus
1831 3731 2157 3799 benedixisti,

572 3836 622 3881 et
642 3826 897 3897 possessio
926 3824 1068 3879 illius
1095 3824 1248 3877 crevit
1276 3823 1329 3876 in
1354 3831 1513 3877 terra.

643 3914 732 3968 67.
768 3913 891 3970 Suis
917 3912 1105 3969 viribus
1135 3912 1285 3967 homo
1319 3928 1422 3967 non
1453 3919 1574 3966 stat.
1601 3940 1673 3953 -—
1697 3908 1775 3966 Ac
1801 3911 1846 3967 si
1873 3919 2059 3982 aperte
2080 3912 2157 3967 di-

571 4010 662 4059 cat
692 4021 705 4057 :
738 4002 847 4059 Cur
886 4003 1072 4059 laudas
1100 4015 1260 4071 quem
1290 3999 1624 4070 protegendo
1654 4000 1918 4056 roboras?
1956 3999 2159 4071 Despe-

573 4104 662 4151 cto
692 4094 833 4151 enim
859 4110 968 4163 me,
989 4094 1181 4162 dignus
1209 4092 1314 4146 tuis
1333 4090 1581 4147 laudibus
1601 4090 1764 4146 homo
1795 4100 1956 4157 esset,
1980 4092 2026 4147 si
2051 4093 2161 4149 suis

573 4193 763 4241 contra
787 4200 878 4242 me
921 4184 1125 4239 viribus
1153 4190 1340 4238 staret.
1379 4180 1527 4237 Unde
1553 4196 1681 4237 mox
1707 4188 1763 4237 et
1801 4181 2070 4238 malitiose
2094 4182 2161 4239 de

573 4277 793 4332 homine
820 4276 1054 4347 expetit,
1086 4273 1230 4345 quod
1274 4282 1454 4328 tamen
1484 4280 1761 4344 protector
1795 4272 2027 4328 hominis
2066 4273 2162 4330 be-

578 4369 737 4438 nigne
764 4366 1028 4423 concedit.
1060 4365 1194 4420 Nam
1223 4365 1468 4421 subditur
1495 4382 1509 4419 :

948 4455 1175 4511 CAPUT
1204 4454 1361 4510 XLIII
1394 4456 1546 4529 [Rea
1580 4454 1780 4526 XXV].

2321 1798 2408 1851 70.
2445 1796 2557 1861 Quo
2586 1797 2911 1864 moderante,
2939 1795 3175 1851 diabolus
3215 1795 3464 1851 bonorum
3494 1798 3651 1850 corda
3680 1813 3835 1867 usque

2252 1890 2319 1942 ad
2341 1891 2606 1944 interitum
2628 1906 2733 1943 non
2754 1889 3101 1944 vulnerat.-——
3127 1887 3259 1955 Quia
3291 1903 3388 1959 per
3419 1890 3540 1954 hoc,
3572 1891 3713 1958 quod
3744 1906 3838 1946 us-

2250 1995 2355 2049 que
2380 1980 2446 2035 ad
2493 1979 2760 2035 defectum
2806 1980 2987 2035 cordis
3016 1980 3309 2049 prtevalere
3338 1995 3678 2050 nequaquam
3716 1996 3835 2052 per-

2252 2071 2500 2136 mittitur,
2532 2070 2785 2126 exclusus
2831 2069 2899 2125 ab
2944 2069 3166 2135 intimis,
3194 2069 3434 2123 exterius
3462 2079 3704 2137 vagatur.
3738 2071 3836 2136 Qui

2254 2163 2415 2217 etiam
2455 2160 2501 2216 si
2531 2160 2753 2215 virtutes
2780 2162 2977 2217 mentis
3011 2160 3327 2231 plerumque
3358 2161 3570 2227 turbat,
3602 2178 3669 2215 eo
3720 2162 3837 2230 ipso

2253 2250 2383 2307 foris
2408 2260 2509 2318 cst,
2542 2266 2650 2321 quo
2673 2252 2957 2306 resistente
2989 2251 3126 2317 Deo,
3152 2266 3321 2321 usque
3349 2251 3415 2306 ad
3442 2251 3714 2305 interitum
3744 2253 3841 2306 bo-

2253 2359 2445 2399 norum
2490 2341 2653 2398 corda
2698 2356 2805 2396 non
2835 2341 3100 2396 vulnerat.
3132 2340 3363 2396 Tantum
3403 2343 3608 2411 quippe
3651 2352 3839 2396 contra

2254 2433 2342 2489 illa
2389 2433 2577 2488 saavire
2620 2431 2970 2503 permittitur,
3002 2432 3055 2487 in
3101 2441 3361 2501 quantum
3408 2447 3632 2488 necesse
3658 2440 3739 2487 est
3786 2441 3845 2487 ut

2255 2523 2641 2579 tentationibus
2687 2522 2899 2578 erudita
2940 2521 3271 2588 solidentur;
3307 2536 3373 2577 ne
3410 2536 3473 2577 ea
3522 2536 3642 2591 qua:
3681 2530 3845 2590 agunt

2254 2616 2419 2683 bona,
2450 2614 2562 2672 suis
2593 2614 2794 2670 viribus
2822 2613 3082 2677 tribuant,
3113 2629 3181 2668 ne
3208 2613 3261 2668 in
3290 2613 3596 2668 securitatis
3625 2621 3845 2683 torpore

2252 2721 2313 2761 se
2343 2704 2623 2771 deserant,
2649 2711 2703 2759 et
2730 2718 2761 2758 a
2804 2702 3099 2760 formidinis
3139 2702 3477 2759 accinctione
3503 2702 3799 2759 dissolvant
3830 2721 3844 2756 :

2254 2796 2282 2836 δ
2311 2798 2405 2852 sed
2433 2793 2502 2850 ad
2531 2802 2818 2867 provectus
2856 2793 2939 2848 sui
2980 2792 3279 2849 custodiam
3308 2800 3461 2848 tanto
3486 2793 3743 2847 sulertius
3767 2792 3846 2847 in-

2254 2888 2502 2958 vigilent,
2535 2892 2739 2957 quanto
2765 2899 2825 2940 se
2846 2876 3435 2941 contra'adversarium
3464 2894 3609 2940 stare
3634 2900 3849 2956 semper

2258 2977 2312 3032 in
2342 2978 2457 3033 acie
2480 2976 2837 3032 tentationum
2861 2974 3063 3030 vident.

2573 3084 2802 3140 CAPUT
2835 3084 2995 3139 XLVI
3027 3085 3171 3157 [νει.
3200 3084 3507 3158 XXXIII].

2330 3176 2494 3233 Vens.
2528 3179 2616 3247 15,
2651 3179 2736 3245 Id,
2764 3179 2850 3234 i5.
2871 3212 2944 3223 —
2963 3179 3091 3234 Cum
3120 3190 3288 3233 autem
3317 3180 3541 3250 quadam
3567 3180 3650 3234 die
3672 3180 3775 3250 filii
3803 3188 3852 3234 et

2257 3273 2385 3342 filite
2411 3274 2525 3344 ejus
2549 3273 2874 3327 comederent
2896 3284 2944 3327 et
2966 3272 3193 3327 biberent
3216 3274 3387 3326 vinum
3417 3274 3470 3326 in
3497 3272 3648 3327 dente
3670 3274 3854 3344 fratris

2257 3368 2337 3420 sui
2374 3368 2722 3439 primogeniti,
2751 3370 2963 3422 nuntius
2990 3370 3126 3422 venit
3154 3366 3223 3421 ad
3250 3367 3469 3436 Job,qui
3499 3369 3692 3422 diceret
3720 3385 3740 3423 :
3760 3367 3857 3423 Bo-

2257 3475 2339 3513 ves
2366 3459 2608 3525 arabanl,
2637 3466 2687 3513 et
2714 3459 2878 3513 asina:
2904 3459 3246 3529 pascebantur
3266 3458 3422 3529 juxta
3460 3475 3549 3513 eos
3567 3500 3582 3526 ,
3610 3468 3659 3513 et
3681 3461 3855 3513 irrue-

2258 3558 2379 3602 runt
2406 3548 2601 3614 Sabaei,
2634 3550 2957 3620 tuleruntque
2985 3551 3177 3615 omnia,
3202 3559 3252 3603 et
3280 3567 3464 3621 pueros
3493 3558 3857 3622 percusserunt

2261 3638 2470 3709 gladio;
2501 3649 2524 3679 θ
2556 3648 2605 3692 et
2635 3640 2775 3693 evasi
2803 3655 2896 3710 ego
2926 3639 3087 3705 solus,
3117 3648 3174 3692 ut
3210 3640 3502 3694 nuntiarem
3526 3640 3636 3694 tibi.

2334 3731 2421 3787 Ἠ.
2450 3731 2609 3787 Fides
2648 3734 2889 3787 virtutum
2922 3734 3149 3787 omnium
3180 3735 3366 3797 prima.
3384 3732 3513 3789 -—In
3552 3733 3853 3790 electorum

2262 3821 2425 3877 corde
2454 3823 2602 3892 prior
2630 3823 2896 3879 bonorum
2927 3824 3267 3892 sequentium
3298 3824 3560 3893 sapientia
3592 3827 3854 3891 nascitur,

2262 3918 2427 3980 atque
2466 3910 2582 3967 haec
2618 3927 2718 3981 per
2760 3912 2961 3967 donum
3009 3911 3240 3983 Spiritus
3289 3914 3442 3982 quasi
3495 3914 3857 3985 primogenita

2260 4001 2444 4072 proles
2467 4002 2757 4073 profertur.
2783 4001 2913 4070 Quae
2936 4004 3180 4075 profecto
3208 4003 3491 4075 sapientia,
3518 4014 3705 4061 nostra
3732 4008 3860 4062 tides

2263 4100 2379 4160 est,
2412 4094 2677 4164 prapheta
2706 4101 2997 4150 attestante
3018 4136 3033 4162 ,
3064 4096 3156 4166 qui
3182 4096 3256 4152 ait
3307 4113 3320 4149 :
3360 4094 3483 4151 Nisi
3534 4098 3859 4153 credideritis

2263 4201 2367 4240 non
2395 4185 2692 4257 intelligetis
2732 4184 2887 4259 (Isai.
2927 4203 3028 4252 vn,
3058 4190 3116 4243 9.
3156 4205 3259 4244 sec.
3292 4187 3489 4261 LXX).
3523 4188 3680 4246 Tunc
3717 4192 3858 4247 enim

2261 4291 2389 4332 vere
2414 4276 2477 4331 ad
2503 4276 2903 4347 intelligendum
2930 4279 3188 4350 sapimus,
3220 4296 3341 4335 cum
3371 4281 3579 4336 cunctis
3602 4282 3715 4353 65
3742 4297 3860 4352 quae

2261 4366 2512 4425 conditor
2536 4368 2691 4433 dicit,
2725 4369 3055 4427 credulitatis
3084 4380 3284 4426 nostra;
3320 4371 3479 4427 ﬁdem
3520 4374 3850 4442 praebemus.

2183 4450 2236 4513 Β
2262 4458 2322 4515 In
2338 4459 2499 4517 domo
2523 4475 2651 4531 ergo
2666 4461 2844 4518 fratris
2870 4462 3209 4533 primogeniti
3231 4465 3584 4521 convivantur
3599 4468 3719 4534 lilii,
3737 4482 3859 4524 cum

646 4551 815 4607 Vens.
845 4548 930 4603 il.
975 4548 1081 4603 Sed
1115 4547 1335 4603 extende
1370 4548 1634 4618 paululum
1671 4565 1880 4603 manum
1914 4558 2085 4619 tuam,
2115 4560 2167 4606 et
2268 4551 2496 4607 virtutes
2519 4551 2739 4622 reliqua:
2770 4553 3056 4625 epulantur
3086 4556 3139 4610 in
3170 4555 3291 4611 fide.
3317 4557 3446 4624 Quae
3471 4558 3517 4613 si
3548 4574 3656 4614 non
3683 4560 3857 4631 prima

577 4654 730 4717 tange
750 4649 935 4698 cuncta
962 4656 1076 4712 quae
1094 4638 1341 4712 possidet,
1374 4639 1477 4694 nisi
1502 4641 1558 4694 in
1582 4648 1607 4678 ι
1639 4641 1826 4712 faciem
1848 4641 2167 4700 benedixerit
2267 4643 2323 4699 in
2347 4642 2511 4699 corde
2554 4652 2743 4701 nostro
2773 4646 3035 4715 gignitur,
3068 4646 3269 4717 reliqua
3295 4662 3522 4719 quasque
3563 4666 3687 4706 esse
3716 4650 3857 4707 bona

575 4736 692 4791 tibi.

646 4824 733 4897 (i8.
756 4824 923 4880 Electi
938 4824 989 4879 in
1007 4821 1988 4895 tentationeproliciunt.—Plerumque
1997 4826 2162 4895 enim,

576 4919 701 4973 dum
730 4916 985 4970 virtutum
1014 4912 1217 4969 fructus
1242 4910 1467 4969 feCunde
1504 4910 1798 4980 reddimus,
1825 4912 1951 4969 dum
1982 4915 2160 4970 conti-

577 5023 681 5063 nua
703 5006 1061 5078 prosperitate
1088 5004 1373 5076 pollemus,
1407 5004 1795 5073 aliquantulum
1822 5022 1973 5062 mens
2001 5007 2159 5079 erigi-

577 5104 685 5165 tur,
713 5104 823 5151 uta
842 5094 1129 5165 semetipsa
1159 5094 1259 5150 sibi
1288 5094 1521 5149 existere
1548 5093 1689 5149 bona
1710 5109 1830 5165 qua:
1858 5096 2041 5159 habet,
2072 5112 2160 5152 ar-

575 5189 822 5246 bitretur.
855 5187 985 5254 Quae
1012 5187 1262 5242 nimirum
1291 5187 1433 5241 bona
1462 5186 1713 5258 antiquus
1735 5186 1905 5241 hostis
1933 5188 2159 5244 malitio-

576 5294 637 5336 se
664 5287 955 5336 attrectare
992 5278 1233 5352 appetit;
1264 5277 1358 5334 sed
1378 5277 1493 5334 haec
1522 5279 1720 5335 tentari
1763 5278 1904 5334 Deus
1943 5280 2157 5336 nonnisi

576 5370 809 5442 benigne
836 5370 1124 5442 permittit,
1154 5377 1216 5426 ut
1233 5367 1359 5425 dum
1385 5383 1539 5426 mens
1567 5370 1863 5427 tentatione
1892 5370 2159 5442 pulsante,

651 5555 679 5618 ξι
708 5545 871 5618 Corb.
902 5546 1111 5618 Germ,
1141 5546 1242 5618 nisi
1270 5546 1323 5618 in
1347 5547 1481 5618 {acie
1507 5554 1615 5600 tua.

652 5615 680 5655 δ
710 5614 814 5687 Ubi
840 5616 1034 5685 legitur
1058 5614 1111 5671 tn
1149 5614 1619 5687 Editisiprofectus,
1650 5615 1705 5671 in
1733 5614 1861 5672 Mss.
1894 5617 2007 5673 fere
2030 5632 2166 5674 sem-

582 5700 679 5755 per
708 5685 958 5753 babetur,
983 5695 1263 5755 provectus.
1299 5685 1469 5751 Quam
1510 5700 1698 5742 vocem
1734 5687 1821 5743 hic
1863 5688 2167 5744 curavimus

2266 4750 2373 4791 non
2403 4745 2645 4806 possunt,
2677 4737 2887 4793 etiamsi
2914 4737 3055 4793 bona
3076 4737 3380 4796 videantur.
3402 4739 3461 4796 In
3483 4742 3645 4799 domo
3677 4740 3859 4799 fratris
3960 4801 3970 4812 ,

2265 4827 2606 4898 primogeniti
2637 4827 2729 4883 lilii
2755 4829 3138 4896 convivantur,
3168 4831 3294 4887 dum
3322 4832 3548 4889 virtutes
3576 4843 3776 4890 nostra:
3803 4833 3855 4888 in

2267 4916 2574 4973 habitaculo
2621 4918 2765 4986 ﬁdei,
2813 4920 2952 4975 sacri
2998 4921 3195 4991 eloquii
3228 4923 3351 4979 cibo
3399 4924 3683 4980 satiantur.
3716 4924 3856 4981 Scri-

2267 5016 2418 5078 ptum
2445 5009 2642 5079 quippe
2667 5016 2747 5064 est
2772 5026 2784 5062 :
2812 5008 2940 5064 Sine
2957 5010 3063 5081 ﬁde
3081 5011 3395 5083 impossibile
3416 5023 3491 5068 est
3520 5014 3727 5085 placere
3744 5013 3851 5069 Deo

2268 5098 2456 5171 (Hebr.
2489 5116 2560 5167 ιι,
2603 5099 2678 5169 6).
2711 5099 2863 5156 Tunc
2891 5116 3020 5171 ergo
3060 5104 3287 5160 virtutes
3316 5114 3515 5161 nostra:
3539 5121 3698 5162 veras
3731 5106 3850 5160 vice

2265 5192 2452 5261 epulas
2498 5201 2737 5258 sumunt,
2778 5208 2900 5249 cum
2948 5196 3142 5250 nutriri
3175 5195 3298 5253 ﬁdei
3327 5200 3677 5253 sacramentis
3722 5196 3848 5252 inci-

2265 5280 2436 5351 piunt.
2466 5280 2524 5337 In
2563 5281 2726 5338 domo
2760 5281 2939 5339 fratris
2968 5284 3311 5355 primogeniti
3344 5287 3695 5344 convivantur
3723 5286 3844 5356 lilii,

2265 5371 2391 5440 quia
2413 5372 2513 5429 nisi
2533 5372 2762 5431 virtutes
2788 5374 3008 5445 reliquae
3034 5376 3311 5447 sapientia:
3336 5378 3509 5449 epulis
3530 5378 3763 5449 repletas,
3787 5392 3851 5432 ea

2268 5546 2656 5622 restituendam
2679 5592 2693 5616 ,
2722 5564 2829 5606 non
2851 5557 3030 5605 autem
3056 5550 3110 5606 in
3134 5551 3383 5608 omnibus
3411 5550 3565 5620 locis,
3592 5564 3712 5608 cum
3730 5564 3851 5622 pro-

2274 5620 2445 5690 fectus
2464 5634 2569 5674 vox
2598 5635 2897 5690 synonyma
2922 5622 3010 5675 sit.

2347 5699 2370 5728 ε
2402 5688 2500 5743 Hic
2528 5688 2714 5746 versus
2743 5688 2898 5749 abeat
2922 5706 2952 5746 a
2974 5690 3071 5748 Ms.
3100 5691 3261 5749 Corb.
3288 5690 3472 5749 Germ.
