4030 6342
254 366 359 424 589

1205 360 1566 419 MOIIALIUM
1611 360 1741 417 LIB.
1782 361 1847 417 II.
1877 390 1945 401 -
1986 360 2051 418 IN
2090 361 2245 419 CAP.
2289 362 2307 418 I
2350 364 2411 421 Β.
2449 365 2585 425 JUB.

3434 379 3543 437 590

248 502 373 561 qua
402 491 659 559 appetunt
690 483 984 557 prudenter
1008 487 1191 552 agant,
1220 482 1450 537 virtutes
1478 495 1601 537 esse
1647 494 1851 549 nequa-
1879 482 1933 542 Α
1957 478 2083 535 dum
2112 476 2292 537 subita
2320 482 2387 537 ad
2417 499 2517 539 nos
2543 488 2945 559 perturbatione
2996 491 3313 548 tentationis
3365 492 3546 563 irruit,

248 594 414 650 quam
431 586 673 649 possunt.

327 669 413 724 72.
466 666 748 721 Virtutibus
777 665 968 719 nostris
998 679 1153 734 quam
1192 661 1333 715 varie
1356 660 1632 714 insidietur
1661 660 1847 714 diabo-

250 761 354 812 lus.
384 786 449 797 ——-
477 757 582 811 Sed
621 771 749 810 ecce
797 756 921 809 dum
979 754 1119 807 bona
1152 765 1271 821 qum
1300 750 1506 819 agimus
1527 788 1542 813 ,
1574 749 1848 819 tunicati-.13

249 847 425 918 epulis
452 846 683 916 fideique
704 851 1016 914 pascuntur,
1041 841 1210 896 hostis
1236 847 1418 895 noster
1440 848 1657 895 arantes
1679 840 1847 894 boves

258 949 316 995 et
343 946 625 1010 pascentes
654 938 835 991 asinas
862 934 1156 999 subtrahit,
1179 941 1235 989 et
1273 946 1469 1001 pueros
1494 931 1674 999 gladio
1704 931 1849 985 occi-

256 1030 351 1085 dit.
385 1028 522 1094 Quid
552 1034 769 1080 arantes
795 1025 984 1090 boves,
1009 1022 1108 1077 nisi
1147 1022 1422 1090 graviores
1451 1028 1663 1076 nostras
1694 1018 1847 1087 cogi-

256 1120 486 1174 tationes
517 1115 849 1188 accipimus?
877 1128 998 1184 qua:
1039 1113 1164 1168 dum
1190 1127 1286 1167 cor
1317 1109 1556 1165 studiosa
1587 1108 1849 1164 exercita-

253 1213 406 1267 tione
431 1210 746 1274 coniiciunt,
770 1209 964 1263 uberes
984 1212 1338 1277 provectuum
1363 1200 1569 1256 fructus
1590 1200 1845 1256 reddunt.

254 1305 395 1372 Quid
442 1312 723 1375 pascentes
768 1300 1116 1368 intelligimus
1163 1298 1383 1364 asiuas,
1427 1294 1529 1349 nisi
1573 1294 1849 1364 simplices

253 1406 436 1452 motus
451 1396 666 1451 cordis?
684 1408 820 1463 quos
840 1392 965 1446 dum
986 1388 1225 1445 studiose
1247 1402 1277 1440 a
1308 1383 1635 1455 duplicitatis
1664 1399 1849 1439 errore

254 1490 670 1565 compescimus,
703 1483 856 1555 quasi
888 1485 939 1538 in
970 1496 1161 1552 eampo
1192 1480 1374 1535 liberte
1403 1477 1653 1548 puritatis
1682 1477 1850 1532 nutri-

256 1596 398 1635 mus.
431 1579 540 1635 Sed
566 1579 880 1649 plerumque
911 1574 1079 1629 bustis
1107 1570 1352 1634 callidus,
1387 1585 1509 1623 cum
1541 1583 1731 1636 graves
1756 1583 1850 1623 co-

254 1670 554 1737 gitationes
581 1668 633 1721 in
663 1664 826 1721 corde
850 1661 1136 1731 conspicit,
1162 1673 1255 1713 eas
1290 1658 1390 1711 sub
1414 1658 1719 1713 introducta
1748 1672 1848 1711 vo-

253 1760 483 1830 luptatis
506 1757 867 1814 delectatione
887 1751 1210 1820 corrumpit;
1243 1757 1298 1805 et
1319 1747 1444 1803 dum
1471 1756 1649 1804 motus
1670 1749 1850 1804 cordis

1948 572 2461 644 circumspectiones
2486 578 2665 635 cordis
2695 582 2971 653 inopinate
3007 585 3364 656 praeveniens,
3393 590 3547 655 quasi

1948 661 2095 731 ipsos
2116 664 2368 720 custodes
2389 681 2589 735 pueros
2603 668 2787 736 gladio
2813 674 3033 729 occidit.
3058 673 3167 730 Sed
3197 683 3377 731 tamen
3406 693 3548 733 unus

1949 754 2101 823 fugit,
2153 757 2245 827 qui
2298 768 2320 797 ο
2351 758 2457 813 alia
2487 761 2715 830 periisse
2743 764 2973 831 nuntiet,
3001 766 3127 836 quia
3182 768 3234 822 in
3283 783 3351 823 eo
3401 770 3547 841 quod

1948 861 2100 900 mens
2129 847 2197 902 ab
2227 847 2385 904 hoste
2415 852 2635 919 patitur,
2666 853 2892 910 rationis
2933 854 3190 913 discretio
3230 872 3447 928 semper
3477 860 3549 914 ad

1950 936 2186 991 animum
2230 938 2402 1005 redit;
2453 949 2512 995 et
2543 943 2695 1011 quasi
2722 945 2894 1000 solam
2932 962 2992 1001 se
3021 950 3260 1006 evasisse
3312 950 3546 1015 indicat,

1948 1042 2069 1096 quae
2110 1028 2251 1098 apud
2303 1033 2647 1101 semetipsam
2696 1034 2909 1091 fortiter
2957 1038 3215 1109 quidquid
3264 1041 3545 1110 pertulerit

1950 1126 2163 1188 pensat.
2215 1118 2351 1173 Aliis
2377 1134 2506 1189 ergo
2537 1126 2890 1191 pereuntibus
2935 1144 3074 1185 unus
3111 1130 3179 1183 ad
3208 1130 3425 1185 domum
3459 1148 3547 1187 re-

1949 1209 2043 1275 dit,
2075 1208 2102 1244 ά
2132 1208 2259 1263 dum
2291 1210 2514 1266 turbatis
2561 1213 2615 1265 in
2656 1216 2955 1269 tentatione
3004 1219 3242 1274 motibus
3288 1222 3547 1277 discretio

1949 1300 2016 1355 ad
2043 1301 2431 1356 conscientiam
2480 1305 2746 1371 recurrit;
2779 1313 2836 1358 ut
2872 1307 3015 1376 quod
3045 1311 3339 1378 repentinis
3368 1312 3549 1367 incur-

1949 1393 2097 1449 sibus
2149 1403 2522 1474 praeoccupata
2570 1411 2723 1452 mens
2762 1399 3059 1469 perdidisse
3104 1415 3163 1456 se
3206 1413 3419 1472 pensat,
3447 1406 3551 1462 hoc

1951 1485 2382 1554 compunctionis
2403 1486 2584 1541 studio
2613 1485 2813 1543 afﬂicta
2842 1489 3089 1559 recipiat.

2514 1576 2746 1633 CAPUT
2794 1579 3002 1636 XLVII.

2026 1665 2169 1722 Vens
2222 1667 2651 1740 I6.-Cumque
2699 1672 2869 1725 adhuc
2916 1672 3005 1726 ille
3051 1672 3363 1747 loqueretur,
3412 1678 3550 1732 venit

1954 1758 2106 1823 alter,
2136 1766 2188 1812 et
2208 1759 2339 1813 dixit
2362 1775 2379 1814 :
2410 1758 2556 1831 Ignis
2586 1760 2686 1815 Dei
2708 1764 2893 1816 cecidit
2913 1764 2978 1817 de
2997 1767 3142 1831 ctelo,
3167 1774 3215 1820 et
3243 1776 3410 1821 tactas
3432 1784 3548 1822 oves

252 1849 534 1919 simplices
552 1847 715 1911 videt,
738 1844 952 1899 subtilia
981 1839 1352 1895 inventionum
1382 1839 1630 1894 acumina
1664 1847 1847 1895 osten-
1879 1850 1921 1908 Β
1951 1866 2233 1922 puerosque
2256 1853 2601 1922 consumpsit;
2628 1854 2851 1925 etc/fugi
2873 1870 2965 1926 ego
2985 1855 3150 1925 solus,
3171 1864 3227 1910 ut
3254 1857 3547 1912 nuntiarem

252 1938 367 2002 dit;
404 1946 462 1991 ut
504 1937 631 1991 dum
676 1936 791 1989 laus
833 1933 901 1987 de
947 1931 1243 1987 subtilitate
1280 1930 1562 1998 quaeritur,
1597 1931 1846 2001 puritatis

254 2031 570 2101 simplicitas
614 2030 919 2093 amittatur;
950 2040 1003 2083 et
1034 2027 1076 2083 si
1111 2041 1281 2096 usque
1327 2026 1396 2081 ad
1443 2040 1580 2096 opus
1620 2040 1846 2096 pravum

258 2123 573 2195 pertrahere
605 2139 709 2177 non
744 2123 909 2190 valet,
943 2121 1199 2177 tentando
1231 2129 1409 2175 tamen
1450 2121 1716 2175 bonorum
1747 2134 1841 2175 co-

259 2214 604 2283 gitationibus
624 2223 648 2249 "
678 2214 982 2283 subripiens
1009 2220 1197 2278 nocet;
1230 2220 1286 2264 ut
1310 2211 1437 2266 dum
1463 2212 1681 2266 turbare
1707 2213 1846 2267 bona

259 2305 454 2360 mentis
473 2304 801 2374 agnoscitur,
830 2319 891 2359 ea
918 2306 1067 2374 quasi
1098 2303 1333 2357 funditus
1362 2303 1647 2357 abstulisse
1671 2302 1849 2356 videa-

262 2406 377 2452 tur.
411 2398 637 2455 Possunt
684 2396 846 2451 etiam
878 2411 974 2465 per
1002 2402 1223 2450 arantes
1261 2394 1457 2459 boves,
1489 2394 1849 2463 cogitationes

257 2488 537 2543 chariratis
559 2486 759 2555 accipi;
783 2486 976 2555 quibus
1002 2484 1257 2555 prodesse
1281 2484 1400 2540 aliis
1419 2490 1700 2547 conamur,
1724 2496 1847 2536 cum

260 2580 482 2634 fraterni
513 2578 693 2634 cordis
720 2578 971 2632 duritiam
1018 2575 1360 2647 praedicando
1400 2573 1649 2630 scindere
1690 2572 1846 2641 cupi-

259 2688 401 2727 mus.
433 2671 620 2726 Potest
638 2671 797 2725 etiam
821 2685 916 2740 per
935 2669 1132 2733 asinus,
1150 2684 1269 2737 qua:
1292 2667 1539 2721 nimirum
1568 2679 1688 2720 sese
1717 2678 1849 2717 one-

258 2763 524 2826 rantibus,
555 2761 698 2815 nulla
747 2759 1042 2815 ferocitatis
1084 2758 1288 2813 insania
1335 2758 1610 2820 resistunt,
1638 2755 1849 2824 patien-

260 2852 352 2906 tiae
380 2850 731 2906 mansuetudo
759 2850 977 2918 signari.
1003 2848 1071 2902 Et
1090 2863 1234 2918 saepe
1253 2847 1423 2901 hostis
1449 2846 1698 2914 antiquus
1726 2858 1848 2898 cum

255 2942 401 2999 velle
430 2943 685 3013 prodesse
724 2956 823 2995 nos
872 2939 1143 3009 loquendo
1173 2937 1293 2992 aliis
1318 2935 1601 3006 conSpicit,
1635 2935 1687 2988 in
1714 2948 1850 3002 quo-

259 3035 389 3089 dam
418 3043 637 3105 torpore
672 3032 767 3088 otii
799 3041 1035 3087 mentem
1085 3031 1308 3099 mergit;
1357 3038 1416 3083 ut
1447 3029 1564 3083 aliis
1592 3028 1850 3098 prodesse

260 3142 375 3181 non
406 3126 587 3193 libeat,
618 3126 778 3180 etiam
805 3139 925 3179 cum
949 3139 979 3177 a
1001 3123 1233 3193 propriis
1259 3129 1435 3178 vacat.
1465 3121 1692 3174 Arantes
1719 3133 1849 3188 ergo

1950 1939 2059 1995 tibi.

2018 2029 2106 2085 74.
2150 2030 2402 2086 Diabolus
2432 2040 2601 2086 castas
2630 2034 2974 2103 cogitationes
3009 2051 3339 2107 corrumpere
3384 2052 3550 2094 cona-

1947 2129 2052 2176 tur.
2086 2122 2193 2177 Sed
2219 2123 2460 2178 discretio
2498 2124 2781 2192 periculum
2809 2125 2999 2180 euadit.
3020 2156 3091 2167 —
3111 2126 3249 2193 Quid
3270 2142 3368 2197 per
3393 2143 3545 2197 oves,

1919 2212 2047 2267 ’nisi
2077 2212 2466 2281 cogitationum
2511 2214 2839 2280 innocentia,
2890 2214 3018 2285 quid
3049 2226 3074 2255 ο
3104 2232 3204 2286 per
3241 2232 3402 2285 oves,
3443 2219 3549 2275 nisi

1948 2301 2211 2357 bonorum
2234 2302 2472 2357 cordium
2496 2303 2755 2358 munditia
2778 2303 3131 2374 designatur?
3153 2306 3361 2362 Casium
3375 2324 3505 2366 vero
3525 2311 3541 2349 ί

1949 2395 2156 2449 aerium
2180 2394 2283 2450 dici
2303 2396 2465 2465 paulo
2486 2405 2615 2450 ante
2631 2396 2745 2465 jam
2764 2397 2996 2451 diximus
3017 2414 3031 2451 :
3051 2398 3194 2453 unde
3211 2408 3266 2454 et
3280 2415 3407 2457 aves
3420 2401 3550 2458 caeli

1951 2483 2310 2539 nominamus.
2336 2483 2405 2538 Et
2435 2484 2637 2541 scimus
2657 2484 2803 2555 quod
2826 2486 3088 2542 immundi
3108 2489 3354 2559 spiritus,
3385 2492 3479 2561 qui
3513 2506 3547 2547 e

1951 2577 2089 2632 coelo
2116 2579 2353 2632 aethereo
2382 2578 2516 2649 lapsi
2544 2586 2691 2647 sunt,
2716 2578 2768 2633 in
2796 2579 2900 2634 hoc
2920 2580 3043 2635 (ιωιί
3075 2588 3339 2652 terraeque
3364 2584 3544 2639 medio

1950 2674 2253 2735 vagantur:
2276 2667 2367 2735 qui
2391 2675 2543 2723 tanto
2566 2668 2737 2737 magis
2766 2668 2930 2724 corda
2953 2669 3229 2725 hominum
3252 2673 3548 2728 ascendere

1951 2757 2020 2812 ad
2047 2757 2287 2813 cmiestia
2316 2759 2573 2823 invident,
2596 2770 2801 2828 quanto
2831 2775 2889 2815 se
2916 2775 2947 2815 a
2975 2761 3289 2818 coelestibus
3317 2779 3414 2833 per
3436 2765 3549 2820 ela-

1953 2848 2115 2902 tionis
2140 2864 2250 2904 suas
2278 2849 2671 2904 immunditiam
2715 2849 2988 2921 projectos
3014 2852 3220 2909 vident.
3252 2853 3387 2920 Quia
3416 2869 3547 2925 ergo

1953 2938 2021 2993 ab
2050 2940 2224 2994 aereis
2271 2940 2626 3009 potestatibus
2676 2950 2868 2996 contra
2912 2942 3302 3012 cogitationum
3332 2956 3548 3001 nostra-

1954 3047 2073 3086 rum
2104 3034 2419 3088 munditiam
2460 3033 2675 3089 flamma
2708 3036 2891 3091 livoris
2944 3036 3118 3103 irruit,
3147 3037 3214 3093 de
3241 3038 3379 3095 cmlo
3412 3040 3552 3110 ignis

1955 3124 2024 3178 ad
2050 3140 2178 3179 oves
2205 3127 2371 3180 venit.
2400 3125 2556 3197 Step6
2581 3126 2722 3181 enim
2752 3127 2977 3183 mandas
3005 3129 3203 3185 montis
3228 3138 3425 3186 nostra:
3455 3147 3551 3187 co-

258 3219 433 3273 boves
477 3217 764 3282 subtrahit,
796 3231 922 3272 cum
972 3215 1329 3284 cogitationes
1375 3214 1572 3268 mentis
1600 3212 1850 3266 fraterna:
1878 3234 1924 3296 ρ
1959 3214 2246 3284 gitationes
2295 3216 2491 3271 ardore
2533 3216 2769 3273 libidinis
2797 3218 3130 3287 accendunt;
3161 3230 3217 3275 et
3243 3223 3396 3291 quasi
3427 3224 3551 3293 igne

261 3311 513 3366 utilitatis
542 3309 801 3364 fructibus
839 3307 1072 3375 deditas,
1100 3322 1198 3377 per
1224 3307 1547 3361 submissum
1578 3304 1851 3375 negligen-

263 3404 353 3459 tia:
386 3413 656 3473 torporem
704 3400 919 3469 frangit.
964 3398 1032 3453 Et
1059 3397 1306 3468 quamvis
1343 3396 1642 3453 electorum
1687 3396 1850 3451 corda

263 3498 408 3555 intra
438 3508 630 3551 arcana
659 3508 770 3549 sua:
800 3492 1145 3562 cogitationis
1200 3490 1513 3559 invigilant,
1553 3498 1609 3544 et
1653 3488 1780 3559 quid
1820 3504 1851 3543 a

268 3596 540 3643 tentatore
589 3586 870 3649 sustineat,
921 3589 1236 3652 superantes
1283 3589 1543 3651 pensant,
1576 3595 1643 3637 eo
1673 3589 1853 3636 tamen

261 3680 392 3749 ipso
441 3677 704 3746 malignus
750 3674 998 3729 inimicus
1026 3672 1222 3741 aliquid
1266 3671 1510 3739 rapuisse
1536 3685 1595 3726 se
1623 3671 1852 3739 gaudet,

263 3784 376 3839 quo
436 3765 850 3835 cogitationibus
911 3764 1177 3818 bonorum
1232 3762 1318 3817 vel
1389 3762 1457 3817 ad
1514 3770 1854 3816 momentum

264 3860 544 3931 pmvalct.

342 3949 487 4023 [γει.
503 3946 692 4002 XXXI
710 3945 795 4018 V.]
809 3944 898 3999 75.
935 3944 1065 4017 Ejus
1082 3943 1348 4000 conatibus
1371 3952 1566 4015 quanta
1584 3943 1857 4015 vigilantia

264 4038 662 4098 occurrendum.
687 4036 1026 4090 Discretionis
1045 4050 1229 4090 munus
1253 4035 1305 4089 in
1325 4033 1858 4105 tentatione.—S:npc

266 4141 450 4188 autem
473 4147 594 4187 cum
624 4137 977 4202 praeparatam
1017 4135 1255 4183 mentem
1299 4126 1368 4181 ad
1406 4125 1749 4182 tolerantiam
1779 4126 1860 4182 vi-

265 4227 381 4292 det,
419 4224 547 4295 quid
586 4224 654 4277 ab
702 4237 764 4277 ea
811 4221 1047 4276 maxime
1097 4219 1349 4288 diligatur
1396 4217 1650 4287 exquirit,
1693 4225 1748 4272 et
1788 4218 1856 4273 ibi

265 4318 508 4376 scandali
537 4317 759 4387 laqueos
789 4313 995 4382 inserit,
1017 4321 1075 4367 ut
1095 4328 1204 4384 quo
1224 4311 1393 4381 magis
1422 4326 1508 4367 res
1532 4324 1757 4380 qumque
1785 4310 1861 4365 di-

267 4411 473 4481 ligitur,
508 4422 574 4464 eo
623 4422 721 4479 per
768 4420 889 4462 eam
940 4403 1149 4460 facilius
1187 4402 1445 4473 patientia
1488 4402 1752 4457 turbetur.
1790 4399 1860 4454 Et

267 4504 486 4575 quidem
532 4501 825 4557 electorum
846 4497 1009 4555 corda
1038 4496 1105 4551 ad
1133 4511 1192 4551 se
1236 4509 1452 4565 semper
1495 4493 1726 4549 sollicite
1772 4509 1859 4549 re-

1956 3317 2085 3359 oves
2113 3313 2483 3370 concremant,
2515 3304 2640 3359 dum
2668 3315 2847 3363 castos
2888 3315 3067 3364 motus
3092 3309 3293 3377 animi,
3324 3310 3550 3365 luxuria:

1956 3399 2255 3455 tentatione
2282 3399 2616 3469 perturbant.
2641 3399 2743 3467 Qui
2771 3401 2907 3470 ignis
2932 3400 3023 3457 Dei
3048 3401 3264 3467 dicitur,
3294 3403 3418 3472 quia
3447 3407 3550 3458 etsi

1958 3504 2067 3543 non
2096 3488 2330 3545 faciente
2363 3489 2495 3556 Deo,
2529 3499 2708 3545 tamen
2737 3492 3110 3561 permittente,
3141 3500 3450 3562 generatur.
3483 3492 3551 3547 Et

1958 3581 2083 3650 quia
2110 3580 2342 3650 impulsu
2369 3581 2549 3636 subito
2587 3582 2729 3652 ipsas
2756 3598 3139 3652 nonnunquam
3184 3584 3550 3655 circumspec-

1961 3671 2134 3726 tiones
2162 3672 2357 3727 mentis
2382 3673 2637 3735 obruunt,
2668 3675 2821 3742 quasi
2864 3675 3117 3731 custodes
3147 3692 3344 3746 pueros
3371 3676 3549 3749 gladio

1960 3763 2233 3819 occidunt.
2262 3762 2369 3819 Sed
2393 3773 2571 3818 tamen
2592 3779 2728 3820 unus
2749 3765 3035 3822 incolumis
3062 3766 3216 3835 fugit,
3240 3768 3366 3821 dum
3388 3781 3550 3821 omne

1959 3853 2102 3921 quod
2136 3868 2287 3908 mens
2324 3853 2544 3923 patitur,
2574 3868 2931 3923 perseverans
2978 3855 3228 3911 discretio
3279 3856 3551 3912 subtiliter

1959 3945 2199 4015 respicit,
2214 3946 2440 4014 solaque
2459 3946 2649 3999 mortis
2675 3945 2969 4015 periculum
2992 3946 3203 4013 evadit;
3236 3947 3359 4017 quia
3384 3947 3547 4002 etiam

1960 4036 2289 4107 perturbatis
2328 4034 2764 4105 cogitationibus,
2793 4036 3047 4092 discretio
3095 4050 3201 4091 non
3227 4036 3548 4105 succumbit,

1962 4138 2020 4185 ut
2042 4128 2238 4184 damna
2268 4143 2364 4186 sua
2391 4129 2572 4184 animo
2598 4128 2889 4195 renuntiet,
2919 4136 2975 4184 et
2998 4128 3152 4198 quasi
3180 4127 3455 4185 dominum
3481 4127 3553 4184 ad

1961 4224 2254 4279 lamentum
2282 4230 2521 4277 revocet.

2287 4313 2515 4370 CAPUT
2552 4311 2761 4368 XLVIII
2801 4311 2949 4385 [Rea
2988 4310 3228 4383 XXVI].

2034 4411 2193 4467 Ven!
2226 4408 2313 4463 I7.
2335 4406 2527 4463 —Sed
2547 4414 2596 4461 et
2624 4406 2718 4461 illo
2745 4406 2914 4458 adimo
2939 4404 3204 4476 loquente,
3231 4403 3367 4458 venit
3392 4405 3549 4467 alius,

1962 4512 2013 4559 et
2042 4503 2215 4557 dixit:
2246 4499 2481 4555 Chaldtai
2510 4500 2743 4571 fecerunt
2776 4506 2876 4550 tres
2924 4505 3137 4558 turmas,
3170 4503 3217 4548 et
3257 4496 3554 4549 invaserunt

268 4596 459 4661 dcunt,
482 4603 537 4650 et
564 4592 851 4663 semetipsa
877 4590 1110 4659 graviter
1139 4588 1223 4643 vel
1248 4604 1344 4658 pro
1368 4587 1472 4642 levi
1496 4596 1644 4643 motu
1673 4601 1852 4644 exces-

1963 4594 2206 4659 camelos,
2231 4605 2279 4647 et
2302 4592 2526 4646 tulerunt
2546 4606 2656 4657 eos,
2678 4604 2874 4643 necnon
2904 4596 2954 4640 et
2979 4602 3159 4648 ,ueros
3198 4594 3554 4655 percusserunt

266 4688 439 4743 sionis
467 4684 742 4753 afﬂigunt;
771 4692 826 4738 et
846 4682 973 4736 dum
1001 4689 1148 4736 mota
1172 4681 1386 4736 discunt
1413 4679 1686 4750 quomodo
1713 4690 1859 4736 stare

269 4777 595 4842 debuerint,
650 4776 941 4844 aliquando
994 4774 1183 4829 melius
1230 4788 1491 4829 concussa
1541 4773 1857 4830 solidantur.

265 4869 379 4928 Sed
408 4869 659 4939 antiquus
685 4867 875 4933 hostis,
906 4866 1032 4920 dum
1070 4864 1371 4920 tolerantiae
1399 4864 1750 4933 cogitationes
1777 4864 1864 4921 vel

262 4959 344 5017 ad
374 4965 706 5014 momentum
758 4956 955 5022 turbat,
996 4955 1151 5024 quasi
1198 4954 1484 5010 abstulisse
1531 4970 1591 5010 se
1637 4956 1703 5011 ab
1733 4969 1863 5024 agro

260 5050 452 5109 cordis
482 5050 659 5106 asinas
680 5048 931 5104 exsultat.
955 5045 1014 5101 In
1038 5047 1120 5102 bis
1148 5055 1329 5102 autem
1357 5061 1478 5115 quae
1502 5061 1662 5117 agere
1688 5046 1866 5117 dispo-

259 5144 471 5207 nimus,
496 5141 803 5197 rationabili
830 5140 1075 5197 custodia
1105 5141 1231 5211 quid
1253 5139 1280 5179 δ
1322 5140 1517 5209 quibus
1546 5140 1706 5195 rebus
1733 5153 1866 5194 cou-

259 5242 454 5308 gruat,
474 5234 702 5291 sollicite
729 5235 837 5306 66
858 5247 1164 5304 pensamus.
1189 5230 1297 5287 Sed
1324 5232 1642 5302 plerumque
1670 5231 1861 5298 hostis,

347 5383 374 5408 ι
415 5369 637 5436 Quoties
664 5368 717 5422 in
752 5367 920 5421 Editis
940 5365 1192 5436 occurrit_
1218 5363 1495 5435 subrepens
1523 5361 1866 5436 subrepit,_ut

268 5443 379 5498 hoc
403 5433 459 5496 in
489 5441 632 5505 loco,
665 5439 825 5494 toties
851 5438 905 5491 in
935 5436 1135 5490 nostris
1163 5434 1297 5489 Cod.
1327 5433 1485 5488 manu
1514 5435 1749 5489 exaratis
1777 5433 1859 5489 le-

272 5514 423 5583 gitur
452 5510 759 5580 subripiens,
787 5507 1026 5578 subripit,
1056 5513 1148 5559 aut
1174 5506 1482 5576 surripiens,
1505 5511 1611 5559 etc.

349 5582 376 5622 δ
421 5580 638 5635 Excusl.
668 5578 946 5635 ouibusaue
974 5576 1146 5630 rebus.

350 5592 376 5622 ιι
421 5592 638 5646 Εχουδι,
668 5592 946 5661 quibusque
970 5592 1146 5658 rebus.
1201 5645 1212 5655 .
1560 5643 1573 5655 .
1661 5644 1672 5655 ο
1816 5644 1829 5655 ,

350 5665 373 5692 ε
418 5652 476 5707 In
504 5650 764 5721 Vulgatts,
795 5665 883 5721 qui
910 5647 1061 5701 alios.
1094 5643 1280 5700 Melius
1308 5642 1458 5712 Mss,
1487 5659 1573 5715 qui
1600 5644 1726 5710 alia,
1756 5659 1860 5699 set-

271 5725 432 5786 Iicet,
460 5724 647 5786 boves,
677 5721 875 5785 asinas,
894 5732 1114 5789 pueros.

351 5796 378 5832 ά
418 5783 495 5847 Ita
547 5783 674 5848 Mss.
724 5783 939 5856 Nomii,
982 5788 1162 5851 Iiem.,
1188 5784 1421 5853 Remig..
1455 5783 1686 5850 Turon.,
1713 5783 1858 5856 Val.

277 5866 394 5935 CL,
427 5873 559 5929 etc.,
593 5879 623 5918 a
653 5861 848 5933 quibus
874 5873 1062 5915 omnes
1111 5857 1251 5910 Editi
1290 5857 1605 5911 recedentes
1638 5855 1856 5927 habent,

1961 4687 2168 4760 gladio;
2191 4694 2238 4739 et
2260 4684 2417 4755 effugi
2445 4699 2537 4755 ego
2569 4682 2729 4746 solus,
2758 4688 2812 4733 ut
2834 4681 3124 4732 nuntiarem
3155 4676 3266 4730 tibi.

2035 4778 2121 4833 75.
2166 4776 2386 4842 Quantis
2414 4774 2655 4845 periculis
2696 4784 3014 4827 :errenarum
3041 4783 3211 4822 iurum
3237 4766 3551 4835 dispensatio

1962 4874 2029 4929 sit
2049 4872 2295 4929 obnoxia.
2318 4900 2386 4911 -
2404 4867 2507 4922 Per
2541 4866 2797 4931 camelos,
2826 4863 2921 4934 qui
2946 4859 3204 4917 mundum
3232 4858 3430 4929 aliquid
3456 4859 3553 4913 ba-

1962 4966 2115 5032 bent,
2138 4963 2261 5017 dum
2284 4959 2578 5021 ruminant,
2596 4967 2652 5012 et
2680 4955 3037 5021 immundum,
3054 4952 3182 5008 dum
3210 4966 3550 5022 nequaquam

1967 5053 2221 5124 ungulam
2268 5049 2496 5117 findunt,
2525 5063 2685 5118 supra
2722 5047 2834 5117 jam
2881 5046 3113 5100 diximus
3160 5045 3330 5099 bonas
3372 5058 3551 5098 rerum

1967 5141 2343 5214 temporalium
2372 5139 2802 5210 dispensationcs
2845 5135 3088 5204 intelligi,
3128 5135 3183 5189 in
3210 5133 3403 5203 quibus
3444 5147 3553 5202 quo

1969 5243 2053 5291 est
2082 5249 2210 5289 cura
2260 5230 2567 5296 ditensior,
2597 5244 2663 5285 eo
2705 5228 2862 5283 nobis
2892 5226 3240 5296 multiplicius
3270 5222 3555 5279 insidiatur

1969 5372 2091 5428 dum
2118 5366 2323 5423 turbata
2352 5363 2781 5436 tentationis(ve1
2810 5363 2862 5418 in
2886 5358 3216 5436 tentationis)
3241 5358 3480 5436 raptibus.

2044 5453 2067 5480 ο
2110 5441 2207 5495 Hic
2253 5439 2449 5506 legitur
2495 5438 2547 5491 in
2594 5428 2764 5490 Editis
2802 5442 2857 5491 et
2884 5433 3047 5506 duob.
3080 5428 3215 5501 Reg.
3246 5430 3399 5506 Mss,
3432 5428 3555 5501 quid

1969 5529 2061 5583 per
2087 5526 2290 5580 pueros.
2308 5500 2429 5562 Nec
2458 5508 2748 5577 incongrue
2774 5505 2952 5629 quoad
2975 5500 3209 5560 sensum.
3245 5500 3551 5581 Legendum

1970 5592 2153 5629 tamen
2180 5578 2303 5629 auid
2330 5594 2419 5629 per
2446 5593 2581 5629 oves.
2613 5591 2776 5629 secnn
2823 5590 2909 5629 um
2939 5574 3066 5629 Mss.
3102 5573 3282 5629 Rem..
3314 5572 3551 5629 Itemtttu

1970 5572 2154 5637 tamen
2180 5578 2303 5650 quid
2329 5594 2419 5649 per
2446 5593 2581 5650 o_ves,
2613 5572 2909 5650 secundum
2939 5574 3066 5629 Mss.
3102 5573 3282 5639 Rem.,
3314 5572 3551 5640 Remig.,

1968 5642 2427 5722 Norm.,"I‘uron.,
2457 5646 2646 5722 Cor-b.,
2672 5642 2855 5722 Germ.
2997 5713 3042 5722 __
3329 5711 3343 5722 _
3435 5708 3451 5722 ί
3495 5709 3528 5722 Α.

2046 5726 2061 5759 ι
2106 5708 2181 5774 ns
2215 5708 2496 5789 legendum
2542 5708 2739 5771 docent
2788 5716 2948 5771 iidem
2993 5713 3120 5772 Mss.
3159 5727 3281 5783 sup.
3329 5708 3553 5775 laudati,

1969 5793 2116 5863 quib.
2150 5787 2332 5845 acced.
2369 5787 2635 5843 Bellovac.

3486 5947 3514 5955 ς-
