4030 6312
517 299 614 355 59!

1715 288 1955 345 SANCTI
1997 289 2323 346 GREGORll
2369 292 2581 347 MAGNI

3692 294 3799 349 $192

512 406 777 468 inimicus.
797 410 945 486 [νει.
968 408 1127 465 XXX
1140 406 1229 480 ν.]
1259 405 1443 461 Omnis
1471 403 1633 468 enim,
1660 402 1749 472 qui
1770 402 2080 471 dispensan-
2117 405 2167 462 A
2195 403 2299 457 cita
2326 404 2540 459 sibimet
2588 402 2763 456 anima
2796 402 2922 474 quid
2963 403 3145 459 subito
3194 402 3427 473 impulsu
3480 405 3805 463 tentationis

514 504 599 560 dis
627 504 859 560 terrenis
888 503 1048 559 rebus
1074 499 1341 570 praesidet,
1372 495 1568 552 occulti
1598 493 1768 549 hostis
1801 492 1995 561 jaculis
2025 492 2102 545 la-

518 596 621 651 tius
646 602 815 665 patet.
845 592 1109 649 Nonnulla
1138 590 1280 644 enim
1309 586 1596 657 providens
1624 600 1782 653 agere
1814 583 2017 645 nititur,
2046 592 2104 637 et

514 704 659 758 stcpe
688 688 812 742 dum
835 692 1024 739 cautus
1044 682 1227 749 futura
1255 679 1521 734 subtiliter
1548 676 1824 748 prmvidet,
1860 677 2102 729 incautus

517 780 713 833 damna
743 774 1025 846 prmsentia
1052 786 1401 842 nequaquam
1420 770 1594 835 videt;
1642 784 1782 838 smpe
1808 768 1930 821 dum
1962 782 2099 836 prae-

512 870 752 924 sentibus
780 867 1037 935 invigilat,
1068 867 1134 919 ad
1160 864 1414 919 instantia
1444 863 1782 933 praevidenda
1814 862 2098 927 dormitat;

511 973 652 1028 saepe
677 958 799 1011 dum
832 957 1007 1025 aliqua
1035 964 1255 1025 torpens
1280 954 1408 1021 agit,
1434 968 1555 1022 qua:
1583 951 1867 1021 vigilanter
1895 952 2101 1020 agenda

513 1056 642 1105 sunt
684 1047 935 1115 negligit;
965 1061 1107 1115 saepe
1135 1045 1261 1100 dum
1309 1044 1591 1113 plusjusto
1624 1043 1930 1111 vigilantem
1959 1056 2018 1095 se
2048 1040 2099 1095 in

512 1139 725 1192 actione
752 1137 988 1203 exhibet,
1018 1145 1040 1171 ⁸
1075 1135 1189 1205 ipsa
1220 1134 1449 1189 actionis
1477 1147 1589 1187 sure
1620 1130 1987 1201 inquietudine
2018 1144 2101 1183 re-

513 1228 612 1283 bus
658 1226 890 1283 subditis
938 1225 1095 1297 pejus
1140 1233 1318 1281 nocet.
1354 1222 1657 1292 Aliquando
1685 1230 1864 1277 autem
1911 1221 2102 1290 linguae

514 1319 732 1374 modum
763 1332 963 1387 ponere
995 1317 1204 1382 nititur,
1229 1314 1323 1370 sed
1353 1328 1519 1370 onere
1543 1311 1962 1381 dispensationis
1988 1310 2103 1364 exi-

515 1418 707 1479 gente,
738 1410 898 1464 silere
937 1408 1276 1477 prohibetur.
1325 1404 1625 1475 Aliquando
1667 1404 1791 1459 dum
1838 1404 2003 1457 nimia
2044 1418 2104 1459 se

512 1514 739 1554 censura
770 1498 1059 1565 restringit,
1090 1504 1235 1551 tacet
1263 1497 1423 1549 etiam
1450 1497 1555 1566 67
1585 1510 1706 1565 quae
1732 1495 1874 1564 loqui
1899 1493 2102 1549 debuit.

470 1614 474 1618 ι
517 1588 821 1659 Aliquando
847 1587 913 1641 ad
942 1586 1218 1642 inferenda
1246 1588 1552 1643 necessaria
1581 1587 1708 1642 dum
1737 1603 1796 1642 se
1824 1588 1984 1641 latius
2014 1602 2102 1641 re-

515 1680 681 1747 laxat,
711 1678 842 1733 dicit
870 1678 1032 1733 etiam
1060 1692 1179 1746 quae
1220 1677 1367 1747 loqui
1398 1694 1506 1732 non
1536 1676 1739 1732 debuit.
1781 1676 2102 1747 Plerumque

2204 495 2527 551 intrinsecus
2556 495 2787 561 amittat,
2813 494 3081 565 intelligit.
3108 495 3386 566 Sequitur.

2521 588 2751 645 CAPUT
2790 590 2956 645 XLIX
3006 592 3157 662 [_Rec.
3197 591 3469 663 XXVII].

2274 681 2436 735 Vens.
2472 679 2558 749 18,
2586 681 2671 734 19.
2690 713 2759 723 -
2787 692 2808 720 ε
2838 680 3165 753 Loquebatur
3194 683 3299 746 ille,
3326 693 3375 736 et
3413 699 3529 735 ecce
3556 685 3693 737 alius
3724 686 3797 737 in-

2210 773 2382 837 trarit,
2409 780 2455 825 et
2482 772 2620 825 dixit
2647 790 2657 824 :
2693 771 2738 824 F
2743 773 2847 826 iliis
2879 774 2977 827 tuis
3001 782 3047 825 et
3075 772 3283 841 ﬁliabus
3307 774 3624 827 rescentibus
3654 786 3705 827 et
3726 776 3801 829 bi-

2208 862 2442 916 bentibus
2466 865 2635 917 vinum
2656 864 2709 917 in
2733 864 2884 919 domo
2908 864 3088 933 fratris
3115 866 3194 917 sui
3216 866 3565 936 primogeniti,
3592 869 3801 935 repenté

2202 962 2379 1006 ventus
2420 954 2686 1006 uehemens
2712 955 2865 1007 irruit
2889 971 2919 1007 α
2955 956 3163 1025 regione
3207 954 3431 1021 deserti,
3468 965 3517 1009 et
3540 959 3800 1011 concussit

2202 1051 2421 1111 quatuor
2447 1044 2662 1113 angulos
2693 1044 2896 1111 domus,
2918 1061 3031 1115 qua:
3060 1060 3305 1098 corruens
3335 1026 3591 1115 oppressit
3612 1048 3799 1102 liberos

2206 1148 2336 1203 tuos,
2355 1148 2403 1191 et
2416 1141 2602 1193 mortui
2615 1148 2734 1192 sunt
2758 1157 2770 1191 :
2786 1148 2834 1192 et
2846 1139 3004 1210 effugi
3017 1156 3109 1210 ego
3123 1139 3263 1193 solus
3278 1186 3285 1199 ,
3302 1149 3358 1192 ut
3371 1141 3665 1194 nuntiarem
3683 1142 3794 1195 tibi.

2274 1226 2362 1279 76.
2413 1228 2696 1283 Virtutibus
2722 1236 2942 1300 quatuor
2969 1231 3206 1283 innititur
3232 1231 3466 1299 spiritale
3493 1232 3791 1302 aediﬁcium.

2209 1317 2359 1374 Unde
2379 1321 2724 1374 concutiatur.
2747 1348 2819 1360 --
2846 1319 3000 1375 Sicut
3027 1335 3189 1389 supra
3216 1320 3326 1389 jam
3364 1321 3621 1390 diximus,
3647 1324 3795 1393 regio

2203 1408 2401 1464 deserti
2436 1417 2522 1465 est
2551 1409 2951 1465 immundorum
2994 1411 3277 1481 spirituum
3321 1412 3612 1467 multitudo
3640 1414 3795 1469 dere-

2204 1499 2329 1555 licta
2354 1518 2367 1552 :
2391 1514 2510 1568 quae
2537 1499 2666 1553 dum
2689 1499 2986 1554 conditoris
3013 1500 3095 1556 sui
3117 1500 3504 1555 beatitudinem
3536 1502 3793 1569 deseruit,

2203 1591 2355 1659 quasi
2384 1605 2600 1646 manum
2630 1589 2855 1645 cultoris
2882 1590 3065 1644 amisit
3093 1604 3122 1644 a
3144 1604 3251 1659 qua
3280 1598 3473 1644 ventus
3504 1591 3794 1648 vehemens

2203 1681 2368 1745 venit,
2394 1688 2449 1736 et
2466 1681 2684 1735 domum
2706 1681 2945 1747 subruit;
2974 1682 3099 1749 quia
3121 1680 3188 1735 ab
3213 1681 3502 1736 immundis
3521 1682 3793 1751 spiritibus

518 1778 695 1825 autem
724 1769 886 1823 tantis
901 1770 1289 1839 cogitationum
1307 1768 1666 1823 voluminibus
1694 1767 2017 1837 implicatur,
2045 1776 2102 1823 ut
2133 1770 2179 1831 B
2206 1769 2358 1825 fortis
2388 1770 2612 1825 tentatio
2646 1770 2893 1839 subripit,
2927 1778 2982 1825 et
3007 1785 3040 1823 a
3070 1770 3472 1839 tranquillitatis
3512 1787 3622 1825 sure
3651 1780 3791 1828 statu

516 1858 629 1928 ipsa
660 1857 800 1913 ferre
830 1858 917 1913 vix
940 1858 1133 1927 valeat,
1163 1873 1280 1927 qua:
1320 1858 1458 1912 intra
1505 1849 1580 1913 se'
1608 1857 1859 1927 providus
1888 1867 2097 1925 versat;
2145 1862 2149 1866 '

517 1956 573 2004 et
601 1965 723 2005 cum
750 1949 825 2004 nil
852 1964 1017 2018 opere
1042 1948 1221 2015 faciat,
1246 1947 1272 1987 δ
1302 1951 1400 2004 sub
1430 1962 1623 2017 magno
1652 1948 1830 2004 cordis
1859 1948 1940 2003 sui
1968 1963 2102 2017 pon-

515 2040 645 2097 dere
669 2042 1018 2097 vehementer
1046 2040 1278 2096 insudat.
1335 2041 1470 2107 Quia
1498 2041 1640 2097 enim
1668 2039 1802 2094 dura
1833 2049 1957 2096 sunt
1983 2055 2103 2108 qua:

517 2133 658 2203 apud
685 2135 1032 2203 semetipsum
1060 2133 1202 2190 intus
1226 2134 1448 2203 patitur,
1479 2133 1693 2202 quietus
1719 2132 1848 2187 foris
1877 2132 2104 2187 otiosus-

515 2239 621 2293 que
644 2224 894 2280 lassatur.
928 2222 1250 2294 Plerumque
1281 2225 1424 2279 enim
1455 2223 1609 2293 quasi
1635 2231 1864 2279 ventura
1894 2223 2103 2278 animus

518 2315 799 2383 conspicit,
828 2322 1103 2383 totamque
1134 2323 1321 2370 contra
1360 2314 1476 2369 haec
1518 2313 1871 2369 intentionem
1898 2328 2100 2383 propo-

516 2406 624 2472 nit;
656 2420 990 2475 magnusque
1019 2405 1182 2460 ardor
1212 2404 1572 2460 contentionis
1609 2418 1670 2461 se
1698 2404 1907 2472 inserit,
1938 2417 2101 2472 sopor

519 2496 671 2566 fugit,
697 2512 805 2551 nox
834 2496 888 2550 in
915 2495 1054 2551 diem
1079 2497 1332 2562 vertitur;
1360 2504 1416 2551 et
1441 2510 1559 2551 cum
1586 2495 1766 2565 quieta
1788 2494 1917 2550 foris
1939 2509 2102 2549 mem-

516 2586 613 2641 bra
636 2576 862 2641 lectulus
883 2593 1086 2649 teneat,
1108 2586 1251 2640 intus
1278 2585 1483 2654 magnis
1505 2585 1830 2641 clamoribus
1851 2585 1905 2640 in
1923 2584 2100 2640 cordis

516 2675 635 2732 foro
660 2676 915 2745 litigatur.
940 2675 1008 2729 Et
1038 2675 1096 2729 fit
1119 2677 1433 2747 plerumque
1455 2684 1513 2730 ut
1539 2676 1682 2730 nulla
1708 2677 1957 2731 eveniant
1979 2691 2099 2745 qua:

514 2766 909 2836 pnevidentur:
941 2775 1163 2836 totaque
1185 2768 1274 2822 illa
1294 2768 1568 2835 cogitatio,
1586 2782 1704 2837 quae
1731 2767 1822 2823 diu
1853 2784 1912 2824 se
1941 2770 2098 2839 plena

515 2860 816 2927 intentione
844 2868 1148 2930 paraverat,
1181 2868 1402 2930 repente
1432 2876 1600 2916 vacua
1629 2860 1892 2929 quiescat.
1925 2861 2098 2917 Tanto

514 2959 693 3007 autem
716 2952 926 3022 longius
954 2967 1107 3008 mens
1135 2967 1165 3006 a
1186 2953 1506 3008 necessariis
1530 2962 1727 3015 cessat,
1753 2961 1955 3022 quanto
1977 2954 2096 3009 ina-

513 3044 603 3099 nia
654 3044 812 3099 latius
857 3044 1079 3113 cogitat.
1109 3042 1245 3109 Quia
1293 3043 1454 3112 igitur
1491 3044 1904 3114 dispensationis
1941 3060 2097 3101 curas

2205 1860 2595 1916 conscientiam
2642 1860 2853 1915 evertit.
2908 1858 3065 1933 [Vet.
3105 1857 3264 1913 XXX
3280 1858 3413 1930 VL]
3463 1858 3521 1913 lu
3562 1870 3794 1930 quatuor

2203 1965 2334 2006 vero
2365 1951 2574 2019 angulis
2601 1950 2791 2007 domus
2817 1950 2919 2006 ista
2960 1950 3223 2016 consistit,
3255 1950 3380 2018 quia
3420 1952 3672 2006 nimirum
3702 1968 3791 2007 so-

2203 2042 2369 2096 lidum
2412 2042 2608 2096 mentis
2646 2049 2842 2095 nostris
2886 2038 3201 2106 aedilicium,
3234 2040 3542 2109 prudentia,
3580 2051 3790 2110 tempe-

2203 2132 2398 2199 rantia,
2424 2131 2705 2199 fortitudo,
2727 2130 2934 2199 justitia
2964 2132 3211 2186 sustinet.
3242 2130 3300 2185 In
3324 2139 3551 2201 quatuor
3581 2134 3793 2201 angulis

2202 2221 2395 2277 domus
2441 2224 2540 2277 ista
2570 2222 2830 2289 subsistit,
2861 2222 2986 2292 quia
3024 2223 3080 2278 in
3128 2224 3213 2297 bis
3241 2232 3474 2292 quatuor
3500 2226 3789 2282 virtutibus

2203 2323 2315 2371 tota
2334 2315 2461 2371 boni
2481 2317 2590 2387 68
2612 2315 2791 2386 operis
2810 2322 3076 2371 structura
3091 2315 3382 2384 consurgit.
3403 2313 3556 2371 Unde
3580 2326 3637 2372 et
3655 2332 3789 2386 qua-

2203 2416 2324 2463 tuor
2346 2406 2827 2477 paradisi‘llumina
2868 2415 3067 2461 terram
3111 2407 3351 2476 irrigant,
3384 2408 3511 2476 quia
3542 2410 3667 2462 dum
3702 2410 3787 2464 his

2202 2506 2432 2567 quatuor
2458 2498 2746 2554 virtutibus
2770 2513 2865 2553 cor
2888 2496 3204 2564 infunditur,
3228 2496 3294 2552 ab
3318 2498 3467 2552 omni
3489 2496 3789 2553 desiderio-

2201 2604 2320 2644 rum
2350 2589 2642 2645 carnalium
2682 2596 2816 2644 :estu
2860 2595 3209 2657 temperatur.
3256 2586 3361 2642 Sed
3401 2603 3787 2657 nonnunquam

2201 2680 2328 2735 dum
2355 2681 2524 2736 menti
2548 2679 2757 2749 ignavia
2788 2678 3036 2749 subripit,
3066 2679 3344 2748 prudentia
3365 2676 3631 2746 frigescit;
3662 2695 3784 2733 nam

2200 2788 2321 2826 cum
2343 2771 2481 2826 fessa
2506 2777 2702 2851 torpet,
2724 2776 2950 2824 ventura
2973 2784 3079 2823 non
3101 2768 3361 2840 providet.
3389 2768 3785 2839 Nonnunquam

2198 2863 2326 2919 dum
2356 2863 2607 2918 nonnulla
2638 2862 2805 2918 menti
2831 2861 3116 2917 delectatio
3154 2861 3400 2932 subripit,
3430 2865 3784 2932 temperantia

2200 2961 2383 3008 nostra
2405 2952 2720 3018 marcescit;
2752 2952 2804 3007 in
2835 2960 3094 3021 quantum
3115 2952 3257 3007 enim
3281 2951 3348 3006 ad
3370 2950 3784 3008 delectationem

2202 3044 2541 3114 prasentium
2585 3044 2863 3122 ducimur,
2896 3042 2950 3097 in
2996 3050 3203 3097 tantum
3242 3042 3421 3096 minus
3468 3042 3533 3097 ab
3584 3042 3787 3097 illicitis

514 3134 734 3202 maligni
773 3135 993 3205 spiritus
1030 3134 1193 3190 modo
1240 3134 1589 3204 torpentich
1638 3135 1968 3204 praecipitata
2005 3151 2098 3191 ac-
2125 3142 2170 3203 ρ
2204 3144 2584 3205 temperamus.
2637 3134 3119 3202 Nonuunquamse
3145 3133 3304 3189 timor
3340 3134 3491 3189 cordi
3527 3135 3782 3201 insinuat,

514 3224 662 3279 tione
685 3223 903 3291 feriunt,
934 3223 1096 3279 modo
1124 3224 1277 3293 pigra
1305 3224 1391 3279 vel
1439 3223 1800 3279 immoderata
1828 3226 2101 3283 locutione

514 3314 886 3381 confundunt,
926 3330 1066 3384 pene
1110 3324 1293 3369 autem
1340 3330 1557 3385 semper
1590 3316 1769 3371 nimiis
1814 3316 2101 3385 cogitatio-

515 3421 643 3461 num
666 3406 893 3461 molibus
914 3413 1183 3476 premunt,
1211 3407 1379 3462 tribus
1399 3408 1590 3462 turmis
1614 3406 1849 3463 Chaldazi
1868 3409 2104 3465 camelos

515 3500 754 3570 rapiunt.
785 3499 947 3566 Quasi
993 3500 1136 3555 enim
1169 3508 1276 3555 tres
1306 3507 1510 3554 turmas
1539 3507 1729 3554 contra
1754 3499 1991 3555 camelos
2018 3500 2101 3554 fa-

516 3607 674 3660 cere,
717 3600 800 3648 est
840 3600 1176 3647 terrenarum
1225 3590 1686 3661 dispensationum
1725 3592 1899 3646 studia
1939 3592 2101 3649 modo

516 3682 703 3738 illicito
733 3697 917 3752 opere,
949 3681 1110 3737 modo
1138 3680 1406 3751 superflua
1439 3680 1728 3747 locutione,
1762 3683 1924 3738 modo
1956 3683 2101 3738 inor-

515 3772 697 3826 dinata
736 3771 1063 3840 cogitatione
1088 3779 1340 3838 vastare;
1384 3778 1443 3824 ut
1477 3770 1603 3824 dum
1650 3786 1709 3826 se
1748 3771 1814 3826 ad
1842 3770 2099 3827 adminis-

515 3858 708 3916 tranda
734 3861 971 3916 exterius
1000 3876 1151 3916 mens
1179 3860 1472 3917 efﬁcaciter
1498 3861 1790 3917 extendere
1833 3863 2039 3930 nititur,
2069 3878 2101 3917 a

513 3952 598 4008 sui
635 3953 1067 4008 consideratione
1106 3963 1416 4023 separetur,
1463 3960 1520 4008 et
1557 3968 1623 4009 eo
1652 3954 1846 4009 damna
1886 3970 2006 4024 qum
2034 3954 2102 4010 de

514 4045 801 4114 semetipsa
841 4044 1042 4114 patitur
1088 4045 1311 4111 nesciat,
1343 4060 1451 4114 quo
1492 4058 1618 4113 erga
1666 4045 1841 4101 aliena
1890 4044 2101 4101 fortiori

516 4138 692 4192 studio
722 4152 881 4205 quam
911 4137 1069 4192 decet
1096 4137 1357 4191 elaborat.
1391 4135 1557 4191 Recta
1588 4144 1767 4191 autem
1795 4152 1947 4192 mens
1977 4152 2100 4193 cum

520 4243 677 4282 curas
706 4227 1120 4295 dispensationis
1160 4226 1403 4295 suscipit,
1435 4227 1561 4295 quid
1592 4226 1715 4294 sibi,
1756 4227 1883 4296 quid
1914 4229 2099 4298 proxi-

518 4320 623 4374 mis
652 4317 845 4372 debeat
872 4317 1129 4382 attendit;
1171 4326 1226 4372 et
1254 4333 1353 4372 nec
1392 4333 1488 4388 per
1513 4319 1702 4373 aliena:
1727 4318 2101 4376 sollicitudinis

515 4408 1017 4465 immoderationem
1049 4423 1146 4463 sua
1191 4408 1366 4464 studia
1421 4410 1659 4479 negligit,
1706 4427 1808 4466 nec
1854 4427 1952 4480 per
1992 4427 2101 4467 suae

2203 3232 2259 3279 et
2284 3224 2426 3279 vires
2474 3231 2672 3279 nostra:
2718 3221 3069 3289 fortitudinis,
3094 3222 3301 3289 turbat;
3353 3232 3409 3278 et
3444 3239 3514 3278 eo
3543 3224 3785 3279 minores

2204 3324 2390 3371 contra
2422 3314 2646 3369 adversa
2673 3314 2977 3381 existimas,
3000 3328 3118 3383 quo,
3144 3314 3387 3383 quaedam
3428 3314 3654 3383 perdere
3684 3315 3785 3369 im-

2203 3408 2531 3463 moderatius
2558 3407 2755 3462 dilecta
2783 3406 3152 3462 formidamus.
3182 3405 3576 3476 Nonnunquam
3605 3424 3732 3463 vero
3754 3407 3785 3445 ἀ

2203 3515 2355 3556 amor
2382 3515 2509 3554 suus
2537 3514 2595 3554 se
2624 3498 2793 3554 menti
2822 3498 3045 3566 ingerit,
3077 3512 3305 3567 eamque
3354 3497 3542 3553 latenti
3572 3509 3721 3553 motu
3749 3514 3784 3553 a

2201 3590 2522 3648 rectitudine
2547 3590 2768 3659 jnstitiae
2794 3589 3038 3656 divertit;
3070 3597 3125 3645 et
3151 3604 3258 3659 quo
3285 3605 3344 3645 se
3374 3598 3541 3645 totam
3570 3593 3783 3647 auctori

2202 3683 2430 3739 reddere
2468 3682 2715 3751 negligit,
2757 3695 2825 3737 eo
2868 3680 2920 3735 in
2953 3696 3013 3737 se
3050 3681 3271 3751 justitiae
3294 3681 3403 3751 juri
3444 3684 3782 3740 contradicit.

2203 3774 2408 3830 Ventus
2433 3788 2562 3842 ergo
2592 3772 2882 3828 vehemens
2909 3780 3141 3842 quatuor
3178 3773 3400 3842 angulos
3438 3774 3629 3829 domus
3656 3792 3788 3831 con-

2204 3869 2372 3935 cutit;
2403 3867 2528 3922 dum
2571 3866 2724 3921 fortis
2753 3867 2977 3922 tentatio
3026 3866 3250 3922 occultis
3292 3867 3526 3923 motibus
3553 3877 3789 3937 quatuor

2202 3961 2426 4017 virtutes
2468 3960 2670 4031 quatit;
2717 3968 2772 4015 et
2808 3960 2957 4028 quasi
2996 3957 3261 4028 quassatis
3307 3959 3515 4028 angulis
3554 3961 3786 4015 domus"

2204 4054 2428 4118 eruitur,
2446 4052 2569 4107 dum
2593 4050 2815 4120 pulsatis
2845 4050 3132 4105 virtutibus
3152 4050 3483 4105 conscientia
3515 4051 3781 4106 turbatur.

2274 4145 2364 4200 77.
2405 4142 2538 4199 Inde
2565 4146 2775 4199 virtutes
2805 4153 3004 4199 eceterae
3032 4144 3181 4213 quasi
3208 4144 3377 4197 cordis
3404 4144 3603 4199 soboles
3631 4162 3685 4198 se
3710 4146 3791 4199 in-

2202 4238 2359 4292 vicem
2382 4245 2617 4307 pascunt.
2639 4268 2707 4279 —
2729 4233 2872 4289 lntra
2898 4235 2994 4290 bos
3017 4243 3199 4289 autem
3222 4243 3455 4302 quatuor
3482 4234 3673 4290 domus
3692 4250 3788 4289 an-

2202 4326 2358 4397 gulos
2377 4325 2469 4381 filii
2493 4326 2865 4395 convivantur,
2886 4324 3011 4396 quia
3042 4325 3181 4380 intra
3203 4340 3399 4380 arcana
3429 4326 3643 4391 mentis,
3669 4340 3786 4395 qua:

2205 4421 2571 4492 principaliter
2600 4420 2684 4475 his
2711 4430 2940 4488 quatuor
2967 4417 3255 4473 virtutibus
3284 4417 3350 4471 ad
3377 4432 3599 4471 summa:
3629 4417 3787 4472 recti-

516 4501 760 4558 utilitatis
783 4500 1109 4570 vigilantiam
1136 4501 1309 4555 aliena
1331 4501 1627 4570 postponit.
1651 4500 1757 4556 Sed
1783 4509 1961 4557 tamen
1988 4503 2102 4573 ple-
2129 4518 2181 4581 Β
2207 4513 2408 4569 tudinis
2435 4512 2649 4568 culmen
2678 4512 2923 4579 erigitur,
2963 4509 3191 4565 virtutes
3216 4516 3423 4565 εωιοι-ίιε
3452 4509 3604 4577 quasi
3642 4523 3787 4577 qum.

515 4609 742 4664 rumque
766 4593 893 4649 dum
922 4592 989 4647 ad
1012 4602 1238 4664 utraque
1260 4609 1414 4649 mens
1432 4593 1661 4649 solerter
1689 4594 1946 4664 invigilat,
1973 4594 2100 4649 dum

515 4685 723 4754 magnis
752 4699 879 4755 erga
912 4700 988 4751 se,
1022 4692 1076 4740 et
1104 4700 1166 4740 ea
1196 4699 1315 4754 quae
1352 4684 1452 4739 sibi
1482 4685 1765 4743 commissa
1793 4692 1952 4752 sunt,
1992 4685 2101 4741 cir4

515 4775 1007 4846 cumspectionibus
1029 4784 1203 4842 vacat,
1246 4775 1531 4845 repentino
1570 4773 1784 4830 turbata
1814 4773 2101 4843 cujuslibet

514 4880 691 4921 causae
716 4866 1040 4934 emergentis
1067 4864 1317 4930 articulo,
1349 4865 1422 4918 ita
1452 4865 1505 4918 in
1527 4879 1766 4935 praeceps
1790 4866 2017 4935 rapitur,
2044 4872 2101 4919 ut

460 4944 463 4949 ⁴
516 4956 584 5012 ab
605 4972 670 5012 ea
684 4958 861 5013 subito
882 4965 1088 5013 cunctae
1110 4956 1620 5027 circumspectiones
1643 4956 1759 5025 ejus
1780 4957 2096 5010 obruantur.

518 5049 672 5106 Unde
699 5061 754 5106 et
783 5053 1031 5109 custodes
1052 5052 1383 5108 camelorum
1430 5067 1628 5121 pueros
1654 5051 1886 5107 Chaldaei
1927 5053 2105 5122 gladio

515 5140 735 5197 feriunt.
764 5140 870 5196 Sed
903 5150 1080 5197 tamen
1121 5159 1259 5197 unus
1302 5143 1471 5207 redit;
1524 5143 1649 5210 quia
1680 5142 1819 5197 inter
1849 5143 1961 5198 haec
1991 5143 2102 5199 dis-

516 5229 775 5287 cretionis
799 5231 936 5286 ratio
956 5232 1151 5287 mentis
1174 5240 1369 5288 nostrae
1392 5231 1563 5287 oculis
1588 5232 1845 5300 occurrit,
1872 5241 1927 5286 et
1954 5233 2104 5288 solli-

581 5397 635 5512 ;
654 5387 778 5443 Mss.
802 5388 984 5443 Norm.
1018 5396 1071 5444 et
1100 5387 1361 5455 nonnulli,
1394 5389 1503 5460 ipse
1530 5389 1750 5444 actionis
1774 5404 1883 5443 sua:
1908 5386 2103 5460 inquie-

620 5475 726 5512 me.

523 5467 835 5596 mg‘f‘fntiq.
866 5529 1081 5596 Rhem.,
1105 5528 1330 5593 Turon.,
1384 5530 1569 5593 Corb.,
1611 5528 1816 5596 Germ,
1846 5529 1964 5585 Val.
1996 5529 2102 5599 CL,

516 5605 572 5652 ct
594 5598 717 5669 alii,
736 5603 825 5651 sub
849 5614 1040 5665 magna
1068 5600 1238 5652 cordis
1268 5600 1346 5651 sui
1372 5601 1625 5669 pondera.

594 5678 615 5705 ε
650 5665 792 5739 ΔΙιὶιιο
823 5677 877 5719 ut
906 5676 959 5719 et
988 5682 1175 5739 supra,
1194 5684 1315 5739 cap.
1342 5665 1431 5735 ‘Zl,
1466 5668 1781 5739 particulam
1811 5671 1981 5725 adhuc
2017 5687 2102 5727 re-

517 5735 785 5796 movimus
814 5736 1130 5791 auctoritate
1160 5735 1282 5794 Mss.

2208 4603 2333 4657 dam
2384 4602 2561 4657 cordis
2608 4601 2823 4657 soboles
2874 4614 2932 4655 se
2982 4598 3210 4654 invicem
3273 4607 3519 4667 pascunt.
3578 4597 3785 4653 Donum

2206 4696 2403 4765 quippe
2432 4693 2688 4765 Spiritus,
2721 4692 2864 4762 quod
2914 4692 2967 4747 in
3009 4691 3248 4760 subjecta
3288 4698 3468 4766 mente
3515 4700 3641 4745 ante
3686 4692 3788 4745 alia

2207 4784 2564 4857 prudentiam,
2620 4782 3050 4853 temperantiam,
3082 4780 3482 4845 fortitudinem,
3529 4779 3787 4848 justitiam

2207 4874 2440 4942 format,
2470 4873 2713 4929 eamdem
2766 4880 3000 4927 mentem
3032 4880 3090 4924 ut
3118 4879 3305 4927 contra
3331 4870 3535 4939 singula
3564 4885 3787 4940 qumque

2213 4972 2541 5020 tentamenta
2580 4962 2812 5031 erudiat,
2845 4962 2899 5015 in
2926 4968 3134 5029 septem
3166 4974 3289 5013 mox
3312 4958 3602 5013 virtutibus
3652 4968 3783 5013 tem-

2207 5068 2384 5130 perat,
2412 5068 2470 5115 ut
2489 5066 2680 5114 contra
2700 5056 3001 5118 stultitiam,
3024 5052 3379 5124 sapientiam;
3406 5060 3594 5107 contra
3625 5053 3782 5108 hebe-

2208 5151 2467 5216 tudinem,
2501 5150 2863 5214 intellectum;
2894 5154 3081 5202 contra
3123 5144 3628 5215 praecipitationem,
3657 5160 3780 5199 con-

2204 5241 2415 5305 silium;
2448 5249 2634 5294 contra
2668 5239 2914 5292 timorem
2938 5274 2953 5301 ,
2996 5234 3392 5300 fortitudinem;
3424 5244 3612 5288 contra
3639 5236 3760 5303 igno

2283 5391 2311 5430 ά
2350 5393 2424 5447 Ita
2457 5390 2574 5445 Vet.
2620 5389 2719 5444 Ed.
2751 5404 2873 5444 cum
2904 5387 3029 5443 Mss.
3062 5386 3149 5440 At.
3189 5384 3384 5450 Gilot.,
3415 5384 3612 5450 Vatic.,
3654 5383 3761 5439 Gus

2211 5478 2361 5519 sanv.
2374 5505 2388 5529 ,
2418 5478 2563 5515 amor
2592 5462 2689 5515 sui.

2283 5544 2306 5571 ε
2346 5526 2421 5587 lta
2449 5546 2637 5586 omnes
2684 5529 2807 5584 Mss.
2858 5526 3049 5588 nostri,
3082 5526 3160 5581 uel
3186 5527 3443 5589 evertitur,
3479 5541 3584 5579 non
3612 5534 3788 5579 auten.

2206 5605 2456 5666 obruitur,
2502 5601 2772 5670 uti'prius
2815 5600 3133 5670 legebatur:
3166 5603 3219 5649 et
3264 5610 3394 5649 sane
3441 5596 3636 5651 domus
3683 5608 3782 5651 nol

2204 5675 2468 5740 obruitur,
2497 5672 2591 5727 sed
2622 5668 2800 5726 obruit
2826 5669 2951 5724 dum
2981 5668 3141 5723 cadit.
