4030 6354
295 324 401 381 593

1251 327 1608 386 MORAUUM
1647 331 1774 388 LIB.
1817 333 1880 388 ll.
1922 365 1990 374 -—
2031 333 2096 389 IN
2135 333 2289 391 CAP.
2331 339 2350 394 ῐ
2391 341 2448 394 Β.
2491 338 2629 394 JOB.

3467 352 3572 407 Sili

295 437 543 506 rantiam,
561 437 869 502 scientiam;
891 443 1078 493 eontra
1095 438 1369 507 duritiam,
1386 442 1642 511 pietatem
1661 462 1674 510 ;
1693 454 1860 501 contr:

1990 463 2086 528 tit;
2117 470 2173 518 et
2202 469 2355 520 tanto
2377 466 2516 522 hanc
2545 466 2766 523 solidius
2792 468 3003 542 recipit,
3027 481 3231 544 quanto
3254 475 3371 546 ejus
3399 478 3574 535 virtu-

294 530 600 600 superbiam
625 538 650 566 ε
679 529 767 584 det
798 530 1064 584 timorem.

369 622 455 674 78.
480 619 579 674 His
603 620 688 689 qui
709 619 974 674 virtutibus
1002 619 1208 689 prwdili
1232 630 1372 686 sunt,
1395 625 1568 692 gratia
1597 625 1879 694 aliquando

292 715 489 767 utiliter
513 729 568 766 se
595 712 866 766 subtrahit.
903 745 970 754 —-—
1003 711 1109 766 Sed
1138 728 1541 782 nonnunquam,
1570 715 1695 769 dum
1728 732 1880 773 mens

292 812 477 856 nostra
508 803 641 856 tanti
665 803 901 858 muneris
946 803 1281 872 plenitudine
1310 811 1472 873 atque
1494 805 1741 860 ubertate
1776 807 1877 860 lul-

291 894 450 959 citur,
480 894 523 948 si
547 895 802 948 continua
844 895 896 949 in
928 895 1013 949 his
1041 896 1331 951 securitate
1372 897 1684 967 perfruitur,
1715 915 1744 951 a
1772 914 1879 966 quo

291 983 391 1039 sibi
421 983 535 1039 lucc
561 985 671 1038 sint
699 984 1064 1050 obliviscitur;
1105 999 1269 1054 seque
1299 1002 1329 1040 a
1372 1001 1431 1041 se
1472 986 1671 1042 habere
1702 995 1876 1057 putat,

291 1073 434 1144 quod
459 1080 732 1143 nunquam
776 1075 878 1129 sibi
919 1075 1110 1130 abesse
1150 1075 1475 1131 considerat.
1528 1075 1680 1131 Unde
1727 1076 1782 1130 fit
1820 1085 1878 1132 ut

291 1165 578 1234 aliquando
607 1181 666 1220 se
696 1166 810 1220 htcc
838 1167 1026 1222 eadem
1062 1168 1234 1236 gratia
1261 1167 1464 1223 utiliter
1491 1168 1791 1236 subtrahat,
1822 1177 1877 1223 et

289 1257 636 1324 prmsumenti
657 1257 842 1321 menti,
873 1265 1133 1335 quantum
1164 1257 1216 1311 in
1245 1273 1304 1312 se
1335 1257 1650 1324 infirmatur,
1695 1267 1876 1313 osten-

292 1347 403 1403 dat.
437 1347 590 1403 Tunc
618 1349 761 1403 enim
791 1363 918 1404 vere
946 1348 1317 1417 cognoscimus
1355 1348 1496 1403 bona
1523 1357 1704 1402 nostra
1736 1347 1874 1402 unde

287 1446 436 1504 sunt,
463 1439 680 1508 quando
724 1439 838 1494 haec
867 1439 1021 1508 quasi
1059 1439 1374 1505 amittendo,
1407 1439 1669 1514 sentimus
1691 1440 1814 1506 quia
1841 1454 1872 1493 a

285 1529 446 1583 nobis
487 1531 691 1585 servari
722 1546 826 1583 non
859 1538 1100 1600 possunt.
1127 1530 1206 1583 Ad
1233 1531 1338 1585 hoc
1363 1530 1544 1598 itaque
1567 1529 1875 1584 inlimandt’e

282 1617 608 1675 humilitatis
656 1621 1054 1690 magisterium,
1090 1620 1146 1672 fit
1188 1620 1504 1688 plerumque
1538 1628 1598 1672 ut
1635 1620 1875 1674 irruente

283 1709 604 1765 tcntationis
621 1710 868 1775 articulo,
885 1719 1028 1764 tanta
1046 1711 1269 1765 stultitia
1291 1712 1610 1780 sapientiam
1638 1720 1874 1767 nostram

282 1796 474 1868 feriat,
504 1809 562 1854 ut
592 1803 799 1856 turbata
829 1816 996 1865 mens,
1029 1803 1260 1871 qualiter
1288 1803 1442 1857 malis
1473 1803 1874 1860 imminentibus
1910 1817 1950 1875 Β

275 1888 494 1956 obviet,
512 1890 594 1943 vel
616 1899 802 1944 contra
825 1892 1178 1946 tentationem
1201 1893 1472 1962 quomodo
1492 1908 1552 1949 se
1579 1902 1866 1964 praeparet,

275 1975 517 2044 ignoret.
549 1977 656 2032 Sed
699 1979 799 2034 hac
844 1979 957 2049 ipsa
985 1982 1210 2036 stultitia
1239 1998 1334 2038 cor
1360 1984 1658 2054 prudenter
1687 1985 1870 2040 erudi-

277 2072 392 2130 tur,
415 2066 538 2135 quia
565 2065 706 2120 unde
727 2067 793 2122 ad
821 2077 1156 2124 momentum
1179 2071 1398 2142 desipit,
1429 2088 1495 2130 eo
1522 2083 1644 2144 post
1664 2076 1864 2142 verius,

274 2169 390 2222 quo
414 2164 466 2211 et
496 2156 766 2224 humilius,
796 2159 965 2229 sapit;
995 2169 1050 2215 et
1077 2161 1340 2230 sapientia
1367 2163 1508 2218 unde
1536 2166 1687 2235 quasi
1715 2167 1867 2220 amit-

276 2244 435 2312 titur,
461 2243 582 2300 inde
612 2247 813 2301 certius
843 2248 1165 2317 possidetur.
1196 2249 1499 2322 Aliquando
1528 2253 1655 2308 dum
1698 2255 1865 2309 subli-

272 2334 387 2388 mia
411 2335 751 2405 intelligendo
772 2337 828 2392 in
847 2339 1082 2395 elatione
1109 2355 1169 2396 se
1190 2341 1399 2398 animus
1421 2343 1596 2412 erigit,
1623 2345 1676 2398 in
1699 2345 1862 2400 rebus

271 2425 400 2480 imis
426 2435 479 2481 et
498 2427 691 2483 vilibus
717 2429 868 2498 gravi
895 2429 1220 2486 hebetudine
1249 2432 1522 2502 pigrescit,
1551 2442 1610 2488 ut
1636 2442 1862 2505 repente

268 2515 376 2569 sibi
409 2517 568 2571 etiam
596 2517 702 2572 ima
727 2517 908 2574 clausa
930 2519 1130 2588 videat,
1152 2521 1241 2591 qui
1263 2521 1290 2559 ι’
1319 2523 1508 2592 pernix
1537 2538 1743 2578 summa
1767 2538 1861 2594 pe-

269 2607 541 2662 netrabat.
588 2607 697 2664 Sed
725 2610 838 2665 hinc
866 2610 980 2680 ipsa
1017 2611 1288 2668 hebetudo
1319 2613 1648 2670 intellectum
1681 2615 1858 2683 nobis,

267 2693 402 2750 dum
429 2699 730 2766 subtrahit,
773 2709 970 2766 servat,
1003 2702 1128 2772 quia
1160 2703 1286 2757 dum
1315 2704 1380 2757 ad
1407 2713 1736 2760 momentum
1764 2721 1860 2761 cor

264 2786 538 2854 lmmiliat,
573 2790 751 2846 verius
795 2792 861 2846 ad
900 2792 1149 2847 sublimia
1179 2793 1524 2862 intelligenda
1552 2795 1854 2852 confirmat.

267 2876 578 2948 Aliquando
607 2880 733 2936 dum
771 2891 964 2938 cuncta
1015 2900 1112 2940 nos
1155 2898 1315 2954 agere
1358 2887 1565 2941 consilii
1595 2887 1856 2957 gravitate

260 2969 590 3040 gaudemus,
613 2973 858 3042 pulsante
885 2990 1060 3030 causae
1080 2978 1409 3048 emergentis
1437 2979 1686 3045 articulo,
1716 2995 1855 3050 prae-

261 3062 583 3132 cipitalione
611 3067 786 3121 subita
815 3068 1083 3137 rapimur;
1115 3078 1168 3124 et
1193 3071 1282 3139 qui
1315 3087 1412 3126 nos
1441 3087 1653 3142 semper
1673 3071 1856 3142 dispo-

259 3156 374 3209 site
405 3156 600 3212 vixisse
647 3158 990 3224 credidimus,
1020 3171 1241 3232 repente
1271 3164 1380 3235 69
1427 3164 1616 3218 intima
1661 3165 1853 3221 confu-
1882 3182 1926 3246 ο

259 3246 425 3301 sione
473 3257 765 3305 vastamur.
823 3251 930 3306 Sed
989 3261 1167 3310 tamen
1226 3256 1466 3326 ejusdem
1523 3257 1852 3316 confusionis

259 3336 570 3392 eruditione
597 3339 846 3398 discimus
867 3381 884 3409 ,
913 3359 982 3398 ne
1011 3345 1206 3399 nostris
1232 3346 1436 3402 viribus
1477 3349 1698 3403 consilia
1726 3365 1852 3406 nos-

259 3432 353 3478 tra
379 3426 698 3495 tribuamus;
749 3437 804 3485 et
835 3439 984 3485 tanto
1010 3435 1272 3488 maturius
1298 3434 1363 3505 ad
1393 3435 1710 3502 gravitatem
1740 3453 1852 3493 res-

259 3516 573 3586 tringimur,
601 3529 801 3588 quanto
830 3521 897 3575 ad
950 3522 1090 3577 hanc
1113 3524 1265 3594 quasi
1296 3525 1547 3583 amissam
1593 3527 1848 3582 redimus.

269 3607 571 3676 Aliquando
623 3609 746 3664 dum
798 3627 950 3667 mens
1004 3614 1216 3668 fortiter
1264 3615 1489 3671 adversa
1533 3620 1848 3682 contemnit,

253 3698 507 3755 subortis
524 3700 862 3758 adversitatis
880 3704 1182 3770 eventibus,
1207 3705 1348 3762 hanc
1367 3717 1542 3763 ntetus
1563 3709 1852 3764 vehemens

258 3792 518 3858 percutit.
569 3789 672 3846 Sed
703 3807 799 3862 per
827 3793 973 3850 hunc
1018 3810 1283 3851 concussa
1315 3796 1475 3852 discit
1520 3799 1607 3854 cui
1652 3799 1853 3861 tribuat

257 3879 412 3949 quod
445 3880 494 3935 in
525 3882 841 3951 quibusdam
870 3884 1082 3941 fortiter
1107 3888 1288 3956 stetit;
1320 3897 1376 3944 et
1405 3899 1553 3945 tanto
1575 3898 1700 3961 post
1727 3891 1855 3947 vali~

254 3970 386 4026 dius
415 3974 778 4031 fortitudinem
821 3978 1042 4046 retinet,
1073 3987 1282 4048 quanto
1319 3980 1461 4036 hanc
1500 3990 1723 4051 repente
1775 3984 1852 4037 ir-

254 4070 459 4118 ruente
486 4065 768 4122 formidine
796 4067 898 4122 sibi
925 4067 1035 4137 jam
1075 4069 1230 4140 quasi
1275 4070 1511 4141 elapsam
1541 4073 1705 4129 videt.
1736 4073 1851 4129 Ali-

250 4153 483 4221 quando
513 4155 637 4208 dum
669 4170 858 4225 magna
892 4174 992 4212 nos
1034 4159 1173 4215 scire
1212 4160 1527 4230 gaudemus,
1558 4164 1852 4233 repentium

257 4243 579 4312 ignorantia:
606 4247 848 4301 cazcitate
879 4251 1253 4318 torpescimns.
1279 4249 1390 4306 Sed
1419 4265 1527 4321 quo
1550 4251 1853 4322 ignorantia

257 4333 461 4387 mentis
509 4335 696 4390 oculus
741 4337 808 4391 ad
852 4347 1184 4396 momentum
1213 4341 1496 4404 clauditur,
1528 4358 1594 4398 eo
1632 4353 1750 4413 post
1783 4344 1852 4400 ad

257 4423 542 4477 scientiam
573 4425 748 4480 verius
779 4429 1016 4497 aperitur
1039 4470 1052 4496 ,
1100 4438 1160 4484 ut
1211 4429 1460 4486 nimirum
1499 4430 1714 4500 ﬂagello
1743 4449 1852 4488 suat

1988 557 2055 611 tis
2083 557 2293 625 pondus
2321 561 2473 629 quasi
2502 561 2801 618 amittendo
2840 567 3108 634 pensavit.

2056 651 2140 705 79.
2177 651 2563 710 Tenlaliouibus
2587 659 2919 728 acquiruntur
2956 659 3218 715 humilitas
3261 670 3310 715 et
3351 661 3574 732 vigilan—

1981 741 2348 800 tia-Eversa
2400 747 2559 814 igitur
2587 748 2770 816 domo,
2805 743 3107 806 moriuntur
3151 752 3243 806 filii
3284 753 3406 822 quia
3451 761 3577 810 tur-

1981 835 2105 888 bata
2137 835 2189 890 in
2230 840 2527 894 teutatione
2565 841 2916 906 conscientia,
2952 854 2973 882 ο
3007 843 3072 898 ad
3115 844 3400 900 utilitatem
3441 864 3572 918 pro-

1980 928 2110 996 pria:
2156 931 2479 999 cognitionis
2526 933 2721 1002 raptim
2777 941 2830 988 et
2880 934 2931 988 in
2983 944 3260 991 momento
3315 941 3576 1009 temporis

1979 1016 2281 1072 obruuntur
2302 1023 2494 1085 genita:
2516 1021 2567 1075 in
2599 1021 2764 1077 corde
2785 1025 3030 1082 virtutes.
3065 1028 3207 1102 [νει.
3242 1031 3292 1084 X
3295 1031 3399 1086 XX
3416 1033 3485 1086 VI
3497 1031 3572 1106 1.]

1979 1107 2078 1174 Qui
2135 1111 2381 1179 profecto
2431 1113 2520 1168 filii
2570 1115 2713 1171 intus
2770 1133 2868 1188 per
2908 1122 3152 1190 spiritum
3197 1126 3413 1193 vivunt,
3445 1128 3572 1183 dum

1977 1201 2213 1256 exterius
2260 1219 2423 1258 carne
2475 1207 2806 1273 moriuntur,
2849 1212 2972 1279 quia
3045 1213 3297 1270 videlicet
3349 1218 3573 1275 virtutes

1978 1301 2174 1348 nostrae
2204 1296 2518 1352 tentationis
2549 1306 2793 1368 tempore
2823 1302 2923 1355 etsi
2955 1303 3004 1355 in
3036 1314 3311 1359 momento
3347 1310 3572 1362 turbatae.

1976 1387 2044 1440 ab
2074 1394 2244 1444 status
2271 1390 2352 1444 sui
2385 1389 2751 1446 incolumitate
2797 1391 3072 1459 deficiunt,
3123 1411 3221 1464 per
3261 1398 3571 1454 intentionis

1977 1489 2156 1538 tamen
2188 1487 2641 1553 perseverantiam
2675 1489 2893 1556 integrae
2927 1489 2977 1543 in
3010 1492 3204 1546 mentis
3232 1492 3415 1546 radice
3445 1494 3571 1546 sub-

1975 1574 2188 1630 sistunt.
2216 1575 2350 1631 Cum
2393 1578 2586 1647 quibus
2615 1579 2776 1634 etiam
2811 1589 2918 1636 tres
2965 1598 3181 1638 sorores
3220 1584 3566 1652 occumbunt,

1976 1666 2101 1734 quia
2159 1667 2211 1722 in
2269 1671 2434 1724 corde
2475 1687 2858 1742 nonnunquam
2910 1689 3008 1743 per
3062 1673 3269 1744 ﬂagella
3322 1676 3568 1732 turbatur

1979 1758 2247 1824 Charitas,
2279 1776 2371 1829 per
2403 1761 2737 1818 formidinem
2770 1767 3073 1820 concutitur
3100 1783 3254 1836 spes,
3277 1783 3372 1838 per
3415 1784 3564 1836 qua:-

1979 1852 2181 1908 stiones
2205 1851 2448 1922 pulsatur
2478 1854 2629 1912 fides.
2663 1856 2816 1928 Smpe
2839 1858 2979 1912 enim
3011 1859 3164 1927 quasi
3211 1875 3241 1913 a
3271 1861 3565 1919 conditoris

1972 1957 2158 1999 amore
2205 1945 2595 2014 torpescimus,
2652 1949 2775 2001 dum
2826 1949 2964 2002 ultra
3021 1963 3180 2018 quam
3237 1951 3392 2006 nobis
3429 1968 3562 2008 con-

1968 2047 2161 2102 gruere
2188 2036 2474 2101 credimus,
2510 2037 2721 2106 ﬂagello
2753 2038 3054 2106 fatigamur.
3105 2039 3260 2110 Saepe
3288 2041 3411 2096 dum
3441 2044 3562 2112 plus

1968 2140 2126 2195 quam
2159 2141 2380 2182 necesse
2406 2136 2488 2182 est
2529 2144 2682 2184 mens
2729 2129 3009 2198 formidat,
3056 2130 3305 2186 fiduciam
3347 2134 3563 2190 sibimet

1965 2215 2079 2284 spei
2130 2216 2395 2272 debilitat.
2453 2217 2609 2289 Smpe
2662 2219 2788 2274 dum
2853 2220 3128 2276 immensis
3173 2224 3561 2291 qumstionibus

1965 2304 2174 2361 animus
2223 2306 2488 2374 tenditur,
2538 2309 2849 2377 perturbata
2906 2310 3040 2366 fides
3084 2313 3235 2381 quasi
3281 2311 3557 2371 defectura

1962 2391 2234 2464 fatigatur.
2273 2397 2380 2452 Sed
2433 2407 2610 2455 tamen
2640 2402 2830 2456 vivunt
2871 2400 3024 2467 ﬁliae,
3082 2418 3202 2473 qua:
3229 2403 3390 2460 domo
3419 2421 3557 2460 con:

1961 2501 2116 2544 cussa
2146 2489 2466 2556 moriuntur,
2491 2491 2616 2560 quia
2646 2492 2746 2546 etsi
2770 2493 2908 2547 intra
2931 2493 3350 2559 conscientiam,
3379 2509 3566 2564 spem,

1963 2573 2157 2648 fidem,
2201 2581 2628 2650 charitatemque
2667 2597 2807 2652 pene
2848 2584 3168 2640 occumbere
3220 2584 3554 2654 perturbatio

1959 2667 2074 2738 ipsa
2104 2673 2415 2738 renuntiat,
2447 2674 2545 2728 has
2569 2682 2747 2728 tamen
2770 2683 2894 2730 ante
2921 2674 3018 2729 Dei
3041 2675 3226 2732 oculos
3249 2676 3398 2733 vivas
3426 2693 3553 2748 per-

1957 2764 2262 2818 severantia
2316 2771 2478 2819 rectre
2525 2764 2840 2820 intentionis
2880 2773 3080 2820 servat.
3131 2765 3284 2821 Unde
3328 2776 3385 2822 et
3419 2785 3555 2840 puer

1959 2855 2049 2925 qui
2072 2857 2184 2911 hrec
2214 2856 2426 2910 nuntiet
2466 2855 2614 2910 solus
2650 2857 2858 2920 evadit,
2901 2857 3027 2926 quia
3073 2859 3270 2914 mentis
3297 2860 3550 2917 discretio

1957 2946 2120 3002 etiam
2164 2946 2304 3002 inter
2357 2954 2691 3004 tentamenta
2737 2948 3021 3004 incolumis
3067 2960 3368 3020 permanet.
3394 2951 3548 3018 Agit-

1955 3051 2061 3106 que
2084 3053 2217 3107 puer
2245 3045 2304 3093 ut
2346 3036 2448 3093 Job
2494 3037 2629 3094 filios
2675 3037 2852 3093 ﬂendo
2876 3039 3133 3110 recipiat,
3157 3039 3282 3094 dum
3301 3080 3315 3104 ,
3347 3040 3552 3096 discre-

1955 3133 2104 3189 tione
2153 3130 2463 3195 nuntiante,
2519 3129 2709 3184 dolens
2762 3129 2974 3186 animus
3019 3130 3163 3185 vires
3221 3145 3356 3200 quas
3396 3131 3551 3201 quasi

1957 3220 2206 3277 amittere
2245 3226 2485 3288 cmperat
2528 3218 2839 3288 pmnitendo
2868 3227 3175 3275 conservat.
3203 3219 3338 3274 Mira
3368 3228 3550 3275 autem

1955 3313 2061 3368 hoc
2087 3311 2366 3368 nobiscum
2413 3309 2816 3380 dispensatione
2861 3310 3064 3377 agitur,
3099 3317 3159 3364 ut
3187 3325 3340 3365 mens
3366 3319 3552 3366 nostra

1954 3402 2125 3472 culpae
2145 3415 2529 3470 nonnunquam
2556 3399 2861 3470 pulsatione
2895 3399 3138 3454 feriatur.
3169 3398 3304 3454 Nam
3328 3415 3448 3455 esse
3492 3415 3553 3455 se

1954 3505 2268 3561 magnarum
2296 3491 2489 3546 virium
2511 3491 2675 3546 homo
2714 3490 2980 3554 crederet,
3011 3491 3056 3546 si
3085 3491 3288 3546 nullum
3314 3506 3560 3562 unquam

1954 3581 2259 3637 earumdem
2292 3583 2484 3637 virium
2509 3580 2778 3637 defectum
2810 3580 2950 3636 intra
2978 3581 3174 3636 mentis
3195 3595 3392 3638 arcana
3422 3597 3550 3638 sen-

1957 3673 2100 3726 tiret.
2129 3671 2237 3727 Sed
2264 3672 2390 3727 dum
2431 3672 2732 3727 tentatione
2759 3671 2998 3727 irruente
3027 3672 3285 3742 quatitur,
3318 3686 3373 3727 et
3397 3673 3556 3741 quasi

1955 3762 2096 3816 ultra
2127 3776 2286 3831 quam
2316 3761 2514 3817 suﬂicit
2542 3762 2830 3828 fatigatur,
2857 3762 2906 3816 ei
2949 3771 3139 3817 contra
3165 3763 3337 3819 hostis
3360 3764 3441 3820 sui
3471 3764 3555 3818 in-

1954 3851 2118 3907 sidias
2157 3851 2433 3906 munimen
2483 3851 2801 3906 humilitatis
2843 3851 3166 3919 ostenditur,
3205 3861 3260 3908 et
3304 3855 3450 3910 unde
3495 3870 3554 3910 se

1954 3943 2290 4012 pertimescit
2333 3942 2604 3998 enerviter
2649 3941 2867 4009 cadere,
2919 3941 3044 3998 inde
3095 3945 3295 4014 accipit
3343 3943 3554 4001 fortiter

1953 4042 2120 4089 stare.
2152 4033 2414 4090 Tentatus
2452 4043 2632 4090 autem
2652 4075 2667 4102 ,
2701 4049 2808 4090 non
2847 4035 3023 4090 solum
3051 4035 3194 4091 vires
3223 4051 3253 4090 a
3281 4052 3390 4107 quo
3411 4037 3553 4093 acci-

1953 4132 2068 4202 piat
2089 4130 2278 4196 discit,
2321 4131 2416 4186 sed
2441 4139 2642 4200 quanta
2671 4146 2766 4187 eas
2809 4130 3086 4200 vigilantia
3127 4139 3309 4187 servet
3355 4131 3554 4186 intelli-

1953 4223 2049 4293 git.
2088 4225 2197 4296 70
2222 4222 2379 4296 Saepe
2426 4223 2569 4278 enim
2599 4237 2758 4293 quem
2799 4222 3110 4280 tentationis
3139 4232 3412 4279 certamen
3457 4239 3553 4280 su-

1954 4329 2146 4385 perare
2197 4330 2306 4370 non
2354 4314 2552 4382 valuit,
2603 4330 2700 4371 sua
2740 4315 2979 4372 deterius
3026 4316 3288 4371 securitas
3332 4317 3547 4372 stravit.

1953 4406 2086 4460 Nam
2113 4406 2242 4462 dum
2270 4408 2472 4464 lassum
2499 4422 2560 4463 se
2587 4408 2815 4479 quisque
2844 4407 2898 4463 in
2924 4409 3038 4464 otio
3065 4409 3320 4474 remittit,
3371 4409 3548 4467 disso-

258 4519 518 4574 czecitatis
541 4521 800 4586 eruditus,
826 4531 878 4577 et
907 4525 1047 4580 scire
1079 4525 1253 4595 ipsum
1277 4541 1308 4580 a
1336 4541 1444 4596 quo
1470 4527 1668 4581 habeat
1696 4528 1848 4583 sciat.

1967 4498 2124 4552 lutam
2181 4507 2416 4554 mentem
2465 4499 2772 4570 corrupturi
2816 4499 3119 4567 prostituit;
3171 4507 3226 4553 at
3254 4499 3300 4555 si
3329 4515 3452 4555 eum
3481 4515 3548 4554 ex

1967 4589 2353 4610 ,,__-_--..___
2408 4605 2644 4610 ____-____
3186 4607 3284 4610 μ--

258 4607 564 4677 Aliquando
581 4609 704 4666 dum
729 4612 973 4682 religiose
1002 4627 1194 4670 cuncta
1218 4617 1566 4698 disponimus,
1591 4617 1715 4672 dum
1747 4620 1854 4689 pie-

259 4701 391 4756 tatis
418 4702 622 4757 viscera
657 4704 814 4775 plene
859 4723 955 4762 nos
996 4709 1195 4763 habere
1239 4697 1589 4778 gratulamur,
1620 4712 1849 4781 quadam

229 4843 233 4847 .
259 4794 460 4848 mentis
474 4781 915 4852 duritiairruente
938 4799 1283 4867 percutimur.
1301 4799 1404 4856 Sed
1429 4802 1582 4871 quasi
1601 4801 1851 4858 obdurati

259 4883 653 4951 cognoscimus,
683 4885 768 4939 cui
790 4886 1004 4956 pietatis
1027 4888 1222 4943 habite
1254 4889 1395 4943 bona
1429 4890 1760 4956 tribuamus;
1793 4901 1852 4947 et

256 4972 434 5042 pietas
473 4975 652 5028 verius
691 4977 836 5031 velut
881 4977 1142 5033 exstincta
1194 4980 1466 5050 recipitur,
1517 4980 1644 5037 dum
1692 4983 1847 5052 quasi

258 5062 457 5118 amissa
479 5064 706 5134 amplius
731 5078 959 5122 amatur.
986 5069 1285 5138 Aliquando
1303 5071 1426 5125 dum
1457 5072 1632 5141 subje(
1648 5080 1757 5126 tum
1787 5089 1849 5136 se

256 5150 454 5205 divina:
506 5152 776 5209 formidini
819 5157 1026 5211 animus
1064 5159 1280 5226 gaudet,
1328 5169 1548 5231 repente
1595 5163 1845 5233 superbia

255 5247 506 5297 tentante
534 5246 769 5311 rigescit.
816 5245 920 5301 Sed
952 5255 1128 5302 tamen
1159 5250 1311 5304 valde
1337 5267 1464 5306 mox
1494 5253 1686 5307 timens
1716 5254 1842 5322 quia

256 5345 364 5386 non
398 5333 569 5400 timet,
599 5335 663 5390 ad
696 5336 1048 5394 humilitatem
1086 5354 1144 5394 se
1185 5340 1374 5395 iterum
1404 5340 1624 5398 festinus
1653 5343 1840 5417 inﬂec-

333 5493 357 5521 ει
383 5484 430 5558 2
453 5481 644 5541 Rhem.
677 5495 732 5542 et
762 5504 898 5542 unus
929 5488 1161 5558 Remig,
1186 5491 1269 5544 det
1294 5492 1661 5557 humilitatem;
1691 5511 1844 5552 error

252 5563 338 5608 est
382 5557 618 5626 librarii,
659 5559 920 5628 superbire
969 5557 1135 5627 magis
1164 5562 1431 5616 adversari
1484 5563 1838 5623 humilitatem

253 5627 574 5695 cogitantis,
627 5627 786 5697 quam
845 5631 1111 5683 timorem.
1169 5632 1361 5684 Verum
1421 5634 1506 5686 hic
1558 5647 1837 5690 enumerat

253 5708 469 5751 sanctus
499 5699 695 5754 Doctor
723 5701 952 5769 Spiritus
992 5702 1160 5773 saneti
1207 5701 1344 5756 dona
1396 5704 1445 5757 in
1489 5704 1680 5773 quibus
1711 5707 1835 5761 ulti-

255 5779 372 5823 mus
399 5780 646 5827 censetur
673 5773 841 5838 timor,
878 5785 986 5827 non
1013 5772 1296 5826 humilitas.

1957 4589 2358 4658 dispensatione
2405 4605 2650 4661 supernae
2679 4591 2894 4662 pietatis
2923 4591 3152 4645 tentatio
3185 4607 3290 4645 non
3325 4601 3549 4662 repente

1952 4681 2304 4736 vehementer
2331 4681 2568 4746 irruens,
2599 4683 2690 4738 sed
2721 4689 3020 4752 temperato
3050 4696 3270 4736 accessu
3299 4680 3547 4737 erudiens

1953 4772 2157 4842 pulsat,
2183 4773 2437 4827 nimirum
2471 4773 2535 4827 ad
2559 4772 2779 4828 insidias
2803 4771 3164 4841 providendas
3190 4773 3437 4839 evigilat,
3491 4779 3542 4826 ut

1951 4871 2138 4917 contra
2161 4863 2369 4918 hostem
2400 4878 2459 4917 se
2488 4863 2540 4916 in
2568 4863 2864 4919 certamine
2885 4873 3074 4920 cautus
3101 4863 3367 4932 accingat.
3397 4862 3544 4918 Unde

1950 4961 2005 5009 et
2041 4955 2181 5010 bene
2211 4953 2551 5023 subjungitur
2575 4973 2588 5006 :

2570 5065 2798 5122 CAPUT
2848 5067 2906 5120 L.

2268 5157 2429 5213 Vsus.
2481 5158 2790 5212 ﬁll—Tunc
2831 5159 3060 5212 surrexit
3099 5157 3220 5212 Job.

2017 5249 2105 5304 80.
2141 5249 2394 5304 Discretio
2437 5246 2809 5304 tentationibus
2838 5245 3346 5319 proﬁcit.—Sedere
3373 5249 3538 5318 enim,

1945 5346 2269 5417 quiescentis
2291 5353 2404 5412 est;
2434 5359 2744 5416 assurgere,
2777 5343 3123 5400 decertantis.
3172 5341 3383 5399 Auditis
3411 5357 3540 5412 ergo

2017 5497 2044 5537 1⁵
2085 5499 2283 5570 AntiqL
2299 5498 2480 5564 Rem.,
2506 5499 2593 5568 qui
2638 5499 2932 5570 pernixum~
2961 5514 3159 5570 summa
3207 5496 3536 5570 penetrabat.

1943 5568 2064 5621 Vet.
2093 5569 2230 5623 Edit.
2258 5569 2423 5640 Paris.
2459 5579 2514 5623 et.
2548 5568 2706 5623 Basil.
2737 5586 2859 5640 cum
2894 5568 3153 5633 Barthol.,
3183 5569 3269 5640 qui
3290 5569 3537 5640 pertinax

1941 5655 2161 5693 διιηιηια.
2192 5639 2347 5705 Quod
2380 5641 2540 5695 habet
2562 5641 2751 5705 Corb.,
2775 5637 2957 5694 Gcrm.

2013 5721 2034 5746 ο
2069 5710 2250 5774 Antii.
2283 5709 2498 5769 R‘tetu..
2549 5709 2713 5767 Corb.
2763 5718 2821 5769 et
2857 5707 3129 5775 nonnulli,
3165 5706 3234 5763 ad
3261 5707 3537 5765 humilihu-

1938 5789 2032 5832 tmi
2062 5782 2287 5853 propria:
2314 5782 2638 5853 cognitionis.
