4030 6314
531 276 634 330 595

1734 271 1978 327 SANCTI
2019 268 2354 328 GREGORII
2392 268 2606 325 MAGNI

3716 274 3826 333 596

529 388 769 445 adversis
797 402 1052 457 surgere,
1086 395 1169 442 est
1196 386 1431 456 expertis
1459 384 1849 439 tentationibus
1887 392 2124 439 mentem
2153 386 2202 444 Α
2230 382 2436 450 magnis
2480 381 2687 437 actibus
2726 380 3111 450 cogitationum
3152 380 3397 439 ﬁduciam
3443 400 3549 441 non
3601 386 3830 443 habere.

528 478 596 535 ad
617 480 912 535 certamina
934 478 1204 534 robustius
1235 490 1446 546 parare.
1495 475 1700 541 Quibus
1727 475 1976 528 nimirum
2008 483 2126 527 ten-

528 571 819 626 tationibus
847 572 1008 625 etiam
1040 569 1292 624 discretio
1324 565 1554 637 proﬁcit,
1587 566 1713 635 quia
1758 575 1818 621 ut
1848 566 2072 621 virtutes
2093 581 2124 620 a

526 663 666 717 vitiis
712 663 961 718 subtilius
987 661 1308 730 distinguat,
1358 660 1620 729 agnoscit.
1673 658 1828 715 Unde
1878 667 1933 715 et
1985 659 2125 714 bene

525 753 869 823 subjungitur
896 769 909 803 :

880 839 1108 897 CAPUT
1142 840 1205 895 L1
1236 841 1379 915 [γει.
1409 837 1766 910 XXXVIII].

596 972 720 1027 Isto.
739 970 995 1026 —Scidit
1021 972 1321 1025 vestimenta
1348 986 1462 1024 sua.

591 1080 681 1136 8|.
716 1080 1106 1136 Tentationibus
1144 1082 1334 1153 pulsati
1365 1082 1433 1134 ad
1463 1081 1653 1135 luctum
1681 1082 1994 1152 pwnitentiw
2025 1082 2121 1134 Int—

520 1172 892 1243 militatemque
938 1173 1245 1243 confugiant
1298 1182 1354 1225 ut
1403 1171 2121 1226 sumntum—Vestimenta

520 1264 835 1333 scindimus,
881 1280 1004 1318 cum
1034 1263 1390 1318 discernendo
1434 1271 1617 1318 nostra
1664 1278 1830 1332 opera
1861 1271 2120 1318 retracta-

522 1368 661 1409 mus.
716 1352 775 1409 Si
829 1354 973 1409 enim
1023 1354 1163 1424 apud
1207 1354 1374 1408 Deum
1425 1369 1523 1407 nos
1553 1367 1720 1423 opera
1752 1360 1937 1409 nostra
1965 1348 2122 1422 quasi

520 1444 841 1500 vestimenta
871 1459 979 1498 non
1010 1451 1282 1512 tegerent,
1325 1457 1667 1511 nequaquam
1699 1458 1835 1497 voce
1875 1442 2119 1510 angelica

521 1536 831 1592 diceretur:
883 1535 1077 1588 Beatus
1104 1535 1188 1604 qui
1218 1534 1427 1604 vigilat,
1480 1542 1528 1587 et
1558 1532 1779 1587 custodit
1816 1532 2118 1587 vestimenta

517 1642 635 1689 sua,
668 1642 731 1680 ne
759 1625 926 1678 nudus
964 1624 1207 1689 ambulet,
1240 1632 1290 1679 et
1335 1624 1542 1678 uideant
1586 1623 1954 1695 turpitudinem
2005 1625 2119 1695 ejus

520 1717 704 1789 (Apoc.
734 1732 841 1780 xvt,
876 1713 986 1785 15).
1020 1713 1323 1785 Turpitudo
1367 1715 1513 1769 enim
1563 1723 1745 1770 nostra
1777 1723 1904 1769 tunc
1937 1715 2115 1770 cerni—

518 1816 624 1871 tur,
657 1820 779 1861 cum
809 1805 920 1859 vita
959 1805 1397 1875 reprehensibilis
1443 1812 1568 1859 ante
1611 1804 1879 1873 iustorum
1925 1805 2113 1860 oculos

520 1897 575 1951 in
624 1895 859 1965 judicio,
912 1910 1253 1965 nequaquam
1318 1895 1694 1963 subsequentis
1757 1895 1886 1950 boni
1939 1897 2119 1965 operis

519 1987 755 2056 tegmine
783 1985 1012 2040 velatur.
1058 1984 1164 2041 Sed
1205 1985 1329 2054 quia
1360 2000 1481 2039 cum
1524 1985 1680 2055 culpa
1710 1993 2003 2053 tentamur,
2048 1985 2115 2040 ad

518 2077 754 2131 lamenta
794 2075 1171 2141 accendimur;
1207 2082 1372 2144 atque
1418 2076 1544 2142 ipsis
1575 2075 1824 2129 lamentis
1872 2076 2115 2140 excitati,

519 2168 587 2222 ad
653 2167 1081 2238 perspiciendam
1130 2166 1308 2222 lucem
1360 2166 1582 2235 justitiaz
1631 2166 1880 2221 subtilius
1930 2166 2116 2221 oculos

517 2258 715 2313 mentis
737 2257 1028 2327 aperimus,
1053 2256 1209 2326 quasi
1240 2257 1296 2310 in
1324 2256 1513 2311 dolore
1553 2256 1877 2311 vestimenta
1914 2255 2115 2310 scindi-

518 2364 657 2415 mus,
683 2349 807 2418 quia
847 2362 913 2402 ex
972 2344 1134 2412 ﬂetu,
1177 2346 1506 2421 discretione
1556 2354 1867 2413 crescente,
1921 2353 2112 2400 cuncta

517 2454 638 2508 qua:
688 2438 923 2508 agimus,
965 2436 1257 2491 districtius
1309 2436 1444 2490 irata
1490 2450 1654 2490 manu
1707 2443 1735 2473 ⁸
1788 2434 2107 2504 iudicamus.

518 2529 671 2585 Tunc
695 2528 872 2584 omnis
916 2535 1099 2583 nostra
1140 2527 1304 2583 elatio
1351 2527 1586 2593 corruit,
1639 2534 1767 2582 tunc
1806 2535 2000 2581 cuncta
2044 2526 2112 2581 ab

517 2622 699 2677 animo
724 2620 1108 2690 cogitationum
1153 2618 1495 2689 superﬂuitas
1526 2618 1687 2674 cadit.
1722 2617 1875 2674 Unde
1903 2626 1959 2674 et
1978 2619 2107 2674 sub-

518 2710 666 2768 ditur
699 2728 714 2765 :

1125 2799 1353 2856 CAPUT
1378 2800 1485 2856 LII.

586 2937 862 2996 Ialm—Et
894 2944 1039 2995 tonso
1061 2940 1226 3011 capite
1242 2956 1487 2995 corruens
1528 2941 1583 2994 in
1614 2949 1809 2995 terram
1848 2942 2103 2998 adoravit.

587 3050 676 3106 82.
711 3050 886 3106 Elatia
916 3060 965 3105 et
993 3052 1363 3121 cogitationum
1392 3054 1615 3119 vanitas,
1670 3054 1924 3124 quomodo
1970 3071 2107 3109 rese-

2227 472 2307 528 Eo
2334 474 2451 542 ipso
2481 473 2623 527 enim
2652 487 2761 541 quo
2786 482 2973 528 contra
3003 475 3134 529 vitia
3175 474 3387 531 fortiter
3426 478 3645 543 vivitur,
3678 481 3835 549 cogi-

2228 565 2489 620 tationum
2517 566 2863 636 przesumptio
2914 567 2968 621 in
3022 568 3189 624 corde
3236 578 3557 638 generatur;
3614 580 3669 627 et
3699 588 3828 627 cum

2227 673 2380 712 mens
2407 656 2553 712 foras
2580 657 2765 728 culpas
2794 660 3039 714 valenter
3058 661 3309 727 conterit,
3339 663 3655 732 plerumque
3678 664 3824 734 apud

2225 749 2567 818 semetipsam
2622 749 2853 804 latenter
2925 750 3264 817 intumescit;
3325 751 3547 823 jamque
3596 770 3657 808 se
3704 771 3824 811 esse

2226 840 2403 908 magni
2426 838 2651 909 alicujus
2677 840 2854 894 meriti
2878 841 3127 904 mslimal,
3160 858 3262 897 nec
3300 858 3360 898 se
3403 860 3631 913 peccare
3654 847 3706 900 in
3728 862 3820 902 co-

2223 930 2483 998 gitatione
2501 946 2612 985 sua:
2635 930 3005 985 :nstimationis
3026 940 3197 1001 putat.
3224 933 3363 987 Ante
3390 934 3615 990 districti
3640 944 3820 990 autem

2219 1023 2415 1091 judicis
2458 1023 2647 1079 oculos
2690 1031 2842 1079 tanto
2888 1024 3126 1080 deterius
3171 1025 3530 1095 delinquitur,
3564 1039 3584 1065 ε
3616 1039 3821 1098 quanto

2222 1116 2377 1185 culpa
2407 1118 2511 1186 71
2542 1130 2650 1184 quo
2674 1116 2957 1180 occultius,
2991 1132 3057 1171 co
3078 1132 3217 1186 pene
3239 1118 3674 1187 incorrigibiliter
3696 1136 3820 1191 per-

2224 1215 2469 1276 pctratur
2501 1225 2513 1260 :
2547 1216 2603 1263 et
2650 1214 2803 1263 tanto
2830 1209 2899 1262 ad
2943 1209 3238 1264 vorandum
3274 1210 3434 1265 latius
3463 1222 3608 1281 patet
3640 1212 3814 1280 fovea,

2222 1310 2425 1368 quanto
2455 1298 2523 1354 de
2550 1300 2841 1371 semetipsa
2869 1300 3063 1356 elatius
3110 1301 3371 1369 gloriatur
3398 1302 3524 1356 vita.
3559 1301 3730 1369 Unde,
3758 1314 3816 1359 ut

2220 1406 2362 1462 smpe
2396 1392 2507 1461 jam
2534 1392 2785 1459 diximus,
2828 1394 2916 1463 pia
2956 1392 3253 1449 conditoris
3280 1394 3680 1466 dispensatione
3702 1399 3815 1468 agi-

2222 1490 2327 1549 tur,
2356 1491 2417 1537 ut
2464 1483 2531 1539 de
2572 1498 2634 1539 se
2673 1482 2950 1539 conlidens
2973 1484 3179 1550 anima,
3211 1485 3605 1555 dispensatoris
3635 1496 3811 1542 tenta-

2223 1576 2370 1630 tione
2395 1575 2640 1645 pulsetur
2704 1584 2971 1645 quatenus
2999 1575 3292 1643 inlirmata,
3318 1576 3447 1647 quid
3469 1578 3535 1633 sit
3556 1577 3809 1645 inveniat,

2220 1676 2276 1722 et
2304 1666 2738 1737 praesumptionis
2767 1667 2999 1737 propriae
3026 1665 3222 1721 fastum
3243 1666 3502 1737 deponat.
3526 1667 3646 1721 Mox
3670 1669 3808 1723 enim

2148 1772 2191 1831 Β
2222 1766 2279 1813 ut
2310 1759 2536 1813 tentatio
2565 1766 2801 1813 mentem
2848 1758 3176 1828 pulsaverit,
3223 1759 3398 1813 omnis
3426 1759 3810 1826 cogitationum

2220 1858 2527 1905 nostrarum
2578 1850 2925 1920 przesumptio
2955 1850 3320 1920 tumultusque
3347 1851 3706 1919 conquiescit.

2288 1941 2377 1995 84.
2406 1941 2559 1996 Mens
2607 1943 2746 1997 elata
2798 1944 2853 1996 in
2909 1943 3235 2013 tyrannidem
3281 1946 3535 2015 erumpit;
3565 1944 3812 2000 satellites

2218 2032 2329 2103 ejus
2376 2033 2658 2087 tentatione
2705 2033 2974 2103 fugantur.
3002 2032 3248 2088 —Mens
3299 2035 3441 2088 enim
3484 2050 3602 2090 cum
3647 2050 3710 2089 sc
3758 2035 3811 2089 iu

2217 2124 2452 2179 elatione
2477 2124 2655 2193 erigit,
2696 2125 2847 2194 quasi
2874 2124 2926 2178 in
2958 2125 3297 2195 tyrannidem
3337 2128 3586 2197 erumpit.
3635 2127 3812 2182 liabet

2216 2222 2397 2268 autem
2429 2214 2724 2286 tyrannidis
2751 2230 2860 2268 suae
2888 2216 3179 2282 satellites,
3212 2217 3451 2271 faventes
3479 2218 3695 2272 sibimet
3717 2233 3809 2273 co-

2215 2302 2501 2370 gitationes
2522 2318 2667 2358 suas.
2701 2302 2806 2358 Sed
2836 2304 2880 2359 si
2902 2320 3065 2374 super
3093 2314 3377 2376 tyrannum
3410 2307 3579 2362 hostis
3620 2309 3807 2376 irruat,

2214 2394 2367 2452 favor
2387 2413 2511 2452 mox
2533 2397 2822 2452 satellitum
2844 2403 3039 2453 cessat.
3069 2395 3308 2453 latrante
3353 2412 3587 2468 namque
3616 2399 3809 2454 adver-

2213 2489 2387 2555 sario,
2416 2487 2678 2544 satellites
2717 2487 2957 2557 fugiunt,
3015 2502 3247 2556 eumque
3293 2488 3466 2542 territi
3514 2487 3810 2557 declinant,

2213 2597 2374 2652 quem
2419 2581 2471 2635 in
2503 2595 2637 2651 pace
2686 2582 2848 2651 positi
2893 2580 3084 2635 callida
3129 2581 3437 2636 adulatione
3492 2581 3805 2637 laudabant.

2212 2671 2502 2728 Subductis
2531 2688 2662 2728 vero
2688 2674 3027 2743 satellitibus,
3053 2684 3181 2731 ante
3217 2676 3431 2730 hostem
3460 2676 3610 2732 solus
3633 2692 3809 2732 rems-

2214 2773 2324 2830 net,
2360 2764 2484 2835 quia
2514 2764 2895 2821 recedentibus
2924 2765 3080 2821 elatis
3119 2766 3561 2834 cogitationibus,
3596 2776 3807 2837 pertur—

2212 2854 2369 2909 batus
2398 2855 2609 2911 animus
2649 2870 2708 2910 se
2736 2855 3075 2911 solummodo
3100 2853 3125 2892 ἀ
3158 2864 3213 2911 et
3244 2857 3597 2911 tentationem
3639 2858 3806 2913 videt.

2212 2944 2419 2999 Auditis
2442 2959 2571 3014 ergo
2609 2945 2847 3002 adversis
2888 2954 3050 3017 caput
3077 2946 3424 3015 detondetur,
3466 2963 3587 3003 cum
3632 2956 3808 3003 tenta-

2212 3036 2447 3092 tionibus
2492 3037 2839 3092 vehementer
2885 3036 3243 3106 irruentibus,
3295 3054 3326 3094 a
3373 3044 3808 3111 praesumpionis

513 3142 924 3198 cenntr.~-—Nam
960 3142 1085 3211 quid
1112 3141 1390 3196 moraliter
1412 3156 1509 3212 per
1533 3143 1781 3211 capillos,
1808 3144 1908 3199 nisi
1936 3143 2104 3199 deﬂu—
2129 3154 2175 3214 ρ
2208 3142 2318 3184 sum
2368 3128 2782 3197 cogitationibus
2831 3146 2982 3188 mens
3028 3132 3277 3188 ηυάθῑυτο
3337 3133 3476 3201 Ουίά
3530 3144 3613 3189 εει
3662 3137 3808 3192 enim

515 3242 669 3288 entes
710 3232 874 3286 animi
920 3232 1276 3299 cogitationes
1330 3233 1657 3302 accipimus?
1701 3232 1852 3289 Unde
1881 3245 1935 3290 et
1975 3236 2108 3293 alias

514 3325 771 3381 Ecclesiae
815 3324 1010 3379 dicitur
1060 3342 1073 3377 :
1127 3322 1323 3379 Sicutb
1354 3326 1481 3379 vitta
1530 3326 1768 3380 coccinea
1810 3327 1949 3381 labia
1999 3337 2109 3401 tua,

512 3428 725 3484 sponsa,
756 3422 804 3466 et
832 3412 1088 3483 eloquium
1120 3421 1258 3465 tuum
1307 3413 1457 3467 dulce
1510 3412 1687 3482 (Cant.
1731 3430 1801 3480 tv,
1852 3415 1930 3486 3).
1962 3416 2108 3471 Vitta

513 3506 713 3575 quippe
742 3504 920 3560 crines
960 3504 1152 3575 capitis
1200 3504 1466 3574 astringit.
1519 3504 1681 3560 Labia
1722 3520 1851 3575 ergo
1897 3521 2109 3577 sponsa:

512 3597 651 3652 sicut
676 3597 808 3651 vitta
840 3604 997 3662 sunt,
1039 3597 1166 3666 quia
1196 3596 1574 3652 exhortatione
1601 3605 1801 3652 sancta:
1828 3596 2108 3667 Ecclesiae,

512 3696 721 3742 cunctae
758 3686 812 3741 in
860 3686 1169 3742 auditorum
1212 3688 1480 3742 mentibus
1511 3686 1718 3744 diﬂ'usa:
1753 3689 2112 3758 cogitationes

509 3785 771 3851 ligantur;
806 3798 873 3838 ne
919 3783 1158 3839 remissas
1187 3784 1450 3851 deﬂuant,
1500 3800 1569 3840 ne
1615 3800 1737 3841 sese
1776 3802 1875 3857 per
1922 3786 2107 3841 illicita

509 3883 858 3943 spargant,ne‘
873 3890 1075 3944 sparsae
1093 3874 1272 3930 cordis
1289 3874 1477 3929 oculos
1491 3874 1826 3944 deprimant;
1847 3876 1941 3931 sed
1952 3876 2108 3946 quasi

510 3968 579 4022 ad
608 3983 768 4022 unam
783 3982 844 4023 se
867 3967 1221 4023 intentionem
1245 3966 1519 4035 colligant,
1550 3967 1676 4023 dum
1705 3968 1835 4023 vitta
1864 3983 1957 4025 eas
1983 3983 2109 4024 san-

508 4067 611 4112 clm
652 4057 1047 4126 praedicationis
1091 4057 1241 4126 ligat.
1298 4055 1468 4125 Quam
1515 4066 1664 4112 recte
1714 4066 1770 4113 et
1793 4058 2106 4114 ‘coccineam

508 4150 733 4215 asserit;
788 4150 913 4218 quia
951 4155 1263 4204 sanctorum
1306 4149 1613 4218 prtedicatio
1668 4149 1788 4205 solo
1830 4150 2107 4205 charitatis

510 4242 704 4297 ardore
743 4240 1077 4295 ﬂammescit.
1122 4240 1259 4307 Quid
1304 4256 1434 4297 vero
1483 4257 1581 4311 per
1634 4250 1833 4311 caput,
1886 4243 1987 4297 nisi
2018 4258 2105 4307 ea,

508 4350 629 4403 qua:
652 4334 945 4404 principale
976 4335 1392 4403 uniuscujusque
1421 4336 1649 4391 actionis
1670 4345 1781 4403 est,
1810 4352 1961 4392 mens
1991 4338 2106 4407 ipsa

508 4425 783 4494 signatur?
807 4423 959 4478 Unde
987 4432 1043 4479 et
1070 4425 1205 4480 alias
1226 4424 1420 4479 dicitur
1455 4444 1467 4480 :
1503 4423 1571 4479 Et
1617 4427 1784 4480 oleum
1826 4428 1892 4481 de
1938 4430 2105 4496 capite

2214 3220 2359 3291 quod
2387 3221 2624 3278 Nazarmi
2650 3223 2875 3293 capillos
2913 3225 3157 3279 nutriunt
3212 3224 3399 3293 (Nam.
3449 3242 3517 3290 vt,
3568 3225 3643 3297 5;,
3703 3229 3810 3283 nisi

2211 3312 2354 3383 quod
2378 3329 2473 3383 per
2515 3314 2676 3368 vitam
2706 3328 2911 3384 magna:
2930 3316 3275 3370 continentia:
3321 3318 3804 3387 prtcsumptionum

2211 3407 2567 3476 cogitationes
2592 3408 2877 3461 crescunt?
2905 3406 3012 3461 Sed
3042 3407 3169 3478 quid
3198 3417 3281 3462 est
3319 3409 3483 3477 quod,
3515 3408 3808 3463 devotione

2212 3498 2499 3569 completa,
2529 3508 2694 3568 caput
2720 3498 3003 3553 Nazarteus
3023 3498 3213 3553 radere
3234 3499 3569 3568 capillosque
3598 3500 3651 3554 in
3682 3500 3809 3568 igne

2209 3586 2458 3645 sacriﬁcii
2490 3602 2692 3658 ponere
2734 3586 2983 3656 jubetur,
3043 3586 3146 3640 nisi
3193 3587 3335 3655 quod
3389 3595 3517 3643 tunc
3570 3588 3639 3642 ad
3682 3604 3804 3658 per-

2210 3676 2456 3734 fectionis
2494 3693 2759 3733 summam
2806 3677 3193 3747 pertingimus,
3251 3692 3372 3732 cum
3404 3677 3484 3733 sic
3529 3680 3801 3734 exteriora

2209 3772 2339 3826 vitia
2379 3772 2672 3840 vincimus,
2722 3778 2782 3825 ut
2824 3770 2989 3825 etiam
3036 3769 3391 3837 cogitationes
3428 3769 3726 3839 superﬂuas
3767 3786 3801 3825 a

2210 3870 2389 3916 mente
2418 3860 2757 3917 resecemus?
2786 3861 2929 3926 Quas
2961 3860 3210 3915 nimirum
3241 3859 3490 3915 sacriﬁcii
3519 3861 3640 3929 igne
3670 3877 3802 3916 con-

2209 3966 2485 4019 cremare,
2544 3959 2627 4007 est
2674 3950 2888 4005 ﬂamma
2916 3965 3008 4005 eas
3038 3950 3202 4005 divini
3249 3952 3452 4005 amoris
3474 3952 3791 4017 incendere,

2209 4056 2266 4101 nt
2292 4055 2465 4100 totum
2507 4060 2604 4101 cor
2650 4046 2703 4100 in
2744 4043 2839 4099 Dei
2869 4058 3053 4099 amore
3080 4044 3298 4111 ardeat,
3341 4053 3397 4100 et
3443 4046 3801 4114 cogitationes

2207 4139 2501 4210 superﬂuas
2530 4152 2915 4201 concremans,
2967 4136 3121 4204 quasi
3168 4135 3403 4190 Nazarzei
3451 4138 3679 4206 capillos
3708 4138 3802 4192 de-

2206 4230 2441 4288 votionis
2469 4230 2798 4301 perfectione
2825 4236 3123 4285 consumat.
3160 4227 3305 4300 [Ven
3337 4227 3483 4299 XL]
3515 4228 3581 4283 Et
3607 4238 3802 4284 notan-

2206 4324 2333 4379 dum
2378 4322 2523 4393 quod
2572 4323 2626 4378 in
2672 4330 2873 4377 terram
2903 4335 3162 4375 corruens
3191 4320 3458 4375 adoravit.
3507 4319 3603 4375 llle
3652 4323 3796 4376 enim

2206 4431 2389 4471 veram
2442 4416 2550 4471 Deo
2596 4423 2620 4452 ε
2650 4413 3016 4467 adorationem
3046 4412 3265 4467 exhibet
3302 4412 3392 4481 qui
3425 4414 3794 4482 semetipsum,

509 4526 597 4573 tuo
650 4533 754 4572 non
811 4517 1021 4586 deficiat
1067 4515 1299 4589 (Eccles.
1334 4533 1386 4571 rx
1407 4560 1421 4584 ,
1453 4517 1545 4588 8).
1600 4518 1786 4574 Oleum
1816 4520 2014 4591 quippe
2043 4520 2095 4576 in
2131 4523 2177 4583 ι)
2206 4509 2329 4579 quia
2356 4506 2529 4578 pulvis
2555 4505 2651 4571 sit,
2674 4505 2948 4561 humiliter
2973 4504 3137 4569 videt,
3165 4505 3257 4574 qui
3284 4504 3413 4557 nihil
3455 4504 3555 4558 sibi
3588 4506 3800 4560 virtutis

507 4609 716 4680 capite,
746 4615 829 4664 est
875 4608 1109 4665 cbaritas
1146 4610 1199 4664 in
1232 4618 1443 4676 mente;
1501 4618 1555 4664 et
1602 4624 1632 4664 a
1686 4611 1865 4681 capite
1918 4610 2099 4668 deﬁcit

507 4707 719 4773 oleum,
775 4721 897 4767 cum
932 4703 1168 4761 eharitas
1196 4720 1225 4758 a
1256 4714 1438 4759 mente
1481 4704 1727 4760 discedit.
1766 4706 1937 4775 Caput
1966 4721 2097 4775 ergo

504 4800 803 4857 detondere
831 4805 916 4855 est
943 4798 1297 4867 cogitationes
1320 4796 1619 4867 superﬂuas
1657 4812 1689 4851 a
1718 4806 1898 4853 mente
1941 4813 2094 4854 rese-

504 4908 650 4950 care.
681 4891 750 4946 Et
772 4892 1003 4948 detonso
1026 4890 1203 4961 capite
1231 4890 1283 4944 in
1309 4898 1507 4944 terram
1522 4888 1745 4955 corruit,
1769 4890 1860 4959 qui
1884 4904 2095 4960 repres-

505 4984 580 5039 sis
598 4981 1027 5053 prtesumptionis
1046 4995 1155 5035 sua:
1182 4979 1614 5049 cogitationibus,
1634 4995 1795 5049 quam
1819 4979 1873 5035 in
1895 4988 2094 5036 semet-

505 5075 624 5146 ipso
650 5074 891 5129 inﬁrmus
918 5074 987 5128 sit
1028 5072 1300 5127 humiliter
1326 5072 1590 5140 agnoscit.

576 5165 720 5238 [νοτ.
751 5162 905 5218 XXX
916 5161 1045 5235 IX.]
1075 5161 1163 5217 83.
1216 5162 1440 5233 Diﬁicile
1468 5179 1659 5232 magna
1706 5178 1884 5233 agere,
1940 5171 1989 5215 et
2035 5163 2098 5214 de

504 5255 634 5309 actis
687 5254 933 5325 ﬁduciam
985 5270 1088 5308 non
1145 5250 1672 5306 habere—Difﬁcile
1727 5265 1959 5317 namque
2013 5257 2097 5303 est

504 5360 695 5417 magna
743 5360 936 5415 agere,
978 5354 1034 5400 et
1089 5345 1231 5415 apud
1279 5345 1626 5415 semetipsum
1676 5344 1982 5414 quempiam
2028 5342 2096 5396 de

577 5478 758 5548 sts.
790 5478 975 5536 Norm.
1028 5486 1083 5533 et
1110 5477 1353 5548 plurimi,
1392 5477 1731 5533 vindicamus.

576 5547 604 5586 ι’
626 5546 683 5602 In
714 5550 1014 5615 nonnullis,
1044 5546 1173 5601 sicut
1202 5551 1341 5602 vitta:
1385 5557 1523 5602 sunt.

578 5629 600 5695 ξ
627 5619 702 5672 Ita
732 5619 1061 5695 restituimus
1109 5634 1175 5671 ex
1372 5618 1871 5695 Rripglegebatur:
1900 5631 2092 5692 quanto
2118 5684 2135 5695 .

496 5688 938 5795 (ttlfa‘oqrultius,
970 5698 1019 5740 et
1049 5705 1174 5767 pene
1216 5688 1636 5810 incorrigibiliter
1675 5688 2015 5769 perpetretur.

634 5757 807 5810 bdttt.
837 5772 889 5807 tn
922 5766 1199 5810 tentattone
1226 5759 1379 5810 videt.
1438 5758 1533 5810 iss.
1559 5773 1850 5810 scutnmur.

402 5800 409 5805 .
576 5757 601 5795 ά
634 5757 809 5821 Editi,
837 5757 889 5807 in
922 5760 1199 5811 tcntatione
1226 5759 1379 5811 videt.
1412 5757 1533 5812 Mss.
1559 5757 1850 5827 schimur.

2203 4597 2405 4662 tribuit,
2434 4595 2527 4665 qui
2556 4596 2696 4651 bona
2717 4608 2838 4664 quae
2867 4594 2977 4664 agit
3003 4608 3122 4649 esse
3159 4593 3228 4647 de
3267 4593 3629 4648 misericordia
3660 4610 3799 4650 con-.

2202 4688 2387 4745 ditoris
2430 4686 2693 4758 agnoscit.
2728 4683 2879 4741 Unde
2899 4693 2955 4742 et
2974 4694 3345 4756 competenter
3386 4685 3516 4741 dicit
3565 4703 3580 4739 :

2789 4838 3017 4897 CAPUT
3064 4839 3196 4896 LIII.

2275 4978 2439 5033 Vsus.
2487 4976 2578 5032 21.
2614 4974 2887 5031 —-Nudus
2919 4992 3153 5048 egressus
3189 4994 3302 5032 sum
3331 4977 3395 5032 de
3430 4988 3580 5034 utero
3610 4981 3798 5035 matris

2202 5088 2367 5127 mea:
2395 5071 2563 5125 nudus
2611 5078 2837 5123 revertar
2863 5069 3006 5123 illnc.

2272 5162 2360 5218 85.
2394 5159 2496 5225 Qui
2519 5177 2627 5215 sea
2663 5159 2929 5213 virtutibus
2975 5159 3171 5213 nudum
3225 5168 3393 5231 putat,
3441 5162 3560 5232 ipsa
3615 5164 3795 5217 melius

2201 5254 2487 5308 humilitate
2533 5250 2919 5307 vestitur.—Ac
2974 5251 3021 5307 si
3067 5260 3302 5307 tentatus
3342 5253 3556 5308 animus
3603 5264 3657 5307 et
3688 5253 3707 5291 τ
3739 5255 3790 5307 in

2204 5345 2528 5401 inﬁrmitatis
2548 5358 2659 5399 sua:
2696 5342 2875 5413 inopia
2919 5341 3287 5413 deprehensus
3335 5342 3481 5397 dicat
3526 5362 3538 5396 :
3582 5343 3790 5397 Nudum

2272 5487 2295 5515 θ
2318 5477 2480 5533 Corb.
2503 5519 2519 5545 ,
2561 5476 2744 5532 Germ.
2770 5516 2786 5543 ,
2815 5491 2937 5530 cum
2963 5476 3254 5543 nonnullis,
3278 5478 3651 5533 adorationem.
3688 5477 3795 5531 Va-

2202 5550 2340 5602 riant
2388 5547 2605 5618 Excusi.
2654 5546 2794 5601 Edit.
2824 5545 2991 5618 Paris.
3019 5545 3160 5601 1495
3183 5548 3382 5618 habet
3411 5549 3797 5618 adorationem,

2202 5619 2362 5674 Basil.
2388 5617 2525 5671 1514
2542 5660 2558 5686 ,
2581 5618 2889 5673 orationem.
2936 5617 3068 5673 Coc.
3088 5658 3105 5687 ,
3167 5616 3271 5672 Gil.
3293 5659 3309 5686 ,
3342 5617 3519 5674 Vatic.
3544 5659 3559 5685 ,
3608 5616 3798 5689 Gths.,

2201 5690 2337 5743 hanc
2371 5689 2493 5743 lect.
2525 5696 2825 5743 servarunt.

2276 5760 2293 5797 τ
2343 5758 2391 5814 1.
2436 5757 2605 5830 Reg,
2653 5768 2701 5814 et
2746 5757 3068 5831 inﬁrmitatis
3115 5774 3225 5814 sua
3271 5760 3447 5830 inopia
3495 5759 3783 5832 depressit;
