4030 6348
240 367 350 424 597

1188 356 1549 416 MORALIUM
1594 356 1720 412 LIB.
1765 356 1827 411 ll.
1870 388 1940 397 —-
1982 354 2048 411 1N
2089 355 2246 411 CAP.
2290 355 2309 411 1
2351 357 2411 412 Β.
2456 357 2594 414 JOB.

3436 360 3541 415 598

240 497 332 536 me
362 480 416 535 in
447 477 549 534 lida
574 476 745 549 prima
776 474 946 545 gratia
978 473 1190 542 genuit,
1224 471 1423 526 nudum
1453 470 1640 525 eadem
1668 467 1841 538 gratia
1872 467 1920 528 Α
1947 483 2032 521 ros
2068 466 2268 537 (Amos.
2302 483 2397 534 vn,
2441 467 2552 537 14).
2603 468 2891 535 Quomodo
2932 478 3109 527 autem
3140 473 3405 543 prepheta
3435 489 3547 530 non

243 572 302 626 in
333 569 697 638 assumptione
730 576 752 603 ⁸
782 565 1029 623 salvabit.
1071 562 1165 616 Est
1187 576 1417 629 namque
1445 573 1696 629 magnum
1727 556 1844 611 ani-

245 662 323 714 mi
355 658 548 714 turbati
578 655 828 711 solatium
849 697 865 723 ,
900 663 956 708 ut
986 654 1231 723 pulsatus
1260 651 1419 715 vitiis,
1452 665 1574 706 cum
1603 663 1664 704 se
1690 647 1845 717 quasi

243 749 438 804 nudari
484 745 767 802 virtutibus
816 743 1112 814 conspicit,
1144 740 1211 796 ad
1245 740 1417 795 solam
1465 737 1846 794 misericordia

242 856 397 912 spem
440 845 715 903 recurrat;
759 844 814 891 et
843 852 909 890 eo
938 850 997 891 se
1025 833 1214 889 nudari
1256 848 1366 887 non
1395 832 1554 897 sinat,
1587 846 1694 900 quo
1724 844 1783 885 se
1812 844 1842 883 a

251 930 533 985 virtutibus
583 928 858 983 humiliter
891 926 1091 980 nudum
1119 932 1274 995 putat
1308 942 1320 977 :
1349 923 1440 994 qui
1468 923 1569 977 etsi
1615 921 1843 976 for'assc

246 1025 425 1092 aliqua
459 1023 657 1076 virtute
694 1020 748 1075 in
792 1019 1093 1074 tentatione
1131 1016 1427 1086 detegitur,
1481 1013 1842 1069 infirmitatem

247 1124 429 1168 tamen
451 1112 724 1183 propriam
773 1122 1101 1178 agnoscens,
1150 1108 1265 1177 ipsa
1309 1106 1500 1161 melius
1543 1102 1844 1159 humilitate

244 1207 502 1269 vestitur;
533 1214 587 1259 et
615 1202 771 1258 valde
798 1201 1072 1256 robustius
1092 1214 1253 1268 quam
1283 1204 1508 1254 steterat
1531 1196 1695 1265 jacet,
1720 1209 1841 1249 cum

245 1297 351 1351 sibi
376 1297 493 1352 sine
520 1296 705 1351 div'no
727 1292 996 1363 adjutorio
1024 1297 1203 1347 cessat
1226 1289 1460 1344 tribuere
1488 1287 1628 1358 quod
1656 1287 1838 1341 habet.

250 1384 407 1442 Unde
430 1396 484 1442 et
530 1402 751 1443 manum
780 1400 907 1440 mox
953 1382 1223 1455 largitoris
1251 1391 1307 1437 et
1348 1380 1544 1451 judicis
1572 1378 1845 1435 humiliter

246 1476 494 1546 agnoscit
514 1517 529 1543 ,
583 1476 767 1532 dicens
795 1491 810 1528 :

839 1563 1069 1619 CAPUT
1109 1562 1240 1618 LIV.

317 1657 781 1715 imm—Dominus
812 1656 983 1724 dedit,
1016 1655 1263 1711 Dominus
1294 1654 1522 1707 abstulit.

316 1749 409 1805 86.
446 1750 749 1805 Tentatione
774 1748 961 1802 eruditi
985 1747 1277 1801 crescimus.
1302 1775 1372 1788 --
1394 1744 1532 1799 Ecce
1585 1743 1841 1799 tentatio-

1944 558 2070 623 luit,
2099 558 2190 627 qui
2220 558 2286 613 de
2315 557 2509 614 futuris
2557 567 2637 615 tot
2670 576 2795 615 vera
2824 562 3106 632 pnedisit?
3134 570 3240 619 Aut
3265 566 3547 634 quomodo

1946 650 2209 720 propheta
2236 648 2364 720 fuit,
2404 650 2449 706 si
2478 650 2546 707 de
2575 666 2636 707 se
2674 651 2727 706 in
2758 654 3010 722 praesenti
3061 670 3185 709 vera
3216 656 3547 726 denegavit?

1943 739 2049 795 Sed
2088 742 2213 811 quia
2260 741 2447 797 eadem
2476 741 2608 797 hora
2646 757 2749 811 qua
2794 743 3082 814 requisitos
3126 754 3209 802 est
3247 748 3543 817 prophetiae

1943 833 2041 887 sibi
2071 834 2317 904 spiritum
2338 834 2526 890 deesse
2555 835 2745 904 sensit,
2768 837 2835 891 de
2863 839 3156 908 semetipso
3180 840 3543 895 testimonium

1947 924 2214 979 veraciter
2256 925 2463 991 intulit,
2496 926 2681 980 dicens
2722 942 2741 980 :
2784 924 2909 981 Non
2956 944 3069 983 sum
3121 929 3392 1000 prOpheta.
3444 929 3545 995 Qui

1946 1020 2124 1067 tamen
2148 1023 2363 1069 secutus
2378 1014 2622 1083 adjnnxit
2647 1033 2659 1067 :
2686 1014 2754 1069 Et
2776 1033 2911 1071 nunc
2932 1019 3054 1073 audi
3078 1019 3283 1073 uerbum
3308 1018 3542 1075 Domini.

1945 1099 2075 1156 Παῖς
2104 1101 2229 1155 dicit
2256 1102 2510 1157 Dominus
2546 1120 2565 1157 :
2598 1102 2745 1159 Uxor
2769 1114 2855 1159 tua
2877 1107 2933 1160 in
2957 1108 3162 1162 civitate
3182 1107 3546 1179 fornicabitur,

1943 1204 1991 1248 et
2012 1195 2111 1264 ﬁlii
2141 1197 2213 1249 tui
2242 1204 2290 1249 et
2316 1196 2443 1265 ﬁlite
2473 1205 2574 1251 tute
2607 1199 2661 1250 in
2689 1198 2865 1268 gladio
2886 1198 3093 1264 cadent,
3135 1209 3185 1253 et
3228 1200 3412 1255 humus
3460 1210 3549 1255 tua

1945 1287 2173 1359 funiculo
2194 1289 2431 1342 metietur
2446 1305 2462 1355 ,'
2488 1298 2537 1343 et
2565 1299 2617 1342 tu
2640 1290 2694 1341 in
2724 1299 2861 1343 terra
2882 1290 3082 1359 polluta
3106 1293 3346 1346 morieris
3380 1292 3547 1363 (Ibid.

1946 1376 2045 1443 16,
2082 1377 2193 1448 li).
2242 1377 2446 1445 Quibus
2488 1380 2768 1451 propheta:
2820 1380 2994 1435 verbis
3019 1390 3204 1452 aperte
3246 1384 3550 1449 ostenditur

1944 1468 2069 1537 quia
2098 1466 2225 1523 dum
2253 1468 2321 1525 de
2344 1483 2403 1524 se
2432 1468 2523 1523 illa
2554 1469 2885 1539 loqueretur,
2917 1470 3167 1540 impletus
3197 1481 3309 1537 est;
3342 1481 3398 1527 ct
3423 1489 3549 1528 mox

1945 1556 2145 1613 habere
2170 1558 2527 1630 pr0phetandi
2555 1559 2803 1629 spiritum
2826 1561 3043 1626 meruit,
3067 1562 3190 1630 quia
3219 1578 3278 1618 se
3310 1564 3547 1634 prophe-

1945 1655 2055 1701 tam
2120 1663 2231 1703 non
2276 1664 2398 1705 esse
2443 1649 2720 1707 humiliter
2775 1650 3013 1719 agnovit.
3059 1650 3125 1704 Et
3170 1653 3215 1708 si
3252 1654 3548 1725 prophetia:

1945 1737 2163 1807 spiritus
2187 1739 2465 1809 prophetis
2493 1754 2709 1810 semper
2724 1739 2959 1808 adesset,
2991 1739 3157 1797 David
3177 1743 3287 1813 regi
3314 1744 3382 1800 de
3412 1752 3549 1800 tem-

242 1841 408 1897 nibus
447 1842 688 1897 eruditus
714 1840 900 1903 crevit,
933 1838 1023 1906 qui
1059 1846 1115 1891 et
1142 1837 1195 1890 in
1227 1836 1424 1890 virtute
1467 1834 1649 1890 habita
1679 1834 1840 1903 largi-
1875 1842 1918 1899 Β
1944 1826 2019 1897 ι)ιί
2047 1842 2107 1884 se
2142 1829 2544 1884 constructione
2572 1829 2896 1896 consulenti.
2956 1845 3296 1901 neqmquam
3337 1833 3547 1890 Nathan

240 1937 413 1985 tatem
444 1931 651 1996 dantis,
697 1939 752 1984 et
798 1928 851 1983 in
900 1927 1304 1998 perturbatione
1352 1924 1710 1991 fortitudinis,
1738 1940 1838 1996 po-

243 2028 499 2077 testatem
525 2001 767 2075 tollentis.
782 2019 1044 2087 agnoscit.
1079 2019 1209 2084 Quae
1237 2029 1418 2073 tamen
1445 2016 1702 2072 fortitudo
1733 2032 1851 2071 non

244 2113 469 2177 tollitur,
503 2111 602 2167 sed
639 2112 950 2182 perturbata
978 2110 1260 2181 fatigatur;
1291 2116 1558 2178 quatenus
1579 2124 1841 2165 concussa

243 2221 421 2273 mens,
450 2203 577 2258 dum
607 2219 667 2259 se
698 2204 834 2257 hanc
855 2202 1187 2273 jamjamque
1216 2202 1367 2272 quasi
1392 2203 1640 2257 amittere
1670 2201 1841 2273 trepi-

242 2294 359 2365 dat,
379 2308 594 2365 semper
623 2292 765 2348 facta
794 2292 1010 2347 humilis
1042 2307 1313 2361 nunquam
1346 2292 1553 2363 perdat.

841 2384 1069 2442 CAPUT
1132 2384 1245 2441 LV.

317 2476 671 2533 Imm—Sicut
690 2475 915 2531 Domino
937 2476 1150 2547 placuit,
1176 2477 1256 2530 ita
1277 2477 1471 2548 factum
1510 2484 1616 2542 est,
1641 2477 1707 2530 sit
1744 2492 1842 2531 no-

244 2584 363 2623 men
392 2566 728 2638 72Domini
750 2566 1091 2620 benedictum.

317 2660 408 2715 87.
434 2660 650 2715 Tentata
674 2660 796 2732 quid
829 2658 1243 2728 agendum.—-ln
1273 2659 1379 2715 hoc
1398 2702 1414 2728 ,
1458 2660 1602 2730 quod
1632 2659 1843 2716 interna

242 2754 650 2823 perturbatione
678 2752 1039 2817 concutimur,
1066 2750 1284 2819 dignum
1314 2760 1397 2805 est
1426 2760 1483 2805 ut
1504 2751 1571 2805 ad
1600 2751 1846 2806 condito-

240 2846 321 2900 ris
342 2844 599 2914 judicium
629 2858 1000 2908 recurremus;
1034 2850 1092 2895 ut
1118 2842 1241 2896 inde
1274 2857 1370 2897 cor
1416 2851 1658 2897 nostrum
1688 2841 1845 2909 adju-

242 2936 354 2989 tori
400 2950 500 2990 suo
546 2933 779 3003 majores
829 2931 1015 2987 laudes
1061 2931 1345 2997 exhibeat,
1387 2932 1528 2986 unde
1574 2932 1845 3001 pulsatum

241 3024 429 3079 verius
466 3022 889 3078 imbecillitatem
928 3036 1038 3076 sure
1082 3019 1409 3076 inﬁrmitatis
1456 3028 1665 3091 pensat.
1699 3020 1847 3077 Bene

240 3126 428 3174 autem
468 3117 663 3174 dicitur
694 3136 707 3172 :

843 3186 1073 3243 CAPUT
1131 3186 1261 3241 LVI.

324 3280 485 3337 Vens.
517 3280 751 3336 21—h:
780 3282 1018 3336 omnibus
1066 3282 1145 3335 liis
1179 3297 1283 3335 non
1331 3280 1558 3350 peccavit
1601 3277 1700 3335 Job
1749 3295 1841 3333 nec

249 3371 459 3425 stultum
493 3372 689 3444 aliquid
717 3380 897 3426 contra
919 3371 1083 3427 Deum
1120 3372 1315 3426 locutus
1349 3379 1446 3426 est.

322 3460 414 3515 88.
470 3462 547 3518 De
592 3464 878 3517 tentatione
919 3479 1024 3517 non
1081 3463 1620 3531 murmuret.—Quia
1658 3463 1846 3521 solerti

249 3570 378 3609 cura
409 3554 680 3609 custodire
705 3554 895 3611 dolens
922 3554 1133 3609 animus
1162 3553 1342 3620 debet,
1374 3570 1441 3609 ne
1468 3570 1589 3610 cum
1618 3570 1676 3612 se
1704 3556 1848 3610 intus

251 3643 479 3699 tentatio
526 3644 793 3711 stimulat,
844 3643 898 3699 in
932 3644 1108 3699 verbis
1152 3642 1298 3699 foras
1332 3644 1532 3699 illicita:
1560 3643 1849 3700 locutionis

250 3742 521 3804 erumpat,
563 3750 632 3789 ne
660 3734 726 3790 de
755 3735 1072 3804 probatione
1119 3743 1444 3800 murmuret,
1477 3744 1533 3790 et
1574 3736 1711 3805 ignis
1757 3736 1848 3805 qui

252 3826 397 3879 hunc
425 3824 570 3878 velut
598 3840 785 3879 aurum
814 3832 1125 3880 concremat
1144 3867 1160 3894 ,
1190 3840 1289 3896 per
1323 3840 1605 3882 excessum
1643 3841 1854 3884 sermo-

253 3918 337 3972 nis
366 3916 537 3972 illiciti
570 3917 823 3987 inpalete
850 3916 1084 3972 favillam
1112 3925 1309 3973 vertat.

326 4010 473 4082 [γει.
520 4009 684 4079 XLI,
735 4010 860 4065 Rec.
912 4009 1224 4082 XXVIII.|
1274 4010 1362 4066 89.
1416 4011 1569 4068 Dona
1612 4012 1708 4068 Dei
1757 4014 1859 4068 ali-

252 4105 461 4176 qzramlo
482 4105 679 4159 utiliter
707 4104 1098 4158 subtrahuntur.
1143 4103 1438 4174 Prop/teda:
1480 4106 1711 4176 Spiritus
1735 4123 1857 4175 pro-

1947 1921 2209 1991 propheta
2261 1922 2583 1979 concederet
2623 1922 2768 1993 quod
2815 1932 2941 1994 post
2994 1925 3278 1995 paululum
3324 1936 3549 1996 negaret

1944 2010 2035 2082 (II
2065 2011 2194 2084 Reg.
2230 2029 2268 2079 ι,
2301 2014 2370 2078 5,
2404 2011 2479 2083 5).

2017 2104 2104 2158 90.
2138 2104 2392 2175 Spiritum
2423 2106 2611 2159 habere
2654 2116 3040 2176 permanentem
3085 2106 3280 2163 Christi
3324 2118 3400 2163 est
3439 2112 3549 2181 pri-

1944 2195 2202 2265 vilegium.
2247 2193 2347 2259 Qui
2398 2196 2602 2250 dicatur
2646 2206 2696 2250 et
2748 2198 2801 2251 in
2856 2198 3127 2269 discipulis
3175 2216 3549 2254 mansurus.—

1948 2284 2103 2342 Unde
2145 2286 2284 2342 bene
2335 2294 2389 2341 et
2440 2287 2493 2342 in
2550 2286 2843 2356 Evangelio
2902 2290 3162 2359 scriptum
3222 2298 3345 2346 est:
3379 2290 3549 2361 Super

1944 2395 2093 2449 quem
2118 2377 2305 2432 videris
2334 2377 2589 2448 Spiritum
2618 2378 3013 2435 descendentem
3027 2390 3074 2435 et
3090 2393 3381 2436 manentem
3395 2400 3549 2451 super

1946 2488 2089 2541 eum,
2118 2472 2201 2527 llic
2229 2480 2305 2526 est
2345 2473 2429 2544 qui
2461 2473 2694 2541 baptizat
2740 2473 2932 2544 (Joan.
2984 2492 3033 2543 ι,
3080 2474 3202 2543 55).
3247 2475 3304 2529 In
3339 2477 3548 2530 cunctis

1947 2578 2181 2633 namque
2211 2562 2457 2618 fidelibus
2493 2563 2727 2633 Spiritus
2753 2565 2919 2631 venit,
2951 2565 3047 2621 sed
3093 2566 3145 2621 in
3192 2567 3310 2621 solo
3342 2566 3546 2622 Media-

1947 2661 2067 2709 torc
2100 2665 2121 2692 ο
2146 2653 2486 2723 singulariter
2522 2662 2823 2724 permanet,
2851 2655 2976 2725 quia
2999 2655 3115 2725 ejus
3155 2657 3545 2714 humanitatem

1948 2760 2223 2814 nunquam
2271 2744 2528 2809 deseruit,
2558 2760 2627 2800 ex
2674 2746 2827 2815 cujus
2864 2747 3143 2803 divinitate
3193 2751 3451 2818 procedit.
3487 2750 3547 2805 ιιι

1948 2836 2041 2892 illo
2091 2837 2252 2907 igitur
2280 2845 2493 2905 manet,
2545 2839 2639 2908 qui
2687 2839 2835 2895 solus
2889 2848 2943 2895 et
2998 2843 3179 2897 omnia
3232 2851 3288 2898 et
3332 2860 3550 2915 semper

1948 2938 2146 3002 potest.
2179 2929 2312 2985 Nam
2345 2930 2561 2996 fideles,
2593 2932 2687 3000 qui
2714 2932 2857 2987 hunc
2886 2934 3184 3005 accipiunt,
3218 2952 3338 2991 cum
3365 2939 3549 3007 signo-

1948 3036 2065 3075 rum
2097 3020 2238 3075 dona
2286 3020 2489 3076 habere
2531 3036 2774 3092 semper,
2813 3031 2873 3077 ut
2901 3025 3117 3092 volunt,
3151 3042 3258 3081 non
3298 3038 3548 3101 possunt,

1948 3113 2092 3168 hunc
2120 3128 2179 3168 se
2207 3112 2484 3184 accepisse
2533 3114 2685 3185 quasi
2716 3115 2771 3169 in
2821 3117 3076 3173 transitus
3124 3121 3433 3176 ostensione
3463 3131 3548 3178 te-

1875 3215 1920 3278 C
1948 3213 2181 3260 stanlur.
2214 3203 2318 3259 Sed
2344 3219 2465 3260 cum
2506 3221 2717 3261 rursum
2747 3204 2815 3261 de
2852 3207 3041 3263 eodem
3072 3208 3273 3279 Spiritu
3296 3210 3552 3270 Veritatis

1947 3316 2043 3356 ore
2064 3300 2345 3372 discipulis
2371 3301 2583 3367 dicitur,
2608 3302 2763 3372 Apud
2790 3320 2877 3358 vos
2914 3304 3159 3370 manebit,
3206 3314 3256 3363 et
3301 3307 3355 3361 in
3409 3306 3551 3362 vobis

1946 3394 2045 3447 erit
2086 3391 2267 3461 (Joan.
2300 3408 2417 3459 xrv,
2469 3390 2581 3463 l8),
2632 3394 2760 3464 quid
2789 3404 2873 3450 est
2900 3395 3043 3465 quod
3073 3396 3254 3451 divina
3277 3412 3413 3453 voce
3440 3396 3553 3453 Mc-

1948 3482 2173 3538 diatoris
2198 3480 2224 3520 ἀ
2256 3483 2464 3555 signum
2495 3483 2613 3539 haec
2648 3484 2839 3540 eadem
2867 3487 3039 3541 sancti
3082 3486 3313 3558 Spiritus
3344 3488 3552 3544 mansio

1948 3573 2275 3639 declaratur,
2298 3589 2419 3629 cum
2444 3574 2636 3629 dicitur
2662 3593 2674 3628 :
2710 3575 2881 3647 Super
2903 3594 3052 3647 quem
3079 3579 3267 3633 videris
3297 3578 3553 3649 Spiritum

1952 3667 2375 3735 descendentem,
2425 3676 2475 3721 et
2522 3672 2814 3722 manentem
2861 3685 3015 3739 super
3074 3671 3229 3723 eum?
3280 3670 3336 3725 Si
3392 3671 3555 3740 igitur

1949 3756 2103 3827 juxta
2153 3756 2395 3825 magistri
2442 3772 2629 3812 vocem
2682 3766 2738 3813 et
2786 3757 2840 3813 in
2868 3758 3142 3828 discipulis
3182 3769 3385 3827 manet,
3413 3776 3553 3829 quo-

1956 3851 2119 3906 modo
2149 3851 2259 3920 jam
2289 3850 2559 3919 singulare
2587 3851 2793 3919 signum
2816 3852 2920 3908 erit
2959 3852 3107 3921 quod
3160 3853 3214 3907 in
3261 3852 3558 3911 Mediatore

1959 3945 2064 4015 73
2105 3944 2421 4013 permanet?
2451 3942 2609 4009 Quod
2639 3950 2817 3998 tamen
2859 3944 3017 3999 citius
3061 3944 3463 4013 cognoscimus,
3507 3944 3559 4002 si

1958 4035 2098 4091 dona
2126 4033 2363 4104 ejusdem
2394 4031 2622 4104 Spiritus
2642 4032 3028 4089 discernamus.

2033 4125 2179 4198 [Vet.
2235 4123 2423 4192 XLII,
2474 4124 2599 4179 Rec.
2652 4123 2891 4197 XXIX.j
2943 4125 3032 4181 9i.
3071 4125 3357 4182 Mansurus
3386 4136 3463 4183 est
3502 4129 3560 4185 in

254 4195 424 4265 plietis
466 4210 572 4248 non
612 4194 759 4248 adest
805 4194 1247 4265 semper.—Nihil
1275 4210 1405 4250 vero
1453 4196 1635 4253 obstat
1681 4197 1726 4251 si
1756 4198 1850 4252 hoc

1962 4194 2113 4271 donis
2143 4217 2327 4287 quibus
2349 4217 2600 4270 sanctitas
2623 4194 2904 4287 confertur,
2939 4233 3041 4271 non
3072 4219 3128 4272 in
3153 4219 3216 4273 iis
3242 4216 3425 4288 quibus
3449 4219 3560 4276 [nec

252 4286 402 4354 quod
424 4286 492 4341 de
520 4286 808 4341 virtutibus
829 4286 1082 4352 diximus,
1108 4286 1175 4342 de
1203 4287 1287 4344 his
1318 4304 1437 4359 qua:
1466 4289 1520 4344 in
1550 4292 1850 4347 ostensione

1967 4325 2064 4378 pro
2095 4286 2315 4361 aliorum
2344 4306 2568 4361 utilitate
2595 4286 2907 4362 declaratur.
2932 4338 3005 4351 ——
3025 4307 3142 4363 Alia
3171 4286 3405 4381 namque
3433 4318 3560 4365 sunt

255 4378 473 4431 virtutis
500 4377 694 4431 dantur
737 4376 896 4433 donis
936 4380 1111 4433 sancti
1154 4378 1384 4450 Spiritus
1412 4382 1725 4437 sentiamus.
1760 4381 1865 4437 Alii
1964 4376 2105 4453 dona
2132 4398 2291 4463 ίιιίυς,
2314 4397 2434 4453 sine
2458 4398 2652 4468 quibus
2680 4398 2749 4453 ad
2778 4399 2943 4454 vitam
2985 4376 3334 4470 nequaquam'
3354 4402 3559 4471 perun-

255 4486 495 4541 namque
514 4472 831 4542 prOphetite,
851 4472 939 4526 alii
963 4485 1160 4541 genera
1181 4474 1505 4542 linguarum,
1524 4475 1613 4529 alii
1638 4476 1850 4531 virtutes

1966 4492 2127 4561 gitur,
2156 4490 2260 4544 alia
2290 4490 2491 4559 quibus
2509 4491 2633 4547 vita:
2658 4492 2916 4547 sanctitas
2946 4508 3045 4562 pro
3068 4492 3294 4548 aliorum
3327 4496 3560 4550 utilitate

256 4564 598 4656 ευνωίοηυιη
620 4564 957 4656 damni-sed
983 4564 1109 4656 quia
1138 4564 1250 4620 1ιὶεο
1278 4566 1393 4656 ῖρδει
1418 4566 1559 4622 dona
1583 4583 1690 4623 n0n
1716 4582 1861 4624 88111-
1887 4594 1942 4656 υ
1966 4580 2293 4636 declaratur.
2338 4578 2695 4637 Mansuetudo
2736 4597 2988 4652 namque.
3022 4581 3315 4649 humilitas,
3347 4585 3561 4654 patien-

256 4668 359 4726 per
405 4655 459 4708 in
505 4663 690 4709 mente
718 4653 907 4710 eodem
954 4654 1115 4711 modo
1142 4663 1296 4721 sunt,
1325 4655 1528 4727 liquido
1560 4657 1863 4714 ostenditur

258 4748 404 4818 quod
429 4761 498 4802 ne
524 4760 584 4801 se
612 4761 768 4801 mens
797 4747 851 4801 in
893 4747 1312 4818 praesumptione
1335 4747 1545 4813 elevet,
1575 4747 1862 4818 aliquando

259 4839 467 4893 utiliter
495 4839 903 4895 subtrahuntur.
934 4838 1066 4894 Nam
1096 4840 1141 4894 si
1169 4840 1466 4909 prophetiae
1487 4839 1706 4911 spiritus
1735 4857 1861 4911 pro-

256 4927 442 5004 pbctis
487 4943 703 4999 semper
744 4929 987 4996 adesset,
1032 4928 1282 4984 nimirum
1328 4928 1553 4987 Elisazus
1598 4932 1863 5003 propheta

259 5039 374 5080 non
405 5023 615 5080 diceret
639 5037 654 5078 :
681 5018 895 5077 Dimitte
920 5034 1058 5090 eam,
1078 5020 1255 5077 animo
1276 5020 1416 5079 enim
1437 5021 1552 5095 ejus
1591 5023 1646 5080 in
1668 5024 1867 5082 amari-

262 5116 445 5170 tudine
468 5125 563 5181 est,
597 5124 648 5170 et
686 5114 939 5169 Dominus
970 5115 1149 5169 celavit
1190 5132 1221 5169 a
1272 5132 1351 5170 me
1372 5116 1579 5171 verbum
1603 5118 1709 5189 (IV
1732 5119 1864 5190 Reg.

262 5206 321 5270 ι,
368 5207 404 5260 2
443 5208 483 5276 ).
530 5206 587 5261 Si
618 5206 913 5277 prophetia:
941 5207 1159 5276 spiritus
1203 5209 1480 5278 prophetis
1521 5225 1736 5281 semper
1762 5212 1865 5266 ad-

262 5306 439 5362 esset,
490 5298 776 5368 inquisitus
822 5297 988 5354 Amos
1016 5301 1280 5369 propheta
1320 5317 1427 5356 non
1468 5303 1714 5360 diceret:
1740 5305 1865 5361 Non

262 5408 381 5447 sum
427 5392 718 5461 propheta,
765 5391 857 5446 ubi
904 5399 960 5448 et
1011 5391 1244 5446 subdidit
1291 5410 1305 5446 :
1351 5391 1536 5465 Neque
1563 5396 1706 5465 ﬁlius
1742 5414 1865 5467 pro-

261 5481 465 5553 phetia;
495 5480 587 5535 sed
612 5482 961 5535 armentarius
989 5478 1017 5519 δ
1046 5497 1138 5552 ego
1163 5498 1295 5548 sum,
1338 5484 1580 5540 vellicans
1628 5504 1862 5558 sycomo-

338 5626 364 5654 ι
389 5618 447 5672 1η
476 5616 749 5671 nonnullis
768 5614 905 5671 Cod.
924 5658 939 5683 ,
966 5614 1201 5669 salvavit.

336 5687 365 5726 δ
400 5688 552 5759 l’rins
592 5687 872 5753 legebatur
899 5687 951 5759 in
982 5685 1478 5759 Edaarmentarius
1500 5707 1641 5759 puer.

342 5769 365 5797 ο
399 5758 903 5829 V’opsempermute
926 5757 975 5810 in
1003 5757 1267 5829 editisihic
1291 5757 1669 5829 interponitur,
1712 5765 1864 5822 abest

264 5844 402 5886 vero
425 5843 457 5885 a
486 5827 613 5885 Mss.
645 5827 834 5897 Corb.,
859 5825 1040 5885 Germ.
1074 5838 1130 5885 et
1157 5828 1314 5901 Reg,
1342 5825 1453 5885 visa
1478 5840 1560 5887 est
1594 5825 1856 5908 addititia,

1967 4673 2058 4737 tia,
2092 4672 2245 4742 fides,
2277 4688 2422 4743 spes,
2449 4674 2704 4739 charitas,
2736 4673 2879 4729 dona
2908 4673 3026 4741 ejus
3047 4681 3190 4739 sunt,
3224 4671 3319 4728 sed
3348 4688 3412 4728 ca
3442 4675 3561 4731 sine

1966 4765 2160 4835 quibus
2189 4764 2257 4819 ad
2286 4765 2453 4819 vitam
2484 4765 2728 4820 homines
2756 4765 3041 4835 pervenire
3068 4779 3403 4835 nequaquam
3432 4781 3561 4837 pos-

1966 4866 2111 4913 sunt.
2148 4855 2454 4926 Prophetiaa
2501 4864 2704 4922 autem,
2746 4857 2918 4911 virtus
2965 4858 3327 4921 curationum,
3359 4872 3558 4928 genera

1965 4948 2291 5017 linguarum,
2324 4947 2700 5018 interpretatio
2728 4961 3059 5014 sermonum,
3092 4946 3238 5004 dona
3268 4948 3385 5018 ejus
3411 4959 3559 5020 sunt,

1972 5041 2070 5100 sed
2123 5055 2244 5112 quae
2289 5039 2509 5098 virtutis
2552 5039 2670 5113 ejus
2707 5039 3051 5111 pmsentiam
3084 5056 3183 5115 pro
3221 5042 3564 5101 correctione

1971 5133 2291 5189 intuentium
2319 5132 2629 5190 ostendunt.
2653 5132 2713 5189 1n
2738 5132 2821 5189 bis
2860 5133 3020 5205 igitur
3047 5134 3205 5192 donis
3231 5136 3346 5191 sine
3367 5138 3562 5208 quibus

1970 5226 2036 5281 ad
2067 5226 2229 5282 vitam
2259 5227 2531 5297 perveniri
2558 5241 2664 5282 non
2695 5234 2899 5299 potest,
2929 5235 3151 5285 sanctus
3178 5230 3410 5301 Spiritus
3448 5233 3563 5290 sive

1970 5315 2023 5370 in
2041 5315 2483 5386 przedicatoribns
2521 5318 2654 5388 suis,
2684 5318 2800 5376 sive
2828 5319 2883 5375 in
2913 5320 3105 5377 electis
3150 5323 3398 5379 omnibus
3419 5340 3558 5381 sem-

1968 5423 2067 5479 per
2094 5416 2304 5473 manet;
2336 5409 2391 5463 in
2418 5409 2521 5469 illis
2544 5418 2725 5466 autem
2753 5411 2945 5483 quibus
2974 5428 3074 5483 per
3099 5414 3461 5470 ostensionem
3493 5416 3558 5470 il-

1970 5498 2073 5555 lius
2099 5513 2205 5555 non
2234 5511 2420 5555 nostra
2444 5501 2552 5555 vita
2592 5506 2856 5568 servatur,
2899 5502 2995 5559 sed
3024 5503 3252 5559 aliorum
3279 5504 3558 5573 quaeritur,

1970 5644 2022 5690 et
2053 5635 2174 5707 ideo
2204 5636 2423 5707 rejecta.

2040 5705 2065 5742 ά
2107 5706 2161 5787 In
2195 5705 2393 5773 Editis,
2433 5709 2633 5787 signum
2662 5708 2772 5762 hoc.
2813 5708 3164 5787 Restituimus
3191 5713 3330 5780 hac,
3371 5718 3560 5787 supple

1968 5778 2193 5847 mansio,
2219 5794 2283 5833 ex
2308 5781 2553 5834 omnibus
2579 5778 2703 5835 Mss.
2737 5784 2957 5838 nostris.
