4030 6314
573 319 670 371 59?)

1753 329 1991 384 S.\NCT1
2029 324 2358 385 GREGOlill
2403 334 2616 390 MAGNI

3736 353 3845 409 600

570 452 908 506 nequaquam
975 453 1189 508 semper
1246 440 1297 493 in
1363 441 1803 509 praedicatoribus
1854 452 2157 512 permanet,
2190 446 2230 502 Α
2263 444 2388 513 pitis
2418 446 2467 499 in
2504 447 2821 515 quibusdam
2863 452 3149 510 virtutibus
3197 458 3463 526 emicant,
3498 462 3672 532 ipsum
3727 482 3862 523 vero

568 532 695 597 quia
722 547 937 601 semper
959 533 1171 601 quidem
1203 548 1385 587 eorum
1416 533 1564 587 cordi
1596 533 1661 587 ad
1692 534 1830 589 bene
1867 535 2154 591 vivendum

570 620 844 690 przesidet,
868 637 968 676 nec
993 630 1170 676 tamen
1200 639 1295 691 per
1323 638 1417 679 eos
1442 623 1700 680 virtutum
1741 627 1893 695 signa
1939 642 2156 697 semper

572 715 806 768 ostendit
836 732 847 765 :
882 714 981 768 sed
1008 714 1296 782 aliquando
1333 731 1391 770 se
1419 718 1497 773 eis
1525 732 1554 772 a
1586 719 1858 789 signorum
1890 722 2151 776 ostensio-

571 804 727 857 nibus
753 803 1039 867 subtrahit,
1065 811 1123 856 ut
1146 819 1211 859 eo
1252 807 1501 863 humilius
1525 808 1755 865 virtutes
1783 809 1899 880 ejus
1928 810 2159 866 habean-

573 904 677 958 tur,
704 908 812 960 quo
843 894 1039 948 habitas
1073 896 1240 949 teneri
1272 912 1380 952 non
1412 908 1656 968 possunt.

639 981 728 1035 92.
763 980 941 1054 Longe
967 986 1118 1039 aliter
1139 987 1203 1040 ab
1235 988 1311 1042 his
1339 999 1511 1044 manet
1539 992 1595 1045 in
1616 991 1839 1048 Christo.
1864 1025 1938 1035 -—
1966 994 2158 1050 Media-

573 1080 657 1124 tor
679 1080 859 1127 autem
890 1074 982 1129 Dei
1014 1085 1070 1129 et
1114 1077 1391 1133 hominum
1430 1081 1594 1136 homo
1624 1081 1867 1140 Christus
1897 1084 2069 1151 Jesus,
2103 1085 2156 1140 in

570 1164 778 1218 cunctis
807 1179 928 1219 eum
971 1176 1023 1221 et
1066 1183 1279 1240 semper
1333 1180 1389 1225 et
1436 1174 1691 1229 continue
1721 1176 1885 1230 habet
1925 1192 2159 1246 praesen-

572 1263 703 1319 tem,
745 1254 868 1323 quia
900 1264 956 1309 et
998 1272 1067 1311 ex
1097 1259 1190 1313 illo
1220 1261 1390 1316 isdem
1419 1262 1648 1332 Spiritus
1676 1281 1773 1334 per
1800 1267 2155 1322 substantiam

569 1342 861 1411 profertur.
897 1345 1066 1403 Recte
1093 1364 1220 1418 ergo
1250 1358 1305 1404 et
1332 1366 1452 1406 cum
1470 1354 1523 1407 in
1552 1355 1659 1424 74
1681 1356 1882 1411 sanctis
1903 1358 2158 1425 pradica-

572 1434 781 1489 toribus
828 1448 1072 1503 maneat,
1123 1440 1177 1493 in
1222 1440 1515 1497 Mediatore
1561 1444 1901 1512 singulariter
1938 1461 2157 1502 manere

570 1525 901 1592 perhibetur,
933 1529 1056 1595 quia
1101 1529 1152 1581 in
1203 1530 1317 1584 istis
1348 1546 1446 1600 per
1477 1533 1704 1601 gratiam
1751 1544 1931 1590 manet
1959 1537 2025 1590 ad
2056 1537 2155 1591 ali-

569 1614 717 1680 quid,
746 1615 796 1666 in
824 1616 913 1669 illo
942 1625 1119 1671 autem
1150 1634 1246 1687 per
1266 1621 1617 1676 substantiam
1641 1633 1823 1680 manet
1852 1625 1921 1680 ad
1942 1636 2154 1682 cuncta.

568 1703 718 1757 Sicut
745 1705 886 1759 enim
918 1722 1114 1777 corpus
1145 1718 1387 1765 nostrum
1428 1728 1642 1767 sensum
1670 1717 2042 1772 tantummodo
2072 1726 2156 1772 ta-

2258 544 2418 604 caput
2446 537 2497 590 in
2545 541 2751 595 cunctis
2786 542 3073 600 virtutibus
3112 545 3322 618 ﬂagrat.
3357 552 3701 610 Dissinuliter
3727 574 3865 626 ergo

2256 621 2485 692 Spiritus
2514 626 2567 680 in
2591 627 2681 683 illo
2702 638 2903 695 manet,
2940 642 2965 668 κ
2994 649 3023 687 a
3052 649 3160 703 quo
3189 653 3285 706 per
3306 649 3551 695 naturam
3581 621 3861 714 nunquam

2256 714 2485 769 recedit.
2518 715 2667 771 Dona
2701 734 2827 775 vero
2873 721 2992 789 ejus
3043 726 3239 793 quibus
3285 729 3351 781 ad
3398 731 3563 786 vitam
3595 734 3857 803 tenditur,

2256 804 2372 859 sine
2395 806 2632 874 periculo
2654 809 2825 863 amitti
2849 827 2956 865 non
2980 823 3244 882 possunt;
3278 816 3419 873 dona
3443 828 3624 876 autem
3656 824 3854 892 quibus

2259 898 2383 952 vita;
2407 901 2667 956 sanctitas
2710 901 3137 975 demonstratur,
3166 909 3504 981 plerumque,
3554 922 3614 968 ut
3652 915 3857 971 dictum

2258 1004 2361 1063 est,
2394 994 3224 1068 sinedispendiosubtrahuntur.
3252 1004 3348 1059 Illa
3379 1021 3506 1077 ergo
3537 1022 3637 1076 pro
3668 1017 3855 1063 nostra

2258 1090 2559 1145 eruditione
2581 1092 2813 1147 tenenda
2846 1102 2992 1158 sunt,
3022 1095 3137 1151 haec
3160 1112 3259 1166 pro
3287 1097 3479 1155 alienis
3508 1100 3855 1170 provectibus

2259 1185 2609 1254 exquirenda.
2642 1185 2700 1239 ln
2725 1187 2828 1240 illis
2858 1203 2957 1243 nos
2986 1197 3187 1244 terreat
3215 1189 3468 1259 formido,
3494 1207 3564 1247 ne
3591 1201 3849 1262 pereant;

2259 1274 2312 1328 in
2346 1274 2462 1329 istis
2484 1290 2613 1329 vero
2641 1274 2705 1328 ad
2731 1281 2943 1346 tempus
2971 1278 3258 1347 aliquando
3287 1279 3512 1357 sublatis
3541 1281 3852 1336 consoletur

2258 1365 2552 1432 humilitas,
2579 1363 2706 1434 quia
2736 1364 2805 1419 ad
2829 1367 3116 1422 elationem
3147 1377 3382 1425 mentem
3412 1369 3643 1426 fortasse
3672 1372 3846 1427 suble-

2258 1466 2409 1513 vant.
2438 1459 2572 1513 Cum
2595 1461 2758 1528 igitur
2781 1475 3039 1515 concessa
3063 1462 3217 1516 nobis
3251 1462 3509 1517 virtutum
3538 1463 3690 1531 signa
3724 1464 3848 1518 sub‘

2259 1550 2564 1615 trahuntur,
2597 1550 2840 1605 dicamus
2868 1560 3015 1606 recte
3050 1569 3062 1604 :
3098 1551 3354 1607 Dominus
3396 1554 3557 1621 dedit,
3595 1555 3841 1610 Dominus

2259 1639 2499 1705 abstulit;
2534 1643 2664 1694 sicut
2701 1640 2925 1695 Domino
2952 1642 3169 1712 placuit,
3210 1644 3283 1697 ita
3307 1647 3503 1715 factum
3532 1654 3639 1711 est;
3663 1648 3727 1700 sit
3751 1663 3844 1701 no-

2260 1745 2376 1782 men
2398 1728 2608 1784 Domini
2633 1730 2973 1786 benedictum.
3000 1732 3152 1788 Tunc
3191 1735 3333 1788 enim
3363 1752 3491 1793 vere
3514 1737 3845 1792 ostendimus

567 1800 685 1847 ctus
714 1797 974 1863 agnoscit,
999 1807 1158 1868 caput
1187 1808 1364 1855 autem
1394 1804 1638 1872 corporis
1667 1819 1819 1860 usum
1859 1807 2015 1861 simul
2038 1823 2155 1862 om-
2190 1804 2232 1862 Β
2259 1819 2382 1887 quia
2407 1827 2625 1889 accepta
2656 1828 2801 1875 recte
2828 1822 3118 1892 tenuimus,
3157 1839 3278 1878 cum
3329 1826 3573 1894 profecto
3611 1826 3844 1899 mquani-

565 1882 714 1936 nium
762 1885 1000 1955 quinque
1046 1904 1297 1945 sensuum
1329 1895 1589 1964 possidet,
1631 1904 1688 1950 ut
1712 1897 1910 1967 videat,
1952 1898 2155 1965 audiat,

565 1983 765 2045 gustet,
797 1977 1078 2052 odoretur,
1112 1991 1168 2038 et
1197 1992 1410 2057 tangat;
1452 1988 1524 2043 ita
1555 1992 1793 2047 membra
1824 1994 2040 2063 superni
2066 2009 2157 2050 ca—

571 2194 597 2201 ﬂ
638 2132 661 2201 fi
698 2124 847 2193 Apud
881 2127 1300 2206 _Gi!ot.,‘Vatic.,
1332 2132 1515 2206 Guss.,
1555 2147 1721 2205 post.,
1766 2140 1916 2206 Coc.,
1946 2143 2034 2199 hic
2062 2144 2149 2198 ad-

560 2199 777 2260 jicitur:
812 2199 891 2249 cui
940 2215 993 2252 se
1024 2200 1092 2252 ad
1132 2213 1299 2257 votum
1328 2199 1738 2264 substa'nt'ialite'r
1764 2199 1998 2279 exhibet;
2038 2230 2155 2285 qum

2261 1908 2422 1964 miter
2446 1908 2513 1963 ad
2538 1918 2868 1966 momentum
2896 1912 3104 1967 sublata
3136 1913 3445 1970 toleramus.

2261 2128 2455 2182 absunt
2476 2142 2506 2180 a
2524 2126 2649 2201 Mss.
2666 2135 2735 2201 et
2761 2128 2930 2196 antiq.
2962 2126 3061 2182 Ed.
3086 2135 3250 2198 atque
3273 2129 3463 2201 abesse
3481 2130 3712 2198 debent;
3743 2144 3845 2201 pu-

2261 2211 2428 2267 gnare
2456 2197 2600 2252 enim
2631 2197 2876 2252 videntur
2901 2214 3023 2253 cum
3053 2197 3319 2254 sententia
3346 2214 3461 2268 seq.

578 2336 3841 2384 ~——————_____._______________________________

1715 2471 2060 2556 LIBER
2131 2476 2681 2559 TERTIUS.

564 2622 796 2683 Totum
842 2634 1030 2703 caput
1088 2629 1427 2691 secundum
1466 2630 1618 2696 libri
1670 2632 1820 2709 Job,
1879 2636 1961 2696 ad
2011 2638 2258 2722 modum
2308 2637 2710 2722 superiorum
2761 2636 3092 2715 librorum,
3143 2640 3472 2715 historice,
3504 2640 3846 2722 allegorice

1802 2733 1872 2774 uc
1902 2717 2231 2779 moraliter
2259 2717 2584 2796 explanat.

1079 2935 1304 2992 CAPUT
1336 2937 1623 2997 PRIMUM.

630 3040 948 3101 llisrontcus
975 3061 1184 3103 seusrs.
1213 3080 1282 3089 —
1324 3052 1371 3105 l.
1424 3052 1619 3107 Beatus
1663 3053 1765 3109 Job
1809 3054 1877 3109 ad
1918 3062 2146 3110 mortem

2251 2943 2358 2997 sito
2383 2942 2601 2998 homine
2626 2942 2876 3009 vinceris,
2906 2942 2998 3012 qui
3023 2952 3072 2997 te
3101 2952 3287 2998 contra
3315 2959 3400 3000 me
3419 2953 3693 3002 auctorem
3721 2965 3844 3005 om-

2254 3030 2398 3084 nium
2426 3032 2634 3102 erigere
2661 3032 2895 3088 conaris.
2930 3031 3078 3087 Unde
3106 3048 3229 3087 mox
3263 3034 3518 3090 Dominus
3547 3052 3665 3091 cum
3693 3040 3844 3095 beati

558 3133 762 3200 petitus
806 3135 860 3190 in
903 3139 1225 3204 tentatione,
1259 3142 1327 3195 ad
1357 3143 1519 3197 vitam
1545 3155 1568 3179 ιι
1592 3144 1761 3199 crevit
1788 3160 1855 3200 ex
1885 3145 2142 3211 verbere;

2251 3122 2350 3178 Job
2375 3124 2536 3189 bona,
2593 3126 2732 3179 sicut
2780 3125 2930 3193 prius
2982 3125 3221 3189 diceret,
3270 3127 3384 3183 haec
3433 3144 3553 3184 cum
3599 3130 3845 3187 victoria:

557 3228 614 3275 et
654 3223 907 3293 antiquus
950 3226 1123 3283 hostis
1148 3230 1290 3286 unde
1318 3248 1377 3287 se
1404 3233 1544 3287 bona
1576 3235 1695 3303 ejus
1738 3236 2024 3291 asstimavit
2050 3252 2147 3291 ex-

558 3312 771 3379 stinguc
804 3329 852 3378 θ,
905 3316 1028 3372 inde
1072 3318 1246 3374 doluit
1296 3323 1700 3393 multiplicasse.
1757 3324 1863 3381 Sed
1916 3327 2041 3394 quia
2093 3326 2146 3382 in

556 3402 734 3470 ptimo
758 3406 1053 3462 certamine
1073 3423 1131 3464 se
1158 3411 1504 3468 succubuisse
1520 3415 1845 3483 considerat,
1870 3416 1937 3470 ad
1966 3417 2069 3471 alia
2090 3432 2148 3472 se

560 3495 918 3552 tentationum
949 3498 1087 3555 bella
1122 3510 1412 3570 restaurat,
1442 3513 1497 3561 et
1537 3505 1605 3561 de
1643 3516 1832 3563 saneto
1860 3511 1978 3565 viro
2005 3511 2145 3565 mala

557 3584 731 3642 a'dhuc
761 3588 1100 3658 impudenter
1126 3602 1342 3662 sperat;
1373 3597 1498 3665 quia
1547 3598 1687 3653 bona
1721 3599 1895 3655 malus
1924 3601 2145 3658 credere

559 3691 665 3730 non
690 3686 887 3748 potest,
907 3681 989 3735 vel
1015 3692 1258 3751 experta.
1287 3683 1361 3740 Ea
1385 3694 1564 3742 autem
1590 3703 1710 3757 qua:
1737 3689 1790 3744 in
1812 3691 1983 3762 prima
2026 3692 2145 3761 ejus

558 3771 905 3837 percussione
950 3776 1224 3843 praemissa
1290 3785 1444 3846 sunt,
1494 3779 1690 3837 iterum
1728 3783 2144 3854 subneetuntur,

555 3876 677 3914 cum
708 3861 905 3917 dicitur
931 3882 944 3917 :

628 3974 788 4030 Vens.
820 3976 870 4041 1,
905 3978 957 4040 2,
981 3980 1035 4033 5.
1057 4012 1130 4024 —-
1160 3980 1377 4037 Factum
1423 3994 1500 4039 est
1539 4002 1655 4039 cum
1678 3988 1902 4055 quadam
1931 3990 2015 4043 die
2058 4006 2144 4043 ve-

555 4067 750 4119 nissent
781 4068 881 4135 ﬁlii
908 4070 1001 4124 Dei
1031 4082 1080 4125 et
1101 4075 1399 4128 assisterent
1419 4092 1594 4130 coram
1619 4077 1861 4144 Domino,
1891 4082 2140 4134 venisset-

551 4173 647 4226 que
670 4158 838 4213 Satan
864 4165 1000 4215 in3er
1027 4180 1134 4226 eos,
1166 4173 1212 4217 et
1244 4174 1405 4219 staret
1427 4168 1479 4219 in
1510 4177 1783 4238 conspectu
1808 4170 1942 4239 ejus,
1973 4179 2030 4223 ut
2055 4172 2139 4224 di-

551 4258 685 4301 ceret
720 4248 970 4304 Dominus
1012 4253 1080 4304 ad
1129 4253 1342 4308 Satan:
1391 4256 1541 4311 Unde
1586 4261 1763 4312 venis?
1793 4258 1895 4323 Qui
1923 4278 2138 4332 respon-

551 4338 698 4400 dens,
736 4338 850 4390 ait:
889 4338 1109 4395 Circuivi
1161 4351 1371 4409 terram,
1421 4355 1469 4399 et
1509 4349 1855 4416 perambulavi
1884 4369 2017 4405 eam.
2069 4352 2139 4407 Et

548 4426 683 4477 dixit
726 4426 979 4481 Dominus
1020 4430 1089 4482 ad
1132 4430 1299 4485 Satan
1333 4449 1350 4486 :
1383 4432 1633 4506 Nunquid
1664 4439 2005 4493 considerasti
2029 4457 2138 4495 ser—

548 4534 665 4571 vum
697 4536 863 4573 meum
891 4519 1011 4586 Job,
1040 4522 1176 4593 quod
1206 4540 1309 4577 non
1337 4526 1404 4578 sit
1447 4526 1492 4580 ei
1536 4528 1719 4583 similis
1745 4546 1899 4600 super
1922 4541 2133 4601 terram,

547 4613 700 4665 homo
722 4611 942 4683 simplex
960 4624 1010 4669 et
1039 4623 1229 4681 rectus,
1275 4617 1463 4670 timens
1504 4616 1693 4687 Deum,
1742 4630 1791 4674 et
1834 4623 2077 4677 recedens
2103 4642 2135 4678 a

547 4702 706 4756 malo.

619 4794 912 4865 In/irmttas
940 4799 1192 4869 superbia:
1234 4802 1429 4857 diaboli
1455 4804 1989 4875 increpatur.—ll:nc
2008 4809 2132 4878 quia

544 4887 707 4942 latius
728 4903 889 4957 supra
913 4889 1284 4958 disseruimus,
1318 4895 1508 4948 melius
1530 4894 1737 4951 silendo
1764 4898 2127 4966 praeterimus:

542 4994 635 5045 ne,
664 4980 791 5034 dum
835 4981 1031 5049 saepius
1075 4981 1312 5038 discussa
1360 4986 1670 5059 repetimus,
1726 4987 1930 5042 tardius
1960 4988 2025 5042 ad
2055 4990 2131 5045 in-

540 5070 784 5125 discussa
811 5071 1112 5127 veniamus.
1146 5073 1399 5139 Quamvis
1429 5076 1550 5140 hoc,
1584 5077 1729 5145 quod
1755 5094 1890 5133 voce
1916 5079 2127 5155 Domini

539 5169 605 5214 ad
648 5161 811 5215 Satan
855 5161 1093 5218 dieitur:
1132 5164 1280 5219 Unde
1304 5169 1485 5221 venis?
1534 5184 1872 5237 nequaquam
1920 5172 2126 5228 aestimo

538 5254 683 5321 quod
711 5254 780 5320 ei,
815 5262 871 5308 ut
898 5256 1066 5323 prius,
1097 5256 1324 5314 dicatur.
1355 5257 1488 5313 Cum
1520 5262 1661 5314 enim
1689 5262 1756 5316 ab
1781 5278 1847 5318 eo
1876 5264 2128 5317 certami-

540 5357 607 5393 ne
636 5342 685 5395 ir.
709 5357 816 5409 quo
838 5346 1110 5402 relaxatus
1138 5346 1316 5402 fuerat
1340 5349 1514 5405 vietus
1536 5350 1709 5417 redit;
1737 5360 1790 5407 et
1819 5353 1958 5407 unde
1978 5354 2125 5408 venit

538 5434 851 5499 requiritur,
884 5452 975 5506 qui
1006 5438 1149 5492 unde
1196 5440 1375 5494 veniat
1404 5441 1572 5495 scitur
1600 5458 1614 5506 ;
1639 5443 1767 5510 quid
1792 5443 1938 5497 aliud
1963 5458 2125 5512 quam

540 5522 822 5579 infirmitas
862 5526 1129 5594 superbiae
1174 5527 1293 5596 ejus
1338 5529 1678 5599 increpatur?
1706 5546 1768 5585 ac
1792 5532 1833 5585 si
1864 5533 1912 5587 ei
1940 5542 2127 5603 aperte

542 5611 716 5667 divina
741 5630 845 5668 vox
872 5615 1016 5687 dicat
1040 5633 1052 5668 :
1080 5616 1217 5672 Ecce
1244 5621 1311 5674 ab
1334 5635 1442 5674 uno
1470 5629 1523 5674 et
1549 5622 1599 5673 in
1623 5620 1827 5675 infirma
1852 5638 2014 5677 carne
2038 5640 2128 5693 po-

615 5758 633 5783 "
670 5748 843 5817 Aliqui
871 5749 1013 5815 Mss,
1040 5756 1192 5806 cret-it
1222 5773 1283 5809 ea:
1328 5758 1548 5811 rulncre.

2253 3216 2537 3286 triumphis
2565 3230 2891 3271 enumerans
2917 3215 3156 3285 adjungit
3180 3234 3195 3269 :

2862 3327 3092 3383 CAPUT
3129 3328 3192 3383 ll.

2318 3416 2445 3471 lam.
2470 3448 2537 3458 -
2566 3417 2635 3472 Et
2658 3419 2825 3473 adhuc
2854 3421 3080 3473 retinens
3104 3420 3454 3475 innocentiam
3482 3439 3651 3477 suam.

2315 3509 2367 3562 2.
2408 3509 2507 3564 Job
2534 3512 2881 3565 innocentiam
2912 3512 3183 3581 gloriosius
3211 3517 3428 3568 servavit
3448 3515 3502 3569 in
3528 3515 3843 3573 verbere.—

2246 3600 2325 3655 Ac
2352 3600 2396 3654 si
2425 3608 2611 3669 aperte
2638 3602 2781 3656 dicat
2813 3619 2826 3654 :
2871 3601 2951 3655 Tu
2983 3602 3202 3670 quidem
3229 3605 3519 3660 exercuisti
3549 3607 3835 3671 malitiam,

2246 3688 2341 3743 sed
2372 3688 2461 3744 ille
2491 3690 2856 3746 innocentiam
2884 3707 2990 3746 non
3022 3692 3233 3759 amisit;
3263 3703 3319 3749 et
3346 3695 3487 3750 unde
3527 3704 3579 3751 te
3602 3698 3837 3754 aestima.

2244 3781 2311 3836 sti
2335 3791 2652 3851 provectum
2675 3782 2791 3851 ejus
2812 3783 3146 3850 imminuere,
3172 3784 3296 3839 inde
3318 3786 3623 3856 compulsus
3637 3803 3695 3843 es
3714 3789 3837 3857 ejus

2245 3872 2522 3941 provectui
2551 3872 2848 3939 deservire,
2879 3873 3004 3942 quia
3037 3875 3232 3929 mentis
3261 3875 3643 3943 innocentiam,
3666 3895 3834 3949 quam

2242 3962 2475 4030 gloriose
2496 3963 2669 4018 tenuit
2694 3964 2748 4018 in
2771 3964 3179 4035 tranquillitate,
3202 3965 3491 4035 gloriosius
3512 3970 3749 4024 servavit
3770 3970 3828 4026 in

2244 4052 2488 4108 verbere.
2520 4051 2775 4123 Sequitur
2799 4071 2813 4107 :

2701 4163 2931 4221 CAPUT
2966 4166 3029 4221 1n
3063 4167 3213 4241 lucc.
3256 4167 3365 4240 II].

2314 4256 2440 4311 Isin.
2462 4288 2535 4300 —-
2564 4256 2641 4310 Tu
2670 4268 2839 4311 autem
2870 4263 3185 4316 commovisti
3216 4278 3298 4315 me
3326 4262 3571 4317 adversus
3601 4281 3739 4332 eum,
3772 4276 3831 4321 ut

2242 4347 2517 4418 aﬂligerem
2538 4349 2684 4402 illum
2713 4351 2929 4418 frustra.

2310 4438 2363 4492 5.
2405 4438 2546 4493 Deus
2580 4440 2766 4510 afﬂixit
2794 4440 2895 4496 Job
2928 4444 3144 4513 frustra,
3178 4446 3298 4517 quia
3328 4447 3381 4500 in
3404 4464 3465 4501 eo
3495 4464 3595 4501 non
3628 4449 3825 4517 punivit

2240 4540 2536 4602 peccatum;
2561 4544 2733 4588 etnon
2762 4536 2976 4605 frustra,
3011 4537 3130 4607 quia
3161 4538 3303 4591 auxit
3327 4539 3441 4609 ejus
3469 4540 3723 4593 ineritum.
3751 4567 3824 4579 -—

2239 4623 2374 4676 Cum
2403 4623 2473 4676 sit
2499 4623 2639 4682 Deus
2678 4624 2854 4692 justus
2885 4636 2938 4679 et
2970 4642 3151 4694 verax,
3183 4628 3338 4683 valde
3367 4628 3708 4698 quarrendum
3739 4637 3823 4683 est

2237 4714 2511 4782 quomodo
2556 4715 2773 4770 beatum
2817 4714 2918 4770 Job
2968 4715 3159 4771 frustra
3206 4717 3460 4774 alilixisse
3506 4735 3567 4777 se
3599 4720 3816 4776 indicat.

2237 4804 2369 4867 Quia
2399 4803 2539 4857 enim
2561 4803 2732 4872 justus
2753 4813 2856 4873 est,
2886 4803 3079 4859 frustra
3105 4804 3345 4875 afﬂigvre
3363 4825 3467 4863 non
3499 4810 3704 4880 potuit;
3726 4811 3819 4865 sed

2234 4908 2449 4948 rursum
2471 4893 2596 4961 quia
2619 4908 2783 4948 verax
2804 4903 2908 4961 e:t,
2932 4894 3088 4949 aliter
3115 4912 3220 4951 non
3250 4900 3423 4966 potuit
3444 4899 3641 4955 dixisse
3663 4916 3820 4969 quam

2231 4982 2378 5037 fecit.
2433 4981 2499 5037 Ut
2543 4996 2671 5052 ergo
2715 4982 2864 5052 justo
2907 4994 2962 5040 et
2990 4988 3168 5041 veraci
3198 4996 3429 5057 utraque
3476 4993 3816 5056 conveniant,

2229 5082 2499 5141 quatenus
2523 5084 2579 5128 et
2598 5090 2724 5129 vera
2747 5077 2908 5142 dicat,
2940 5085 2994 5131 et
3025 5078 3223 5147 injusta
3255 5095 3362 5134 non
3391 5081 3583 5148 faciat;
3616 5096 3816 5150 cogno-

2229 5178 2443 5217 scamus
2482 5164 2700 5219 beatum
2725 5163 2827 5221 Job
2858 5182 2910 5221 et
2934 5167 3091 5235 juxta
3133 5170 3339 5240 aliquid
3364 5171 3582 5238 frustra,
3616 5182 3670 5228 et
3698 5191 3813 5228 rur-

2225 5268 2343 5306 sum
2372 5254 2525 5322 juxta
2551 5255 2754 5324 aliquid
2785 5272 2891 5311 non
2920 5257 3116 5313 frustra
3144 5275 3478 5329 percussum.
3510 5260 3641 5327 Quia
3674 5263 3811 5317 enim

2221 5343 2398 5412 justus
2420 5355 2474 5400 et
2496 5362 2655 5401 verax
2680 5349 2795 5402 inec
2822 5349 2891 5403 de
2919 5352 3207 5420 semetipso
3235 5355 3450 5423 asserit,
3473 5354 3817 5411 ostendamus

2230 5445 2284 5489 et
2308 5451 2493 5490 verum
2521 5440 2789 5493 exstitisse
2817 5440 2961 5509 quod
2989 5442 3143 5506 dixit,
3167 5452 3222 5498 et
3249 5454 3458 5500 rectum
3489 5444 3648 5500 fuisse
3668 5446 3819 5514 quod

2230 5527 2371 5581 fecit.
2404 5527 2635 5582 Necesse
2657 5530 2854 5599 quippe
2878 5540 3013 5599 erat,
3038 5540 3094 5585 ut
3116 5541 3335 5590 sanctus
3362 5536 3440 5589 vir
3468 5535 3580 5591 Deo
3608 5536 3714 5592 soli
3749 5536 3820 5591 si-

2230 5619 2389 5687 biun
2418 5619 2685 5689 cognitus,
2731 5630 2932 5689 quanta
2985 5623 3183 5681 virtute
3210 5625 3459 5695 polleret,
3493 5627 3563 5683 ad
3602 5628 3807 5683 imitan-
