4030 6336
230 372 326 431 ειη

1146 368 1502 426 MORALIUM
1544 368 1669 423 LIB.
1717 367 1802 422 Ill.
1849 396 1914 406 -
1956 364 2021 419 ΙΝ
2061 366 2209 422 CAP.
2258 366 2299 420 ll
2344 367 2398 421 Β.
2441 366 2577 422 JOB.

3392 370 3497 426 διε

229 484 358 538 dum
389 480 597 539 cunctis
620 480 995 535 innotesceret.
1027 478 1226 550 Aperte
1249 495 1482 548 namque
1510 479 1629 535 aliis
1648 478 1814 532 virtu-
1840 464 1889 538 AA
1918 478 2368 549 catorimpudens
2385 479 2467 535 vel
2483 494 2625 550 sarpe
2644 480 2815 535 victus
2835 483 3192 540 Obmutescat.
3220 482 3511 553 Sequitur:

231 578 303 631 tis
332 574 578 644 exempla
607 589 714 627 non
744 573 915 639 daret,
957 572 1003 627 si
1033 572 1149 642 ipse
1178 572 1292 627 sine
1318 571 1620 626 tentatione
1648 584 1825 625 rema-

234 676 409 723 neret.
436 666 625 721 Actum
649 678 777 733 ergo
804 672 886 718 est
913 673 972 718 ut
992 671 1048 718 et
1074 664 1216 718 vires
1239 662 1354 733 ejus
1377 662 1585 717 cunctis
1610 660 1826 715 imitan-

231 759 333 814 das
356 758 469 828 ipsa
499 756 578 811 vis
608 756 972 825 percussionis
1014 755 1341 819 ostenderet,
1373 761 1429 808 et
1455 752 1662 824 ﬂagella
1701 767 1827 822 pro-

230 851 423 905 derent
462 848 607 918 quod
648 850 701 901 in
754 848 1145 917 tranquillitate
1181 847 1448 902 latuisset.
1487 846 1594 902 Sed
1622 846 1824 901 eisdem

231 938 453 1008 ﬂagellis
483 939 651 993 crevit
682 938 849 991 virtus
886 937 1176 1007 patientiae,
1210 943 1373 1006 atque
1400 950 1466 989 ex
1495 935 1684 990 dolore
1705 948 1827 987 ver-

228 1032 375 1088 beris
398 1040 553 1087 aucta
576 1038 656 1085 est
677 1030 846 1099 gloria
866 1029 1334 1084 remunerationis.
1365 1026 1435 1081 Ut
1457 1040 1585 1096 ergo
1605 1026 1657 1080 in
1680 1026 1825 1079 dicto

230 1120 443 1175 Domini
488 1122 688 1175 veritas
716 1160 731 1186 ,
764 1120 1030 1174 rectitude
1077 1128 1256 1174 autem
1298 1126 1548 1173 teneatur
1568 1117 1620 1171 in
1660 1115 1824 1179 facto,

228 1210 420 1266 beatus
445 1210 545 1266 Job
575 1220 628 1266 et
666 1226 772 1265 non
815 1210 1013 1264 frustra
1053 1209 1372 1279 percutitur,
1424 1206 1549 1277 quia
1600 1213 1829 1273 augetur

231 1302 515 1369 meritum;
560 1310 614 1356 et
642 1308 823 1354 tamen
862 1300 1057 1354 frustra
1088 1300 1404 1370 percutitur,
1447 1297 1571 1367 quia
1622 1295 1827 1349 nullum

230 1393 454 1462 punitur
483 1394 586 1463 75
614 1392 932 1446 admissum.
966 1392 1185 1447 Frustra
1218 1393 1358 1447 enim
1390 1404 1675 1461 percussus
1723 1398 1824 1450 cst,

231 1483 317 1536 cui
333 1483 489 1553 culpa
513 1483 656 1537 nulla
686 1482 973 1549 reciditur;
1004 1490 1057 1538 et
1078 1498 1185 1537 non
1209 1482 1401 1537 lrustra
1426 1494 1711 1551 percussus
1726 1488 1825 1545 est,

228 1573 315 1628 cui
338 1573 550 1628 virtutis
581 1573 828 1627 meritum
865 1574 1193 1628 cumulatur.

304 1661 452 1733 [νει.
494 1659 607 1733 [1.]
638 1661 690 1715 4.
734 1660 1029 1716 Commotus
1076 1660 1215 1716 Deus
1259 1662 1344 1731 qui
1384 1661 1726 1732 intelligatur.
1759 1690 1832 1702 -—-

225 1747 340 1802 Sed
384 1750 513 1819 quid
569 1758 651 1805 est
677 1749 819 1819 quod
848 1750 1043 1804 dicitur
1072 1767 1085 1803 :
1117 1749 1446 1804 Commovisti
1476 1766 1554 1803 me
1581 1750 1829 1803 adversus

2376 570 2608 625 CAPUT
2647 572 2688 626 v
2730 572 2877 643 [Rec.
2925 573 3067 645 111].

1998 662 2160 718 Vens.
2192 662 2245 716 6.
2266 661 2496 716 —Dixit
2515 680 2636 735 ergo
2670 664 2919 719 Dominus
2950 667 3021 719 ad
3050 667 3218 722 Satan
3250 683 3271 721 :
3302 667 3436 722 Ecce
3458 668 3513 723 in

1927 770 2083 807 manu
2115 763 2203 807 tua
2244 762 2339 819 est,
2365 765 2712 809 verumtamen
2740 758 2968 811 animant
2996 758 3136 812 illius
3165 776 3330 813 serua.

1997 844 2049 897 6.
2082 843 2266 897 Manui
2295 845 2576 900 adversarii
2592 845 2690 900 Job
2718 848 2792 899 sic
2821 848 3065 913 traditur,
3096 859 3151 901 ut
3175 850 3231 902 in
3259 850 3517 921 adjutoris

1928 950 2085 986 manu
2123 950 2324 1004 semper
2360 937 2663 989 retineatur.
2697 970 2766 979 —
2790 937 2926 992 Ecce
2972 938 3166 993 iterum
3205 942 3516 1008 permissio-

1928 1038 2050 1079 nem
2095 1026 2337 1079 verberis
2402 1027 2696 1080 comitatur
2745 1031 2989 1084 custodia
3038 1033 3408 1100 protectionis,
3466 1044 3520 1087 et

1929 1117 2158 1171 electum
2185 1131 2339 1171 suum
2370 1117 2549 1171 divina
2565 1118 2896 1188 dispensatio
2916 1123 3269 1178 custodiendo
3298 1124 3518 1191 deserit,

1928 1206 2226 1262 deserendo
2277 1208 2541 1271 custodit,
2575 1208 2679 1262 alia
2712 1210 2853 1263 illius
2899 1212 3097 1279 prodit,
3129 1214 3231 1265 alia
3262 1216 3517 1283 protegit.

1927 1298 1985 1353 Si
2014 1298 2157 1353 enim
2188 1305 2359 1353 totum
2388 1298 2487 1352 Job
2517 1299 2791 1354 desereret
2816 1301 2871 1354 in
2899 1316 3059 1355 manu
3105 1305 3235 1357 tanti
3264 1306 3519 1359 adversa-

1927 1390 2015 1459 rii,
2040 1390 2204 1445 homo
2231 1390 2357 1458 quid
2386 1391 2564 1444 esset?
2586 1389 2642 1443 In
2663 1390 2777 1460 ipsa
2807 1405 2935 1460 ergo
2960 1391 3167 1461 justitia
3200 1394 3520 1462 permissio-

1930 1482 2014 1536 nis
2040 1482 2295 1536 miscetur
2322 1481 2570 1550 quaedam
2602 1482 2734 1537 libra
2766 1484 3002 1553 pietatis,
3034 1492 3300 1553 quatenus
3328 1485 3381 1538 iu
3413 1501 3521 1538 uno

1930 1573 2228 1643 eodemque
2252 1574 2549 1629 certamine
2573 1580 2626 1627 et
2654 1589 2843 1628 servus
2868 1574 3084 1629 humilis
3112 1590 3179 1629 ex
3208 1576 3519 1646 oppressio-

1932 1679 2000 1718 ne
2028 1661 2294 1734 proliciat,
2326 1672 2379 1719 et
2410 1665 2576 1720 hostis
2594 1665 2910 1735 superbiens
2935 1680 3003 1719 ex
3026 1666 3378 1735 perr‘nissione
3406 1683 3524 1722 suc-

1931 1755 2165 1810 cumbat.
2194 1754 2371 1809 Manui
2395 1754 2575 1824 itaque
2603 1755 2894 1810 adversarii
2916 1764 3134 1810 sanctus
3162 1757 3242 1810 vir
3269 1757 3520 1826 traditur,

222 1841 383 1893 eum?
424 1839 671 1907 Nunquid
722 1838 935 1893 Satanae
965 1838 1140 1893 verbis
1167 1837 1376 1893 Veritas
1406 1838 1743 1907 accenditur,
1772 1847 1828 1891 ut
1859 1852 1906 1910 Β
1932 1844 2025 1901 sed
2055 1853 2230 1899 tamen
2256 1846 2307 1899 in
2333 1845 2532 1899 intimis
2563 1845 2821 1914 adjutoris
2842 1847 2923 1899 sui
2950 1862 3112 1901 manu
3137 1848 3417 1903 retinetur.
3447 1850 3523 1905 De

228 1930 287 1983 in
334 1930 674 1983 subditorum
721 1944 939 1984 suorum
980 1928 1308 1984 cruciatibus
1348 1930 1668 1998 instigetur?
1697 1928 1827 1995 Quis

227 2020 347 2075 haec
373 2019 442 2074 de
473 2019 583 2073 Deo
624 2019 872 2086 senserit,
908 2036 1028 2091 quae
1070 2031 1224 2078 recto
1251 2023 1415 2077 etiam
1445 2023 1667 2078 homine
1690 2022 1829 2077 indi-

227 2124 335 2179 gna
375 2109 698 2181 perpendit?
743 2108 851 2165 Sed
898 2112 1023 2181 quia
1072 2127 1173 2169 nos
1220 2111 1381 2169 ferire
1429 2113 1530 2169 nisi
1570 2114 1827 2169 commoti

235 2199 524 2262 nescimus,
564 2198 678 2269 ipsa
722 2199 900 2254 divina
932 2202 1209 2271 percussio
1239 2203 1531 2259 commotio
1560 2208 1821 2268 vocatur;

228 2300 289 2346 et
314 2291 380 2345 ad
410 2302 595 2346 nostra
639 2290 803 2346 verba
845 2293 1023 2349 divina
1057 2309 1192 2352 voce
1229 2295 1593 2363 descenditur,
1623 2304 1679 2350 ut
1708 2296 1825 2366 ejus

204 2384 437 2438 'lactum
484 2383 552 2437 ab
592 2383 811 2438 homine
855 2391 1127 2456 utcunque
1152 2388 1417 2459 capiatur.
1450 2387 1545 2444 Illa
1574 2389 1719 2445 enim
1747 2389 1826 2445 vis

236 2489 362 2545 qua:
389 2474 605 2545 absque,
623 2476 947 2532 necessitate
973 2478 1154 2533 omnia
1198 2478 1424 2544 creavit,
1455 2490 1509 2534 et
1539 2480 1701 2535 asine
1731 2480 1826 2533 de-

234 2573 426 2637 spectu
448 2567 699 2623 omnibus
728 2567 999 2637 praesidet,
1035 2576 1089 2624 et
1116 2570 1234 2626 sine
1284 2570 1470 2626 labore
1499 2579 1692 2625 cuncta
1736 2586 1826 2625 su-

227 2664 448 2723 stentat,
474 2668 531 2712 et
554 2657 669 2713 sine
696 2658 1052 2729 occupatione
1072 2661 1229 2730 regit,
1250 2661 1412 2717 etiam
1434 2662 1551 2716 sine
1578 2677 1823 2716 commo-

231 2749 382 2803 tione
454 2750 702 2818 corrigit,
753 2749 937 2819 sicque
977 2750 1240 2807 humauas
1270 2759 1479 2815 mentes
1508 2753 1575 2807 ad
1605 2767 1667 2809 ea
1706 2768 1826 2821 qua:

231 2840 468 2895 voluerit
510 2839 736 2910 ﬂagellis
790 2840 1008 2910 format,
1040 2853 1098 2899 ut
1133 2844 1185 2899 in
1227 2844 1553 2901 diversitatis
1582 2846 1825 2899 umbram

227 2946 261 2985 a
282 2946 395 2987 sua:
416 2931 970 2989 incommutabilitatis
1000 2935 1115 2990 luce
1135 2951 1239 2991 non
1261 2943 1519 2992 transeat.
1542 2936 1821 3007 Sequitur:

856 3026 1087 3081 CAPUT
1125 3026 1214 3083 IV.

301 3114 466 3169 Vens.
492 3114 548 3180 4,
586 3113 637 3169 5.
665 3147 736 3157 —
766 3114 1105 3187 Respondens
1138 3118 1328 3184 Satan,
1361 3120 1475 3174 ait:
1504 3118 1701 3173 Pellem
1729 3137 1825 3190 pro

1930 1936 2034 1990 illis
2060 1936 2260 2004 quippe
2285 1935 2475 1989 ovibus
2508 1935 2625 2001 fuit,
2658 1936 2725 1991 de
2755 1936 2950 2004 quibus
2994 1938 3043 1990 in
3090 1935 3378 2006 Evangelia
3409 1940 3524 2009 ipsa

1929 2025 2139 2080 Veritas
2167 2025 2293 2081 dicit
2325 2044 2339 2079 :
2374 2023 2497 2079 Non
2532 2027 2696 2095 rapiet
2727 2044 2815 2081 eas
2843 2028 3110 2098 quisquam
3139 2028 3200 2081 de
3223 2046 3379 2083 manu
3407 2045 3523 2083 mea

1929 2112 2109 2186 (Joan.
2161 2130 2216 2179 x,
2267 2112 2394 2185 28);
2440 2124 2493 2168 et
2543 2122 2725 2168 tamen
2782 2118 3059 2185 expetenti
3104 2117 3246 2171 hosti
3275 2118 3510 2172 dicitur:

1927 2205 2063 2260 Ecce
2083 2206 2135 2259 in
2159 2222 2313 2259 manu
2338 2214 2425 2259 tua
2449 2216 2545 2260 est.
2572 2205 2748 2261 Isdem
2777 2221 2906 2275 ergo
2932 2208 2985 2263 in
3012 2224 3178 2263 manu
3208 2210 3321 2274 Dei,
3354 2209 3524 2265 isdem

1928 2298 1982 2357 in
2022 2311 2184 2352 manu
2214 2305 2296 2351 est
2336 2295 2555 2350 diaboli.
2599 2296 2731 2351 Nam
2762 2296 2947 2354 dicens
2976 2317 2990 2351 :
3024 2297 3090 2353 In
3120 2317 3277 2353 manu
3304 2309 3393 2354 tua
3416 2312 3525 2366 est;

1928 2403 2048 2443 cum
2089 2387 2335 2458 protinus
2378 2385 2664 2456 adiungit:
2702 2387 3067 2443 Verumtamen
3105 2390 3335 2444 animam
3384 2392 3525 2447 illius

1928 2495 2107 2544 serva;
2150 2484 2397 2547 patenter
2448 2476 2567 2548 pius
2622 2478 2839 2547 adiutor
2886 2478 3143 2549 innotuit,
3197 2483 3323 2551 quia
3355 2487 3527 2539 tenuit

1927 2585 2088 2640 quem
2117 2569 2419 2636 concessit,
2460 2578 2515 2624 et
2539 2569 2717 2626 dando
2746 2585 2853 2627 non
2877 2570 3047 2639 dedit,
3078 2586 3238 2642 quem
3268 2573 3525 2631 adversa-

1929 2662 1991 2716 rii
2022 2660 2101 2716 sui
2131 2662 2240 2731 76
2265 2659 2496 2729 jaculistl
2516 2660 2736 2729 ejiciens
2763 2662 3067 2717 abscondit.

1999 2750 2148 2823 [γει.
2182 2748 2326 2821 111.]
2357 2749 2525 2804 Satan
2549 2750 2604 2803 id
2625 2767 2829 2804 servare
2855 2750 3062 2817 dicitur,
3087 2754 3141 2807 in
3165 2753 3301 2824 quod
3328 2755 3521 2807 irrum-

1926 2860 2049 2914 pere
2076 2859 2178 2897 non
2206 2843 2416 2897 sinitur.
2448 2872 2519 2882 —
2544 2840 2682 2907 Quid
2711 2851 2794 2896 est
2819 2851 2997 2897 autem
3020 2844 3142 2908 hoc,
3169 2845 3313 2914 quod
3336 2844 3404 2899 ad
3423 2847 3493 2900 Sa
3513 2874 3525 2885 ~

1928 2945 2018 2992 tan
2060 2936 2255 2991 dicitur
2293 2952 2306 2989 :
2356 2936 2595 2989 Animam
2624 2934 2763 2988 illius
2794 2952 2941 2989 serva
2969 2936 2994 2989 Ρ
3019 2934 3134 3002 Quo
3187 2936 3330 2991 enim
3358 2948 3520 3007 pacto

1928 3027 2017 3082 ille
2044 3026 2302 3093 custodit,
2324 3026 2414 3094 qui
2438 3024 2703 3080 custodita
2726 3040 2939 3095 semper
2963 3025 3260 3095 irrumpere
3283 3027 3524 3097 appetit?

1928 3121 2036 3177 Sed
2078 3134 2295 3177 servare
2344 3118 2510 3173 Satan
2553 3116 2768 3185 dicitur,
2814 3118 3114 3187 irrumpere
3144 3134 3250 3173 non
3293 3118 3519 3185 audere,

226 3206 380 3274 pelle,
407 3213 455 3259 et
478 3212 664 3259 cuncta
693 3222 812 3278 qna:
838 3205 989 3261 habet
1011 3207 1161 3262 homo
1192 3207 1333 3262 dabit
1372 3226 1465 3280 pro
1495 3211 1670 3263 anima
1694 3226 1815 3275 sua;
1848 3225 1894 3284 ρ
1926 3213 2067 3267 sicut
2095 3225 2127 3267 e
2153 3208 2429 3265 contrario
2455 3205 2669 3261 Patrem
2699 3206 2752 3259 in
2782 3206 3029 3260 oratione
3056 3206 3415 3275 postulamus,
3449 3207 3508 3260 di.

228 3299 458 3369 alioquin
482 3298 624 3351 mitte
644 3314 853 3351 manum
878 3288 1040 3367 tuam,
1063 3306 1111 3352 et
1135 3309 1286 3371 tange
1302 3317 1359 3355 os
1379 3302 1492 3372 ejus
1513 3310 1559 3354 et
1589 3317 1818 3366 carnem,

230 3403 284 3443 et
310 3400 431 3443 tunc
451 3389 646 3444 videbis
670 3391 805 3459 quod
833 3392 887 3444 in
913 3392 1097 3461 faciem
1119 3392 1383 3445 benedicat
1410 3391 1519 3446 tibi.

301 3480 354 3534 5.
398 3480 538 3535 Deus
558 3483 681 3535 sinit
703 3482 968 3538 diabolum
993 3493 1175 3539 contra
1196 3493 1403 3538 sanctos
1432 3484 1618 3538 bellum
1648 3485 1826 3538 redin-

229 3581 457 3643 tegrare,
479 3580 536 3626 ut
561 3573 751 3643 sacpius
774 3575 933 3629 victus
963 3575 1644 3645 obmutescat.—Antiquus
1660 3577 1831 3631 hostis

230 3682 300 3719 ex
328 3668 492 3721 rebus
538 3666 898 3722 exterioribus
938 3664 1339 3734 colligitgquod
1388 3666 1548 3721 beato
1594 3666 1713 3721 viro
1764 3667 1832 3720 ad

230 3757 432 3812 mentis
461 3758 665 3813 crimen
714 3756 924 3825 inﬂigit.
967 3754 1166 3810 Pellem
1222 3757 1364 3810 enim
1414 3770 1514 3826 pro
1544 3757 1686 3827 pelle
1715 3754 1830 3810 dari

235 3851 456 3917 asserit,
482 3850 606 3920 quia
650 3863 793 3918 saepe
835 3848 960 3903 dum
996 3848 1181 3903 venire
1215 3849 1379 3904 ictum
1411 3858 1601 3905 contra
1640 3850 1831 3906 faciem

233 3944 531 4007 cernimus,
562 3956 779 3998 manum
820 3940 1093 4011 palpebris
1137 3941 1491 4013 opponimus,
1542 3951 1600 3996 ut
1630 3942 1696 3997 ab
1724 3942 1834 3998 ictu

232 4034 423 4089 oculos
461 4032 851 4097 defendamus;
882 4040 938 4087 et
966 4047 1163 4102 corpus
1190 4032 1400 4088 vulneri
1429 4032 1731 4103 objicimus,
1767 4049 1836 4089 ne

232 4126 287 4180 iu
305 4138 533 4193 corpore
553 4124 807 4178 teneriori
834 4123 957 4177 vulr.
967 4138 1199 4178 eremur.
1216 4123 1383 4178 Satan
1396 4136 1524 4191 ergo
1541 4121 1692 4179 haecb
1707 4138 1836 4179 con-

232 4222 387 4269 suete
415 4213 530 4268 lieri
559 4214 757 4281 sciens,
802 4214 934 4268 dicit
976 4232 988 4267 :
1021 4213 1220 4268 Pellem
1262 4230 1356 4281 pro
1384 4214 1537 4283 pelle,
1581 4223 1629 4269 et
1651 4224 1835 4268 cuncta

233 4321 350 4377 qua:
389 4305 541 4360 habet
588 4307 761 4371 homo,
804 4306 947 4360 dabit
992 4323 1085 4366 pro
1122 4305 1298 4358 anima
1328 4321 1444 4360 sua.
1476 4305 1554 4359 Ac
1577 4306 1621 4359 si
1649 4314 1837 4375 aperte

234 4399 375 4452 dicat
401 4416 415 4453 :
444 4397 647 4454 Idcirco
673 4396 774 4453 Job
804 4406 884 4453 tot
922 4404 1073 4452 extra
1104 4412 1164 4452 se
1204 4396 1415 4465 ﬂagella
1462 4395 1837 4466 mquanimiter

236 4489 460 4559 patitur,
492 4490 617 4558 quia
649 4496 827 4558 pavet,
862 4503 930 4544 ne
968 4490 1082 4559 ipse
1106 4487 1350 4543 feriatur.
1383 4486 1524 4543 Cura
1552 4501 1681 4557 ergo
1711 4503 1836 4542 car.

1928 3310 2114 3357 centes
2138 3316 2151 3352 :
2181 3296 2266 3353 Ne
2282 3314 2376 3352 nos
2400 3297 2618 3353 inducas
2644 3298 2698 3351 in
2724 3297 3055 3350 tentationem
3077 3294 3291 3365 (Matth.
3315 3312 3384 3362 vt,
3413 3294 3522 3366 l3).

1928 3393 2115 3462 Neque
2160 3392 2303 3446 enim
2350 3390 2403 3444 iu
2457 3389 2816 3445 tentationem
2872 3387 3126 3443 Dominus
3174 3388 3399 3454 inducit,
3433 3389 3525 3457 qui

1928 3501 2143 3556 semper
2164 3501 2193 3540 a
2226 3485 2523 3540 tentatione
2552 3483 2797 3538 subditos
2822 3482 3245 3538 misericorditer
3265 3482 3524 3551 protegit:

1931 3576 2024 3632 sed
2067 3584 2242 3630 tamen
2272 3575 2325 3630 in
2358 3574 2713 3629 tentationem
2744 3574 2897 3644 quasi
2927 3572 3047 3641 ejus
3076 3572 3330 3628 inducere
3372 3581 3473 3637 est,
3497 3588 3526 3626 a

1932 3667 2249 3722 tentationis
2276 3681 2377 3721 nos
2408 3665 2664 3721 illecrbra
2697 3682 2805 3719 non
2837 3665 3065 3719 munire.
3100 3663 3166 3717 Et
3194 3672 3325 3719 tunc
3355 3664 3527 3719 nosiu

1933 3757 2251 3813 tentationis
2291 3756 2541 3826 laqueum
2589 3770 2698 3810 non
2751 3755 2975 3821 inducit,
3035 3771 3157 3810 cum
3204 3756 3398 3810 tentari
3428 3770 3529 3809 nos

1934 3849 2073 3905 ultra
2095 3862 2254 3917 quam
2284 3860 2570 3916 possumus
2599 3860 2706 3901 non
2736 3846 3020 3916 permittit.
3052 3845 3202 3901 Sicut
3231 3860 3358 3915 ergo
3389 3845 3530 3899 Deus

1935 3940 2193 3995 inducere
2217 3954 2317 3994 nos
2344 3938 2396 3992 iu
2430 3939 2786 3994 tentationem
2807 3938 3022 4003 dicitur,
3052 3937 3095 3992 si
3125 3952 3223 3992 nos
3252 3938 3319 3992 ab
3340 3937 3529 3991 adver-

1935 4034 2079 4088 sario
2102 4031 2282 4087 induci
2305 4031 2563 4102 patiatur;
2589 4031 2663 4085 ita
2690 4030 3028 4085 adversarius
3050 4044 3268 4084 servare
3295 4028 3529 4083 animam

1936 4123 2131 4179 dicitur
2157 4136 2279 4178 cum
2317 4122 2455 4177 hanc
2486 4120 2748 4176 tentando
2786 4134 3047 4189 superare
3076 4118 3412 4189 prohibetur.

2007 4213 2173 4271 Vens.
2208 4214 2259 4268 7.
2291 4244 2360 4255 -—
2384 4212 2639 4284 Egressus
2679 4213 2837 4284 igitur
2874 4212 3043 4265 Satan
3076 4228 3107 4264 a
3135 4210 3268 4283 facie
3292 4210 3526 4265 Domini.

2011 4306 2294 4374 Quomodo
2316 4306 2481 4361 Satan
2511 4320 2541 4358 a
2571 4306 2708 4360 facie
2739 4303 2950 4359 Domini
2979 4311 3158 4369 exeat,
3184 4316 3250 4356 ea
3277 4301 3388 4371 jam
3411 4316 3532 4370 qua:

1939 4396 2187 4468 superius
2222 4394 2533 4459 suntdicta,
2564 4391 2929 4449 manifestam.
2951 4391 3203 4462 Sequitur
3232 4408 3247 4445 :

2559 4483 2789 4540 CAPUT
2834 4483 2918 4539 Vl.

238 4579 325 4634 nis
365 4587 484 4648 est,
534 4579 676 4663 quod
729 4579 925 4635 damno
963 4578 1251 4635 alTectuum
1299 4578 1596 4634 carnalium
1660 4588 1838 4634 motus
1870 4587 1914 4644 D
2010 4583 2217 4638 IBlD.—-
2245 4580 2509 4636 Percussit
2537 4578 2637 4633 Job
2658 4578 2829 4633 ulcere
2856 4578 3102 4647 pessimo,
3133 4593 3165 4629 a
3188 4576 3369 4646 planta
3390 4576 3543 4646 pedis

240 4686 352 4725 non
418 4679 534 4735 est,
605 4672 733 4739 quia
802 4671 929 4726 dum
998 4671 1318 4741 sibimetipsi
1369 4672 1601 4737 metuit,
1664 4672 1837 4727 minus

240 4775 467 4814 suorum
527 4760 905 4829 percussiones
968 4762 1152 4815 sentit.
1212 4759 1366 4816 Unde
1422 4769 1478 4815 et
1543 4776 1671 4815 mox
1720 4760 1837 4830 ejus

238 4866 460 4907 carnem
510 4849 803 4906 feriendam
851 4852 1113 4923 postulat,
1166 4852 1349 4907 dicens
1381 4869 1394 4905 :
1426 4851 1579 4906 Mitte
1626 4869 1839 4907 manum

239 4954 402 5009 tuam,
437 4954 485 4997 et
517 4952 669 5015 tange
699 4962 754 4998 os
793 4945 905 5015 ejus
933 4955 980 4999 et
1011 4961 1238 5011 carnem,
1270 4953 1317 4998 et
1340 4954 1460 4999 tunc
1491 4945 1684 5000 videbis
1704 4946 1840 5017 quod

237 5036 294 5087 in
328 5034 516 5104 [aciem
551 5033 819 5087 benedical
845 5036 936 5089 tibi
962 5035 1016 5106 (Ι
1020 5035 1082 5090 ob
1113 5052 1169 5101 tt,
1197 5035 1273 5107 5).
1308 5036 1568 5106 Superius
1588 5037 1798 5093 dixerat
1823 5056 1836 5091 :

244 5123 423 5195 Tange
438 5134 621 5179 cuncta
635 5144 749 5197 qua:
764 5128 1013 5196 possidet,
1035 5136 1083 5182 et
1099 5137 1218 5182 tunc
1232 5128 1425 5183 videbis
1439 5130 1573 5201 quod
1584 5130 1637 5182 in
1652 5130 1841 5200 faciem

243 5214 511 5269 benedicat
538 5215 625 5270 tibi
654 5227 675 5255 ο
712 5216 763 5289 (Ι
769 5220 830 5271 ob
853 5234 889 5282 ι,
916 5217 1026 5287 il).
1042 5219 1194 5274 Nunc
1214 5220 1366 5290 quasi
1389 5221 1582 5290 prioris
1598 5222 1843 5292 proposi-

243 5306 408 5363 tionis
428 5308 643 5372 oblitus,
660 5309 859 5365 fractus
877 5312 941 5364 de
960 5312 1078 5367 aliis
1098 5312 1199 5366 alia
1222 5313 1475 5385 postulat.
1495 5313 1649 5381 Quod
1663 5324 1841 5371 tamen

245 5407 392 5453 recte
408 5399 583 5455 divina
597 5400 997 5472 dispensatione
1021 5405 1368 5475 permittitur,
1395 5417 1662 5477 quatenus
1687 5409 1846 5462 alter-

322 5542 344 5568 η
364 5531 439 5586 Ita
460 5547 649 5589 omnes
670 5532 794 5589 Mss.
811 5536 977 5589 nostri
992 5544 1045 5590 et
1061 5544 1166 5590 vet.
1192 5535 1331 5590 Eliil.
1348 5535 1518 5590 Paris.
1538 5547 1591 5595 et
1606 5536 1761 5592 Basil.
1782 5538 1838 5592 lu

251 5602 734 5677 nonnullislilditis,
766 5607 947 5677 et_sine
975 5605 1191 5675 defectu.
1224 5604 1375 5659 Prior
1396 5606 1560 5677 lectio
1589 5616 1672 5661 est
1701 5611 1842 5677 opti-

250 5686 334 5748 ma
355 5714 369 5738 ,
410 5672 978 5748 signiﬁcatquc__Deum
1005 5672 1201 5748 cuncta
1237 5690 1331 5748 sua
1372 5674 1712 5748 providentia
1739 5672 1838 5748 gu-

254 5742 501 5815 bernare,
530 5760 597 5815 ne
623 5744 901 5798 vilioribus
926 5746 1141 5812 quidem
1166 5742 1693 5815 cutibus—despectis.

325 5812 350 5850 δ
381 5812 654 5880 Nonnulli,
684 5815 911 5870 consulte
930 5815 1063 5883 ﬁeri.

1938 4693 2098 4748 usque
2120 4676 2190 4730 ad
2217 4676 2457 4730 verticem
2487 4674 2617 4743 ejus.

2011 4767 2063 4822 8.
2102 4767 2165 4821 In
2195 4783 2409 4838 corpore
2428 4764 2526 4819 Job
2567 4764 2697 4818 nihil
2730 4772 2877 4817 vacat
2904 4780 2936 4816 a
2970 4778 3140 4832 paena,
3183 4770 3241 4815 ut
3280 4762 3333 4815 in
3359 4763 3532 4816 anima

1940 4859 2070 4912 nihil
2094 4867 2234 4913 uacet
2260 4874 2291 4910 α
2314 4858 2499 4928 gloria.
2523 4887 2594 4899 ——
2624 4856 2842 4910 Duobus
2869 4869 3087 4924 semper
3117 4853 3291 4908 modis
3318 4850 3530 4923 ﬂagella

1908 4953 1911 4955 “
1942 4951 2217 5022 pensanda
2246 4957 2390 5014 sunt,
2424 4958 2479 5003 ut
2536 4949 2742 5003 scilicet
2772 4948 3197 5018 perpendautur,
3230 4954 3324 5001 aut
3354 4947 3532 5015 qualia
3576 4987 3580 4991 .

1945 5043 2074 5108 sint,
2097 5050 2193 5103 aut
2215 5049 2435 5110 quanta.
2464 5040 2596 5095 Nam
2625 5056 2768 5109 saepe
2796 5041 2959 5095 multa
2986 5055 3053 5095 ex
3079 5039 3363 5108 qualitate,
3393 5052 3535 5106 saepe

1947 5133 2128 5202 gravia
2177 5148 2244 5187 ex
2294 5132 2597 5200 quantitate
2650 5131 2995 5198 levigantur:
3044 5131 3089 5184 si
3117 5129 3364 5184 videlicet
3411 5143 3533 5183 cum

1947 5224 2115 5280 multa
2162 5230 2312 5289 sunt,
2357 5236 2464 5277 non
2513 5222 2621 5276 sint
2675 5221 2891 5289 gravia;
2951 5235 3073 5274 cum
3127 5233 3259 5274 vero
3308 5217 3530 5286 gravia,

1948 5332 2056 5372 non
2114 5316 2223 5371 sint
2285 5313 2471 5368 multa.
2531 5311 2600 5367 Ut
2649 5313 2809 5380 igitur
2870 5310 3187 5364 ostendatur
3259 5308 3533 5377 quomodo

1949 5422 2046 5476 per
2101 5404 2449 5475 aSperilatem
2522 5402 2715 5473 ﬂagelli
2761 5400 3099 5456 adversarius
3145 5406 3333 5453 contra
3381 5412 3538 5453 sanc-

2024 5549 2045 5576 ε
2076 5537 2155 5593 Ita
2187 5537 2367 5602 Rem.,
2399 5531 3004 5610 Reniig.,_(}ont_peiu_l.,
3038 5529 3223 5610 Cirrha
3254 5527 3464 5610 Germ,
3504 5541 3535 5580 a

1948 5609 2181 5667 secunda
2211 5597 2394 5673 manu,
2426 5615 2480 5660 et
2506 5597 2625 5659 ve't.
2647 5602 2743 5657 Ed.
2794 5602 2863 5655 At
2908 5601 3063 5671 Cuc.,
3088 5599 3276 5667 Gilot.,
3309 5597 3537 5669 aliaeque

1948 5694 2063 5728 seu.
2097 5678 2219 5728 Ed..
2260 5678 2459 5728 habent
2512 5675 2697 5728 oblitus
2737 5675 2926 5728 factus.

1948 5694 2063 5785 seq.
2097 5678 2219 5744 ω,
2260 5678 2459 5732 habent
2490 5675 2697 5757 .oblitus
2728 5675 2926 5795 iactus,

2079 5748 2238 5805 Solus
2268 5747 2449 5815 Guss.,
2475 5746 2665 5820 Jacults
2694 5761 2721 5799 υ
2752 5759 2961 5815 λιειειιε.
