4030 6316
568 278 673 337 6θό

1753 277 2001 337 SANCTI
2040 277 2365 337 GREGORII
2407 282 2621 341 MAGNI

3736 308 3857 364 θοι

564 398 678 447 tum
732 390 905 449 virum
965 407 1074 451 non
1133 391 1308 451 solum
1357 408 1455 466 per
1500 390 1793 463 nequitiam
1847 393 2143 462 qualitatis,
2176 393 2222 451 A
2254 404 2584 466 nasceretur,
2614 405 2834 454 renatus
2862 400 2986 458 :ille
3016 404 3220 462 amicus
3247 409 3450 478 sponsi,
3484 409 3593 479 ille,
3622 429 3731 485 quo
3760 421 3857 476 in-

562 484 658 538 red
683 485 847 540 etiam
878 500 975 556 per
1002 487 1213 554 pondus
1240 483 1553 553 quantitatis
1578 482 1801 549 exarsit,
1834 482 1902 538 ad
1924 482 2147 538 demon-

562 575 835 629 strandam
876 577 1188 644 qualitatem
1224 575 1417 631 dicitur
1448 592 1463 630 :
1497 575 1763 631 Percussit
1784 592 1899 630 eum
1931 584 1956 612 ἰ
1977 574 2150 631 ulcere

561 665 815 732 pessimo;
857 664 923 717 ad
973 664 1344 718 insinuandam
1382 680 1512 720 vero
1540 665 1897 735 quantitatem
1927 665 2150 734 subjun-

561 755 741 821 gitur:
766 754 807 805 Α
828 754 1008 825 planta
1035 754 1180 824 pedis
1203 771 1360 827 usque
1401 756 1471 810 ad
1519 757 1777 821 uerticem,
1810 764 1870 811 ut
1896 754 2148 810 nimirum

560 843 694 897 nihil
744 843 798 897 in
848 850 1031 897 mente
1078 852 1235 899 vacet
1265 861 1293 899 a
1323 846 1514 915 gloria,
1546 846 1599 901 in
1623 844 1775 916 cujus
1803 858 2033 917 corpore
2074 843 2149 900 nil

560 940 713 985 vacat
739 946 769 985 a
794 946 972 1001 poena.
1001 931 1256 1002 Sequitur
1280 950 1294 988 :

1002 1022 1230 1079 CAPUT
1267 1024 1357 1079 vu
1395 1025 1544 1099 [Rea
1576 1023 1705 1096 IV].

632 1111 795 1169 Vens.
840 1113 893 1170 8.
924 1146 993 1157 —
1037 1116 1137 1182 Qui
1183 1126 1311 1174 testa
1350 1120 1548 1174 saniem
1592 1120 1831 1189 radebat,
1872 1119 2056 1175 sedem
2091 1118 2148 1175 in

556 1205 901 1277 sterquilinio.

630 1294 684 1349 9.
712 1295 811 1351 Job
852 1304 983 1352 testa
1010 1298 1211 1353 saniem
1254 1302 1483 1371 corporis
1513 1300 1725 1367 radens,
1760 1316 1854 1355 nos
1884 1300 2031 1355 docet
2056 1315 2145 1355 vas

557 1385 717 1455 ﬁctile
735 1386 872 1459 quod
889 1396 1146 1459 gestamus
1174 1390 1273 1444 cito
1294 1390 1680 1445 conterendum.
1706 1420 1774 1431 —
1799 1389 1953 1445 Unde
1982 1397 2142 1455 testa,

559 1476 662 1531 nisi
685 1491 753 1532 ex
779 1477 892 1533 luto
918 1479 1230 1535 conﬁcitur?
1256 1478 1392 1547 Quid
1418 1496 1547 1537 vero
1568 1488 1651 1537 est
1675 1480 1852 1537 sanies
1878 1481 2141 1551 corporis,

558 1567 661 1623 nisi
688 1568 896 1623 lutum?
924 1568 1140 1625 Saniem
1171 1585 1300 1640 ergo
1324 1571 1513 1627 radere
1559 1579 1696 1628 testa
1727 1572 2059 1642 perhibetur,
2081 1587 2145 1628 ac

555 1657 602 1710 si
628 1667 815 1727 aperte
840 1659 1109 1715 diceretur
1148 1678 1163 1714 :
1203 1660 1337 1717 Luto
1381 1662 1628 1733 tergebat
1655 1663 1846 1718 lutum.
1879 1662 2144 1719 Pensabat

554 1748 753 1818 quippe
771 1749 854 1803 vir
868 1759 1086 1807 sanctus
1111 1751 1252 1808 unde
1279 1762 1549 1824 sumptum
1574 1752 1749 1810 fuerat
1787 1754 1930 1825 quod
1969 1763 2138 1823 gesta-
2167 1755 2216 1816 B

552 1837 664 1903 bat,
693 1845 746 1893 et
775 1838 1074 1907 fragmento
1100 1841 1243 1897 vasis
1275 1843 1452 1899 ﬁctilis
1489 1843 1824 1900 confractum
1855 1861 1949 1903 vas
1977 1845 2139 1903 ﬁctile

552 1926 798 1982 radebat.
839 1927 957 1994 Quo
993 1928 1136 1984 facto
1158 1937 1405 1998 patenter
1429 1932 1731 1987 ostenditur
1757 1948 1956 2005 corpus
1983 1949 2140 1991 suum

552 2017 826 2085 quomodo
848 2019 949 2074 sibi
978 2034 1167 2075 sanum
1182 2020 1435 2086 subdidit,
1474 2022 1619 2092 quod
1646 2031 1703 2079 et
1722 2039 2033 2095 percussum
2061 2026 2141 2084 sic

553 2104 857 2176 despiciens
878 2110 1109 2176 curavit;
1126 2127 1283 2181 quam
1306 2112 1393 2166 ille
1406 2112 1683 2168 mollitiem
1706 2129 1851 2170 same
1871 2131 1981 2171 sua:
1991 2116 2139 2173 carni

553 2199 848 2268 concessit,
889 2202 978 2270 qui
1010 2217 1119 2258 non
1147 2211 1382 2271 vestem,
1425 2220 1533 2259 non
1562 2205 1787 2275 digitos,
1814 2208 1909 2263 sed
1948 2215 2140 2265 testam

553 2288 721 2343 etiam
744 2290 1053 2348 vulneribus
1075 2292 1331 2349 admovit.
1351 2293 1510 2349 Testa
1525 2310 1654 2365 ergo
1674 2295 1896 2353 radebat
1910 2299 2136 2366 saniem,

554 2388 616 2435 ut
641 2384 987 2453 semetipsum
1032 2392 1088 2440 et
1134 2385 1187 2440 in
1236 2386 1533 2455 fragmento
1574 2388 1945 2459 considerans,
1975 2390 2139 2447 etiam

552 2468 620 2524 de
648 2473 952 2528 extersione
975 2475 1211 2530 vulneris
1238 2487 1476 2532 sumeret
1498 2493 1681 2533 curam
1708 2479 1922 2536 mentis.

628 2559 772 2632 [γει.
811 2562 936 2636 ιγ.]
965 2565 1046 2619 10.
1080 2566 1106 2619 1
1114 2584 1146 2619 ιι
1174 2568 1495 2638 sterquilinio
1511 2570 1695 2640 jacetts
1734 2572 1928 2642 cogitat
1952 2588 2138 2643 corpus

554 2648 697 2705 brevi
717 2661 912 2709 stercus
936 2657 1186 2727 futurum.
1216 2689 1288 2699 —
1316 2656 1449 2724 Quia
1483 2673 1609 2713 vero
1638 2674 1782 2730 sepe
1810 2675 1906 2731 per
1926 2676 1990 2717 ea
2018 2678 2138 2733 quae

551 2738 695 2797 circa
733 2756 928 2813 corpus
971 2753 1116 2811 sunt,
1147 2747 1355 2802 animus
1386 2745 1622 2815 inﬂatur,
1652 2757 1704 2804 et
1750 2765 1845 2820 per
1865 2751 1967 2807 hoc
1992 2754 2134 2823 quod

551 2842 678 2896 erga
719 2847 818 2886 nos
864 2835 1041 2903 agitur
1082 2835 1340 2907 fragilitas
1383 2840 1553 2894 nostri
1608 2841 1848 2911 corporis
1871 2842 1939 2898 ab
1966 2845 2136 2901 oculis

550 2922 731 2978 cordis
759 2935 1041 2981 amovetur
1065 2925 1235 2999 (sicut
1262 2931 1501 2985 nonnulli
1532 2931 1816 2988 saeculares
1855 2949 1976 2990 cum
2000 2945 2135 2991 tem-

549 3014 825 3096 poralibus
846 3016 1190 3087 dignitatibus
1216 3019 1525 3088 lulciuntur,
1550 3024 1676 3080 dum
1702 3023 1835 3081 locis
1856 3027 2135 3086 altioribus

2254 488 2336 535 ter
2373 493 2531 539 natos
2572 487 2857 544 mulierum
2898 491 3073 562 major
3109 510 3271 552 nemo
3314 503 3579 571 surrexit;
3630 505 3722 561 ille
3762 512 3855 566 sic

2251 575 2535 666 propheta,
2568 586 2626 633 ut
2645 579 2764 650 plus
2787 584 2950 639 etiam
2974 601 3136 656 quam
3167 592 3432 661 propheta
3473 593 3721 666 (Matth,
3762 616 3849 665 xx,

2251 662 2352 734 9),
2397 667 2466 722 ab
2495 668 2689 739 iniquis
2710 672 2764 726 in
2790 689 3064 733 carcerem
3089 681 3352 751 mittitur,
3399 692 3457 741 et
3482 662 3597 756 'pro
3645 662 3851 758 puellae

2249 756 2465 825 saltatu,
2492 760 2669 831 capite
2696 772 2993 834 truncatur,
3021 776 3078 823 et
3114 770 3198 825 vir
3219 778 3383 828 tantae
3411 756 3719 834 severitatis
3741 796 3850 849 pro

2249 845 2362 901 risu
2389 848 2623 919 turpium
2647 854 2897 911 moritur.
2925 854 3301 929 Nunquidnam
3331 865 3600 923 credimus
3634 845 3842 939 a'iquid

2250 937 2275 991 f
2274 938 2432 1006 uisse,
2445 941 2589 1010 quod
2611 943 2665 998 in
2686 946 2803 1013 ejus
2819 947 2926 1002 vita
2940 949 3121 1007 illasic
3134 951 3385 1023 despecta
3402 971 3550 1013 mors
3569 937 3844 1029 tergeret?

2248 1031 2355 1088 Sed
2370 1033 2585 1103 quando
2598 1035 2689 1093 ille
2698 1039 2781 1094 vel
2796 1040 2849 1095 in
2862 1042 2983 1099 cibo
3000 1047 3265 1116 peccavit,
3279 1051 3371 1119 qui
3387 1049 3625 1107 locustas
3637 1054 3847 1109 solum-

2249 1127 2413 1183 modo
2424 1135 2477 1183 ει
2491 1135 2597 1193 mel
2618 1133 2864 1190 silvestre
2883 1137 3150 1195 comedit?
3177 1139 3318 1208 Quid
3342 1141 3456 1198 Deo
3467 1144 3552 1199 vel
3573 1144 3641 1201 de
3661 1147 3845 1215 quali-

2248 1230 2359 1279 tate
2378 1226 2459 1282 sui
2482 1227 2731 1298 tegminis
2751 1228 2995 1297 deliquit,
3018 1230 3111 1298 qui
3139 1232 3472 1288 camelorum
3494 1235 3617 1305 pilis
3637 1252 3840 1308 corpus

2247 1319 2485 1386 operuit?
2496 1317 2634 1385 Quid
2646 1318 2712 1375 de
2723 1321 3132 1377 conversatione
3143 1337 3236 1377 sua
3250 1322 3524 1381 offendere
3533 1329 3727 1397 potuit,
3740 1330 3837 1401 qui

2246 1407 2315 1463 de
2342 1423 2527 1465 eremo
2542 1425 2650 1464 non
2678 1411 2938 1468 recessit?
2961 1412 3098 1479 Quid
3123 1414 3270 1468 illum
3286 1414 3629 1485 loquacitatis
3650 1430 3834 1475 reatus

2245 1500 2456 1571 polluit,
2468 1501 2561 1570 qui
2574 1500 2872 1571 disjunctus
2887 1504 3043 1573 longe
3054 1505 3122 1559 ab
3133 1505 3439 1561 hominibus
3453 1506 3584 1563 fuit?
3606 1508 3832 1575 Quando

2245 1592 2393 1646 illum
2409 1592 2497 1648 vel
2524 1592 2723 1648 silentii
2737 1594 2895 1665 culpa
2910 1596 3104 1664 attigit,
3129 1597 3220 1666 qui
3233 1596 3299 1652 ad
3327 1612 3388 1653 se
3416 1598 3693 1655 venientes
3720 1608 3827 1656 tant

2246 1685 2594 1741 vehementer
2621 1687 2933 1759 increpavit,
2966 1688 3150 1745 dicens
3174 1706 3189 1743 :
3212 1689 3489 1746 Genimiua
3520 1692 3828 1763 viperarum,

2241 1775 2352 1845 quis
2380 1774 2748 1831 demonstravit
2787 1776 2927 1831 vobis
2948 1780 3125 1849 fugere
3152 1795 3184 1831 a
3212 1788 3425 1833 ventura
3452 1781 3532 1834 ira
3555 1781 3579 1834 ?
3607 1781 3822 1852 (Matth.

2242 1878 2319 1930 ut,
2353 1864 2420 1931 7;
2451 1863 2579 1921 Luc.
2610 1882 2688 1933 ιιι,
2717 1867 2785 1935 7;
2816 1867 2986 1924 Marc.
3018 1883 3059 1931 ι.
3088 1867 3172 1939 4.)
3210 1867 3351 1936 Quid
3379 1878 3463 1926 est
3490 1885 3651 1941 ergo,
3682 1873 3831 1943 quod

2241 1951 2343 2010 Job
2372 1954 2468 2011 Dei
2498 1957 2806 2013 testimonio
2838 1957 3134 2027 praefertur,
3167 1967 3223 2013 et
3251 1966 3428 2015 tamen
3457 1960 3623 2030 plagis
3653 1976 3826 2033 usque

2241 2046 2311 2102 ad
2338 2047 2732 2116 sterquilinium
2775 2048 3064 2105 sternitur?
3092 2048 3231 2117 Quid
3258 2057 3378 2113 est,
3409 2051 3550 2120 quod
3583 2051 3830 2109 Joannes

2241 2136 2339 2193 Dei
2365 2152 2501 2193 voce
2527 2137 2789 2205 laudatur,
2834 2146 2890 2194 et
2932 2147 3113 2194 tamen
3139 2154 3239 2209 pro
3270 2140 3544 2196 temulenti
3581 2142 3767 2199 verbis
3794 2142 3822 2179 ά

2242 2228 2297 2284 in
2323 2228 2627 2284 saltationis
2648 2229 2925 2299 praemium
2951 2230 3218 2286 moritur?
3246 2229 3385 2298 Quid
3409 2240 3511 2299 est,
3535 2233 3679 2302 quod
3700 2248 3826 2289 om-

2240 2321 2491 2392 nipotens
2511 2320 2655 2378 Deus
2681 2322 2760 2378 sic
2786 2322 3135 2381 vehementer
3155 2324 3209 2379 in
3236 2324 3341 2382 hoc
3361 2327 3559 2382 seculo
3576 2328 3827 2398 despicit,

2239 2428 2377 2485 quos
2396 2414 2475 2471 sic
2500 2415 2800 2471 sublimiter
2819 2426 2946 2472 ante
2965 2418 3158 2473 saecula
3180 2419 3343 2490 elegit
3366 2438 3381 2473 :
3404 2420 3505 2475 nisi
3533 2421 3655 2486 hoc,
3681 2421 3833 2491 quod

2239 2505 2428 2576 pietati
2456 2504 2693 2561 ﬁdelium
2718 2515 2887 2577 patet,
2917 2509 3173 2579 quoniam
3215 2511 3416 2567 idcirco
3462 2512 3542 2567 sic
3571 2526 3667 2568 eos
3697 2529 3831 2583 pre-

2240 2596 2340 2652 mit
2381 2598 2437 2653 in
2479 2597 2711 2665 inﬁmis,
2761 2600 2887 2671 quia
2933 2600 3075 2656 videt
3120 2602 3392 2671 quomodo
3430 2614 3743 2660 remuneret
3771 2607 3828 2660 in

2237 2690 2492 2757 summis;
2523 2699 2579 2747 et
2604 2690 2750 2747 foras
2777 2706 2948 2761 usque
2975 2692 3040 2748 ad
3070 2693 3322 2763 despecta
3352 2694 3553 2763 dejicit,
3591 2697 3716 2765 quia
3742 2698 3831 2751 in-

2241 2789 2326 2836 tus
2354 2794 2525 2849 usque
2552 2780 2621 2837 ad
2648 2781 3207 2851 incomprehensibilia
3235 2785 3498 2855 perducit.
3533 2785 3670 2843 Hinc
3693 2802 3832 2856 ergo

2243 2870 2604 2939 unusquisque
2633 2870 2849 2940 colligat
2891 2873 3019 2940 quid
3046 2873 3156 2928 illic
3182 2874 3293 2931 sint
3332 2878 3543 2945 passuri
3570 2893 3709 2947 quos
3741 2894 3833 2935 re—

2238 2959 2433 3029 probat
2452 2998 2467 3025 ,
2498 2959 2543 3014 si
2573 2960 2660 3015 hic
2687 2961 2765 3015 sic
2793 2961 2998 3016 cruciat
3025 2977 3161 3032 quos
3200 2974 3377 3031 amat;
3428 2975 3523 3021 aut
3547 2969 3830 3038 quomodo

2239 3046 2499 3104 ferientur
2525 3050 2618 3118 qui
2658 3050 2712 3106 in
2751 3050 2954 3120 judicio
2983 3055 3242 3123 arguendi
3269 3064 3427 3125 sunt,
3456 3058 3501 3112 si
3530 3059 3609 3114 sic
3630 3074 3831 3116 eorum

551 3104 862 3212 pmsidel’tl:
891 3107 1019 3163 dum
1030 3110 1327 3212 multorum
1352 3114 1610 3184 obsequia
1638 3115 1738 3172 sibi
1761 3128 2046 3187 suppetere
2066 3120 2133 3176 ad
2161 3127 2211 3192 ο
2238 3135 2344 3190 vita
2373 3104 2671 3209 premi-tur,
2700 3104 2802 3209 qni
2999 3104 3838 3212 ἰασάιᾶ

551 3203 736 3249 votum
766 3198 972 3266 vident,
1025 3199 1367 3270 fragilitatem
1414 3219 1567 3259 suam
1608 3206 1803 3263 intueri
1843 3209 2139 3281 negligunt,

550 3291 608 3338 et
637 3299 733 3341 vas
757 3286 898 3355 quod
925 3296 1139 3356 gestant
1169 3289 1347 3356 lictile,
1380 3307 1539 3362 quam
1569 3294 1639 3349 sit
1665 3296 1922 3352 velociter
1948 3294 2138 3356 conte;

551 3374 801 3441 tendum,
832 3376 1211 3435 obliviscentes
1253 3382 1401 3436 omni
1445 3384 1607 3439 modo
1654 3401 1761 3441 non
1807 3380 2135 3460 attendunt),

553 3462 746 3519 beatus
772 3464 873 3521 Job
901 3475 958 3522 ut
984 3469 1473 3528 considerationem
1503 3473 1803 3544 fragilitatis
1828 3494 1939 3533 sua:
1973 3481 2136 3537 etiam

551 3567 623 3607 ex
652 3554 1121 3615 circumstantibus
1152 3562 1409 3631 traheret,
1438 3573 1490 3618 et
1518 3574 1642 3621 ante
1668 3567 1853 3623 oculos
1878 3583 2005 3625 suos
2029 3570 2137 3627 vim

563 3658 677 3699 sua:
689 3644 1048 3715 despectionis
1062 3660 1304 3719 augeret,
1323 3651 1350 3690 ι)
1366 3670 1471 3709 non
1495 3656 1734 3724 quolibet
1763 3658 1814 3712 in
1836 3668 1994 3726 terra,
2018 3676 2136 3730 qua:

550 3748 690 3804 pene
715 3736 912 3806 ubique
940 3740 1138 3795 munda
1167 3744 1453 3811 reperitur,
1487 3746 1578 3801 sed
1606 3747 1657 3802 in
1685 3750 2022 3820 sterquilinio
2051 3768 2137 3808 se-

550 3823 695 3911 disse
732 3826 1066 3883 describitur.
1098 3828 1156 3884 In
1188 3835 1523 3903 sterquilinio
1555 3837 1786 3905 ponebat
1814 3854 2032 3911 corpus,
2078 3850 2138 3898 ut

550 3905 619 3971 ei
660 3926 798 3972 terra
829 3929 1040 3990 sumpta
1070 3937 1188 3993 qua:
1219 3934 1363 3981 esset
1406 3929 1582 3983 carnis
1625 3930 1946 4001 subStantia,
1998 3936 2138 3993 bene

548 4006 835 4077 proﬁciens
864 4012 1221 4079 perpenderet
1257 4014 1484 4071 animus.
1515 4016 1573 4072 In
1602 4022 1936 4091 sterquilinio
1965 4039 2135 4094 pone-

548 4096 643 4151 bat
670 4113 868 4170 corpus
894 4110 952 4156 ut
990 4106 1149 4158 etiam
1174 4119 1241 4160 ex
1264 4106 1366 4162 loci
1394 4107 1567 4165 fetore
1595 4122 1834 4183 caperet,
1859 4116 1962 4189 77
1990 4117 2136 4189 quod

549 4187 742 4245 testine
770 4205 966 4261 corpus
995 4193 1060 4248 ad
1089 4195 1314 4252 fetorem
1343 4200 1563 4257 rediret.

621 4281 770 4354 [Rea
812 4280 897 4353 VI.
942 4284 1028 4341 Η.
1070 4284 1154 4341 Ea:
1182 4299 1474 4345 sanctorum
1495 4294 1720 4365 ﬂagellis
1740 4296 2137 4371 intelligendum

546 4386 664 4440 quae
692 4373 820 4442 ipsis
846 4389 1068 4440 merces,
1101 4394 1215 4447 qua:
1240 4380 1429 4451 iniquis
1456 4399 1606 4453 paena
1636 4389 2136 4447 reservatum—Sed

2241 3228 2424 3299 quitur
2456 3246 2470 3282 :

2668 3343 2896 3400 CAPUT
2936 3345 3045 3401 Vlll
3085 3347 3236 3422 [Rec.
3281 3348 3398 3423 VI].

2312 3452 2473 3509 Vens.
2508 3455 2560 3509 9.
2586 3487 2655 3497 —
2679 3455 2826 3511 Dixit
2869 3468 3037 3513 autem
3066 3460 3143 3515 illi
3171 3478 3305 3516 uxor
3331 3479 3425 3517 sua
3447 3479 3467 3518 :
3485 3464 3665 3519 Adhuc
3702 3485 3831 3534 per-

2239 3564 2415 3602 manes
2444 3549 2495 3601 in
2526 3549 2854 3619 simplicitate
2883 3553 3008 3607 tua?
3035 3552 3258 3608 Benedic
3291 3555 3427 3622 Deo,
3457 3566 3506 3610 et
3538 3573 3753 3613 morere.

2309 3660 2396 3715 12.
2441 3660 2627 3717 Tcmat
2645 3663 2879 3719 diabolus
2902 3675 3097 3721 stantes
3119 3677 3207 3720 aut
3227 3667 3645 3724 tribulationibus
3674 3672 3831 3741 [ran-

2237 3771 2375 3825 gsre,
2388 3762 2477 3808 aut
2493 3755 2911 3825 persuasionibus
2932 3757 3152 3811 mollire.
3180 3756 3377 3822 Quaerit
3394 3761 3659 3813 mulierem
3678 3760 3835 3832 quasi

2237 3846 2457 3914 scalam,
2486 3864 2588 3918 qua
2615 3848 2669 3901 in
2697 3865 2786 3902 cor
2811 3846 2910 3903 Job
2939 3850 3186 3904 ascendat
3209 3866 3227 3904 :
3249 3850 3340 3905 sed
3374 3852 3833 3923 [rusum—Auti-

2238 3946 2376 4006 qUus
2416 3937 2585 3993 hostis
2630 3939 2924 3994 humanum
2954 3954 3121 4009 genus
3150 3940 3359 3997 duobus
3405 3942 3580 3997 modis
3623 3950 3831 3999 tentare

2238 4029 2550 4095 consuevit;
2580 4035 2639 4083 ut
2659 4028 2913 4084 videlicet
2933 4032 3098 4085 corda
3119 4032 3377 4085 stantium
3403 4041 3497 4085 aut
3527 4031 3831 4086 tribulatio-

2238 4119 2395 4175 nibus
2414 4119 2643 4188 frangat,
2666 4126 2761 4172 aut
2784 4120 3222 4190 persuasionibus
3251 4120 3477 4174 molliat.
3502 4119 3563 4175 In
3588 4120 3830 4189 utrisque

2238 4223 2369 4279 ergo
2415 4219 2604 4265 contra
2651 4198 2870 4264 beatum
2915 4207 3017 4264 Job
3063 4224 3123 4265 se
3170 4210 3523 4265 vehementer
3558 4210 3825 4265 exercuit.

2239 4308 2264 4337 ο
2302 4299 2437 4353 Nam
2484 4299 2634 4370 prius
2677 4297 3050 4369 patrifamilias
3113 4299 3292 4355 intulit
3350 4299 3549 4355 damna
3604 4316 3826 4365 rerum,

2239 4391 2448 4447 orbavit
2476 4400 2686 4461 patrem
2717 4400 2893 4447 morte
2922 4390 3173 4457 liliorum,
3206 4393 3472 4462 percussit
3500 4392 3823 4448 incolumem

546 4479 677 4520 ecce
703 4480 824 4521 cum
854 4465 1042 4522 beatus
1065 4467 1166 4524 Job
1190 4478 1268 4526 tot
1296 4487 1475 4530 rerum
1498 4475 1690 4532 damna
1718 4480 1969 4547 sustinet,
1998 4493 2019 4521 ε
2045 4490 2125 4541 tot
2150 4500 2201 4561 υ
2234 4484 2517 4559 putredine
2557 4482 2859 4538 vulnerum.
2891 4481 2997 4538 Sed
3037 4483 3162 4553 quia
3207 4492 3605 4553 putrescentem
3633 4482 3782 4538 foras
3805 4532 3827 4561 ,

545 4556 822 4614 funeribus
849 4559 1129 4631 pignerum
1161 4579 1446 4634 percussus
1473 4567 1653 4635 dolet,
1687 4579 1768 4626 tot
1795 4572 2016 4629 vulnera
2045 4586 2131 4632 ιο-
2150 4556 2187 4561 ⁷
2234 4556 2426 4634 sanum
2454 4575 2630 4630 adhuc
2653 4574 2879 4630 interius
2898 4583 3044 4631 stare
3064 4575 3373 4646 conspexit;
3405 4584 3461 4630 et
3483 4589 3637 4644 quem
3667 4556 3821 4630 este;

544 4647 715 4715 lerat;
747 4649 871 4705 dum
902 4651 1281 4709 decurrentem
1308 4657 1510 4713 saniem
1543 4668 1679 4715 testa
1704 4662 1861 4726 radit,
1888 4663 2011 4718 dum
2034 4682 2132 4736 per

543 4741 883 4811 putrediuem
912 4742 1152 4799 deﬂuens
1200 4746 1252 4801 in
1296 4748 1635 4819 sterquilinio
1667 4752 1898 4818 residet;
1933 4754 2129 4812 intueri

540 4832 674 4889 libet
700 4833 826 4904 quid
856 4843 956 4901 est,
989 4836 1131 4906 quod
1162 4839 1504 4910 omnipotens
1532 4842 1673 4898 Deus
1714 4857 1850 4912 quos
1878 4844 1981 4901 sibi
2019 4853 2126 4901 tam

541 4926 738 4982 charos
767 4926 821 4981 in
851 4935 1109 4983 mteruum
1141 4932 1423 5001 conspicit,
1456 4941 1565 4987 tam
1596 4936 1944 4991 vehementer
1972 4938 2127 5009 quasi

541 5019 846 5089 despiciens
873 5020 1077 5092 allligit.
1104 5024 1242 5080 Ecce
1264 5034 1441 5083 autem
1470 5029 1595 5083 dum
1617 5030 1758 5086 beati
1781 5031 1881 5088 Job
1906 5034 2126 5091 vulnera

539 5110 916 5182 cruciatusque
959 5116 1274 5183 considero,
1322 5129 1545 5188 repente
1589 5123 1785 5178 mentis
1827 5124 2014 5180 oculos
2058 5126 2127 5181 ad

538 5199 803 5259 Joannem
834 5205 1051 5271 reduco,
1080 5214 1137 5261 ct
1163 5224 1268 5263 non
1297 5210 1414 5265 sine
1438 5213 1753 5281 gravissima
1774 5216 2131 5274 admiratione

538 5293 836 5363 perpendo,
868 5297 1012 5365 quod
1054 5297 1145 5353 ille
1188 5301 1486 5372 prophetia:
1513 5304 1706 5371 spiritu
1751 5304 1891 5361 intra
1940 5309 2127 5367 matris

538 5391 752 5440 uterum
782 5386 1069 5459 impletus,
1100 5398 1282 5462 atque,
1314 5400 1373 5447 ut
1400 5393 1474 5448 ita
1504 5393 1732 5450 dixerim
1754 5436 1771 5463 ,
1816 5397 2123 5470 priusquam

611 5525 635 5590 ξ
665 5517 851 5590 Corn,
876 5519 1081 5589 Germ.,
1110 5523 1199 5578 hic
1220 5532 1274 5579 et
1299 5540 1482 5590 supra,
1511 5525 1738 5583 vulnere.

537 5662 559 5707 ι
608 5584 858 5708 z'Omnes
883 5584 1097 5660 Excusi,
1128 5610 1229 5647 non
1258 5584 1481 5665 qualibet
1509 5597 1562 5650 in
1585 5607 1743 5665 terra,
1773 5607 1962 5658 contra
1990 5601 2118 5661 Mss.

564 5670 621 5708 ts
649 5672 924 5708 Imonlum-

564 5670 924 5714 csumomum.

614 5737 633 5763 ι
676 5724 920 5800 Ebroic.,
953 5739 1025 5787 tot
1052 5731 1338 5791 vulneribus
1364 5753 1650 5808 pignerum.

2232 4668 2345 4723 rius
2374 4666 2573 4721 nudum
2602 4665 2853 4732 reddidit,
2883 4666 3025 4722 hunc
3054 4666 3278 4721 interius
3302 4666 3553 4721 ditiorem
3582 4664 3698 4720 ﬁeri
3726 4680 3823 4734 per

2231 4758 2526 4815 exhibitam
2551 4757 2763 4813 laudem
2792 4757 3085 4812 conditoris
3111 4757 3330 4824 invidit;
3361 4756 3553 4812 callide
3576 4755 3822 4825 cogitans

2231 4856 2423 4921 pensat
2450 4847 2595 4917 quod
2637 4856 2827 4904 contra
2870 4862 2930 4902 se
2968 4847 3167 4903 athleta
3198 4847 3293 4902 Dei
3338 4847 3481 4902 unde
3524 4846 3819 4917 premitur,

2230 4940 2360 4997 inde
2383 4940 2712 5007 sublevatur,
2746 4940 3023 5010 victusque
3052 4941 3117 4994 ad
3146 4940 3360 4995 subtilia
3392 4941 3635 4995 tentanli
3664 4954 3821 5008 argu-

2230 5042 2412 5091 menta
2436 5035 2787 5091 convertitur.
2819 5033 2962 5107 (Vat.
3004 5032 3095 5105 V.]
3126 5034 3257 5089 Nam
3284 5034 3516 5103 antiqua:
3540 5032 3671 5088 artis
3698 5033 3819 5088 insi-

2230 5124 2346 5180 dias
2373 5126 2599 5196 repetit;
2642 5134 2698 5181 ct
2725 5128 2849 5196 quia
2878 5127 2981 5183 scit
3022 5125 3296 5197 quomodo
3326 5125 3496 5181 Adam
3526 5125 3701 5196 decipi
3730 5141 3815 5180 so-

2230 5214 2370 5283 leat,
2403 5216 2470 5269 ad
2500 5214 2665 5271 Evam
2695 5217 2942 5271 recurrit.
2976 5219 3083 5287 78
3120 5216 3347 5271 Beatum
3378 5217 3523 5271 enim
3549 5214 3651 5271 Job
3681 5215 3812 5269 inter

2228 5313 2311 5361 tot
2336 5321 2518 5361 rerum
2543 5306 2739 5362 damna
2765 5348 2780 5374 ,
2824 5308 2966 5362 inter
3011 5316 3091 5363 tot
3121 5307 3528 5378 percussionum
3570 5308 3812 5373 vulnera,

2232 5398 2384 5468 quasi
2413 5397 2468 5452 in
2496 5399 2725 5469 quadam
2760 5399 3016 5455 virtutum
3046 5415 3173 5455 arce
3202 5408 3346 5455 stare
3373 5397 3626 5454 invictum
3657 5396 3814 5452 vidit.

2262 5604 2272 5614 .
2300 5528 2327 5568 ά
2367 5531 2442 5586 l'a
2488 5548 2627 5615 pene
2665 5549 2857 5591 omnes
2884 5534 3011 5590 Mss.
3043 5535 3272 5603 Quidam
3300 5535 3460 5603 Editi,
3492 5536 3547 5590 in
3574 5535 3817 5593 saltatri-

2228 5618 2300 5657 cts
2334 5619 2622 5671 prwmmm.

2303 5680 2324 5708 ε
2365 5673 2481 5732 Duo
2513 5673 2689 5745 liem.,
2722 5691 2845 5730 nam
2870 5679 2955 5748 qui
2979 5692 3142 5748 prius.
