4030 6346
192 356 306 412 (ἱοξ

1108 355 1466 413 MORALIUM
1511 356 1639 412 LIB.
1684 354 1771 411 lli.
1813 383 1885 396 —
1920 354 1986 410 IN
2023 355 2176 411 CAP.
2219 355 2261 410 ll
2305 354 2364 411 Β.
2404 355 2545 412 JOB.

3360 365 3465 421 606

193 473 253 529 fn
285 472 401 527 alto
430 472 628 541 quippe
655 477 891 526 mentem
922 469 1111 524 fixerat
1136 487 1150 532 ;
1191 479 1247 525 et
1285 470 1486 525 idcirco
1514 470 1652 524 hanc
1679 469 1779 521 bo.
1805 468 1856 528 Α
1884 467 2031 521 lento
2058 482 2308 523 sermone
2329 483 2697 539 corrumpere.
2723 469 2898 526 Verba
2924 471 3066 527 enim
3096 482 3220 543 post
3246 476 3469 532 vulnera

192 567 351 621 stiles
374 564 577 619 insidia:
601 563 898 632 irrumpere
929 578 1035 616 non
1062 561 1331 616 valebant.
1363 561 1628 627 Quaaritur
1653 574 1783 628 ergo

195 657 269 711 ah
307 654 611 710 adversario
640 653 693 707 in
732 652 872 707 hanc
912 667 1089 707 arcem
1138 652 1545 707 munitissimam
1590 650 1784 720 quibus

194 747 451 817 gradibus
480 744 820 799 ascendatur.
872 742 1059 798 Vicina
1105 751 1190 799 est
1235 750 1414 798 autem
1446 743 1562 797 viro
1592 742 1785 796 mulier

194 845 361 905 atque
384 844 407 872 η
429 833 728 902 subiuncta.
753 833 861 888 Cor
885 832 1044 903 igitur
1063 832 1305 886 mulieris
1335 834 1526 895 tenu‘t,
1550 838 1605 885 et
1629 830 1782 900 quasi

194 927 417 991 scalam,
459 940 562 993 qua
593 923 659 977 ad
688 939 784 978 cor
811 922 913 976 viri
942 922 1232 977 ascendere
1261 922 1524 991 potuisset
1553 921 1776 975 invenit.

193 1014 488 1083 Occupavit
517 1014 750 1067 animum
782 1012 1040 1081 conjugis,
1061 1012 1263 1067 scalam
1290 1012 1488 1066 mariti.
1511 1011 1616 1065 Sed
1647 1010 1781 1064 nihil

194 1105 298 1160 hac
340 1113 456 1159 ante
496 1103 808 1174 praevaluit,
850 1104 971 1173 quia
1002 1112 1218 1157 sanctus
1249 1102 1330 1156 vir
1354 1102 1648 1170 subjectam
1678 1099 1778 1154 sibi

193 1197 493 1262 mu'ierem,
521 1204 577 1251 et
598 1211 702 1249 non
732 1195 1075 1264 praepositam
1104 1194 1367 1258 attendit;
1397 1202 1452 1248 et
1478 1201 1625 1246 recta
1646 1191 1671 1229 ιι
1698 1191 1781 1246 lo-

189 1300 365 1354 quens
413 1285 626 1351 docuit,
677 1300 836 1353 quam
868 1300 1119 1354 serpens,
1169 1294 1227 1339 ut
1252 1298 1502 1353 perversa
1530 1282 1780 1351 loquere-

190 1384 297 1441 tur,
324 1376 614 1445 instigavit.
640 1376 866 1445 Dignum
882 1376 1080 1445 quippe
1104 1384 1220 1431 erat
1241 1384 1299 1429 ut
1320 1373 1515 1428 fluxam
1542 1381 1776 1427 mentem

187 1468 358 1523 virilis
387 1484 612 1524 censura
645 1469 1013 1536 restringeret,
1057 1483 1177 1522 cum
1206 1466 1452 1538 profecto
1480 1474 1536 1521 et
1564 1467 1631 1521 de
1659 1466 1777 1534 ipso

186 1560 365 1630 primo
414 1561 567 1632 lapsu
613 1561 831 1615 humani
863 1560 1075 1628 generis
1107 1570 1129 1598 ο
1161 1566 1346 1614 nosset
1388 1558 1533 1627 quod
1578 1556 1776 1611 docere

183 1650 383 1706 mulier
410 1658 557 1707 recta
599 1651 850 1705 nesciret.
885 1644 1037 1703 Unde
1065 1648 1202 1703 bene
1230 1656 1285 1702 et
1312 1661 1409 1717 per
1437 1645 1658 1700 Paulum
1688 1644 1773 1699 di-

181 1740 366 1794 citur:
397 1740 591 1796 Docere
616 1749 787 1794 autem
815 1740 1015 1793 mulieri
1043 1756 1146 1793 non
1176 1738 1415 1808 permitto
1465 1735 1516 1808 (1
1550 1735 1681 1789 Tim.
1711 1752 1769 1800 ιι,

1887 555 2094 623 intulit,
2136 557 2490 612 ut-nimirum
2530 573 2650 612 cum
2697 560 2779 614 vis
2819 560 3023 618 doloris
3054 563 3469 632 ingravesceret,

1886 645 2042 701 facile
2084 648 2446 715 persuasionis
2496 650 2768 717 suggestio
2824 667 3077 720 perversa
3134 657 3469 723 putevaleret.

1887 737 2030 809 [Vet.
2087 737 2210 809 VL]
2252 737 2356 794 Sed
2386 739 2429 793 si
2460 740 2634 809 ipsum
2682 741 2948 797 subtiliter
2995 747 3309 801 tentationis
3356 749 3475 817 ejus

1884 825 2124 881 ordinem
2155 828 2563 897 perpendimus,
2594 844 2699 898 qua
2731 831 3023 887 calliditate
3049 836 3236 889 saeviat
3263 836 3472 891 inveni-

1883 931 2021 970 mus.
2055 915 2220 971 Movit
2248 933 2479 989 namque
2509 920 2655 989 prius
2683 919 2878 976 damna
2908 924 3240 990 substantim,
3270 941 3390 995 qua:
3418 937 3474 983 et

1882 1014 2034 1062 extra
2060 1018 2306 1062 naturam
2331 1009 2574 1078 profecto
2602 1020 2805 1077 essent,
2828 1022 2881 1067 et
2906 1022 3059 1069 extra
3086 1031 3302 1086 corpus.
3335 1017 3473 1072 Sub-

1884 1097 2047 1152 traxit
2090 1098 2269 1163 ﬁlios,
2314 1099 2459 1167 quod
2500 1099 2613 1169 jam
2658 1102 2875 1169 quidem
2903 1112 3056 1158 extra
3087 1116 3332 1163 naturam
3365 1124 3470 1163 non

1881 1198 2052 1256 esset,
2094 1192 2188 1246 sed
2229 1200 2407 1246 tamen
2437 1192 2613 1247 adhuc
2639 1193 2979 1263 aliquatenus
3007 1205 3161 1253 extra
3192 1203 3470 1269 proprium

1879 1299 2095 1354 corpus.
2127 1283 2208 1338 Ad
2239 1298 2538 1340 extremum
2569 1287 2832 1354 percussit
2858 1295 2913 1341 et
2941 1303 3157 1357 corpus.
3190 1289 3296 1345 Sed
3341 1293 3468 1359 quia

1881 1374 2188 1430 vulneribus
2230 1373 2408 1430 carnis
2456 1374 2525 1430 ad
2571 1376 2766 1431 mentis
2808 1382 2999 1431 vulnus
3029 1379 3309 1447 pervenire
3358 1396 3469 1435 non

1877 1464 2065 1532 valuit,
2094 1466 2256 1520 etiam
2283 1465 2583 1536 conjunctae
2609 1467 2849 1523 mulieris
2874 1467 2983 1538 79
3008 1467 3244 1536 linguam
3274 1471 3470 1539 quaesi-

1876 1557 1979 1611 vit.
2015 1556 2150 1624 Quia
2180 1558 2320 1612 enim
2352 1566 2542 1629 aperto
2573 1559 2869 1613 certamine
2898 1558 3143 1629 superari
3170 1575 3230 1615 se
3258 1560 3466 1630 doluit,

1876 1646 1945 1702 de
1965 1662 2061 1702 ore
2083 1646 2327 1716 conjugis
2346 1646 2584 1716 jaculum
2607 1648 2756 1717 quasi
2775 1648 2843 1704 de
2865 1649 3067 1705 insidiis
3087 1649 3318 1716 intorsit,
3346 1666 3469 1721 qua:

1877 1737 2121 1808 profecto
2141 1738 2345 1795 diceret
2372 1758 2385 1791 :
2411 1740 2591 1794 Adhuc
2617 1758 2887 1811 permanes
2910 1743 2962 1795 in
2982 1742 3313 1812 simplicitate
3341 1746 3469 1799 tua?

181 1829 317 1899 12);
346 1831 471 1900 quia
501 1831 749 1885 nimirum
779 1828 1065 1898 aliquando
1097 1843 1216 1883 cum
1247 1827 1467 1893 docuit,
1498 1841 1528 1881 a
1557 1827 1769 1897 sapien-
1802 1836 1850 1896 Β
1876 1828 2096 1893 Benedic
2129 1829 2257 1898 Deo,
2288 1840 2337 1885 et
2364 1848 2583 1885 morere.
2616 1831 2758 1886 Ecce
2789 1836 3045 1888 tentando
3073 1832 3252 1886 omnia
3280 1835 3465 1889 absm-

178 1920 271 1974 tia:
315 1922 616 1976 aeternitate
661 1921 948 1990 separavit.
996 1920 1260 1989 Antiquus
1290 1918 1471 1987 itaque
1498 1917 1670 1974 hostis
1697 1918 1765 1974 ab

180 2010 355 2065 Adam
395 2011 450 2065 in
478 2012 813 2079 sterquilinio
850 2009 877 2047 ἀ
908 2010 1173 2081 perdidit,
1204 2010 1295 2080 qui
1324 2008 1494 2065 Adam
1524 2011 1576 2065 in
1606 2024 1767 2080 para-

180 2105 300 2161 diso
318 2105 619 2175 superavit;
645 2113 806 2175 atque
827 2105 1142 2175 adjutricem
1163 2122 1313 2162 suam
1336 2107 1617 2163 mulierem
1639 2108 1766 2163 dum

180 2196 250 2248 ad
275 2196 439 2251 verba
476 2196 629 2251 mala:
672 2197 1034 2266 persuasionis
1063 2198 1335 2264 accendit,
1368 2199 1433 2253 ad
1462 2199 1764 2254 doctrinam

178 2292 381 2339 sanctae
427 2285 744 2341 eruditionis
789 2287 965 2353 misit;
997 2295 1052 2341 et
1081 2303 1201 2358 quae
1240 2289 1474 2344 excitata
1502 2288 1679 2344 fuerat
1709 2299 1769 2344 ut

178 2375 449 2444 perderet,
479 2377 684 2432 erudita
715 2386 797 2434 est
826 2393 893 2433 ne
921 2378 1141 2449 periret.
1177 2380 1268 2435 Sic
1292 2379 1371 2434 sic
1398 2394 1427 2433 a
1458 2381 1658 2434 nostris
1682 2380 1764 2435 vi.

178 2466 252 2521 ris
276 2466 503 2524 fortibus
526 2469 695 2524 hostis
719 2470 1037 2540 percutitur,
1069 2480 1127 2525 ut
1153 2485 1249 2525 sua
1277 2470 1329 2527 ei
1356 2470 1520 2526 etiam
1545 2470 1653 2526 tela
1680 2486 1769 2525 ra-

175 2557 414 2627 piantur.
455 2556 606 2615 Unde
634 2560 777 2616 enim
817 2575 877 2616 se
905 2574 1235 2629 exaggerare
1259 2562 1490 2616 testimat
1519 2560 1766 2617 dolorem

175 2650 432 2717 vulneris,
464 2651 589 2708 inde
617 2662 640 2690 °
668 2652 748 2709 eis
774 2661 963 2709 contra
985 2654 1333 2724 semetipsum
1355 2652 1591 2723 suggerit
1613 2667 1764 2708 arma

174 2739 409 2796 virtutis.

244 2852 336 2907 15.
377 2851 465 2907 Ea:
490 2852 655 2909 verbis
686 2854 923 2909 diabolus
948 2871 1041 2926 per
1068 2871 1154 2910 eos
1184 2856 1269 2926 qui
1300 2854 1445 2910 nobis
1475 2856 1763 2925 adiurarent,

175 2959 269 2998 nos
297 2942 634 2998 tentat.—Ex
658 2945 833 3000 verbis
855 2953 1036 3000 autem
1064 2947 1206 3001 male
1233 2947 1606 3017 persuadentis
1633 2964 1765 3005 con-

170 3034 313 3103 jugis
341 3034 625 3104 vigilanter
655 3035 916 3092 debemus
944 3038 1187 3107 aspicere
1212 3039 1359 3107 quod
1389 3039 1642 3108 antiquus
1670 3041 1765 3094 ad-

174 3124 444 3180 versarius
485 3140 593 3181 non
637 3126 812 3181 solum
850 3142 947 3198 per
986 3129 1368 3199 semetipsum,
1404 3129 1499 3185 sed
1529 3144 1626 3201 per
1666 3145 1763 3185 eos

1868 1922 1950 1990 lit,
1991 1937 2120 1979 ecce
2146 1923 2406 1978 tentando
2434 1923 2718 1978 mulierem
2751 1925 2985 1995 reliquit,
3031 1934 3087 1980 et
3128 1935 3317 1980 sancto
3345 1928 3466 1981 viro

1866 2011 2059 2067 callide
2083 2019 2277 2067 cuncta
2299 2011 2550 2081 diripuit;
2575 2012 2672 2067 sed
2694 2013 2850 2067 valde
2872 2014 3118 2068 callidius
3143 2013 3463 2082 adjutricem

1865 2118 2017 2159 suam
2045 2102 2326 2159 mulierem
2354 2104 2670 2168 reservavit,
2697 2120 2820 2174 quae
2845 2106 2990 2161 dicat
3014 2124 3026 2160 :
3050 2106 3233 2160 Adhuc
3263 2125 3464 2177 perma-

1866 2210 1955 2248 nes
1984 2194 2039 2248 in
2065 2195 2393 2264 simplicitate
2421 2196 2554 2249 tua?
2585 2195 2757 2250 Verba
2795 2211 2891 2251 sua
2923 2195 3034 2251 Eva
3065 2198 3280 2267 repetit.
3323 2198 3458 2252 Nam

1865 2281 1995 2352 quid
2021 2289 2106 2337 est
2131 2281 2310 2338 dicere
2336 2300 2350 2336 :
2375 2282 2782 2353 Sitnplicitatem
2810 2284 3019 2352 desere,
3038 2288 3141 2340 nisi
3160 2303 3173 2339 :
3190 2286 3461 2341 Obedien-

1868 2372 2019 2437 tiam,
2061 2370 2079 2410 ί
2108 2373 2334 2427 vetitum
2365 2374 2730 2441 comedendo,
2769 2378 3090 2431 contemne?
3127 2375 3192 2429 Et
3220 2377 3347 2446 quid
3376 2386 3463 2434 est

1866 2462 2084 2518 dicere:
2110 2462 2332 2518 Benedic
2362 2462 2493 2529 Deo,
2521 2474 2571 2518 et
2597 2482 2816 2534 morere,
2839 2466 2940 2521 nisi
2974 2466 3461 2524 :Transcentiendo

1868 2562 2219 2623 praeceptum,
2241 2553 2384 2608 ultra
2406 2570 2565 2624 quam
2593 2570 2651 2609 es
2675 2555 2943 2623 conditus,
2968 2558 3124 2612 vive?
3152 2557 3257 2613 Sed
3284 2557 3459 2615 Adam

1867 2655 2053 2703 noster
2094 2645 2248 2702 furtis
2296 2649 2350 2702 in
2395 2649 2732 2718 sterquilinio
2757 2649 2956 2717 jacuit,
2998 2651 3090 2720 qui
3124 2652 3173 2704 in
3206 2653 3461 2721 paradiso

1867 2737 2140 2806 quondam
2166 2737 2356 2793 debilis
2385 2738 2554 2793 stetit.
2585 2737 2716 2793 Nam
2741 2739 2889 2795 illico
2917 2738 2982 2794 ad
3014 2741 3154 2796 male
3182 2742 3457 2798 suadentis

1866 2832 2030 2887 verba
2060 2831 2356 2904 respondit,
2387 2832 2573 2889 dicens
2598 2850 2614 2888 :

2316 2950 2543 3007 CAPUT
2578 2950 2650 3005 IX
2688 2950 2835 3025 [Rea
2874 2950 3030 3021 VIII.

1955 3039 2113 3095 Vens.
2156 3040 2242 3096 10.
2266 3073 2337 3084 -
2363 3039 2527 3107 Quasi
2540 3059 2643 3096 una
2672 3042 2735 3095 de
2755 3043 2924 3096 stultis
2955 3042 3252 3098 mulieribus
3277 3043 3454 3099 locuta

1880 3147 1953 3184 es.
2008 3130 2068 3186 Si
2095 3131 2227 3186 bona
2247 3134 2524 3204 accipimus
2550 3134 2613 3187 de
2634 3151 2789 3188 manu
2812 3134 3045 3205 Domini,
3080 3145 3104 3186 ε
3125 3138 3262 3190 mula
3290 3154 3457 3208 quare

174 3218 339 3273 etiam
386 3219 477 3289 qui
524 3221 679 3276 nobis
716 3219 1027 3287 adhaerent,
1077 3229 1276 3277 statum
1324 3223 1519 3292 satagit
1564 3230 1763 3278 nostrae
1790 3207 1837 3272 C
1880 3238 1981 3276 non
2011 3223 2397 3277 sustineamus?

173 3310 371 3366 mentis
415 3309 691 3366 inclinare.
740 3308 875 3365 Cum
921 3311 1064 3367 enim
1105 3326 1201 3368 cor
1240 3322 1485 3368 nostrum
1513 3327 1610 3368 sua
1640 3327 1763 3383 per-

172 3402 424 3456 suasione
468 3416 576 3456 non
618 3402 847 3467 subruit,
893 3402 959 3457 ad
1006 3403 1110 3458 hoc
1136 3403 1385 3458 nimirum
1430 3418 1529 3473 per
1555 3403 1762 3471 linguas

174 3490 557 3545 albaerentium
585 3492 744 3561 repit.
777 3490 915 3547 Hinc
941 3493 1084 3548 enim
1113 3494 1369 3563 scriptum
1399 3501 1482 3548 est
1507 3512 1519 3547 :
1547 3494 1592 3547 A
1635 3494 1762 3565 ﬁliis

175 3582 274 3634 tuis
303 3597 456 3647 cave,
487 3591 536 3635 et
581 3598 611 3634 a
641 3583 934 3637 domesticis
967 3585 1303 3643 tuisattende
1351 3584 1370 3654 (
1396 3583 1559 3638 Eccli.
1592 3600 1760 3649 xxx",

172 3670 285 3743 26).
332 3672 467 3729 Hinc
494 3690 591 3745 per
630 3676 947 3746 prophetam
975 3676 1169 3731 dicitur
1196 3696 1207 3730 :
1238 3676 1595 3749 Unusquisque
1635 3693 1689 3731 se
1729 3694 1762 3731 a

171 3768 410 3836 proximo
455 3782 547 3820 suo
577 3768 855 3831 custodiat,
888 3776 936 3821 et
974 3770 1027 3822 in
1055 3770 1194 3822 omni
1223 3770 1385 3841 fratre
1410 3786 1503 3823 suo
1534 3784 1636 3823 non
1666 3768 1764 3821 Ita-

172 3856 286 3910 beat
312 3857 557 3926 ﬁduciam
586 3857 720 3926 (ler.
750 3875 823 3924 ix,
854 3858 928 3928 4).
957 3859 1092 3914 llinc
1120 3875 1329 3915 rursum
1361 3859 1616 3929 scriptum
1639 3866 1757 3913 est:

172 3945 384 4001 Inimici
412 3948 632 4002 hominis
674 3948 941 4003 domestici
970 3951 1082 4020 ejus
1110 3948 1327 4019 (Matth.
1362 3967 1423 4014 x,
1453 3949 1566 4021 56).
1600 3948 1762 4005 Calli-

170 4037 270 4093 dus
308 4055 540 4109 namque
568 4039 946 4107 adversarius,
988 4055 1108 4094 cum
1149 4056 1179 4095 a
1216 4041 1479 4095 bonorum
1510 4039 1762 4095 cordibus

169 4132 357 4200 repelli
386 4148 446 4188 se
475 4134 767 4203 conspicit,
799 4148 894 4189 eos
921 4134 1011 4204 qui
1043 4134 1109 4188 ab
1139 4134 1243 4190 illis
1281 4135 1439 4189 valde
1470 4135 1761 4205 diliguntur

168 4225 435 4292 exquirit;
468 4234 522 4279 et
545 4241 642 4295 per
668 4241 856 4280 eorum
884 4226 1046 4280 verba
1074 4226 1356 4281 blandiens
1381 4226 1637 4296 loquitur,
1668 4227 1759 4297 qui

169 4316 290 4385 plus
318 4315 527 4372 caneris
557 4323 837 4382 amantur;
869 4322 928 4370 ut
956 4316 1081 4370 dum
1115 4317 1193 4371 vis
1223 4318 1423 4372 amoris
1450 4333 1545 4373 cor
1575 4316 1758 4389 perfo-

168 4417 273 4469 rat,
304 4406 461 4461 facile
488 4407 851 4477 persuasionis
878 4406 994 4475 ejus
1023 4406 1232 4473 glatlius
1258 4406 1323 4461 ad
1355 4407 1555 4462 intima:
1594 4408 1754 4463 recti-

169 4497 367 4552 tudinis
390 4498 684 4553 munimina
709 4499 987 4569 irrumpat.
1014 4496 1142 4553 Post
1162 4499 1353 4553 damna
1376 4498 1533 4568 igitur
1553 4513 1755 4565 rerum,

1952 3308 2039 3364 l5.
2070 3306 2173 3366 Job
2221 3312 2445 3366 externis
2486 3310 2638 3366 rebus
2684 3329 2893 3378 vacuus,
2921 3316 3060 3366 intus
3110 3312 3218 3368 Deo
3244 3316 3452 3383 plenus.

1864 3394 2013 3451 Mala
2042 3402 2294 3468 quatenus
2322 3404 2564 3452 uocentur
2589 3398 3041 3470 [lugeam—Ecce
3065 3404 3261 3471 ubique
3283 3402 3461 3457 hostis

1864 3486 2143 3556 frangitur,
2177 3487 2375 3557 ubique
2403 3497 2711 3558 superatur,
2744 3506 2841 3560 per
2867 3503 3061 3548 cuncta
3094 3494 3459 3548 teutationum

1864 3587 2181 3646 argumenta
2227 3578 2543 3646 succubuit,
2586 3580 2711 3648 quia
2749 3590 2805 3636 et
2847 3582 2973 3637 illud
3004 3601 3157 3639 suum
3192 3584 3461 3639 familiare

1862 3666 2115 3722 solatium
2145 3667 2308 3721 etiam
2356 3666 2426 3720 de
2474 3668 2699 3723 muliere
2728 3671 2926 3725 amisit.
2959 3670 3102 3727 Inter
3132 3672 3246 3728 lucc
3295 3674 3463 3741 igitur

1862 3770 2107 3818 sanctum
2125 3761 2298 3815 virum
2322 3760 2517 3814 intueri
2544 3760 2694 3829 libet,
2725 3762 2869 3818 foras
2897 3765 3056 3819 rebus
3087 3780 3332 3830 vacuum,
3365 3766 3455 3818 in-

1862 3852 2128 3906 trinsecus
2157 3850 2268 3906 Deo
2300 3850 2537 3920 plenum.
2568 3851 2764 3907 Paulus
2792 3869 2917 3909 cum
2947 3855 2999 3909 in
3030 3856 3208 3926 seipso
3237 3857 3459 3912 divitias.

1860 3942 2139 4013 sapientia:
2167 3943 2391 3997 internae
2419 3942 2777 4013 conspiceret,
2810 3960 2978 4015 seque
3009 3949 3179 4017 ipsum
3211 3950 3457 4004 exterius

1861 4049 1981 4090 esse
2022 4032 2371 4103 corruptibile
2400 4047 2597 4102 corpus
2625 4032 2869 4103 videret,
2909 4037 2983 4090 ait
3011 4054 3024 4091 :
3053 4037 3182 4091 llab.
3202 4056 3313 4092 mus
3344 4040 3459 4094 the-

1861 4144 2072 4182 saurum
2100 4128 2256 4181 istum
2283 4127 2338 4180 in
2367 4127 2503 4181 vasis
2534 4127 2777 4198 ﬁctilibus
2808 4127 2900 4198 (11
2928 4129 3051 4187 Cor.
3084 4147 3168 4198 tv,
3203 4132 3276 4202 7).
3310 4131 3458 4189 Ecce

1862 4221 1916 4275 in
1957 4220 2118 4276 beato
2145 4218 2247 4274 Joh
2275 4235 2371 4275 vas
2412 4220 2575 4275 tictile
2616 4221 2875 4277 scissuras
2922 4223 3164 4279 ulcerum
3213 4226 3461 4280 exterius

1860 4311 2058 4378 sensit;
2101 4309 2199 4367 sed
2243 4311 2333 4366 hic
2377 4311 2665 4367 thesaurus
2711 4314 2937 4370 interius
2977 4314 3184 4383 integer
3231 4317 3452 4372 mansit.

1860 4404 2027 4460 Foras
2067 4403 2213 4460 enim
2259 4417 2359 4474 per
2387 4403 2609 4458 vulnera
2641 4404 2890 4475 crepuit,
2941 4406 3035 4461 sed
3081 4406 3458 4463 indelicienter

1859 4494 2086 4550 interius
2131 4508 2364 4549 nascens
2412 4492 2696 4549 thesaurus
2741 4496 3019 4565 sapientia:
3072 4495 3242 4568 per.ll
3287 4498 3453 4554 verba

169 4598 291 4659 post
336 4588 521 4644 funera
572 4591 856 4661 pignorum
881 4631 896 4657 ,
950 4599 1074 4661 post
1122 4591 1344 4646 vulnera
1390 4593 1757 4663 scissurasque
1789 4589 1835 4649 D
1859 4594 2060 4643 sanctae
2102 4585 2419 4641 eruditionis
2458 4586 2763 4655 emanavit,
2794 4586 3018 4644 dicens:
3048 4588 3109 4644 Si
3139 4590 3274 4644 bona
3299 4608 3451 4646 acce-

168 4680 561 4747 membrorum,
594 4682 846 4751 antiquus
874 4681 1046 4737 hostis
1089 4682 1322 4751 linguam
1354 4683 1521 4737 movit
1550 4685 1754 4739 uxoris.

239 4769 326 4823 14.
368 4769 436 4824 1η
479 4772 611 4825 serie
639 4774 975 4826 tentationum
1001 4771 1099 4826 Job
1138 4788 1251 4844 qua:
1280 4782 1418 4828 artes
1444 4774 1663 4829 inimici.
1685 4808 1756 4818 —

168 4862 234 4918 Et
258 4864 554 4919 notandum
586 4878 692 4935 quo
719 4872 963 4936 tempore
988 4867 1086 4921 viri
1112 4875 1347 4922 mentem
1386 4867 1589 4923 studuit
1607 4869 1761 4923 viru-

237 5044 265 5112 ἦ
302 5036 756 5112 lta_om_n_es_Ms§.
784 5038 973 5112 C_orb.,
1003 5038 1208 5106 Germ.,
1243 5056 1350 5095 non
1381 5040 1648 5112 subjecta,
1693 5052 1754 5098 ut

165 5106 441 5180 legitur-in
483 5106 667 5180 Editis.
703 5107 867 5163 Paulo
896 5118 1017 5178 post
1045 5118 1222 5165 tamen
1252 5106 1512 5180 legimus,
1542 5106 1753 5168 sanctus

165 5179 239 5230 vir
265 5177 551 5246 subjectum
577 5178 675 5232 sibi
704 5177 997 5245 mulierem,
1048 5189 1178 5245 etc.,
1226 5188 1284 5237 et
1310 5177 1403 5237 vita
1447 5181 1502 5237 in
1546 5185 1751 5240 omnib.

166 5248 293 5303 Mss.
339 5250 585 5303 habetur.

235 5318 261 5356 δ
305 5316 546 5391 Bluritni,
578 5330 627 5391 et
652 5328 792 5374 recta
821 5320 961 5391 loqui
989 5320 1183 5375 docuit.

239 5400 261 5427 ε
305 5386 443 5460 vera
482 5390 651 5460 lectio
696 5406 762 5445 ex
811 5386 1062 5447 omnibus
1109 5391 1233 5445 Mss.
1281 5392 1639 5460 conﬁrmata;
1701 5395 1755 5449 in

163 5458 437 5580 gomttullis
480 5458 650 5515 Editis
697 5477 796 5531 pro
851 5470 1023 5516 nosset
1072 5460 1266 5530 legitur
1312 5474 1477 5529 nocet,
1527 5465 1581 5519 in
1626 5458 1755 5519 aliis

200 5546 289 5580 οη·
317 5568 331 5580 .

200 5538 331 5582 oret.

235 5597 260 5636 ἀ
300 5597 401 5653 llic
430 5601 642 5655 variant
670 5601 793 5657 Mss.
829 5603 998 5670 antiq.
1032 5601 1321 5658 Rem.cum
1338 5602 1751 5669 Corb.,Germ.,

165 5668 319 5743 habet
340 5687 369 5743 3
391 5672 647 5743 antiquus
674 5673 845 5743 itaque
873 5668 1034 5726 hostis
1064 5671 1127 5743 ab
1156 5672 1324 5727 Adam
1352 5674 1405 5727 in
1436 5668 1755 5743 sterquilinio

212 5739 614 5811 ndiditgquam
641 5739 926 5797 lectionem
954 5741 1333 5808 amplectimur
1354 5752 1490 5811 post.
1518 5739 1622 5797 vet.
1651 5742 1751 5799 Ed.

212 5782 221 5791 .
256 5757 420 5801 atau;
451 5757 614 5807 quam
641 5757 926 5797 lCCllOIle
954 5757 1333 5808 amplectimur
1354 5757 1490 5811 ροεῐ.
1518 5757 1622 5797 vet.
1651 5757 1750 5799 δα.

165 5757 318 5866 iiiis
367 5809 645 5882 2Rhem.,
689 5827 878 5870 omnes
912 5812 1143 5883 Remig,
1192 5813 1441 5879 Vindoc.,
1473 5812 1750 5881 Narniam,

1856 4682 2027 4751 pimus
2054 4678 2118 4732 de
2138 4694 2295 4733 manu
2319 4678 2551 4744 Domini,
2582 4679 2724 4733 male
2751 4697 2911 4752 quare
2936 4698 3041 4736 non
3069 4683 3453 4739 sustineamus?

1858 4771 2000 4827 bona
2039 4770 2280 4834 scilicet,
2324 4769 2466 4824 dona
2496 4768 2593 4825 Dei
2619 4770 2703 4825 vel
2736 4772 3054 4842 temporalia
3092 4773 3177 4828 vel
3214 4782 3449 4842 :cterna;

1858 4860 2000 4916 mala
2028 4866 2234 4929 autem,
2265 4857 2476 4929 flagella
2503 4861 2791 4933 praesentia
2820 4862 3098 4933 appellans
3118 4905 3134 4933 ,
3164 4864 3231 4920 de
3256 4865 3454 4935 quibus

2009 5040 2113 5101 CL,
2131 5053 2271 5117 Ae'__c.,
2289 5040 2747 5117 _antiquus_itaque
2772 5041 2934 5117 hostis
2960 5042 3129 5097 Adam
3154 5044 3207 5098 in
3232 5046 3452 5117 sterqui-

1860 5112 1987 5166 linio
2015 5110 2259 5178 perdidit.
2286 5109 2364 5163 ita
2392 5109 2502 5163 vet.
2540 5109 2679 5164 Edit.
2711 5110 2873 5165 Basil.

1935 5192 1957 5220 ο
2000 5180 2255 5235 Mendose
2284 5179 2337 5233 in
2365 5188 2474 5233 vet.
2508 5178 2653 5234 Edit.
2687 5179 2884 5249 Paris.,
2914 5189 2969 5235 et
2998 5182 3182 5248 Basil.,
3215 5193 3270 5239 et
3298 5195 3454 5241 ciete-

1858 5252 1961 5317 ris,
2003 5251 2124 5323 inde
2159 5251 2225 5304 ei.
2260 5249 2350 5323 Ad
2389 5249 2524 5323 viros
2564 5252 2723 5321 fortes
2749 5249 2818 5305 de
2856 5250 3051 5323 quibus
3078 5268 3238 5323 supra
3270 5265 3449 5310 actum

1859 5332 1942 5378 est
1960 5321 2373 5397 _refertur,_inde
2415 5319 2491 5373 eis
2518 5319 2698 5375 contra
2728 5322 3052 5389 semetipsum
3082 5319 3296 5395 (Shtan)
3330 5344 3455 5397 sug—

1861 5394 2169 5465 geriturmaa
2197 5392 2417 5465 virtutis.

1938 5461 1955 5501 ί
1999 5461 2088 5515 Sic
2111 5459 2300 5532 corn,
2324 5461 2515 5532 Germ.
2544 5460 2600 5515 ln
2631 5460 2801 5516 Etlitis
2829 5459 3023 5528 legitur
3044 5504 3058 5526 ,
3091 5480 3297 5532 pomum
3323 5465 3452 5517 ueti-

1860 5542 1985 5604 tum.
2016 5532 2072 5586 In
2104 5530 2263 5585 nullis
2292 5531 2414 5586 Mss.
2447 5532 2747 5604 invenimus
2774 5547 3005 5600 pomum,
3029 5530 3173 5602 quod
3203 5534 3457 5604 suppleu-

1861 5602 1988 5659 dum
2018 5605 2242 5655 fortasse
2263 5610 2586 5670 putaverunt
2612 5600 2877 5655 Editores.

1933 5683 1958 5721 δ
2000 5672 2308 5727 lnsecundo
2323 5671 2516 5726 Rbem.
2545 5680 2605 5745 et
2625 5687 2737 5745 uno
2754 5670 2964 5741 Remig.
2991 5687 3208 5745 semper
3232 5672 3450 5745 legitur.

1868 5746 2009 5812 mala
2039 5758 2200 5812 quare
2228 5758 2331 5796 non
2362 5743 2743 5811 suscipiamus?

1934 5811 1959 5852 ιι
1999 5812 2128 5870 Mss.
2159 5813 2370 5882 Norm.,
2402 5813 2520 5870 Val.
2550 5813 2631 5869 Cl.
2662 5823 2717 5869 et
2746 5812 2866 5881 alii,
2897 5815 2970 5868 ad
2996 5817 3168 5873 verba.
