4030 6320
546 334 647 391 εοιι
1744 305 1980 364 SANCTI
2021 297 2352 355 GREGORH
2391 296 2609 355 MAGNI
3731 298 3849 354 608

544 459 644 515 per
669 440 989 514 prophetam
1017 432 1276 491 Dominus
1304 427 1433 485 dicit
1457 441 1471 479 :
1500 424 1613 494 Ego
1646 419 1923 484 Dominus,
1955 426 2004 491 et
2029 430 2133 468 non
2163 414 2214 470 A
2237 413 2505 483 jungenda
2535 421 2678 515 sunt,
2811 425 2973 466 unum
2998 424 3216 482 semper
3241 425 3309 467 ex
3338 409 3512 466 altero
3544 409 3803 515 Meiatuvr
3823 423 3846 484 ξ

546 499 623 589 ξεί
653 499 803 597 (inci,
837 532 1068 601 formans
1097 525 1290 584 lucem,
1321 526 1370 571 et
1399 530 1579 570 creans
1608 511 1844 566 tenebras
1869 523 1888 573 ,'
1932 508 2128 578 faciens
2234 512 2499 574 quatenus
2526 511 2579 557 et
2610 502 2800 571 ﬂagelli
2829 517 3043 572 poenam
3071 502 3331 557 memoria
3361 508 3627 570 temperet
3655 499 3790 554 doni
3827 540 3844 562 ,

548 644 755 700 pacem,
882 634 1064 675 στεαηε
1094 615 1234 670 mula
1266 609 1434 682 (Isni.
1466 622 1571 661 ην
1590 646 1605 671 ,
1646 603 1739 673 7).
1778 601 1962 669 Neque
1991 597 2133 651 enim
2237 605 2293 650 et
2319 595 2443 650 doni
2471 595 2707 649 laetitiam
2738 594 2985 649 mordeat
3004 594 3240 663 suspicio
3263 607 3327 647 ac
3356 591 3589 647 formido
3614 590 3847 660 ﬂagelli.

550 683 689 775 inata
709 683 753 783 ,1
773 728 891 784 quae
938 709 1082 764 nulla
1111 720 1207 762 sua
1236 709 1425 756 natura
1462 696 1777 760 subsistunt,
1830 706 1861 746 a
1908 687 2136 744 Domino
2238 685 2466 740 Sanctus
2493 685 2654 784 igitur
2681 686 2764 784 vir
2786 726 2821 784 ,ﬂ
2845 693 2904 739 ut
2931 698 3247 754 oppressam
3275 691 3516 738 mentem
3548 683 3692 738 inter
3722 684 3846 737 vul-

552 773 832 866 erean’tur;
869 801 961 856 sed
991 810 1175 852 creare
1202 808 1262 849 se
1290 791 1430 846 mala
1460 788 1717 843 Dominus
1756 782 1986 843 indicat,
2018 792 2138 834 cum
2240 791 2371 832 nera
2402 775 2655 841 mulceat,
2706 776 2760 830 in
2789 775 3124 844 ﬂagellorum
3153 775 3434 830 doloribus
3461 773 3844 829 blandimenta

553 865 641 953 res
676 898 813 949 bene
840 889 1085 947 conditas
1115 885 1271 940 nobis
1312 882 1453 938 male
1481 878 1763 949 agentibus
1791 876 1845 930 in
1875 871 2140 941 ﬂagellum
2242 867 2505 923 donorum
2534 875 2745 937 pensat,
2774 867 2958 922 dicens
2984 884 2997 921 :
3023 866 3084 921 Si
3112 866 3246 919 bona
3274 866 3564 936 accepimus
3587 865 3652 919 de
3676 881 3848 919 manu

552 990 768 1049 format,
793 992 852 1038 ut
876 998 940 1038 ea
964 982 1082 1050 ipsa
1108 986 1164 1035 et
1192 992 1289 1048 per
1313 974 1578 1037 dolorem,
1606 985 1713 1042 quo
1736 967 1954 1032 feriunt,
1980 963 2146 1019 delin—
2244 955 2492 1025 Domini,
2538 956 2676 1011 mala
2721 974 2881 1028 quare
2914 973 3018 1011 non
3057 958 3447 1011 sustineamus?
3486 954 3589 1011 Ubi
3619 963 3675 1009 et
3704 955 3850 1010 bene

552 1045 845 1151 quentibus
874 1045 1016 1129 mala
1044 1072 1153 1126 sint
1172 1045 1272 1137 ;—et
1298 1081 1397 1138 per
1423 1071 1671 1119 naturam
1690 1100 1706 1126 ,
1750 1071 1856 1129 qua
1884 1056 2143 1117 existunt,
2245 1049 2541 1119 praemittit,
2573 1046 2771 1103 Locuta
2798 1065 2849 1102 es
2878 1049 3025 1119 quasi
3051 1064 3155 1100 una
3177 1064 3242 1101 ea:
3264 1045 3624 1116 insipientibus
3654 1048 3848 1100 mulie-

555 1136 718 1227 bona.
765 1165 921 1222 Unde
961 1172 1017 1219 et
1060 1136 1328 1217 venenum
1364 1170 1512 1211 mors
1552 1151 1769 1222 quidem
1798 1155 1880 1204 est
1907 1144 2145 1207 homini,
2247 1138 2409 1191 ribus.
2465 1136 2602 1203 Quia
2631 1139 2775 1192 enim
2805 1152 2997 1193 sensus
3028 1149 3049 1177 ε
3085 1152 3262 1207 prava:
3291 1137 3550 1203 mulieris,
3602 1153 3710 1191 non
3742 1153 3846 1191 au-

557 1259 653 1316 sed
678 1268 859 1313 tamen
890 1255 1001 1309 vita
1030 1248 1290 1319 serpenti.
1321 1247 1519 1301 Amore
1543 1242 1687 1298 enim
1713 1236 2052 1310 praesentium
2081 1233 2149 1286 ab
2250 1237 2359 1282 tem
2404 1231 2565 1285 sexus
2605 1230 2659 1284 in
2708 1230 2839 1284 vitio
2887 1238 2990 1297 est,
3041 1244 3381 1300 nequaquam
3408 1231 3524 1284 ait:
3549 1228 3750 1285 Locuta
3782 1246 3847 1285 es

561 1348 802 1405 auctoris
847 1344 1019 1400 nostri
1067 1340 1355 1397 dilectione
1398 1334 1753 1397 recessimus;
1804 1338 1859 1383 et
1898 1338 2148 1398 perversa

564 1456 717 1497 mens
743 1439 869 1494 dum
900 1445 925 1473 ⁸
951 1431 1224 1489 dilectioni
1264 1436 1525 1484 creaturae
1551 1438 1609 1478 se
1637 1420 1901 1481 subdidit,
1934 1432 1963 1470 a
1995 1430 2149 1471 crea-

564 1533 701 1589 toris
738 1530 998 1585 societate
1040 1520 1315 1590 disjunxit.
1348 1518 1428 1570 Ex
1456 1516 1539 1569 his
1571 1524 1700 1580 ergo
1729 1510 1796 1564 ab
1824 1516 2047 1564 auctore
2078 1504 2155 1560 fc-

566 1623 753 1679 rienda
782 1626 915 1682 erat,
939 1628 1057 1685 qua:
1077 1624 1263 1667 errans
1286 1606 1491 1661 auctori
1516 1606 1903 1673 prteposuerat,
1926 1606 1987 1651 ut
2011 1594 2154 1650 unde

567 1716 731 1768 homo
779 1707 991 1777 culpam
1022 1719 1130 1758 non
1172 1699 1351 1755 timuit
1377 1695 1640 1766 superbus
1669 1690 1984 1751 admittere,
2028 1685 2155 1739 inde

565 1818 778 1877 poenam
804 1796 1155 1868 corrigendus
1180 1792 1480 1856 inveniret;
1509 1797 1565 1844 et
1584 1794 1736 1842 tanto
1757 1785 1914 1839 citius
1936 1780 2153 1850 resipis-
2181 1772 2230 1833 Β

565 1875 715 1952 ceret
743 1892 809 1948 ad
837 1892 926 1946 illa
955 1904 1074 1961 quae
1102 1884 1353 1957 perdidit,
1388 1887 1591 1951 quanto
1621 1876 1822 1932 doloris
1851 1875 2006 1944 plena
2036 1885 2158 1927 esse

567 1984 905 2055 conspiceret
926 1994 1044 2050 quae
1070 1974 1333 2047 quaesivit.
1359 1970 1511 2027 Unde
1531 1976 1585 2025 et
1606 1968 1743 2023 bene
1768 1965 1961 2021 dicitur
1987 1980 1999 2015 :
2025 1961 2159 2016 For-

569 2093 724 2133 mans
751 2076 947 2137 lucem,
979 2081 1035 2128 et
1062 2084 1252 2126 creans
1283 2067 1533 2123 tenebras
1558 2104 1575 2133 ,
1620 2062 1746 2132 quia
1788 2075 1910 2117 cum
1938 2072 2035 2128 per
2060 2056 2159 2110 ﬂa-

570 2169 711 2239 gella
754 2165 994 2222 exterius
1035 2162 1240 2219 doloris
1270 2158 1505 2215 tenebrae
1534 2161 1789 2210 creantur
1814 2193 1832 2221 ,
1878 2152 2023 2206 intus
2067 2162 2164 2219 per

574 2260 932 2317 eruditionem
959 2256 1054 2312 lux
1080 2251 1278 2309 mentis
1310 2247 1641 2307 accenditur.
1672 2243 1899 2299 Faciens
1941 2254 2163 2313 pacem,

575 2360 634 2407 et
658 2364 852 2406 creans
878 2346 1041 2414 mala,
1070 2344 1193 2415 quia
1223 2350 1352 2398 tunc
1378 2339 1534 2395 nobis
1562 2352 1667 2408 pax
1695 2350 1818 2392 cum
1847 2333 1961 2389 Deo
1988 2331 2168 2388 reddi-

579 2449 688 2508 tur,
713 2455 836 2495 cum
865 2440 978 2493 hate
1003 2450 1122 2507 quae
1149 2434 1289 2489 bene
1316 2438 1441 2487 sunt
1464 2428 1701 2496 condita,
1729 2426 1824 2482 sed
1846 2424 1874 2464 δ
1896 2440 2004 2479 non
2029 2424 2170 2480 bene

581 2531 870 2601 concupita
892 2570 908 2595 ,
954 2528 1006 2583 in
1036 2541 1099 2582 ea
1130 2539 1247 2595 qua:
1276 2523 1432 2579 nobis
1460 2520 1598 2575 mala
1628 2526 1771 2583 sunt,
1806 2515 2015 2588 ﬂagella
2042 2531 2169 2583 ver-

585 2629 793 2677 tuntur.
818 2618 923 2673 Per
947 2617 1157 2687 culpam
1184 2615 1383 2684 quippe
1404 2611 1515 2667 Deo
1537 2610 1817 2666 discordes
1837 2608 2168 2675 exstitimus;

585 2711 807 2778 dignum
835 2722 965 2777 ergo
989 2715 1072 2762 est
1092 2715 1149 2761 ut
1169 2706 1235 2759 ad
1260 2718 1449 2774 pacem
1470 2702 1611 2756 illius
1631 2716 1729 2773 per
1749 2698 1956 2770 ﬂagella
1986 2700 2174 2754 redea-

586 2815 739 2866 mus;
789 2806 846 2853 ut
879 2813 999 2854 cum
1030 2810 1362 2868 unaquaeque
1406 2809 1494 2851 res
1533 2793 1669 2848 bene
1697 2793 1911 2849 condita
1937 2791 2091 2847 nobis
2120 2792 2174 2847 in

589 2893 835 2949 dolorem
866 2892 1112 2957 vertitur,
1144 2890 1374 2947 correcti
1402 2890 1513 2960 80
1540 2902 1693 2944 mens
1721 2887 1788 2942 ad
1818 2887 2053 2942 auctoris
2081 2902 2176 2955 pa-

590 3004 708 3045 cem
738 2985 1012 3042 humiliter
1033 2982 1377 3039 reformatur.
1401 2980 1528 3036 llaec
1549 2980 1730 3049 itaque
1753 2976 1961 3045 ﬂagella
1988 2976 2178 3031 beatus

2251 1322 2405 1391 quasi
2436 1336 2542 1375 una
2571 1338 2638 1378 ex
2667 1323 2999 1390 mulieribus,
3031 1323 3147 1389 sed,
3177 1339 3242 1378 ex
3273 1323 3468 1392 ineptis
3498 1323 3841 1392 mulieribus,

2252 1422 2313 1469 ut
2336 1413 2584 1469 videlicet
2607 1413 2922 1469 ostendatur
2945 1415 3070 1482 quia
3098 1414 3240 1483 quod
3268 1424 3491 1483 pravum
3516 1414 3675 1484 sapit,
3701 1412 3725 1449 δ
3749 1430 3845 1469 ac-

2253 1503 2497 1558 cedentis
2524 1504 2783 1570 stultitiae,
2833 1520 2943 1559 non
2991 1512 3170 1559 autem
3215 1504 3447 1559 condita:
3496 1504 3567 1559 sit
3615 1512 3843 1562 naturas.

2252 1594 2510 1664 Sequitur
2537 1612 2551 1647 :

2681 1708 2910 1765 CAPUT
2933 1708 2977 1763 Χ
3015 1709 3164 1783 [Rea
3205 1706 3397 1780 VIII].

2328 1825 2456 1881 lein.
2474 1823 2625 1880 —In
2656 1825 2890 1880 omnibus
2918 1826 2997 1877 Itis
3026 1840 3137 1879 non-
3157 1800 3507 1893 peccavit'Job
3538 1820 3688 1876 labiis
3715 1825 3846 1877 suis.

2333 1958 2421 2012 17.
2457 1958 2555 2013 Job
2585 1976 2687 2013 non
2715 1959 2939 2029 peccavit
2968 1956 3148 2023 labiis,
3189 1957 3310 2027 quia
3338 1971 3432 2009 nec
3460 1955 3655 2027 injusta
3685 1955 3847 2020 dixit,

2264 2066 2357 2104 nec
2378 2052 2523 2122 justa
2549 2050 3070 2105 reticuit.—l)uobus
3096 2048 3273 2104 modis
3293 2048 3443 2102 labiis
3462 2048 3851 2116 delinquimus,

2265 2157 2389 2198 cum
2416 2150 2508 2195 aut
2552 2141 2750 2210 iniusta
2779 2142 3006 2198 dicimus
3027 2180 3042 2208 ,
3073 2147 3166 2195 aut
3203 2138 3351 2208 justa
3377 2139 3679 2194 retieemus.
3715 2137 3855 2192 Nam

2266 2235 2309 2291 si
2338 2233 2626 2304 aliquando
2654 2241 2710 2289 et
2731 2242 2914 2289 tacere
2938 2233 3093 2304 culpa
3121 2246 3229 2287 non
3249 2238 3420 2295 esset,
3451 2228 3718 2301 propheta
3744 2244 3859 2283 non

2267 2326 2508 2382 diceret:
2548 2325 2637 2381 Va:
2678 2325 2803 2379 mihi
2826 2363 2842 2389 ,
2890 2326 3014 2397 quia
3063 2326 3197 2379 tacui
3230 2320 3385 2393 (Isai.
3414 2337 3466 2398 vt
3488 2360 3503 2388 ,
3549 2320 3627 2392 5).
3660 2320 3861 2375 Beatus

2269 2416 2431 2486 igitur
2473 2415 2575 2471 Job
2623 2415 2679 2471 in
2724 2415 2932 2472 cunctis
2974 2429 3093 2484 quae
3137 2414 3263 2483 egit,
3296 2413 3452 2468 labiis
3492 2412 3606 2469 suis
3632 2410 3860 2466 minime

2270 2509 2557 2581 peccavit,
2596 2508 2721 2578 quia
2765 2522 2867 2563 nec
2908 2516 3096 2562 contra
3126 2506 3407 2562 ferientem
3437 2504 3670 2575 superba
3698 2503 3858 2568 dixit,

2272 2615 2376 2658 nec
2402 2608 2590 2658 contra
2637 2598 2955 2655 suadentem
2998 2607 3147 2655 recta
3193 2597 3428 2654 reticuit.
3479 2597 3589 2652 Nec
3631 2595 3862 2664 loquens

2274 2709 2425 2765 ergo,
2455 2708 2557 2749 nec
2581 2700 2766 2747 tacens
2791 2691 3031 2760 deliquit,
3059 2691 3149 2761 qui
3176 2698 3231 2746 et
3258 2688 3549 2760 ﬂagellanti
3577 2687 3717 2757 patri
3746 2700 3867 2755 gra-

2275 2786 2378 2840 tias
2407 2785 2667 2848 reddidit,
2699 2791 2754 2839 et
2797 2784 2937 2838 male
2966 2782 3211 2838 suadenti
3238 2780 3454 2852 conjugi
3481 2778 3743 2834 doctrina:
3770 2792 3864 2832 sa-

2275 2874 2531 2944 pientiam
2562 2874 2901 2929 ministravit.
2935 2872 3070 2939 Quia
3109 2872 3251 2928 enim
3294 2871 3454 2927 scivit
3479 2868 3607 2939 quid
3638 2867 3870 2922 deberet

2280 2967 2411 3030 Deo,
2443 2966 2568 3036 quid
2597 2965 2865 3035 proximo,
2893 2964 3102 3020 scilicet
3126 2958 3436 3033 patientiam
3461 2959 3749 3023 conditori,
3779 2973 3871 3010 sa-

592 3075 692 3131 Job
722 3075 863 3130 mala
889 3073 1167 3138 nominat;
1198 3071 1323 3142 quia
1353 3070 1540 3126 salutis
1568 3076 1623 3124 et
1642 3047 2053 3137 tranquillitatis
2080 3064 2180 3120 bo-
2209 3129 2249 3142 Α
2280 3057 2537 3126 pienliam
2568 3055 2780 3125 conjugi
2807 3097 2823 3124 ,
2873 3055 3075 3111 idcirco
3102 3062 3157 3110 et
3185 3055 3322 3108 hanc
3362 3048 3735 3142 redarguendo
3764 3047 3873 3101 do-

594 3180 743 3223 num.
776 3178 880 3232 qua
908 3160 1313 3233 perturbatione
1343 3158 1553 3225 feriant,
1584 3165 1796 3227 pensat.

670 3262 757 3316 16.
800 3262 1027 3332 Flagelli
1055 3276 1205 3331 paena
1234 3259 1481 3313 memoria
1506 3257 1659 3323 doni,
1699 3257 1882 3312 laetitia
1914 3264 2050 3311 metu
2079 3258 2179 3326 fla-

600 3353 722 3424 gelli
771 3349 1120 3420 temperanda.
1173 3348 1369 3404 Sensus
1398 3349 1601 3418 pravis,
1640 3363 1746 3402 non
1773 3364 1926 3402 sexus
1954 3350 2009 3402 in
2038 3349 2178 3404 vitio.

600 3441 799 3497 —Sed
846 3440 975 3494 illud
1022 3438 1178 3494 valde
1226 3439 1281 3493 in
1327 3438 1442 3507 ejus
1472 3438 1651 3492 verbis
1690 3438 2007 3493 intuendum
2058 3446 2179 3506 est,

602 3542 796 3589 contra
852 3531 1257 3602 persuasionem
1323 3529 1566 3599 conjugis
1622 3538 1822 3599 quanta
1878 3531 2186 3587 considera-

601 3626 766 3680 tionis
804 3632 922 3679 arte
966 3638 1027 3679 se
1073 3623 1328 3694 colligat,
1378 3621 1687 3678 dicens:Si
1736 3621 1868 3677 bona
1896 3624 2185 3694 accepimus

600 3716 666 3770 de
720 3732 877 3770 manu
932 3714 1178 3782 Domini,
1238 3714 1378 3769 mala
1434 3730 1592 3785 quare
1637 3731 1743 3769 non
1798 3714 2189 3773 sustineamus?

603 3810 750 3884 [γει.
812 3808 968 3883 γη]
1012 3811 1202 3881 Magna
1239 3811 1439 3881 quippe
1484 3811 1785 3868 consolatio
1828 3813 2189 3869 tribulationis

602 3908 706 3967 est,
753 3899 965 3956 si‘cum
1012 3902 1233 3957 adversa
1291 3901 1556 3971 patimur,
1612 3900 1849 3957 auctoris
1897 3902 2067 3957 nostri
2121 3902 2189 3956 ad

600 3992 921 4049 memoriam
948 3993 1089 4048 dona
1116 4006 1451 4048 revocemus.
1477 3990 1589 4047 Nec
1614 3990 1811 4060 frangit
1832 3991 1976 4061 quod
2002 4007 2070 4046 ex
2094 3991 2195 4047 do-

604 4089 720 4144 lore
767 4087 988 4154 obviat,
1030 4087 1074 4141 si
1105 4086 1271 4141 menti
1298 4084 1457 4141 citius
1502 4083 1645 4149 hoc,
1696 4084 1841 4154 quod
1870 4100 1939 4139 ex
1967 4096 2193 4138 munere

605 4178 867 4245 sublevat,
895 4185 1165 4233 occurrat.
1190 4175 1325 4232 Hinc
1344 4189 1576 4245 namque
1596 4174 1853 4245 scriptum
1877 4182 1960 4230 est
1983 4192 1997 4227 :
2023 4172 2091 4227 1η
2111 4174 2196 4228 die

607 4270 857 4323 bonorum
884 4282 947 4320 ne
975 4267 1241 4320 immemor
1273 4266 1347 4318 sis
1369 4266 1646 4333 malorum,
1681 4271 1730 4317 et
1755 4263 1809 4317 in
1834 4262 1917 4317 die
1939 4261 2195 4317 malorum

607 4375 672 4412 ne
714 4358 985 4411 immemor
1030 4357 1102 4409 sis
1141 4356 1387 4409 bonorum
1419 4354 1606 4426 (Eccli.
1656 4370 1748 4422 ιι,
1799 4353 1919 4424 27).
1944 4353 2196 4425 Quisquis

608 4448 751 4504 enim
770 4445 913 4500 dona
930 4445 1177 4516 percipit,
1200 4444 1293 4500 sed
1306 4444 1572 4500 donorum
1590 4455 1832 4517 tempore
1852 4435 2190 4519 nequaquam

2201 3129 2252 3193 ο
2283 3148 2433 3216 cuit,
2482 3156 2536 3203 et
2563 3147 2710 3202 illum
2741 3147 2940 3215 gratias
2967 3145 3172 3214 agendo
3214 3143 3466 3199 laudavit.
3513 3141 3642 3209 Quis
3682 3148 3875 3196 autem

2282 3245 2545 3304 n0strum,
2576 3237 2620 3291 si
2649 3252 2814 3291 unum
2840 3236 3117 3305 quodlibet
3143 3235 3332 3289 vulnus
3360 3240 3523 3289 tanta:
3551 3230 3709 3301 hujus
3739 3246 3873 3301 per—

2283 3330 2546 3384 cussionis
2586 3329 2876 3399 acciperet,
2924 3344 3030 3383 non
3076 3343 3199 3382 mox
3228 3328 3296 3381 ab
3337 3326 3535 3381 intimis
3564 3332 3876 3395 prostratus

2284 3419 2520 3489 jaceret?
2553 3421 2691 3475 Ecce
2715 3427 2916 3474 stratus
2940 3418 3073 3475 foris
3096 3418 3407 3473 vulneribus
3433 3416 3633 3484 carnis,
3656 3424 3877 3471 erectus

2289 3512 2612 3568 intrinsecus
2640 3512 2935 3566 munimine
2966 3518 3245 3581 permanet
3271 3509 3500 3576 mentis;
3551 3515 3608 3562 et
3652 3507 3753 3562 sub
3784 3520 3877 3560 se-

2287 3604 2515 3674 metipso
2545 3618 2703 3659 omne
2726 3601 2970 3673 jaculum
3018 3601 3347 3657 transvolare
3389 3598 3678 3669 conspicit,
3728 3596 3879 3665 quod

2289 3693 2344 3749 in
2384 3707 2445 3751 se
2490 3694 2728 3749 exterius
2754 3692 2996 3748 districta
3042 3702 3202 3746 manu
3239 3690 3462 3746 saeviens
3503 3688 3675 3744 hostis
3720 3687 3878 3754 figit,

2288 3786 2575 3857 vigilanter
2603 3782 2956 3855 deprehendit
2978 3782 3183 3853 jacula,
3212 3780 3374 3836 modo
3402 3778 3710 3834 vulneribus
3738 3792 3875 3831 con-

2292 3885 2375 3932 tra
2400 3891 2460 3932 se
2488 3891 2518 3930 a
2545 3874 2705 3945 facie,
2744 3875 2906 3932 modo
2935 3873 3114 3930 verbis
3140 3872 3293 3942 quasi
3324 3887 3390 3926 ex
3436 3870 3606 3924 latere
3652 3869 3876 3922 intorta.

2295 3966 2361 4020 Et
2413 3966 2646 4022 bellator
2698 3975 2884 4023 noster
2937 3964 3458 4022 circumvallantium
3521 3960 3879 4017 certaminum

2296 4056 2504 4113 fervore
2530 4057 2916 4127 deprehensus,
2961 4056 3157 4125 ubique
3186 4052 3461 4125 patientiae
3489 4066 3598 4107 suae
3625 4050 3877 4122 clypeum

2295 4148 2551 4218 opponit;
2572 4147 2818 4217 undique
2843 4145 3179 4203 venientibus
3204 4142 3426 4215 spiculis
3454 4142 3659 4209 obviat,
3702 4148 3757 4194 et
3784 4156 3879 4209 per

2294 4248 2487 4294 cuncta
2509 4238 2767 4293 virtutum
2788 4239 2957 4294 latera
2984 4238 3429 4307 circumspectum
3452 4242 3645 4289 contra
3670 4232 3879 4288 irruen-

2296 4333 2369 4387 tia
2401 4331 2621 4387 vulnera
2654 4342 2677 4371 ο
2709 4340 2942 4387 mentem
2971 4337 3137 4386 rotat.

2368 4441 2511 4516 [Vet.
2540 4439 2735 4513 VIII.]
2775 4442 2862 4497 18.
2902 4441 3150 4497 Teatatur
3177 4458 3267 4513 per
3294 4440 3586 4495 amicos.—
3601 4437 3707 4494 Sed
3735 4438 3882 4492 anti-

606 4538 769 4592 etiam
812 4513 1021 4607 ﬂagella
1052 4513 1414 4605 pertimescit,
1463 4535 1516 4589 in
1546 4513 1781 4592 elatione
1808 4552 1906 4607 per
1941 4513 2189 4596 ilzetitiam
2217 4513 2274 4577 Β
2296 4513 2434 4605 quos
2460 4535 2630 4589 hostis
2656 4549 2763 4603 quo
2794 4532 3058 4588 valentius
3084 4533 3338 4597 vincitur,
3380 4546 3447 4586 eo
3472 4532 3572 4600 81
3604 4529 3785 4583 adhuc
3815 4527 3882 4581 ad

605 4628 827 4683 corruit.
861 4625 1114 4694 Quisquis
1139 4632 1319 4680 autem
1351 4624 1574 4694 ﬂagellis
1603 4626 1871 4694 atteritur,
1897 4628 1990 4683 sed
2012 4626 2193 4696 ﬂagel-

605 4720 779 4775 lorum
825 4726 1069 4787 tempore
1114 4730 1449 4785 nequaquam
1492 4730 1551 4772 se
1594 4732 1661 4771 ex
1696 4717 1880 4785 donis,
1924 4733 2042 4788 quae
2069 4735 2192 4775 eum

606 4811 831 4879 contigit
860 4809 1154 4879 accepisse,
1186 4809 1529 4875 consolatur,
1576 4810 1645 4865 ab
1683 4817 1827 4865 statu
1856 4812 2050 4868 mentis
2076 4827 2194 4867 om-

604 4902 820 4958 nimoda
868 4901 1247 4971 deSperatione
1288 4901 1619 4958 destruitur-
1654 4900 1745 4958 Sic
1789 4918 1918 4975 ergo
1968 4913 2193 4977 utraque

677 5067 703 5094 ε
726 5057 906 5182 Antig.
934 5055 1148 5120 Rhem.,
1165 5072 1300 5119 unus
1322 5071 1388 5112 ex
1414 5056 1643 5125 Remig.,
1667 5055 2189 5127 Compend.,Corb.,

677 5144 810 5182 :rm..
898 5126 1029 5182 olb..
1077 5136 1185 5181 vet.
1231 5126 1367 5180 Edit.
1402 5125 1570 5181 Paris.
1604 5135 1660 5180 et
1688 5126 1873 5182 Basil..
1907 5131 2027 5182 dum
2056 5132 2189 5182 delc-

604 5128 817 5209 Grerni".
853 5125 1029 5209 Colit“
1077 5136 1185 5181 vet.
1231 5126 1367 5180 Edit.
1402 5125 1570 5181 Paris.
1604 5135 1660 5180 et
1688 5126 1873 5193 Basil.,
1907 5131 2027 5183 dum
2056 5125 2194 5186 delc?

606 5206 819 5251 stationi
858 5206 1131 5251 creatum’.

677 5269 701 5305 ιλ
734 5267 902 5388 (liditi,
936 5269 1026 5321 sed
1056 5268 1189 5321 male
1225 5268 1516 5337 concupita.
1562 5265 1874 5337 Elegantius
1910 5269 2057 5336 Mss.,
2101 5273 2193 5326 sed

677 5355 706 5388 η
766 5354 879 5388 ene.

605 5355 706 5394 ηοιι
734 5354 879 5391 bene.

681 5420 702 5446 ο
743 5407 819 5461 lta
862 5407 993 5463 Mss.
1031 5407 1215 5479 Norat.
1255 5422 1468 5479 om_nes,
1503 5407 1719 5475 Rhem.,
1764 5409 1949 5475 Corb.,
1980 5410 2188 5479 Germ.,

607 5477 1007 5549 ﬂemig.,_unus
1040 5478 1291 5546 Vindoc.,
1323 5477 1548 5542 Turon.,
1581 5479 1904 5549 Compend.,
1932 5482 2046 5535 Val.
2082 5477 2187 5547 CL,

608 5559 710 5619 etc.
747 5547 964 5619 AtkEd.,
995 5550 1125 5619 quia
1145 5551 1281 5619 enim
1311 5564 1500 5619 sensus
1521 5566 1694 5619 prava:
1722 5547 1996 5605 uoluntatis
2012 5554 2192 5605 mulie-

603 5616 1083 5695 ribits,‘_$ecut_idus
1114 5617 1335 5695 Vindoe.
1368 5616 1652 5695 conﬁrmat
1680 5622 1818 5675 hanc
1848 5622 2151 5677 lectionem.

677 5685 700 5722 ι¹
743 5686 931 5754 Gilot.,
958 5687 1154 5754 Vatie.,
1180 5689 1466 5757 Gussanv.,
1493 5692 1790 5758 accidentis,
1820 5701 2003 5749 contra
2034 5693 2187 5749 ﬁdem

2299 4627 2519 4681 insidias
2566 4626 2840 4680 ardentius
2885 4624 3185 4692 instigatur.
3218 4624 3351 4677 Nam
3382 4623 3505 4693 quia
3533 4636 3666 4676 uxor
3698 4621 3881 4675 inere-

2299 4728 2420 4788 pata
2452 4718 2687 4781 reticuit,
2719 4717 2963 4787 protinus
2990 4716 3125 4770 alios
3151 4716 3242 4784 qui
3275 4714 3291 4752 ί
3326 4712 3637 4782 increpandi
3662 4710 3732 4765 ad
3760 4728 3885 4765 con-

2299 4810 2546 4864 tumelias
2592 4817 2913 4877 surgerent,
2969 4808 3245 4864 excitavit.
3296 4806 3450 4861 Sieut
3496 4807 3638 4860 enim
3686 4805 3880 4858 damna

2299 4914 2475 4954 rerum
2498 4899 2701 4953 studuit
2724 4899 2962 4955 crebrius
2983 4896 3276 4953 nuntiando
3303 4908 3615 4968 percutere;
3644 4896 3717 4949 ita
3747 4911 3886 4950 nunc

2300 5057 2425 5113 Mss.
2458 5066 2512 5112 et
2540 5065 2649 5112 vet.
2674 5056 2815 5112 Edit.

2373 5139 2397 5166 ε
2438 5129 2513 5182 lta
2559 5128 2746 5190 Corb.,
2795 5125 2976 5181 Germ.
3030 5134 3085 5180 et
3130 5140 3319 5180 omnes
3366 5125 3533 5181 nostri
3575 5123 3728 5192 Mss.,
3780 5138 3887 5177 non

2300 5209 2516 5253 mentem
2544 5197 2775 5265 roborat,
2805 5206 2863 5251 ut
2889 5197 2939 5249 in
2970 5197 3240 5265 plerisque
3268 5195 3437 5250 Editis
3468 5196 3681 5263 legitur.

2374 5269 2392 5307 τ
2428 5269 2552 5321 Ant.
2586 5268 2802 5339 Rheml,
2836 5268 2921 5339 qui
2944 5267 3257 5339 increpandi
3276 5267 3613 5339 contumelias
3641 5281 3888 5339 suggere-

2299 5350 2429 5393 rent.
2459 5339 2737 5393 Secundus
2766 5336 2953 5391 Rhein.
2980 5347 3033 5391 et
3061 5336 3330 5391 secundus
3346 5337 3573 5403 Remig.,
3603 5336 3690 5406 qui
3720 5338 3891 5387 incre-

2299 5410 2470 5478 pando
2516 5409 2849 5462 contumelins
2897 5417 3246 5478 suggererent.
3299 5406 3506 5478 Primus
3539 5404 3773 5478 Ριιξιιιίῧ.ἲ
3805 5404 3889 5478 φα

2299 5474 2367 5532 ad
2397 5479 2767 5548 increpandum
2799 5474 3117 5531 contumeliis
3146 5486 3429 5548 surgerent.
3463 5475 3671 5548 Germ.,
3703 5474 3773 5527 ad
3803 5477 3888 5527 in-

2296 5546 2547 5618 crepandi
2568 5549 2901 5602 contumelias
2931 5558 3216 5617 surgerent.
3240 5546 3433 5608 Corb.,
3458 5546 3665 5607 Germ.,
3696 5560 3891 5618 secun-

2297 5616 2575 5682 dis'curis,
2623 5618 2744 5682 sed,
2781 5620 2855 5672 uti
2889 5616 3096 5673 videtur
3120 5658 3134 5685 ,
3184 5620 3251 5673 ab
3280 5618 3469 5675 eadem
3501 5630 3684 5683 manu,
3717 5616 3887 5669 incre-

2297 5690 2495 5761 pando,
2524 5706 2629 5745 non
2659 5690 2816 5745 uzalc.
