4030 6350
246 355 353 411 60.9

1165 341 1525 399 MORALIU.“
1570 340 1699 394 LIB.
1747 337 1834 392 III.
1878 364 1946 376 —-
1988 335 2053 392 IN
2092 335 2246 392 CAP.
2292 337 2333 392 II
2372 337 2429 391 Β.
2472 337 2609 393 JOB.

3430 338 3532 393 620

241 470 525 523 robustum
570 470 756 537 pectus
799 459 993 528 satagit
1034 457 1319 513 verborum
1367 452 1710 512 contumeliis
1737 466 1837 506 δω-
1863 455 1913 513 Α
1943 456 2025 501 est
2055 447 2226 502 dolori
2256 463 2414 517 quem
2438 448 2658 517 suscipit
2687 453 2869 517 ponat,
2905 462 2973 502 ne
3003 462 3109 503 non
3140 446 3312 502 solum
3341 447 3530 503 dolen-

240 560 362 627 pius
392 555 631 611 feriendo
665 559 971 622 penetrare.
1005 548 1260 615 Sequitur
1287 566 1299 595 τ

708 641 934 699 CAPUT
966 641 1033 694 x1
1056 641 1203 713 [περ.
1242 636 1367 709 IX].

316 742 481 796 Vens.
516 739 601 792 II.
632 769 704 780 -—
731 736 901 806 Igitur
934 734 1200 787 audientes
1237 744 1335 787 tres
1366 733 1520 786 amici
1551 732 1649 787 Job
1680 749 1833 786 omne

240 838 435 891 mulum
459 832 592 903 quod
621 831 891 883 accidisset
914 828 980 891 ei,
1002 835 1245 879 venerunt
1274 826 1464 894 singuli
1487 824 1548 877 de
1573 824 1684 881 loco
1701 837 1829 877 suo:

243 928 467 996 Etipltaz
495 923 838 996 Tltemanites,
874 918 1077 971 Baldad
1108 915 1336 978 Sit/tiles,
1370 924 1417 968 et
1440 914 1648 983 Sophar
1678 911 1833 965 Naa-

244 1019 501 1073 mutltitcs.
532 994 885 1069 Condixerant
922 1010 1060 1063 enim
1098 1008 1229 1074 sibi,
1260 1015 1314 1059 ut
1342 1008 1538 1077 pariter
1573 1005 1830 1058 venientes

240 1111 510 1163 visitarent
535 1122 671 1172 eum,
702 1113 749 1157 et
772 1101 1180 1156 consolarentur.

314 1196 398 1250 II).
430 1196 724 1249 Amicorum
750 1190 850 1245 Job
882 1197 1022 1243 recta
1052 1189 1269 1241 intentio
1321 1184 1688 1238 indiscretione
1715 1186 1828 1255 fus-

236 1301 408 1347 catur.
436 1323 510 1333 —
537 1286 638 1353 Qui
669 1301 736 1339 ex
776 1281 1027 1337 condicto
1070 1279 1135 1333 ad
1166 1278 1351 1333 afflicti
1396 1276 1824 1331 consolationem

237 1380 483 1447 veniunt,
512 1388 567 1433 et
593 1377 732 1430 inter
760 1387 817 1428 se
848 1380 902 1427 et
921 1384 1045 1439 erga
1067 1382 1375 1440 percussum
1400 1374 1612 1435 quanta:
1643 1365 1825 1421 chari-

236 1474 372 1527 ratis
414 1470 633 1535 fuerint,
665 1466 1119 1522 demonstrantur.
1151 1458 1404 1526 Quamvis
1455 1466 1509 1513 et
1552 1474 1649 1528 per
1695 1458 1823 1525 hoc,

234 1563 384 1632 quod
414 1561 691 1631 Scriptura
716 1571 811 1611 eos
841 1554 975 1609 tanti
1003 1552 1103 1608 viri
1142 1552 1343 1606 amicos
1372 1547 1536 1603 fuisse
1577 1557 1823 1613 testatur,

233 1654 365 1722 quia
386 1652 513 1707 boni
544 1648 706 1705 studii
733 1655 786 1702 et
815 1653 977 1701 rectae
1018 1642 1218 1697 fuerint
1246 1639 1558 1695 intentionis
1588 1639 1829 1693 ostendi-

234 1754 363 1809 tur;
395 1743 491 1797 sed
540 1750 719 1795 tamen
761 1738 878 1791 ltzec
926 1736 1041 1805 ipsa
1090 1733 1305 1788 illorum
1355 1730 1604 1796 intentio,
1636 1730 1716 1784 eis
1757 1730 1825 1783 ad

1942 549 2047 591 tem
2076 554 2180 592 non
2196 540 2447 602 mulceat,
2467 539 2560 593 sed
2583 539 2945 608 intemperate
2972 538 3181 605 dolens,
3208 538 3395 594 afflicti
3424 542 3529 593 ani-

1924 645 2083 699 ~munt
2121 630 2188 683 ad
2230 630 2439 699 pondus
2469 628 2859 697 desperationis
2888 638 3116 697 premat.
3150 628 3239 685 Sic
3266 630 3409 685 enim
3442 632 3531 691 do_

1935 716 2018 771 Ior
2048 728 2232 771 noster
2259 718 2596 772 manentium
2648 717 2819 771 dolori
2860 717 3163 789 jungendus
3193 727 3296 787 est,
3328 728 3386 774 ut
3432 735 3531 789 per

1934 813 2419 876 temperamentum
2462 808 2725 873 sublevet,
2770 824 2874 862 non
2926 817 3106 862 autctu
3139 825 3235 878 per
3263 824 3528 878 augmen-

1934 907 2043 951 tum
2070 908 2276 966 gravet.
2314 898 2462 954 Unde
2492 900 2719 954 fortasse
2749 901 3105 968 colligendum
3137 910 3220 956 est
3246 904 3353 972 82
3381 902 3527 972 quod

1932 990 2089 1043 amici
2119 991 2260 1044 beati
2308 990 2409 1044 Job
2439 992 2720 1061 plusquam
2754 1008 2976 1046 necesse
3009 991 3207 1059 fuerat,
3240 995 3289 1047 in
3333 1010 3527 1048 conso-

1930 1080 2133 1134 latione
2176 1081 2480 1145 doluerunt,
2510 1085 2600 1150 qui
2649 1083 2775 1135 dum
2820 1086 3224 1151 percussionem
3274 1093 3523 1152 cernunt,

1929 1171 2020 1224 sed
2053 1170 2289 1238 percussi
2321 1178 2555 1224 mentem
2591 1173 2869 1239 nesciunt,
2898 1174 2969 1226 ita
3001 1175 3050 1226 in
3083 1174 3399 1239 immensum
3443 1177 3527 1231 lu-

1928 1268 2073 1315 ctum
2098 1260 2238 1314 versi
2256 1268 2401 1327 sunt,
2424 1275 2488 1315 ac
2500 1261 2545 1315 si
2577 1276 2858 1328 percussus
2881 1263 2961 1315 vir
2982 1271 3144 1316 tantzc
3168 1264 3520 1332 fortitudinis,

1930 1351 1981 1405 in
2013 1351 2166 1420 plaga
2204 1350 2477 1420 corporis,
2517 1350 2680 1404 etiam
2720 1365 2750 1404 a
2790 1351 2955 1406 corde
2989 1352 3289 1407 cecidisset.
3332 1355 3521 1424 Sequi-

1928 1447 2019 1494 tur
2044 1457 2057 1493 :

2528 1509 2755 1565 CAPUT
2786 1509 2924 1565 XIII.

2001 1623 2165 1679 Vens.
2210 1623 2297 1678 1⁸5.
2328 1655 2401 1666 -
2434 1623 2787 1696 Sederuntque
2816 1641 2930 1677 cum
2970 1641 3029 1679 eo
3058 1626 3112 1679 in
3140 1633 3281 1680 terra
3328 1636 3521 1697 septem

1932 1713 2105 1767 diebus
2127 1721 2175 1766 et
2203 1722 2397 1784 septem
2417 1715 2668 1778 noctibus,
2684 1724 2729 1768 et
2744 1731 2892 1769 nemo
2906 1714 3263 1786 loquebaturei
3276 1720 3518 1785 verbum;

233 1834 404 1888 verba
432 1827 924 1903 prorumpentibus,
956 1833 1083 1878 ante
1129 1821 1356 1877 districti
1394 1820 1590 1889 judicis
1616 1820 1826 1889 oculos,
1858 1818 1903 1878 B
1933 1802 2173 1903 υίάθέναητ
2201 1806 2336 1858 enim
2358 1804 2589 1859 άοίονεηι
2624 1816 2645 1843 ⁸
2665 1808 2776 1877 ejus
2798 1822 2910 1860 ϐεδε
2940 1806 3303 1862 vehementem.

229 1925 459 1979 suborta
492 1919 892 1981 indiscretione,
934 1914 1191 1969 fuscatur.
1221 1912 1478 1981 Sequitur
1510 1928 1523 1963 :

697 2004 925 2061 CAPUT
947 2002 1036 2057 XII
1069 2002 1219 2075 [Rea

305 2103 469 2157 Vens.
504 2099 589 2153 12.
612 2131 683 2141 --
712 2098 933 2167 Cumque
960 2095 1240 2149 elevassent
1266 2091 1448 2162 procul
1476 2091 1651 2147 oculos
1679 2109 1819 2158 suos,

232 2213 338 2251 non
361 2201 703 2266 cognoverunt
724 2206 869 2254 eum;
894 2198 943 2242 et
962 2188 1312 2242 exclamantes
1335 2185 1685 2256 ploraverunt,
1702 2187 1827 2239 scis-

231 2287 402 2356 sisque
430 2281 647 2337 restibus
690 2287 991 2351 sparserunt
1020 2278 1278 2349 pulverem
1308 2292 1461 2346 super
1496 2284 1651 2345 caput
1674 2292 1823 2329 suum

229 2378 288 2430 in
318 2374 514 2429 cazlum.

305 2468 391 2521 20.
419 2464 788 2523 Consolaturus
812 2461 1055 2533 afﬂictum
1079 2459 1227 2513 debet
1255 2474 1488 2512 maerere.
1518 2457 1583 2509 At
1614 2456 1821 2511 modum

230 2559 403 2613 dolori
432 2565 610 2628 ponat.
641 2587 714 2598 -
752 2552 887 2621 Quia
919 2550 1157 2623 percussi
1185 2550 1416 2619 speciem
1446 2549 1601 2619 plaga
1641 2559 1821 2603 muta-

234 2656 415 2713 verat,
460 2646 617 2700 amici
658 2645 936 2715 plorantes
979 2640 1304 2707 exclamant,
1330 2646 1505 2693 vestes
1550 2637 1818 2703 scindunt,

226 2740 410 2808 capita
438 2738 658 2809 pulvere
692 2742 1011 2805 aspergunt;
1046 2741 1106 2786 ut
1133 2746 1255 2785 cum
1283 2737 1545 2783 mutatum
1577 2744 1722 2794 eum,
1753 2728 1821 2782 ad

229 2848 392 2904 quem
414 2834 1015 2895 venerant,cernerent,
1040 2825 1209 2895 ipsam
1231 2823 1394 2878 etiam
1420 2821 1821 2877 consolatorum

234 2925 471 2995 speciem
521 2930 852 2992 spontaneus
885 2917 1041 2974 dolor
1070 2916 1399 2970 immutaret.
1432 2912 1574 2967 Ordo
1623 2912 1822 2983 quippe

186 3082 191 3085 _
230 3012 622 3071 consolationis
669 3017 773 3075 est,
801 3017 861 3062 ut
899 3022 1021 3062 cum
1046 3006 1293 3060 volumus
1340 3002 1597 3057 afﬂictum
1635 3018 1821 3071 quem-

229 3112 378 3183 piam
426 3123 456 3161 a
500 3120 733 3162 maerore
768 3099 1128 3171 suspendere,
1156 3098 1468 3155 studeamus
1493 3096 1641 3166 prius
1682 3109 1818 3150 mo:-

229 3202 401 3258 rendo
424 3200 539 3270 ejus
569 3196 732 3253 luctui
762 3192 1114 3251 concordare.
1142 3190 1421 3246 Dolentem
1446 3203 1678 3259 namque
1706 3202 1813 3243 non
1846 3203 1890 3264 ε

226 3303 413 3367 potest
439 3289 725 3353 consolari,
755 3286 846 3357 qui
869 3300 977 3340 non
1005 3282 1299 3339 concordat
1329 3281 1444 3350 ejus
1468 3280 1662 3345 dolori,
1693 3279 1817 3348 quia

228 3403 298 3443 eo
326 3387 443 3457 ipso
462 3428 477 3452 ,
501 3398 608 3452 quo
651 3397 681 3436 a
710 3378 986 3435 tumrentis
1014 3374 1305 3430 afﬂictione
1326 3372 1614 3441 discrepat,
1643 3370 1820 3425 minus

230 3481 300 3534 ab
327 3478 419 3533 illo
442 3475 720 3545 recipitur,
756 3483 780 3507 υ
805 3486 835 3524 a
866 3484 972 3540 quo
1008 3465 1204 3521 mentis
1232 3463 1497 3533 qualitate
1514 3469 1815 3531 separatur.

231 3571 474 3626 Etnolliri
503 3570 684 3636 itaque
726 3566 870 3635 prius
909 3562 1070 3618 debet
1092 3559 1323 3623 animus,
1354 3564 1413 3612 ut
1452 3552 1654 3610 afflicto
1684 3569 1818 3610 con-

228 3672 408 3736 gruat,
440 3676 743 3731 congruens
786 3658 1070 3721 iulnereat,
1100 3653 1367 3707 inhazrens
1407 3648 1602 3702 trahat.
1633 3644 1820 3713 Neque

228 3760 376 3815 enim
428 3755 625 3809 ferrum
676 3753 818 3806 ferro
866 3744 1229 3817 conjungitur,
1274 3742 1319 3797 si
1374 3755 1483 3794 non
1532 3746 1819 3804 utrumque

227 3850 425 3906 exusti:
450 3862 518 3903 ne
538 3845 673 3915 ignis
701 3843 968 3912 liquetur;
992 3845 1047 3892 et
1060 3836 1251 3891 durum
1278 3831 1426 3887 molli
1449 3845 1555 3885 non
1583 3828 1820 3882 adhteret

229 3942 337 3997 nisi
367 3940 511 4011 prius
540 3936 733 3991 duritia
765 3933 879 4002 ejus
906 3934 1202 4000 temperata
1237 3923 1547 3988 mollescat,
1572 3928 1631 3974 ut
1666 3917 1820 3988 quasi

230 4034 341 4088 hoc
359 4008 530 4101 ipsum
555 4025 663 4091 fiat,
684 4023 826 4095 quod
840 4029 1060 4076 curatur
1082 4024 1140 4072 ut
1169 4020 1367 4070 teneat.
1389 4011 1478 4066 Sic
1509 4024 1607 4065 nec
1628 4008 1817 4078 jacen-

232 4134 318 4179 tcs
361 4122 632 4189 erigimus,
667 4119 765 4174 nisi
799 4132 829 4171 a
868 4116 1047 4184 rigore
1072 4109 1241 4166 nostri
1272 4114 1445 4161 status
1477 4104 1816 4167 inclinemur,

233 4217 363 4285 quia
409 4216 535 4269 dum
582 4209 850 4266 rectitudo
886 4205 1081 4262 stantis
1108 4203 1137 4243 b
1166 4218 1196 4256 a
1224 4200 1453 4271 jacentis
1484 4198 1586 4251 situ
1615 4196 1819 4250 discre-

234 4317 349 4378 pat,
377 4322 521 4371 cum,
546 4303 632 4358 cui
657 4297 1090 4357 condescendere
1114 4293 1350 4362 negligit,
1375 4302 1713 4360 nequaquam
1744 4285 1822 4340 le-

234 4406 345 4451 vat.
379 4395 550 4449 Amici
574 4394 734 4465 igitur
754 4389 898 4445 beati
926 4387 1025 4442 Job
1052 4393 1111 4441 ut
1138 4383 1394 4439 afflictum
1434 4396 1463 4433 a
1490 4378 1675 4434 dolore
1701 4391 1821 4431 sus-

232 4490 564 4564 penderent,
601 4488 922 4540 curaverunt
961 4475 1269 4534 necessario
1312 4473 1469 4529 simul
1517 4472 1736 4534 dolere;
1767 4476 1822 4522 et

1997 1894 2085 1948 Ἡ.
2121 1895 2392 1950 Continuis
2423 1913 2519 1964 ne,
2563 1914 2633 1951 an
2668 1899 2977 1952 intermissis
3012 1908 3205 1968 septem
3250 1899 3427 1955 diebus
3456 1917 3518 1954 ac

1927 1988 2180 2049 noctibus,
2220 1987 2373 2040 amici
2405 2002 2519 2039 cum
2547 1985 2645 2040 Job
2676 1987 2900 2041 sederint
2928 1989 3201 2043 incertum.
3225 2019 3296 2029 —
3327 1989 3517 2045 Utrum

1926 2076 2197 2130 continuis
2224 2086 2435 2145 septem
2463 2075 2653 2131 diebus
2688 2084 2744 2130 et
2778 2084 2983 2146 septem
3008 2079 3257 2133 noctibus
3287 2094 3406 2132 cum
3438 2079 3514 2132 af.

1925 2165 2184 2222 ﬂictoJob
2206 2168 2462 2233 sederint,
2480 2182 2546 2221 an
2578 2174 2727 2222 certe
2745 2167 2930 2222 diebus
2957 2177 3162 2238 septem
3187 2180 3240 2224 et
3268 2171 3518 2225 noctibus

1925 2257 2150 2312 totidem
2180 2258 2433 2311 instantia
2485 2258 2535 2311 ei
2584 2257 2787 2312 crebrae
2816 2258 3141 2314 visitationis
3172 2260 3515 2328 adlncserint,

1933 2349 2262 2419 ignoramus.
2297 2348 2450 2419 Saepe
2503 2349 2646 2404 enim
2689 2364 2802 2404 rem
2850 2351 3146 2420 quamlibet
3199 2360 3282 2406 tot
3325 2353 3517 2407 diebus

1924 2455 2085 2511 agere
2136 2440 2398 2507 dicimur,
2457 2442 2703 2512 quamvis
2759 2457 2867 2497 non
2933 2444 3133 2497 eisdem
3200 2444 3390 2499 diebus
3446 2446 3517 2499 ad

1924 2548 2044 2588 eam
2092 2534 2348 2589 continue
2378 2549 2650 2589 vacemus.
2680 2534 2835 2604 Saepe
2879 2550 3008 2589 veto
3053 2535 3331 2605 Scriptura
3360 2551 3515 2591 sacra

1923 2625 2000 2680 sic
2020 2632 2191 2679 totum
2212 2641 2310 2694 pro
2332 2633 2506 2695 parte,
2525 2625 2665 2680 sicut
2679 2642 2775 2696 pro
2800 2634 2913 2681 toto
2930 2634 3132 2696 partem
3156 2643 3359 2698 ponere
3382 2645 3514 2684 con-

1921 2714 2117 2769 suevit.
2167 2712 2269 2769 Pro
2301 2723 2415 2769 toto
2454 2716 2598 2769 enim
2625 2724 2832 2785 partem
2883 2716 3140 2786 loquitur,
3180 2720 3317 2774 sicut
3345 2720 3514 2775 Jacob

1920 2805 2174 2860 familiam
2207 2806 2518 2863 describens
2547 2808 2702 2862 dicit:
2724 2807 2949 2863 Intravit
2971 2809 3131 2864 Jacob
3153 2813 3205 2865 in
3223 2811 3515 2883 Egyptum

1921 2916 2035 2953 cum
2057 2900 2327 2954 animabus
2348 2902 2674 2973 septuaginta
2698 2899 2851 2973 (Gen.
2886 2919 3028 2969 xnvt,
3058 2904 3167 2976 ‘27).
3200 2904 3329 2971 Qua:
3351 2908 3513 2962 nitui-

1921 3009 2037 3048 rum
2068 3010 2190 3049 cum
2220 2995 2424 3051 animas
2465 3005 2744 3062 memorat,
2781 3007 2993 3052 constat
3034 2998 3158 3067 quia
3200 3000 3512 3056 intrantium

1921 3094 1977 3141 et
2011 3102 2238 3159 corpora
2286 3088 2710 3159 comprehendit.
2744 3088 2973 3144 Rursqu
3008 3098 3177 3144 totum
3226 3108 3323 3161 pro
3357 3102 3513 3162 parte

1923 3175 2179 3245 insinuat,
2234 3179 2375 3233 sicut
2427 3179 2495 3233 ad
2557 3189 2965 3235 monumentum
3027 3181 3192 3235 Maria
3246 3183 3509 3250 queritur,

1922 3269 2105 3325 dicens
2166 3289 2178 3324 :
2236 3269 2483 3325 Tttlerunt
2527 3269 2805 3325 Dominum
2859 3250 2921 3324 de
2983 3281 3331 3338 monumento,
3388 3281 3437 3326 et
3485 3271 3512 3309 ἀ

1920 3366 2171 3419 nescimus
2218 3363 2305 3417 ubi
2355 3373 2635 3435 posuerunt
2672 3381 2787 3419 eum
2829 3362 3018 3435 (Joan.
3051 3380 3120 3417 xx
3145 3402 3159 3428 ,
3192 3362 3280 3434 2).
3325 3362 3511 3419 Solum

1919 3462 2117 3531 quippe
2166 3476 2365 3530 corpus
2410 3459 2618 3514 Domini
2667 3459 2957 3529 qumsitura
2989 3466 3241 3524 venerat,
3278 3466 3333 3513 et
3357 3458 3513 3527 quasi

1921 3561 2090 3608 totum
2119 3554 2275 3609 simul
2300 3552 2583 3607 Dominum
2611 3562 2633 3589 ε
2667 3550 2859 3606 tultum
2888 3550 3153 3620 deplorat.
3184 3550 3265 3605 An
3296 3564 3425 3620 ergo
3458 3557 3514 3607 et

1920 3641 2099 3697 hocin
2130 3642 2251 3696 loco
2281 3649 2450 3696 totum
2478 3654 2576 3709 pro
2608 3646 2761 3709 parte
2790 3638 2998 3692 dicatur
3022 3637 3284 3691 incertum
3316 3645 3418 3693 est.

1990 3732 2079 3785 25.
2110 3730 2222 3784 Nec
2245 3747 2413 3785 sermo
2444 3732 2511 3784 sit
2543 3745 2792 3799 praeceps,
2825 3742 2917 3781 nec
2944 3735 3059 3795 post
3090 3724 3316 3779 debitum
3352 3728 3513 3780 silen-

1923 3826 2046 3877 tium
2074 3822 2401 3875 indiscretus.
2431 3852 2501 3862 —-
2523 3818 2628 3873 Sed
2668 3826 2848 3871 tamen
2878 3817 3002 3883 hoc,
3028 3815 3170 3884 quod
3201 3816 3291 3869 diu
3323 3824 3511 3870 tacue-

1921 3924 2065 3977 runt,
2097 3920 2153 3967 et
2181 3911 2501 3981 quandoque
2525 3907 2794 3978 loquendo
2834 3905 3107 3976 reprobati
3138 3912 3293 3973 sunt,
3324 3906 3509 3974 negle-

1922 4014 2007 4061 cte
2029 4003 2454 4076 prmtereundum
2483 4017 2586 4055 non
2610 4009 2711 4054 est.
2736 3999 2873 4054 Sunt
2893 4013 3125 4065 namque
3150 3997 3389 4053 nonnulli
3419 3998 3511 4065 qui

1922 4106 1976 4152 et
2002 4095 2147 4164 loqui
2187 4092 2583 4164 prmcipitauter
2610 4089 2901 4159 incipiunt,
2946 4094 2999 4142 et
3039 4086 3296 4141 effrenate
3323 4086 3509 4155 'cmpta

1922 4188 2229 4244 effrenatius
2255 4190 2639 4253 exsequuntur.
2669 4181 2737 4235 Et
2786 4189 2912 4236 sunt
2957 4179 3200 4233 nonnulli
3229 4179 3319 4248 qui
3360 4179 3511 4233 tarde

1922 4278 2141 4349 quidem
2165 4276 2308 4345 loqui
2329 4274 2585 4328 iuchoant
2606 4315 2619 4338 ,
2643 4271 2738 4327 sed
2761 4270 2925 4325 semel
2949 4269 3283 4333 inchoantes,
3308 4267 3511 4323 habere

1923 4370 2139 4426 modum
2183 4364 2471 4421 locutionis
2510 4364 2779 4432 ignorant.
2820 4360 2991 4415 Amici
3031 4359 3193 4427 igitur
3222 4358 3364 4414 beati
3407 4357 3509 4413 Job

1923 4463 2163 4517 dolorem
2195 4456 2456 4522 videntes,
2485 4455 2572 4509 ditt
2604 4460 2917 4516 tacuerunt;
2946 4450 3040 4507 sed
3069 4449 3220 4505 tarde
3251 4450 3509 4504 inchoan-

234 4541 361 4639 zum
391 4580 725 4633 vulneratum
766 4573 906 4628 illius
951 4584 1150 4639 corpus
1193 4567 1463 4630 viderent,
1496 4561 1819 4617 studuerunt
1850 4581 1902 4639 Ι)
1928 4564 2025 4621 tes,
2056 4552 2345 4608 indiscrete
2390 4547 2555 4604 locuti
2590 4553 2733 4610 sunt,
2763 4545 2886 4614 quia
2926 4556 3149 4614 parcere
3179 4541 3383 4596 dolenti
3414 4556 3512 4595 no-

236 4673 346 4742 ipsi
388 4677 563 4725 vestes
593 4665 870 4730 scindere;
902 4670 955 4716 et
984 4675 1106 4716 cum
1157 4658 1497 4712 immutatum
1541 4651 1822 4720 conspice-

234 4772 391 4830 rent,
428 4761 749 4817 stutluerunt
797 4755 1016 4825 pulvere
1061 4749 1236 4820 capita
1277 4747 1521 4812 foedare;
1560 4751 1824 4813 quatenus

232 4854 468 4912 afflictus
504 4853 587 4907 vir
631 4858 783 4905 tanto
828 4846 1035 4901 facilius
1083 4858 1270 4898 eorum
1324 4840 1485 4895 verba
1532 4837 1819 4907 reciperet,

230 4956 436 5019 quanto
466 4946 517 5000 in
540 4945 618 4998 eis
647 4958 801 4998 suum
832 4938 1029 5010 aliquid
1059 4936 1122 4991 de
1138 4934 1428 4990 afflictione
1455 4931 1816 5003 cognovisset.

303 5042 449 5117 [Vet.
479 5039 607 5111 IX.j
636 5038 725 5092 ‘21.
756 5036 860 5092 Sed
889 5036 1029 5090 inter
1058 5033 1173 5088 haec
1210 5028 1487 5087 sciendum
1515 5035 1597 5083 est
1624 5026 1747 5097 quia
1775 5024 1818 5077 is

227 5136 323 5206 qui
348 5134 605 5187 afﬂictum
632 5127 902 5185 consolari
931 5124 1223 5189 desiderat,
1256 5134 1563 5177 mensuram
1594 5132 1820 5173 necesse

306 5278 329 5304 ⁸·
364 5268 542 5335 Antiq.
572 5264 792 5335 Rhem.,
824 5258 1093 5335 secundus
1123 5255 1351 5335 Ιξθιηίς.2
1380 5251 1569 5335 ϐοή)...
1599 5249 1782 5335 Germ.
1801 5285 1817 5312 ,

229 5322 524 5405 Numnam;
549 5334 664 5390 Val.
699 5322 803 5397 ριί,
837 5333 1062 5397 'furon.,
1087 5328 1167 5381 cui
1192 5326 1372 5379 mentis
1393 5322 1638 5393 qualitate
1668 5336 1821 5389 sepa-

227 5419 583 5530 mtuIslurimi
615 5489 743 5527 mss.
775 5486 892 5526 cum
906 5466 1299 5532 Corb.,Germ.
1330 5470 1386 5517 et
1413 5469 1520 5516 vet.
1551 5458 1690 5513 Edit.
1721 5456 1820 5512 Pa-

231 5550 327 5604 ris.
364 5560 418 5602 et
451 5547 633 5605 B:tsil.,
660 5561 691 5597 a
711 5545 916 5614 jacente
937 5539 1216 5614 discrepat.

311 5601 332 5657 ἐ
370 5601 522 5671 Deest
555 5601 665 5685 ejus
694 5601 958 5685 inCorb.,
990 5601 1183 5685 Germ-1
1205 5612 1259 5685 et
1278 5601 1676 5685 plurimis-mss".

305 5689 331 5725 ά
364 5668 723 5747 biremium,
742 5684 850 5736 duo
883 5668 1116 5745 Remigq
1142 5673 1257 5728 Val.
1280 5668 1392 5738 CL,
1416 5668 1606 5735 Co.b.,
1637 5669 1817 5725 Germ.

230 5769 290 5814 et
312 5759 424 5821 alii,
448 5759 649 5812 habent
670 5763 718 5808 et
749 5751 917 5806 nescio
939 5748 1044 5813 ubi,
1075 5758 1178 5821 etc.

306 5808 631 5895 :Vlta-aitt‘tiq:
680 5824 856 5886 Rem”
904 5808 1042 5876 unus
1090 5815 1322 5886 Reutig.,
1368 5811 1596 5881 Turon.,
1635 5808 1820 5877 Corb.,

1930 4650 2160 4704 luerunt.
2178 4644 2487 4699 Tenucrunt
2508 4638 2760 4708 linguam,
2779 4651 2847 4691 ne
2860 4648 3200 4706 pmpropere
3216 4633 3471 4702 inciperet
3493 4651 3506 4699 ;

1925 4742 2020 4800 sed
2052 4740 2395 4811 incipientem
2423 4734 2588 4790 semel
2616 4747 2958 4803 nequaquam
2979 4729 3243 4785 moderati
3272 4736 3418 4798 sunt,
3442 4746 3509 4786 ne

1926 4852 1985 4893 se
2018 4852 2085 4891 ex
2113 4831 2485 4890 consolatione
2520 4821 2690 4898 usque
2727 4827 2793 4881 ad
2822 4823 3174 4881 contumelias
3199 4820 3504 4879 effrenam.

1924 4927 1991 4982 Et
2010 4928 2156 4982 bona
2171 4922 2386 4993 quidem
2415 4920 2713 4975 intentione
2729 4916 2795 4972 ad
2810 4915 3193 4972 consolandum
3216 4921 3504 4976 venerant;

1921 5018 2015 5073 sed
2038 5018 2161 5080 hoc,
2184 5013 2327 5082 quod
2352 5011 2438 5082 pia
2466 5023 2617 5063 mens
2639 5006 2896 5062 mundum
2921 5004 3033 5059 Deo
3063 5004 3274 5070 obtulit,
3305 5003 3510 5059 locutio

1923 5106 2256 5181 praecipitata
2294 5101 2524 5160 vitiavit.
2566 5098 2837 5168 Scriptum
2879 5096 3077 5165 quippe
3113 5102 3196 5149 est
3230 5112 3243 5148 :
3272 5093 3332 5149 Si
3373 5105 3511 5149 recte

1924 5240 2108 5297 Germ.
2141 5246 2195 5292 et
2217 5235 2307 5291 alii
2328 5242 2539 5290 veteres
2567 5232 2692 5304 Mss.
2710 5231 2859 5304 Voce
2879 5229 2989 5304 hac
3011 5227 3192 5304 talium
3221 5224 3508 5304 aliquando

1927 5313 2097 5367 utitur
2133 5306 2425 5375 Gregorius
2468 5305 2519 5357 in
2564 5298 2825 5375 epistolis.
2860 5298 3133 5375 _Eamdetn
3182 5301 3505 5375 usurparunt

1930 5366 2118 5436 auctor
2148 5366 2271 5433 libri
2294 5376 2361 5431 de
2390 5366 2641 5444 Speculo,
2672 5371 2812 5444 apud
2845 5369 3220 5444 A_ugustiuum,
3253 5380 3425 5444 appcn
3448 5366 3503 5427 l.,

1926 5435 1980 5508 t.
1999 5452 2082 5516 VI,
2113 5447 2307 5519 carni,
2331 5453 2391 5519 et
2407 5435 2645 5519 Joannes
2671 5435 2836 5519 abbas
2861 5435 3096 5519 Εἰξτξρίιη.ἲ
3121 5438 3173 5519 in
3196 5435 3394 5519 eadem
3417 5450 3500 5502 ap-

1925 5504 2109 5595 pendi,
2130 5504 2198 5595 7p:
2223 5504 2347 5575 Iit).
2374 5516 2428 5571 In
2462 5511 2603 5567 Utic.
2634 5514 2863 5595 habetur
2890 5512 3048 5595 etiam
3079 5510 3282 5595 tutntur,
3303 5504 3501 5595 sed‘re-

1925 5575 2151 5650 Bestia}:
2176 5603 2340 5643 manu
2383 5586 2803 5654 superscriptum
2846 5581 3040 5654 legitur
3068 5575 3326 5654 sublatum
3355 5581 3413 5628 ut
3454 5575 3508 5654 in

1926 5644 2071 5717 fidit.
2101 5644 2143 5714 Δ
2176 5660 2361 5712 tuttum
2390 5644 2574 5723 postea
2615 5644 2812 5723 factum
2844 5644 2926 5723 est
2955 5649 3156 5723 tollunt.
3190 5645 3340 5723 Unde
3369 5644 3510 5697 mata

1928 5715 2073 5795 una;
2104 5745 2202 5800 pro
2223 5744 2282 5786 re
2311 5715 2508 5797 injuste
2537 5734 2743 5783 exacta.
2770 5721 2827 5778 In
2853 5721 2978 5778 Mss.
3009 5717 3191 5775 Germ.
3225 5715 3417 5787 legitur
3437 5730 3514 5770 sc-

1927 5803 2143 5876 pultum.
