4030 6318
584 331 682 388 Gil

586 552 689 589 sec.
724 534 920 603 LXX).
946 533 1110 588 Recte
1142 544 1373 600 namque
1401 527 1643 592 ollertnr,
1679 544 1800 583 cum
1831 538 1978 583 recta
2012 530 2182 582 inten-

587 628 738 681 tione
758 626 885 693 quid
907 625 1099 693 agitur.
1124 621 1228 677 Sed
1254 628 1400 676 recte
1424 637 1528 676 non
1554 620 1828 687 dividitur,
1856 620 1900 676 si
1925 637 2030 676 non
2057 621 2182 688 hoc,

589 715 733 783 quod
762 714 849 768 die
894 713 1088 781 agitur,
1118 711 1280 766 etiam
1309 711 1579 765 subtiliter
1608 710 1967 765 discernatur.
1992 708 2184 765 Oblata

589 805 733 859 enim
764 810 912 858 recte
940 801 1178 857 dividere
1226 808 1310 857 est
1335 801 1589 870 quaelibet
1620 801 1760 855 bona
1792 809 1976 855 nostra
2008 799 2183 855 studia

588 893 822 949 sollicite
852 901 876 929 ι
905 891 1264 948 discernendo
1304 907 1555 964 pensare.
1584 891 1739 958 Quod
1788 891 2041 947 nimirum
2092 892 2183 961 qui

589 996 752 1050 agere
779 981 1101 1046 dissimulat,
1134 981 1297 1038 etiam
1326 991 1474 1038 recte
1496 981 1728 1038 ollerens
1754 989 1964 1050 peccat.

662 1094 813 1167 (Yet.
842 1091 941 1164 X.]
968 1092 1060 1148 24.
1088 1092 1472 1149 Prooidendum
1498 1100 1711 1165 utquod
1733 1103 1873 1150 recto
1901 1093 2074 1152 studio
2101 1093 2186 1146 in-

590 1188 830 1258 cipimus,
855 1194 991 1240 recto
1019 1186 1125 1255 ﬁne
1148 1201 1479 1257 peragamus.
1510 1217 1584 1228 —
1611 1185 1765 1258 Stepe
1790 1198 1920 1254 ergo
1959 1191 2015 1239 et
2042 1183 2186 1253 quod

590 1278 738 1335 bono
775 1276 955 1332 studio
984 1275 1236 1345 gerimus,
1267 1274 1394 1329 dum
1427 1275 1735 1331 discernere
1770 1285 1930 1331 caute
1967 1272 2189 1344 negligi-

596 1383 740 1434 mus,
767 1382 876 1436 quo
918 1365 1186 1436 judicetnr
1228 1364 1333 1420 line
1362 1365 1666 1432 nescimus;
1695 1373 1753 1421 et
1800 1379 2185 1433 nonnunquam

595 1461 704 1516 hoc
742 1459 800 1512 lit
827 1466 1008 1513 reatus
1033 1456 1293 1522 criminis,
1333 1456 1477 1525 quod
1505 1464 1726 1527 putatur
1754 1471 1916 1512 causa
1950 1454 2184 1510 virtutis.

597 1550 849 1619 Quisquis
872 1558 1051 1604 autem
1078 1548 1377 1604 amicorum
1408 1548 1552 1603 beati
1573 1546 1671 1603 Job
1698 1546 1838 1604 facta
1859 1547 2187 1614 considerat,

598 1655 761 1709 quam
806 1640 892 1709 pia
922 1638 990 1693 ad
1018 1653 1141 1694 eum
1179 1638 1484 1693 intentione
1524 1639 1775 1694 venerint
1813 1654 1922 1693 non
1956 1638 2189 1705 ignorat.

598 1731 891 1786 Pensemus
929 1731 1072 1786 enim
1108 1729 1261 1800 cujus
1300 1730 1580 1786 charitatis
1620 1730 1807 1796 fuerit,
1839 1730 1907 1785 ad
1936 1727 2188 1784 afﬂictum

598 1824 941 1880 concorditer
965 1824 1315 1888 convenisse;
1346 1831 1547 1892 quanta
1575 1823 1745 1878 virtus
1771 1821 2190 1892 longanimitatis

596 1915 878 1982 exstiterit,
914 1924 1118 1986 septem
1150 1914 1338 1970 diebus
1367 1922 1422 1969 et
1451 1914 1700 1970 noctibus
1727 1929 1850 1970 cum
1875 1911 2076 1967 alllicto
2109 1920 2191 1966 ta-

602 2007 807 2071 cuisse;
836 2020 954 2075 qua:
981 2004 1276 2069 humilitas,
1301 2004 1355 2059 in
1372 2011 1514 2059 terra
1541 2012 1621 2058 tot
1648 2004 1837 2059 diebus
1858 2018 1922 2058 ac
1943 2000 2191 2058 noctibus

598 2097 833 2160 sedisse;
851 2096 958 2165 83
976 2110 1095 2164 qua:
1121 2094 1449 2165 compassio,
1477 2094 1698 2164 pulvere
1726 2094 1902 2164 capita
1931 2107 2190 2161 consper-

598 2188 757 2243 sisse.
786 2185 891 2240 Sed
915 2193 1094 2239 tamen
1118 2185 1436 2238 inchoantes
1465 2183 1629 2252 loqui,
1650 2183 1790 2237 unde
1814 2196 1873 2237 se
1892 2182 2194 2236 testimave—

600 2287 728 2335 runt
755 2277 1032 2348 prtemium
1064 2276 1327 2331 mercedis
1356 2275 1655 2343 acquirere,
1684 2275 1809 2329 inde
1837 2289 1931 2329 eos
1968 2273 2194 2340 contigit

601 2378 815 2425 reatum
841 2366 1277 2437 reprehensionis
1317 2365 1575 2430 invenire,
1606 2365 1731 2435 quia
1774 2364 2004 2419 incautis
2050 2376 2194 2433 stupe

604 2459 672 2514 ad
702 2458 911 2529 peccati
943 2456 1103 2512 finem
1120 2456 1366 2522 vertitur,
1396 2456 1560 2511 etiam
1587 2454 1730 2523 quod
1760 2470 1857 2523 pro
1877 2453 1994 2509 solo
2016 2451 2194 2508 studio

602 2549 871 2607 mercedis
904 2548 1211 2604 inchoatur.
1242 2546 1383 2603 Ecce
1419 2545 1681 2618 prmcipiti
1724 2544 1996 2600 locutione
2022 2542 2197 2614 perdi-

603 2641 799 2697 derunt
827 2641 1058 2705 bonum,
1088 2636 1230 2709 quod
1263 2645 1412 2693 tanto
1453 2636 1640 2691 labore
1678 2635 1903 2690 mercati
1953 2641 2099 2689 sunt.
2130 2630 2196 2688 Et

604 2732 708 2786 nisi
736 2731 898 2787 divini
927 2730 1097 2799 gratia
1120 2727 1315 2783 offerre
1340 2741 1436 2783 eos
1454 2724 1775 2782 sacrificium
1800 2743 1896 2796 pro
1918 2740 2016 2781 suo
2042 2735 2195 2782 reatu

600 2821 981 2893 prazcepisset,
1023 2818 1148 2874 inde
1184 2832 1215 2872 a
1255 2817 1484 2873 Domino
1518 2817 1661 2886 juste
1699 2818 1875 2889 puniri
1914 2825 2193 2888 poterant,

601 2913 748 2971 unde
774 2926 834 2969 se
868 2912 1082 2982 placere
1110 2909 1341 2964 Domino
1375 2908 1691 2964 mirabiliter
1720 2909 2079 2964 mstitnabant.
2111 2907 2197 2962 ln—

604 3004 673 3060 de
706 3002 877 3073 judici
922 3001 1236 3071 displicent,
1271 2998 1411 3054 unde
1449 2999 1550 3054 sibi
1579 2998 1730 3070 quasi
1758 3014 1857 3068 pro
1886 2997 2197 3055 defensione

598 3093 799 3165 judicis
843 3107 942 3163 per
986 3090 1394 3147 ellrenationem
1424 3090 1662 3162 placent.
1686 3088 1891 3143 Idcirco
1913 3103 2042 3142 vero
2083 3089 2198 3143 haec

1790 323 2034 380 SANCTI
2072 323 2403 382 GREGORII
2442 323 2654 380 MAGNI

586 444 800 514 oﬂ‘eras,
826 460 930 499 non
960 451 1095 497 recte
1119 449 1289 496 autem
1310 438 1530 503 dividas,
1547 440 1768 509 peccasti
1787 438 1996 507 (Cenes.
2023 454 2093 502 tv,
2124 437 2173 502 7,
2208 438 2251 497 Α

3782 322 3896 377 612

2356 438 2500 510 [γει.
2536 437 2639 492 XI.
2685 436 2810 491 Rec.
2842 434 2973 509 XL]
3020 433 3108 490 25.
3159 435 3528 494 ALLscontcus
3574 452 3895 496 sensus.—

2285 529 2476 582 Cltristi
2509 538 2559 581 et
2590 528 2837 582 Ecclesia:
2865 538 3059 599 quanta
3082 529 3148 583 sit
3168 529 3701 599 coniunctim—"are
3727 529 3889 598 juxta

2285 617 2566 672 historiam
2598 618 2835 673 breviter
2860 628 3086 673 tractata
3120 620 3507 689 prrcurritnus,
3537 636 3681 675 nunc
3713 622 3779 675 ad
3810 621 3894 675 al-

2282 705 2607 776 legoriarum
2652 709 2962 779 mysterium
2986 709 3149 762 verba
3185 716 3481 763 vertamus.
3523 708 3633 763 Sed
3672 711 3801 778 quia
3838 712 3891 767 in

2285 798 2508 853 exordio
2538 797 2698 868 hujus
2718 798 2898 870 operis
2919 799 3045 853 dum
3075 798 3143 854 de
3172 799 3380 854 unitate
3400 801 3593 869 capitis
3619 810 3677 856 et
3700 818 3894 873 corpo-

2286 889 2360 945 ris
2373 898 2753 957 tractaremus,
2769 890 3000 945 sollicita
3020 891 3322 946 intentione
3342 892 3700 961 prmmisimus
3715 909 3892 964 quan-

2287 990 2341 1036 ta
2366 982 2418 1037 in
2443 983 2521 1037 eis
2549 982 2618 1037 sit
2646 996 2909 1053 compago
2942 984 3244 1051 charitatis,
3272 984 3399 1053 quia
3429 984 3683 1041 nimirum
3706 995 3761 1041 et
3785 986 3890 1041 Do-

2289 1087 2464 1126 minus
2486 1072 2652 1127 multa
2672 1072 2848 1128 adhuc
2868 1088 2966 1142 per
2987 1088 3204 1144 corpus,
3228 1073 3372 1142 quod
3392 1090 3489 1129 nos
3517 1091 3725 1142 sumus,
3747 1078 3891 1146 pati-

2289 1171 2394 1226 tur,
2420 1170 2475 1217 et
2499 1162 2609 1232 jam
2641 1178 2838 1233 corpus
2859 1162 2997 1233 ejus,
3022 1164 3073 1219 id
3095 1172 3175 1219 est
3195 1164 3456 1227 Ecclesia,
3475 1165 3542 1221 de
3560 1182 3658 1222 suo
3680 1169 3883 1238 capite,

2287 1251 2541 1308 videlicet
2564 1253 2809 1321 Domino,
2834 1256 2887 1309 in
2918 1256 3055 1310 cmlo
3079 1256 3370 1325 gloriatur;
3404 1258 3477 1311 ita
3506 1274 3647 1312 nunc
3677 1259 3887 1328 passio-

2292 1354 2388 1396 nes
2427 1341 2654 1411 exprimi
2700 1341 2939 1411 Eilisde
2980 1343 3171 1414 capitis
3204 1343 3436 1407 debent,
3479 1354 3537 1398 ut
3566 1348 3885 1405 ostendatur

2290 1446 2451 1501 quam
2482 1433 2648 1487 multa
2679 1434 2843 1487 etiam
2886 1434 2941 1488 in
2968 1450 3199 1502 corpore
3235 1451 3335 1489 suo
3365 1436 3613 1491 sustinet.
3646 1438 3702 1493 Si
3738 1439 3880 1494 enim

2290 1534 2447 1593 Caplll
2465 1532 2707 1579 nostrum
2724 1531 2990 1579 tormenta
3021 1533 3205 1581 nostra
3232 1541 3339 1580 non
3366 1534 3667 1594 tangerent,
3684 1543 3885 1597 nequa-

2291 1629 2450 1682 quam
2481 1628 2578 1683 pro
2602 1611 2816 1668 afﬂictis
2850 1614 3102 1668 membris
3128 1615 3464 1684 persecutori
3496 1630 3596 1669 suo
3628 1617 3787 1669 etiam
3815 1616 3883 1671 de

2290 1705 2429 1760 caelo
2443 1705 2727 1761 clamaret:
2747 1705 2927 1773 Saule,
2947 1705 3127 1770 Saule,
3149 1706 3273 1777 quid
3288 1722 3367 1759 me
3390 1708 3799 1777 persequeris.’(.~l
3811 1718 3880 1762 ct.

2222 1810 2264 1868 Β
2298 1810 2380 1856 tx,
2410 1792 2491 1863 5.)
2536 1793 2592 1849 Si
2633 1795 2901 1849 cruciatus
2932 1794 3100 1848 nostri
3146 1794 3261 1863 ejus
3310 1810 3483 1863 pinnae
3522 1812 3629 1850 non
3668 1808 3880 1862 essent,

2292 1898 2581 1938 conversus
2620 1882 2883 1953 amictusq
2897 1899 2961 1938 ue
2992 1882 3187 1938 Paulus
3217 1885 3438 1939 minime
3466 1884 3668 1940 diceret
3698 1903 3712 1939 :
3746 1886 3883 1955 Sup—

2291 1975 2404 2043 pleo
2432 1990 2494 2027 ea
2524 1990 2638 2045 qua:
2666 1973 2850 2027 desunt
2888 1975 3188 2043 passionum
3220 1974 3443 2039 Christi,
3474 1977 3527 2031 in
3574 1994 3733 2031 carne
3772 1996 3885 2031 mea

2293 2063 2429 2133 (Col.
2459 2081 2508 2132 ι,
2539 2063 2653 2131 24).
2686 2063 2751 2117 Εῑ
2788 2073 2965 2119 tamen
3004 2068 3401 2121 resurrectione
3428 2067 3533 2134 jam
3564 2068 3645 2121 sui
3689 2070 3886 2137 cap'tis

2293 2156 2562 2209 exaltatus
2589 2154 2717 2208 dicit
2745 2172 2758 2208 :
2792 2152 2892 2219 Qui
2920 2171 3015 2210 nos
3048 2157 3499 2221 conresuscitavit,
3524 2165 3573 2210 et
3601 2157 3883 2213 consedere

2295 2246 2415 2316 fecit
2445 2246 2499 2299 in
2528 2243 2810 2299 emtestibns
2834 2243 3124 2315 (Ephemt,
3153 2244 3231 2315 6).
3249 2244 3452 2314 Nempe
3478 2245 3623 2301 hunc
3650 2247 3704 2301 in
3735 2255 3879 2303 terra

2295 2336 2728 2407 persecutionum
2776 2342 3039 2391 tormenta
3078 2335 3545 2402 constrinxerant;
3572 2337 3666 2392 sed
3701 2353 3886 2407 pmna~

2296 2443 2412 2483 rum
2442 2441 2661 2481 suarum
2702 2426 3031 2496 ponderibus
3059 2441 3294 2495 pressus,
3323 2441 3449 2483 ecce
3489 2426 3599 2496 jam
3630 2443 3727 2496 per
3770 2428 3888 2495 glo-

2296 2516 2429 2572 riam
2451 2517 2642 2587 capitis
2670 2514 2723 2571 in
2751 2515 2890 2571 cmlo
2912 2515 3201 2571 residebat.
3230 2514 3366 2582 Quia
3396 2532 3525 2586 ergo
3556 2518 3609 2572 in
3640 2519 3892 2574 omnibus

2296 2608 2508 2663 unitum
2540 2615 2703 2678 caput
2727 2614 2783 2663 et
2808 2621 3006 2677 corpus
3032 2608 3299 2674 novimus,
3328 2608 3406 2665 sic
3427 2609 3452 2645 δ
3476 2624 3506 2663 a
3536 2609 3888 2679 percussione

2298 2699 2489 2769 capitis
2509 2698 2812 2768 incipimus,
2840 2706 2900 2752 ut
2926 2698 3317 2768 subsequenter
3346 2706 3523 2753 tamen
3553 2699 3619 2755 ad
3647 2701 3893 2770 corporis

2298 2790 2504 2859 flagella
2534 2790 2829 2846 veniamus.
2862 2788 2970 2845 Sed
2998 2788 3120 2854 hoc,
3154 2788 3297 2858 quod
3326 2788 3560 2858 quadam
3606 2789 3697 2845 die
3725 2790 3893 2845 Satan

2299 2900 2479 2941 coram
2510 2884 2736 2940 Domino
2762 2883 2995 2942 astitisse
3020 2883 3234 2948 dicitur,
3251 2884 3395 2952 quod
3422 2884 3565 2940 unde
3585 2884 3895 2958 veniatsa

2298 2987 2669 3052 percontatur,
2701 2979 2845 3050 quod
2873 2979 3065 3034 beatus
3083 2976 3184 3034 Joh
3207 2978 3412 3048 magnis
3430 2978 3727 3033 conditoris
3751 2995 3896 3049 prm-

2300 3071 2471 3126 couiis
2494 3068 2797 3140 praefertur,
2825 3070 2951 3138 quia
2991 3068 3102 3138 jam
3147 3083 3293 3137 saepe
3322 3068 3699 3136 discussimus,
3728 3069 3897 3139 repli-

604 3161 862 3249 aicimus;
921 3191 980 3238 ιη
1030 3182 1097 3236 ad
1149 3182 1466 3237 memoriam
1513 3179 1802 3250 legemium
1856 3194 2192 3246 revocemus’
2225 3178 2271 3241 ο
2301 3177 2425 3218 care
2452 3162 2774 3217 devitamus.
2802 3161 2858 3217 Si
2884 3163 3026 3217 enim
3049 3162 3138 3216 ditt
3166 3177 3315 3217 mens
3339 3162 3502 3217 rebus
3531 3161 3788 3218 discussis
3815 3163 3897 3217 iu-

605 3284 875 3346 quatenus
930 3273 1160 3329 sollicite
1186 3272 1414 3342 quisque
1442 3271 1746 3326 consideret
1786 3283 1851 3323 ea
1890 3284 2010 3338 qua:
2054 3271 2198 3323 malo

606 3376 736 3422 voto
766 3371 1169 3437 perpetrantur,
1199 3370 1401 3431 quanta
1434 3360 1690 3415 Dominus
1731 3359 2200 3414 animadversione

608 3457 831 3529 puniat,
859 3456 905 3511 si
932 3454 1183 3508 inchoata
1226 3453 1369 3507 bono
1398 3450 1575 3507 studio
1595 3492 1611 3520 ,
1636 3450 1730 3505 sed
1756 3448 2093 3519 negligentia:
2118 3448 2201 3503 in-

608 3547 953 3605 discretionis
998 3546 1248 3611 admista,
1277 3550 1426 3598 tanta
1456 3543 1763 3598 invectione
1792 3542 2037 3611 castigat.
2072 3540 2202 3607 Quis

605 3653 717 3694 non
755 3637 1020 3693 mercedis
1063 3650 1282 3690 causam
1313 3634 1587 3705 peregisse
1625 3648 1686 3689 se
1726 3633 1991 3698 crederet,
2020 3634 2065 3689 si
2106 3642 2200 3688 aut

604 3730 661 3785 in
685 3726 996 3784 defensione
1010 3724 1104 3781 Dei
1127 3725 1419 3796 quidquam
1441 3732 1629 3779 contra
1646 3725 1949 3793 proximum
1971 3724 2200 3793 diceret,

606 3826 702 3873 aut
726 3826 873 3874 certe
892 3823 1099 3886 septem
1123 3814 1313 3870 diebus
1333 3829 1397 3870 ac
1426 3814 1671 3869 noctibus
1697 3828 1796 3883 pro
1825 3814 2059 3884 proximi
2102 3813 2201 3869 do-

606 3909 723 3966 lore
750 3908 1037 3964 tacuisset?
1059 3905 1126 3961 Et
1147 3914 1327 3962 tamen
1350 3906 1505 3961 amici
1527 3906 1669 3961 beati
1695 3904 1795 3961 Job
1821 3906 1935 3961 haec
1955 3916 2198 3974 agentes,

607 4002 678 4058 ad
702 4002 915 4073 culpam
938 3999 1233 4055 laborando
1261 4005 1641 4072 pervenerunt,
1672 3998 1794 4070 quia
1815 3998 2200 4055 consolationis

610 4094 831 4165 quidem
878 4094 1080 4149 bonum
1127 4093 1270 4162 quod
1299 4091 1553 4159 agebant,
1594 4097 1892 4158 noverant;
1937 4089 2033 4145 sed
2077 4104 2199 4145 cum

615 4191 817 4255 quanta
848 4182 1114 4252 agendum
1144 4190 1287 4238 esset
1315 4180 1654 4236 discretionis
1682 4180 1838 4248 libra,
1864 4180 2196 4236 nesciebant.

611 4273 767 4330 Unde
803 4287 1026 4329 necesse
1051 4282 1136 4328 est
1162 4278 1222 4327 ut
1251 4286 1358 4326 non
1387 4271 1563 4327 solum
1596 4270 1901 4326 intueamur
1932 4270 2061 4342 quid
2099 4272 2201 4341 agi-

608 4379 751 4431 mus,
768 4363 865 4421 sed
894 4362 1058 4419 etiam
1096 4377 1219 4419 cum
1248 4372 1449 4433 quanta
1492 4361 1820 4417 discretione
1858 4375 2196 4431 peragamus.

610 4454 847 4511 Primum
874 4455 1112 4525 quidem,
1141 4469 1211 4511 ne
1239 4455 1380 4511 mala
1406 4467 1625 4524 quoquo
1641 4453 1824 4522 modo,
1854 4454 2197 4523 postmodum

2302 3252 2554 3320 volvitur,
2575 3254 2855 3325 pervenire
2878 3253 2943 3307 ad
2970 3252 3262 3309 indiscussa
3291 3252 3631 3323 prarpeditur.
3660 3252 3735 3306 lhi
3764 3268 3900 3321 ergo

2302 3348 2574 3417 allegoria:
2606 3362 2749 3403 nunc
2768 3346 2981 3402 initium
3012 3346 3276 3417 ponimus,
3300 3346 3391 3401 ubi
3416 3356 3537 3416 post
3557 3344 3723 3400 verba
3752 3361 3900 3414 smpe

2302 3437 2554 3508 repetita,
2587 3436 2900 3507 adjunctum
2922 3437 3047 3491 novi
3069 3436 3267 3503 aliquid
3297 3436 3516 3490 scimus.
3547 3435 3743 3506 itaque
3770 3435 3848 3489 ait
3882 3453 3896 3488 :

2902 3545 3129 3601 CAPUT
3172 3543 3307 3599 XIV.

2374 3638 2705 3696 Commovisti
2755 3656 2835 3693 me
2880 3638 3125 3692 adversus
3178 3652 3314 3699 eum,
3344 3642 3399 3688 ut
3428 3634 3707 3706 a/ﬂigerem
3746 3632 3899 3687 illum

2302 3730 2522 3803 frustra.

2372 3821 2461 3877 26.
2507 3820 2741 3877 Christus
2768 3837 2861 3892 pro
2907 3836 2961 3874 se
2993 3823 3217 3887 frustra,
3247 3833 3340 3887 pro
3368 3816 3515 3871 nobis
3562 3832 3666 3869 non
3699 3816 3897 3885 [rustra

2302 3914 2544 3984 aﬂlictus.
2574 3945 2647 3957 —
2668 3912 2723 3967 Si
2750 3911 2938 3968 beatus
2964 3908 3065 3965 Job
3092 3906 3468 3979 Redemptoris
3500 3906 3669 3962 nostri
3701 3907 3753 3961 iu
3777 3922 3896 3974 pas-

2302 4004 2453 4059 sione
2485 4003 2648 4074 positi
2677 4002 2909 4073 speciem
2941 4008 3109 4064 tenet,
3137 3998 3409 4071 quomodo
3436 3996 3502 4052 ad
3529 3995 3695 4052 Satan
3726 4010 3755 4049 a
3790 3994 3896 4049 Do-

2302 4097 2449 4152 mino
2465 4095 2668 4149 dicitur
2693 4113 2705 4149 :
2729 4092 3059 4149 Commovisti
3088 4107 3168 4145 me
3193 4090 3436 4145 adversus
3463 4087 3615 4141 eum?
3639 4085 3895 4141 Mt'diator

2302 4186 2519 4257 quidem
2568 4183 2662 4239 Dei
2693 4191 2747 4239 et
2792 4182 3096 4246 hominum,
3128 4180 3290 4235 homo
3334 4177 3582 4232 Christus
3622 4174 3808 4238 Jesus,
3838 4184 3894 4229 ut

2303 4280 2489 4350 culpas
2539 4286 2739 4334 nostra:
2783 4273 3224 4344 transgressionis
3274 4272 3685 4339 exstingueret,
3742 4269 3889 4322 venit

2302 4369 2645 4427 mortalitatis
2672 4376 2869 4424 nostra:
2898 4365 3107 4435 flagella
3137 4365 3401 4429 tolerare;
3430 4362 3530 4417 sed
3580 4361 3706 4431 quia
3736 4361 3897 4416 unius

2301 4478 2423 4520 cum
2449 4460 2608 4517 Patre
2635 4460 2987 4530 ejusdemque
3008 4465 3214 4511 natura:
3241 4463 3339 4519 est,
3363 4453 3639 4524 quomodo
3664 4468 3760 4522 per
3788 4450 3888 4506 Sa-

609 4561 741 4601 vero
766 4561 833 4601 ne
858 4546 1000 4601 bona
1016 4546 1233 4601 incaute
1262 4544 1542 4601 faciamus.
1576 4545 1655 4600 Ad
1683 4560 1804 4615 qua:
1825 4546 2074 4600 nimirum
2099 4548 2198 4601 ho-
2231 4556 2277 4614 υ
2305 4563 2395 4610 ian
2424 4560 2630 4607 motum
2659 4566 2717 4607 sc
2745 4550 3004 4604 adversus
3032 4562 3157 4602 eum
3176 4545 3337 4601 Pater
3365 4544 3574 4608 asserit,
3600 4558 3723 4597 cum
3752 4557 3893 4595 cnn-

609 4655 677 4693 na
705 4639 931 4695 sollicite
945 4636 1247 4709 peragenda
1272 4638 1532 4708 propheta
1556 4653 1654 4693 nos
1680 4637 1952 4704 admonet,
1983 4638 2195 4694 dicens:

608 4731 923 4787 Maledictus
963 4732 1135 4796 homo,
1167 4732 1253 4802 qui
1295 4732 1421 4801 facit
1460 4747 1586 4802 opus
1628 4729 1840 4786 Domini
1880 4731 2201 4803 negligenter

610 4822 827 4894 (Jerem.
862 4837 1045 4887 xum,
1080 4821 1190 4891 10).
1224 4820 1304 4875 Ad
1344 4820 1449 4877 hoc
1495 4837 1625 4877 vero
1666 4821 1765 4878 ista
1802 4822 2104 4892 proficiant,
2141 4831 2200 4877 ut

608 4921 737 4969 ante
764 4911 1015 4969 terribilis
1037 4910 1231 4980 judicis
1251 4910 1446 4965 subtile
1473 4920 1632 4981 atque
1656 4910 2198 4981 incomprehensibile

608 5018 836 5062 examen
868 5019 975 5059 non
1001 5003 1173 5058 solum
1211 5003 1355 5056 mala
1382 5017 1501 5072 qua:
1537 5002 1925 5071 commisimus,
1955 5000 2053 5058 sed
2082 5003 2195 5072 ipsa

607 5097 797 5165 etiam,
843 5095 888 5151 si
914 5109 1018 5166 qua
1049 5094 1101 5149 in
1132 5094 1287 5149 nobis
1312 5101 1440 5149 sunt
1486 5093 1624 5149 bene
1668 5102 1839 5163 gesta,
1890 5097 2194 5166 timeamus,

609 5187 736 5257 quia
775 5200 918 5257 stepe
952 5185 1005 5240 iu
1037 5183 1155 5254 ejus
1188 5182 1395 5254 judicio
1418 5183 1576 5254 culpa
1603 5198 1723 5241 esse
1754 5184 2192 5255 deprehenditur,

608 5277 754 5347 quod
779 5277 951 5333 virtus
977 5282 1103 5330 ante
1119 5273 1377 5345 judicium
1396 5282 1646 5346 putatur;
1675 5281 1732 5329 et
1755 5274 1896 5331 unde
1913 5285 2197 5347 exspecta-

609 5377 697 5424 tur
718 5367 804 5440 pia
826 5381 1031 5424 merces
1052 5365 1256 5437 cperis,
1280 5363 1410 5420 inde
1432 5363 1751 5437 supplicium
1775 5364 1933 5436 justas
1952 5367 2196 5438 sequitur

607 5458 851 5515 ultionis.

678 5643 705 5673 ⁸
730 5633 947 5691 Ebroic.
980 5643 1036 5691 et
1063 5635 1246 5700 aliqui,
1268 5635 1522 5691 subtiliter
1552 5636 1909 5691 discernenda.

681 5702 712 5743 δ
736 5702 796 5775 In
828 5707 1102 5775 plerisque
1130 5702 1326 5772 Edilis,
1364 5724 1395 5759 α
1432 5707 1811 5775 persecutione;
1844 5707 1969 5765 Mss.
2003 5721 2194 5767 omnes

612 5788 734 5829 eum
755 5771 943 5841 Corn,
966 5771 1176 5842 Germ.,
1207 5777 1406 5833 habent
1424 5771 1455 5829 ὰ
1486 5778 1833 5843 percussione.

2301 4654 2409 4703 stet
2427 4644 2575 4716 quod
2604 4643 2778 4699 Patris
2809 4641 3040 4711 Filiique
3067 4638 3413 4696 concordiam
3444 4636 3586 4691 nulla
3608 4635 3895 4705 potestatis

2301 4738 2655 4809 inzequalitas,
2694 4734 2837 4791 nulla
2865 4732 3159 4789 voluntatis
3185 4730 3469 4786 diversitas
3498 4726 3891 4795 interrumpat?

2301 4829 2407 4885 Sed
2435 4838 2612 4884 tamen
2643 4826 2831 4892 isdem,
2872 4824 2964 4895 qui
2996 4823 3137 4878 Patri
3158 4820 3383 4893 aequalis
3411 4829 3493 4874 est
3518 4834 3615 4889 per
3640 4816 3894 4872 divinita-

2301 4932 2431 4982 tem.
2458 4921 2607 4977 venit
2649 4928 2871 4991 propter
2898 4933 2996 4972 nos
3026 4917 3093 4971 ad
3124 4914 3331 4983 ﬂagella
3367 4928 3463 4983 per
3488 4926 3727 4967 carnem.
3762 4907 3893 4974 Qua:

2304 5014 2554 5068 nimirum
2573 5010 2781 5081 ﬂagella
2807 5025 2909 5063 non
2940 5007 3257 5075 susciperet,
3290 5004 3391 5059 nisi
3418 5003 3647 5059 lormam
3672 5000 3893 5055 damna-

2304 5104 2343 5158 ti
2374 5103 2606 5159 hominis
2628 5100 2940 5156 redimendo
2963 5098 3300 5167 sumpsisset.
3335 5094 3402 5148 Et
3431 5094 3532 5149 nisi
3559 5093 3763 5163 primus
3793 5090 3897 5144 ho«

2302 5213 2392 5253 mo
2420 5195 2783 5264 delinqueret,
2827 5188 3095 5246 secundus
3127 5199 3149 5227 ε
3182 5186 3250 5242 ad
3281 5184 3542 5257 passionis
3570 5182 3767 5253 probra
3795 5179 3902 5235 mi-

2301 5289 2446 5345 nime
2493 5285 2723 5342 veniret.
2755 5283 2890 5339 Cum
2921 5295 3051 5350 ergo
3080 5279 3284 5351 primus
3324 5278 3488 5331 homo
3519 5289 3615 5344 per
3659 5272 3826 5329 Satan
3863 5286 3895 5325 a

2302 5378 2531 5435 Domino
2558 5384 2739 5432 motus
2764 5381 2875 5439 est,
2908 5380 3037 5427 tunc
3061 5378 3145 5426 est
3188 5369 3444 5423 Dominus
3472 5368 3523 5422 in
3548 5365 3773 5421 homine
3814 5378 3900 5419 se-

2301 5468 2478 5527 cundo
2495 5474 2819 5526 commotus.
2844 5465 3012 5521 Satan
3034 5462 3216 5534 itaque
3236 5460 3304 5517 ad
3332 5458 3493 5530 hujus
3520 5454 3896 5520 amictionem,

2375 5659 2399 5687 α
2443 5648 2597 5703 Rem.
2628 5656 2682 5703 et
2708 5644 2914 5717 Remig.
2946 5657 3134 5701 omnes
3173 5657 3296 5700 cum
3341 5640 3527 5710 ϐοή..
3575 5635 3787 5706 Gem,
3822 5636 3899 5691 ad

2301 5721 2597 5790 passionum
2624 5716 2832 5785 probra.
