4030 6348
236 329 345 386 οι.)

1166 343 1527 408 MURALIUM
1562 352 1691 413 LIB.
1734 354 1822 418 Ill.
1854 386 1924 399 -
1961 356 2028 415 IN
2067 360 2221 421 CAP.
2260 362 2302 420 ll
2342 363 2401 420 Β.
2443 366 2582 423 JOB.

230 446 521 503 Dominum
577 458 705 507 tunc
735 452 1046 522 commovit,
1076 459 1293 526 quando
1325 462 1376 517 in
1428 467 1673 534 paradiso
1713 471 1823 541 pri-
1855 476 1907 535 Α
1932 472 2094 530 tatur.
2130 474 2345 533 Salame
2372 479 2575 551 loquela
2629 491 2735 540 tum
2761 504 2854 557 per
2898 506 2974 560 se,
3016 500 3121 548 tum
3151 513 3243 564 ρετ

230 554 377 564 ____“
410 541 677 564 ιωεμμ
714 559 734 564 ,
1094 549 1108 564 .
1172 552 1184 564 .
1303 555 1315 564 .
1396 557 1408 564 .
1484 556 1518 564 ..
1622 560 1632 564 -
1782 563 1791 564 κ
1930 559 1977 564 --
2017 561 2046 564 -Α

227 554 380 595 mum
407 541 681 597 hominem
711 559 740 597 a
776 543 997 613 iustitiae
1022 549 1256 608 culmine
1300 555 1683 615 iuobedientia:
1709 563 1825 618 cul-

3417 386 3522 445 ΘΗ

3280 516 3419 556 θυοδ.
3451 535 3519 547 --

1928 559 2189 631 Malignus
2212 566 2427 635 spiritus
2456 585 2576 624 cum
2620 559 3039 648 Redemptorem
3079 594 3322 644 nostrum
3354 594 3519 648 mira-

227 645 300 699 P3
326 632 635 700 Ρτοεῑτεινῖῐ-
660 632 771 689 Νῖεὶ
820 638 964 692 enim
992 640 1159 695 Adam
1186 644 1416 713 primum
1446 664 1544 718 per
1570 654 1825 710 volunta-
1924 652 2057 707 culis
2086 669 2370 712 coruscare
2398 663 2680 731 conspicit,
2709 667 2906 723 clamat
2939 690 2953 726 :
2997 674 3203 732 Scimus
3244 677 3270 717 ἀ
3299 685 3387 753 qui
3419 688 3514 753 sis,

227 722 367 753 h:||m
391 723 576 753 mili-nun
606 724 657 753 ἔτι
688 727 1121 753 Α..ζ.ν.....ι........ι-...
1149 742 1220 753 ._-
1244 736 1305 753 ,1,
1360 746 1395 753 ,-
1461 738 1475 753 ι
1511 741 1524 753 ι
1932 743 1964 753 .-
2202 745 2233 753 _
2279 749 2289 753 _
2333 748 2377 753 _-

227 722 369 775 rium
391 723 577 777 vitium
606 724 659 779 in
687 727 879 782 animae
896 740 1125 787 mortem
1149 736 1422 805 traxisset,
1447 738 1614 796 Adam
1636 760 1825 802 secun-

226 812 328 867 dus
352 814 465 868 sine
493 815 623 869 vitio
652 816 705 871 in
735 821 913 875 carnis
941 832 1172 878 mortem
1200 828 1560 889 voluntariam
1585 850 1691 889 non
1725 852 1820 891 ve-

226 902 390 959 niret.
418 903 563 960 Bene
599 921 729 976 ergo
759 908 808 964 ei
832 909 991 965 etiam
1023 913 1089 968 de
1120 914 1482 989 Redemptore
1511 935 1696 978 nostro
1740 926 1821 979 rli-

225 990 404 1045 citur:
433 991 766 1051 Cammoristi
797 1014 876 1053 me
904 1000 1150 1057 adversus
1185 1021 1332 1073 eum,
1362 1018 1418 1062 ut
1442 1010 1721 1083 aﬂligerem
1749 1014 1816 1068 il-

224 1080 331 1135 lum
374 1084 592 1154 frustra.
620 1085 699 1142 Ac
735 1087 780 1143 si
810 1091 1052 1159 apertius
1082 1093 1295 1151 dicatur
1325 1115 1337 1151 :
1388 1098 1524 1154 Dum
1552 1080 1670 1158 iste
1710 1120 1816 1159 non

221 1185 339 1236 sua,
362 1174 455 1228 sed
479 1174 621 1231 illius
650 1193 811 1233 causa
838 1182 1086 1248 moritur,
1119 1192 1247 1241 tunc
1272 1202 1357 1242 me
1392 1189 1445 1243 in
1490 1188 1651 1261 hujus
1679 1194 1815 1247 allii-

220 1266 454 1322 ctionem
483 1272 840 1339 commovisti,
868 1290 991 1330 cum
1019 1276 1169 1331 illum
1200 1294 1229 1332 a
1262 1295 1348 1334 me
1374 1282 1565 1337 callida
1594 1298 1815 1353 persua-

217 1354 371 1411 sione
424 1360 655 1414 traxisti.
714 1361 790 1416 De
847 1379 957 1432 quo
1009 1373 1065 1420 et
1119 1366 1256 1423 bene
1307 1368 1541 1440 additur,
1593 1375 1810 1445 frustra.

215 1443 441 1503 Frustra
481 1449 683 1520 quippe
730 1451 962 1510 amictus
988 1462 1092 1523 est,
1151 1458 1244 1527 qui
1291 1468 1347 1515 et
1386 1461 1559 1532 culpa:
1594 1443 1815 1521 ultione

214 1550 439 1605 pressus
505 1548 631 1607 est,
694 1549 747 1597 et
804 1544 978 1614 culpae
1029 1549 1284 1620 contagio
1344 1551 1653 1622 inquinatus
1704 1571 1812 1613 non

214 1638 317 1683 est.
354 1630 575 1687 Frustra
606 1634 835 1691 alllictus
863 1645 973 1705 est,
1025 1648 1050 1676 α
1078 1640 1172 1708 qui
1215 1641 1547 1713 incarnatus,
1594 1648 1811 1717 pr0pria

216 1719 458 1778 admissa
488 1740 597 1779 non
644 1726 852 1795 habuit,
904 1736 960 1782 et
1013 1736 1189 1785 tamen
1244 1747 1457 1800 poenam
1508 1736 1810 1793 carnalium

1924 743 2152 799 Sanctus
2193 745 2290 802 Dei
2322 748 2473 820 (Luc.
2507 769 2578 819 1v,
2622 756 2737 826 '54).
2770 758 2872 825 Qui
2901 762 3017 817 haec
3057 767 3278 837 dicens,
3311 743 3515 845 cogno:

1920 835 2122 891 scendo
2149 837 2242 892 Dei
2260 838 2451 896 Filium
2480 846 2838 917 pertimescit;
2867 852 2963 907 sed
2987 861 3167 913 tamen
3188 835 3293 916 vim
3321 835 3513 934 super-

1921 940 2002 978 na:
2032 928 2249 995 pietatis
2276 931 2549 1000 ignorans,
2601 953 2983 1012 nonnunquam
3031 948 3157 1004 dum
3205 956 3512 1022 passibilem

1920 1015 2250 1087 considerat,
2309 1022 2583 1082 hominem
2638 1045 2827 1098 purum
2866 1046 3037 1103 putat.
3088 1015 3286 1100 Mullos
3329 1056 3511 1104 autem

1916 1107 2016 1160 sub
2045 1110 2347 1168 sanctitatis
2384 1119 2567 1184 specie
2614 1121 2666 1176 in
2698 1129 2954 1193 pastorali
2984 1134 3190 1201 positos
3218 1138 3338 1193 loco
3367 1140 3511 1197 didi-

1916 1204 2084 1262 cerat,
2134 1200 2225 1269 qui
2274 1204 2629 1264 avisceribus
2682 1213 2963 1273 charitatis
2986 1200 3165 1279 alieni
3196 1230 3375 1299 valde,
3410 1248 3510 1300 pro

1914 1284 2138 1342 minimo
2167 1290 2338 1346 aliena
2364 1294 2556 1352 damna
2590 1304 2906 1369 pensabant.
2928 1307 3080 1367 lluuc
3110 1328 3237 1383 ergo
3259 1284 3507 1385 qua'silex

1914 1379 2035 1435 aliis
2061 1383 2347 1456 colligens,
2396 1390 2519 1459 quia
2552 1394 2839 1453 subtractis
2869 1401 3050 1458 multis
3075 1447 3087 1468 ,
3122 1412 3365 1476 superari
3395 1429 3506 1469 non

1912 1471 2064 1540 vidit,
2100 1490 2266 1545 usque
2292 1479 2359 1533 ad
2382 1479 2497 1549 ejus
2525 1499 2764 1554 carnem,
2792 1504 2887 1559 per
2908 1498 3112 1548 tactum
3139 1498 3403 1565 passionis
3424 1504 3504 1559 sic

1912 1565 2133 1629 exarsit,
2163 1574 2220 1621 ut
2257 1568 2500 1627 diceret:
2530 1573 2726 1631 Pellem
2765 1597 2858 1649 pro
2888 1583 3040 1653 pelle,
3073 1597 3122 1639 et
3156 1598 3340 1644 cuncta
3387 1610 3503 1662 qute

1913 1653 2058 1709 hibet
2088 1658 2259 1725 homo,
2295 1662 2434 1716 dabit
2465 1683 2558 1735 pro
2599 1670 2773 1723 anima
2802 1689 2915 1728 sua.
2960 1676 3203 1747 Alioquin
3227 1684 3367 1737 mitte
3389 1653 3503 1739 nta-

1912 1760 2035 1799 num
2065 1757 2223 1818 tuam,
2268 1762 2317 1805 et
2348 1763 2500 1826 tange
2533 1775 2591 1812 os
2639 1761 2749 1831 ejus
2789 1773 2838 1817 et
2868 1781 3093 1833 carnem,
3125 1781 3171 1823 et
3200 1780 3321 1826 tunc
3358 1777 3499 1829 vidc-

2211 1809 2222 1818 ,
2438 1809 2464 1826 υ
2539 1809 2585 1812 -v
2641 1809 2656 1812 -
2696 1809 2744 1813 νν-
2790 1809 2834 1817 ναν
2868 1809 3093 1833 νιιυ-νιισο,
3125 1809 3170 1823 VI
3200 1809 3320 1826 cursu
3362 1809 3491 1829 l'luv'

208 1809 332 1867 sine
362 1814 520 1883 culpa
572 1818 824 1886 suscepit.
882 1817 1015 1875 Hinc
1055 1829 1137 1875 est
1178 1823 1322 1877 enim
1361 1824 1510 1893 quod
1551 1841 1647 1897 per
1681 1826 1809 1882 Pro-
1841 1838 1881 1898 Β
1912 1834 1987 1889 bis
2015 1842 2149 1907 quod
2174 1843 2227 1894 in
2252 1845 2435 1913 faciem
2468 1809 2732 1904 benedie’at
2763 1856 2872 1909 tibi.
2907 1857 2984 1913 Ac
3014 1861 3059 1913 si
3091 1874 3276 1931 aperte
3307 1865 3451 1922 dicat
3478 1887 3491 1922 :

208 1900 429 1931 ηιιηιη...
463 1904 701 1931 I..-..:..._
756 1907 934 1931 .s:--.._
960 1926 972 1931 -
1007 1907 1132 1931 Π-,,,.
1417 1916 1429 1928 .
1490 1924 1502 1931 .
1767 1923 1777 1931 .
1910 1924 1955 1931 --
2097 1929 2104 1931 .

204 1900 431 1967 phetam
463 1904 722 1973 loquitur,
753 1907 973 1963 dicens:
1005 1907 1134 1973 Qua:
1152 1928 1255 1967 non
1278 1916 1450 1985 rapui,
1482 1924 1603 1971 tunc
1632 1923 1806 1974 exsol-

203 1988 385 2042 uebam
431 1992 599 2061 (Psal.
635 2012 829 2065 varu,
864 1996 938 2068 5).
968 1998 996 2038 δ
1035 1999 1185 2057 Alius
1213 2019 1447 2073 namque
1486 2008 1553 2062 ad
1591 2011 1802 2079 paradi-

203 2094 325 2135 sum
358 2083 839 2152 conditus,divin:e
866 2100 1121 2161 potentiae
1141 2094 1545 2165 similitudinem
1569 2102 1800 2171 superbe

204 2187 399 2242 rapere
424 2175 611 2243 voluit,
636 2179 730 2234 sed
754 2188 928 2237 tamen
956 2183 1169 2254 culpam
1199 2186 1361 2255 hujus
1390 2191 1654 2260 superbire
1682 2195 1798 2250 sine

202 2260 363 2331 culpa
390 2261 654 2323 Mediator
682 2270 932 2327 exsolvit.
964 2272 1098 2331 Hinc
1123 2286 1206 2332 est
1225 2282 1368 2347 quoi
1399 2278 1545 2336 Patri
1574 2285 1793 2353 quidam

202 2353 424 2422 sapiens
445 2355 601 2413 dicit:
624 2358 749 2414 Cum
773 2363 845 2417 sis
866 2362 1059 2435 justus,
1070 2367 1211 2437 juste
1224 2371 1398 2424 omnia
1412 2372 1662 2443 disponis,
1676 2392 1793 2431 eum

200 2461 404 2516 quoque
421 2449 509 2519 qui
524 2465 629 2506 non
662 2452 807 2507 debet
832 2457 1007 2525 puniri
1031 2459 1344 2515 condemnas
1368 2460 1526 2534 (Sap.
1552 2480 1646 2529 xu,
1677 2465 1789 2536 15).

274 2534 363 2590 27.
398 2535 496 2601 Qui
514 2538 654 2596 Deus
683 2540 944 2599 Christum
971 2547 1295 2605 innocentem
1312 2553 1478 2620 panis
1501 2555 1691 2624 alfecit.
1718 2534 1794 2602 4-

198 2622 308 2679 Sed
349 2631 681 2697 pensandum
708 2641 791 2689 est
818 2636 1091 2705 quomodo
1103 2637 1283 2706 justus
1308 2642 1398 2708 sit,
1424 2651 1479 2697 et
1506 2622 1685 2699 omnia
1703 2646 1791 2715 ju-

196 2723 283 2770 ste
302 2715 575 2788 disponat,
591 2722 633 2777 si
656 2738 800 2789 eum,
816 2725 910 2795 qui
941 2742 1047 2783 non
1065 2726 1224 2785 debet
1244 2732 1421 2801 puniri
1442 2734 1784 2790 condemnat.

195 2805 462 2866 Mediator
487 2816 684 2869 etenim
708 2826 892 2873 noster
920 2821 1096 2890 puniri
1116 2836 1215 2892 pro
1244 2826 1534 2895 semetipso
1562 2842 1667 2882 non
1695 2828 1789 2882 de-

193 2897 335 2967 buit,
366 2902 493 2970 quia
524 2905 733 2961 nullum
764 2908 933 2979 culpae
963 2913 1272 2981 contagium
1301 2917 1647 2986 perpetravit.
1679 2916 1786 2972 Sed

191 2987 238 3041 si
270 2990 385 3060 ipse
410 2992 700 3051 indebitam
726 3013 831 3053 non
862 3001 1181 3072 susciperet,
1204 3021 1477 3074 nunquam
1509 3022 1608 3063 nos
1637 3024 1665 3062 a
1687 3008 1784 3063 dc-

190 3079 302 3134 bita
335 3092 508 3138 morte
538 3085 813 3143 liberaret.
858 3088 1016 3145 Pater
1040 3107 1171 3163 ergo
1199 3110 1323 3150 cum
1361 3096 1542 3166 justus
1570 3099 1659 3167 sit,
1695 3100 1785 3169 ju-

1906 1924 2107 1983 Moveri
2130 1946 2197 1985 ex
2227 1933 2330 1998 his,
2362 1951 2481 2005 qua:
2511 1948 2661 1995 extra
2694 1960 2751 1998 se
2778 1956 2922 2017 sunt,
2954 1953 3205 2021 negligit;
3240 1957 3335 2010 sed
3369 1968 3495 2015 tunc

1903 2022 2172 2077 veraciter
2199 2026 2289 2094 qui
2337 2030 2405 2084 sit
2434 2036 2763 2105 agnoscitur,
2794 2040 2839 2095 si
2882 2043 2933 2095 in
2980 2061 3037 2099 se
3068 2047 3184 2116 ipso
3213 2052 3355 2119 quod
3395 2053 3495 2108 do-

1902 2108 2027 2177 leat,
2061 2117 2390 2183 experiatur.
2425 2119 2551 2176 Ilaec
2580 2140 2678 2193 por
2705 2144 2763 2182 se
2785 2128 2949 2185 Satan
2981 2108 3102 2189 cuni
3126 2108 3246 2193 ﬁeri
3262 2143 3490 2213 appetit,

1898 2216 2006 2256 non
2026 2206 2221 2269 verbis,
2253 2209 2348 2263 sed
2378 2211 2653 2270 desideriis
2676 2218 2826 2273 dixit.
2855 2222 2980 2279 Hmc
3009 2242 3105 2296 per
3129 2206 3367 2287 membra
3389 2250 3491 2292 sua

1897 2296 1952 2343 et
1977 2291 2155 2348 verbis
2184 2302 2238 2349 et
2279 2297 2559 2357 desideriis
2597 2304 2797 2363 intulit.
2846 2310 2965 2381 ipse
3005 2291 3203 2387 quippe
3226 2321 3484 2393 loquitur,

1896 2395 2018 2435 cum
2042 2381 2195 2450 juxta
2226 2388 2500 2457 propheta:
2548 2409 2735 2450 vocem
2786 2399 2902 2467 ejus
2936 2420 3212 2475 sequaces
3256 2381 3480 2468 dicunt:

1898 2474 2165 2533 Mittamus
2194 2481 2389 2552 lignum
2419 2486 2470 2539 in
2500 2505 2685 2556 panem
2713 2493 2843 2563 ejus,
2888 2508 2936 2550 et
2963 2474 3238 2557 eradamus
3278 2522 3391 2560 eum
3418 2508 3484 2561 de

1895 2572 2031 2619 terra
2059 2571 2327 2628 viventium
2374 2576 2588 2647 (Jerem.
2639 2598 2710 2648 χι,
2749 2585 2858 2657 19).
2912 2589 3135 2660 Lignum
3182 2596 3378 2666 quippe
3426 2598 3479 2654 in

1893 2673 2087 2728 panem
2112 2664 2347 2730 mittere,
2383 2678 2466 2723 est
2507 2673 2830 2742 conligeudo
2861 2680 2976 2747 ejus
3001 2687 3217 2754 corpori
3243 2664 3477 2758 stipitem

1890 2751 2063 2805 crucis
2093 2752 2383 2823 adhibere;
2430 2769 2484 2813 et
2532 2764 2698 2818 vitam
2745 2767 2887 2825 illius
2916 2772 2983 2827 de
3016 2782 3155 2830 terra
3185 2778 3476 2836 viventium

1889 2840 2111 2897 eradere
2160 2860 2218 2899 se
2263 2861 2421 2915 posse
2466 2852 2794 2924 existimant,
2846 2874 3005 2927 quem
3034 2863 3159 2919 dum
3190 2869 3473 2924 mortalem

1886 2933 2245 3003 conspiciunt,
2279 2934 2419 2994 ﬁniri
2450 2950 2625 2998 morte
2647 2949 3010 3017 suSpicantur.

2474 3030 2704 3090 CAPUT
2744 3037 2878 3094 XVI.

1955 3112 2118 3168 Vsus.
2147 3118 2199 3171 6.
2227 3151 2298 3161 —
2343 3121 2491 3177 Dixit
2517 3135 2685 3181 autem
2718 3128 2967 3187 Dominus
3011 3137 3081 3189 ad
3104 3136 3271 3193 Satan
3292 3157 3311 3195 :
3339 3140 3474 3198 Ecce

190 3179 333 3227 stum
380 3177 629 3248 puniens,
670 3181 851 3235 omnia
875 3182 1021 3251 justo
1058 3186 1327 3256 di~ponit;
1371 3190 1497 3258 quia
1552 3206 1649 3261 per
1676 3192 1781 3247 hoc
1810 3202 1856 3265 C
1885 3202 1939 3255 in
1962 3220 2117 3259 manu
2142 3216 2229 3261 tua
2254 3220 2350 3275 est,
2374 3229 2718 3271 verumtamen
2746 3221 2975 3277 animum
3001 3226 3143 3281 illius
3171 3245 3336 3284 serva.

188 3274 386 3319 cuncta
411 3265 687 3337 justilicat,
718 3274 863 3340 quod
892 3289 1015 3329 eum
1038 3277 1129 3346 qui
1159 3279 1274 3334 sine
1302 3290 1526 3350 peccato
1550 3292 1652 3351 est,
1679 3298 1777 3352 pro

188 3358 568 3423 peccatoribus
593 3360 842 3431 damnat;
885 3374 946 3421 ut
974 3383 1041 3423 eo
1062 3368 1232 3426 electa
1263 3373 1442 3427 omnia
1470 3374 1536 3429 ad
1565 3376 1775 3433 culmen

186 3444 407 3512 iustitiae
433 3461 737 3521 surgerent;
768 3470 877 3524 quo
900 3458 943 3514 is
967 3460 1056 3529 qui
1085 3470 1170 3517 est
1195 3478 1360 3534 super
1379 3468 1558 3521 omnia
1583 3468 1775 3523 damna

187 3535 464 3605 injustitize
495 3550 688 3598 nostra:
707 3546 1013 3605 sustineret.
1032 3550 1185 3616 Quod
1213 3568 1341 3623 ergo
1362 3554 1470 3611 illic
1489 3557 1777 3614 damnatus

185 3642 314 3683 cum
344 3646 452 3686 non
479 3632 673 3690 debeat
696 3636 909 3704 dicitur,
934 3641 1037 3697 hoc
1062 3643 1151 3698 hic
1187 3642 1418 3701 all'lictus
1442 3647 1636 3703 frustra
1664 3665 1775 3705 meo

190 3727 458 3776 moratur.
489 3722 591 3790 Qui
611 3734 788 3782 tamen
804 3728 959 3799 juxta
973 3734 1319 3804 semetipsum
1336 3736 1531 3793 frustra
1544 3740 1776 3798 alllictus

187 3824 289 3880 est,
309 3818 464 3885 juxta
492 3837 622 3877 vero
653 3834 835 3881 nostra
858 3838 975 3883 acta
1004 3845 1111 3885 non
1142 3829 1339 3888 frustra
1360 3844 1408 3889 ο.
1436 3835 1544 3905 85
1565 3834 1775 3906 Ruhigo

182 3910 386 3979 quippe
426 3913 540 3968 vitii
582 3917 794 3985 purgari
825 3934 933 3973 non
978 3921 1176 3991 potuit,
1206 3923 1308 3978 nisi
1347 3924 1470 3994 igne
1495 3927 1770 3982 tormenti.

183 3996 347 4054 Venit
371 4000 556 4071 itaque
578 4004 699 4065 sine
728 4007 880 4081 vitio,
902 4010 997 4079 qui
1017 4025 1077 4066 se
1104 4011 1396 4081 subjiceret
1423 4024 1617 4085 sponte
1662 4024 1776 4071 tor-

181 4097 398 4156 mento;
431 4100 488 4146 ut
515 4092 693 4149 debita
720 4105 918 4154 nostra:
953 4100 1223 4172 iniquitati
1265 4104 1526 4174 supplicia
1555 4120 1622 4161 eo
1649 4122 1774 4164 reos

178 4191 312 4234 suos
335 4179 477 4247 juste
504 4185 830 4254 amitterent,
860 4204 969 4259 quo
996 4191 1140 4249 hunc
1165 4208 1195 4248 a
1224 4195 1522 4265 semetipsis
1545 4197 1693 4253 liber:
1718 4215 1770 4253 m

178 4267 380 4337 injuste
406 4275 726 4333 tenuissent.
755 4278 976 4337 Frustra
1016 4297 1145 4354 ergo
1172 4292 1229 4340 et
1259 4299 1367 4340 non
1406 4286 1601 4342 frustra
1630 4288 1770 4343 allii-

177 4368 305 4416 ctus
331 4371 435 4429 est,
464 4368 555 4437 qui
586 4368 640 4424 in
669 4384 729 4426 se
765 4372 984 4441 quidem
1027 4375 1259 4432 admissa
1285 4393 1394 4433 non
1433 4378 1645 4448 habuit,
1674 4383 1769 4438 sed

172 4464 377 4508 cruore
402 4458 621 4527 proprio
651 4469 832 4517 reatus
851 4465 1021 4519 nostri
1043 4467 1307 4522 maculam
1335 4470 1508 4526 tersit.

615 4550 843 4608 CAPUT
880 4554 975 4611 XV
1015 4556 1160 4630 [Vet.
1189 4558 1353 4629 XII].

253 4635 416 4693 Vens.
448 4638 503 4704 4,
533 4640 586 4695 5.
623 4675 696 4685 —
721 4643 1056 4715 Respondeus
1088 4649 1255 4704 Satan
1295 4653 1413 4707 ait:
1442 4652 1638 4708 Pellem
1670 4670 1763 4724 pro

176 4724 346 4794 pelle,
391 4736 441 4781 et
467 4740 651 4785 cuncta
698 4750 813 4805 qua:
853 4736 1004 4790 habet
1057 4738 1230 4809 homo,
1274 4741 1418 4797 dabit
1462 4761 1560 4813 pro
1585 4747 1762 4802 anima

1951 3296 2039 3352 29.
2075 3301 2293 3359 Satante
2317 3308 2565 3373 membra,
2599 3328 2776 3366 omnes
2802 3315 2938 3368 male
2979 3319 3215 3372 viventes.
3251 3319 3471 3378 Satanae
3518 3318 3519 3321 “

1877 3405 2087 3455 manus,
2138 3405 2239 3461 pot.
2257 3404 2363 3451 stas
2417 3399 2548 3470 ejus.
2585 3400 2676 3457 Illi
2704 3420 2761 3457 se
2802 3406 3008 3460 tradens
3051 3407 3324 3478 Dominus,
3355 3431 3467 3469 cum

1876 3479 1974 3534 sibi
2017 3484 2207 3537 servire
2257 3487 2417 3557 cogit;
2466 3521 2538 3532 —
2584 3488 2930 3547 Conditorem
2979 3498 3217 3552 omnium
3256 3498 3468 3556 Satanas

1877 3574 2061 3628 manui
2091 3576 2341 3632 traditum
2367 3580 2488 3650 quis
2510 3580 2594 3636 vel
2613 3584 2877 3653 desipiens
2905 3586 3129 3642 credat?
3158 3591 3251 3645 sed
3286 3600 3465 3648 tamen

1875 3663 2102 3723 edoctus
2132 3669 2377 3737 veritate,
2422 3673 2543 3742 quis
2569 3676 2773 3730 nesciat
2799 3678 2941 3747 quod
2969 3678 3209 3747 ejusdem
3249 3682 3464 3740 Satanae

1877 3755 2117 3809 membra
2169 3767 2295 3813 sunt
2332 3776 2541 3829 omnes,
2571 3765 2663 3834 qui
2711 3767 2761 3820 ei
2793 3783 3045 3837 perverse
3069 3772 3297 3829 vivendo
3332 3775 3463 3843 jun-

1876 3848 2109 3914 guntur?
2139 3846 2432 3904 Membrum
2464 3854 2660 3927 quippe
2699 3855 2816 3925 ejus
2844 3856 3046 3914 Pilatus
3070 3863 3295 3928 exstitit,
3346 3869 3462 3939 qui,

1876 3949 2046 4005 usque
2085 3936 2152 3991 ad
2194 3941 2383 3996 mortis
2411 3953 2681 4025 extrema,
2711 3946 3015 4004 venientem
3046 3952 3098 4006 in
3129 3953 3461 4027 redemptio-

1876 4042 2000 4082 nem
2057 4038 2296 4086 nostram
2343 4034 2625 4090 Dominum
2658 4054 2766 4093 non
2796 4043 3067 4110 cognovit.
3101 4044 3309 4116 Corpus
3345 4049 3463 4119 ejus

1873 4118 2217 4175 sacerdotum
2249 4123 2516 4194 principes
2545 4129 2886 4199 exstiterunt,
2921 4133 3011 4201 qui
3042 4118 3459 4207 Redemptorem

1875 4208 2059 4264 mundi
2083 4226 2113 4265 a
2156 4213 2358 4268 mundo
2387 4217 2670 4285 repellere,
2704 4235 2873 4290 usque
2900 4222 2967 4276 ad
3014 4239 3227 4281 crucem
3272 4243 3460 4299 perse-

1873 4304 2109 4371 quendo,
2138 4307 2317 4361 conati
2339 4317 2482 4361 sunt.
2508 4309 2641 4364 Cum
2665 4325 2797 4381 ergo
2817 4327 2876 4367 se
2900 4328 3000 4383 pro
3031 4324 3217 4372 nostra
3248 4319 3461 4375 redem-

1873 4393 2059 4463 ptione
2087 4394 2344 4473 Dominus
2364 4399 2727 4455 membrorum
2758 4400 2973 4459 Satanas
3018 4407 3267 4463 manibus
3296 4411 3431 4467 tradi

1871 4484 1969 4553 dit,
2012 4486 2143 4557 quid
2172 4487 2316 4543 aliud
2345 4503 2505 4559 quam
2533 4489 2773 4560 ejusdem
2801 4492 3029 4571 Satanae,
3058 4512 3274 4553 manum
3316 4500 3369 4555 in
3401 4516 3461 4558 se

1797 4573 1851 4633 D
1875 4576 2063 4633 saevire
2109 4578 2380 4648 permisit;
2426 4590 2484 4635 ut
2513 4580 2655 4637 unde
2682 4582 2799 4652 ipse
2824 4578 3063 4640 exterids
3090 4589 3456 4657 occumberet,

1870 4665 1994 4722 inde
2019 4682 2119 4722 nos
2148 4669 2385 4726 exterius
2407 4670 2738 4742 interiusque
2768 4673 3058 4731 liberaret?
3086 4675 3141 4731 Si
3174 4678 3334 4746 igitur
3358 4679 3459 4733 Sa-

1867 4766 2006 4814 tanas
2042 4774 2265 4828 manus,
2307 4761 2426 4831 ejus
2457 4771 2697 4834 potestas
2743 4765 3028 4836 accipitur,
3079 4766 3194 4836 ejus
3240 4784 3454 4824 manum

171 4830 291 4869 sua.
343 4817 585 4888 Alioquin
625 4822 767 4878 mitte
795 4841 1003 4881 manum
1041 4836 1203 4895 tuam,
1233 4840 1280 4883 et
1304 4842 1455 4904 tange
1476 4850 1535 4888 os
1575 4835 1684 4906 ejus
1712 4848 1763 4891 et
1861 4851 2013 4921 juxta
2037 4817 2524 4926 carnem'péuul‘u,
2555 4856 2709 4926 cujus
2734 4817 3063 4928 ροιθξιειριῃ
3090 4862 3335 4930 corporis
3366 4877 3453 4916 us.

172 4925 407 4976 carnem,
437 4924 487 4967 et
519 4924 636 4971 tunc
674 4918 867 4974 uidebis
891 4923 1027 4990 quod
1051 4925 1105 4977 in
1136 4926 1320 4995 faciem
1349 4925 1617 4984 benedicat
1647 4932 1759 4986 tibi.

246 4999 339 5055 28.
371 5001 540 5059 Satan
568 5008 707 5061 unde
731 5012 862 5064 sciat
889 5010 1169 5080 Christum,
1198 5016 1333 5072 unde
1368 5017 1431 5073 de
1462 5036 1520 5074 co
1544 5019 1759 5078 dubitet.

171 5090 242 5148 In
272 5095 524 5153 charitate
551 5115 613 5153 ac
641 5102 889 5171 patientia
920 5104 1113 5160 Christi
1150 5109 1459 5165 testimanda
1492 5112 1631 5169 unde
1656 5114 1764 5187 ful-

245 5239 272 5320 t:
306 5230 397 5320 εἶξε)
416 5248 625 5320 omnes,
658 5237 870 5320 Bhem"
889 5240 1120 5320 Βεξηιίε2
1138 5244 1323 5320 Corb.,
1353 5246 1756 5320 Germ.,Utic.;

165 5298 291 5355 Val.
324 5302 405 5356 Cl.
427 5316 562 5373 aut.,
586 5298 704 5379 quia
734 5298 1502 5390 incurttatustd—it‘ivero,qui
1603 5298 1762 5378 carne

164 5382 345 5426 ηαιιιε.

242 5442 267 5479 ι’
292 5442 425 5501 Mss.
455 5443 638 5503 Norm.
658 5460 714 5504 et
742 5449 956 5521 plurimi
977 5471 1138 5526 supra
1164 5456 1389 5525 laudati,
1421 5460 1591 5516 Adam
1618 5479 1764 5519 nam-

160 5528 282 5575 que.

240 5582 374 5666 fita
421 5588 590 5676 nostri
648 5589 773 5649 Mss.
823 5607 1032 5649 omnes.
1088 5593 1227 5652 Editi
1284 5598 1503 5667 habent,
1557 5600 1759 5676 Rubigo

157 5668 691 5825 Ϊτῗηᾷῖιῗεῖἰιέξηι.
703 5772 716 5795 ,
735 5730 987 5815 Nornian.
1000 5775 1013 5797 ,
1026 5733 1189 5825 qub.
1200 5736 1421 5825 ,‘(lermt
1444 5741 1757 5825 etpleriquc

160 5791 288 5850 Mss.
318 5791 517 5851 habent
536 5791 725 5854 scimus
751 5805 835 5873 qui
858 5806 929 5858 sis
958 5791 1163 5862 sanctus
1189 5791 1539 5882 Darii—Aliqui:
1567 5791 1753 5869 scimus

1865 4959 1971 5015 que
1992 4945 2059 5001 ad
2087 4956 2264 5017 sputa,
2291 4949 2567 5019 colaphos,
2597 4949 2827 5020 ﬂagella,
2851 4967 3066 5008 crucem
3098 4952 3450 5025 lanceamquc

1865 5038 2137 5096 toleravit.
2169 5039 2322 5097 Unde
2344 5051 2399 5098 et
2426 5041 2622 5110 Pilato,
2645 5045 2763 5115 ejus
2785 5045 3037 5102 videlicet
3065 5056 3089 5083 θ
3116 5048 3350 5116 corpori,
3385 5047 3453 5102 ad

1862 5131 2169 5202 passionem
2203 5133 2428 5189 veniens
2456 5134 2584 5191 dicit
2618 5152 2631 5190 :
2666 5134 2791 5192 Non
2812 5137 3024 5192 haberes
3045 5138 3100 5192 in
3124 5154 3203 5192 me
3222 5148 3454 5208 potesta-

1862 5264 1946 5333 qui
1980 5262 2130 5340 sis!"
2132 5264 2250 5340 ilius
2286 5264 2419 5331 Dei;
2450 5266 2558 5340 alii,
2588 5270 2775 5340 scimus
2803 5270 2923 5340 quia
2953 5287 3007 5324 es
3050 5270 3274 5326 Sanctus
3312 5270 3450 5335 Dei;

1862 5334 2369 5423 nonnullideni'que,
2395 5338 2503 5419 scio
2514 5340 2612 5423 qui
2629 5342 2696 5392 sis
2715 5334 2940 5421 Sanctus
2962 5340 3079 5395 Det.
3106 5340 3314 5423 Germ.,
3346 5345 3449 5396 sci-

1861 5421 1975 5492 mus
2000 5406 2086 5492 qui
2115 5406 2205 5460 sis.
2340 5409 2476 5492 enim
2504 5405 2699 5463 Filium
2727 5411 3447 5492 pertintesce‘nsksedtamen,

1865 5483 1971 5550 etc.
1997 5475 2138 5550 _Mox
2160 5477 2420 5545 particula
2456 5475 2849 5550 nonnunquam,
2880 5494 2999 5550 quae
3024 5480 3078 5534 in
3104 5480 3274 5535 Editis
3300 5475 3446 5538 desié

1864 5542 2176 5612 derabatur,
2208 5556 2497 5603 revocatur
2522 5564 2588 5603 ex
2610 5542 2736 5606 Mss.

1937 5623 1961 5651 θ
2002 5614 2161 5704 Erilli,
2214 5620 2453 5704 cgrporis
2491 5620 2740 5704 membro,
2774 5618 3165 5704 refragantibus
3204 5618 3347 5704 Mss._
3377 5617 3447 5704 Et

1861 5698 1993 5739 sane
2021 5685 2189 5762 liquet
2230 5685 2548 5762 Gregorium
2576 5690 2662 5745 hic
2702 5685 2975 5759 appellare
3017 5705 3214 5762 corpus
3242 5690 3442 5748 diaboli

1862 5770 1956 5811 eos
1986 5770 2015 5809 a
2037 5754 2230 5825 quibus
2258 5754 2506 5815 Christus
2527 5774 2718 5831 passus
2736 5754 2843 5816 est.
