4030 6340
603 271 707 325 Oli}

1814 248 2054 307 SANCTI
2092 244 2417 303 GREGORII
2462 244 2504 296 Μ
2527 241 2672 296 \GNI

3778 227 3888 282 (illi

601 393 719 446 tem,
754 377 855 434 nisi
879 375 966 431 tibi
996 376 1121 429 data
1146 379 1275 426 esset
1305 369 1522 437 desuper
1554 364 1731 435 (Joan.
1765 378 1877 423 xxx,
1912 358 2021 427 Η).
2065 355 2175 410 Sed
2206 361 2253 417 Α
2282 363 2373 407 tan
2416 351 2481 404 ad
2527 348 2821 403 feriendam
2866 346 3244 446 Redemptoris
3275 361 3489 401 carnem
3522 344 3893 446 permittitur,

601 483 779 526 tamen
802 470 942 524 hanc
983 471 1330 535 potestatem,
1361 473 1517 528 quam
1544 464 1731 510 contra
1763 468 1821 506 se
1850 452 1900 505 ei
1922 449 2186 504 extrinse-

602 581 699 619 cus
729 562 971 623 dederat,
993 559 1103 612 suis
1127 555 1330 609 servire
1361 552 1521 604 lucris
1551 547 1870 603 intrinsecus
1897 544 2008 614 86
2032 556 2186 597 com-

602 657 856 726 pellebat.
887 651 1090 705 Pilatus
1117 634 1373 701 enim'vel
1406 642 1594 705 Sa'an,
1636 638 1725 707 qui
1756 635 1997 706 ejusdem
2030 631 2186 686 Pilati

602 755 762 817 caput
789 743 1085 805 exstiterat,
1113 739 1212 793 sub
1236 741 1506 805 potestate
1530 733 1690 796 illius,
1715 743 1878 799 super
1898 741 2057 817 quem
2075 737 2185 817 po-

602 814 852 894 testatem
885 835 1192 901 acceperat,
1228 826 1542 889 tenebatur;
1575 821 1700 889 quia
1725 827 1779 874 et
1807 816 2054 887 superior
2074 814 2188 882 ipse

601 929 939 995 disposuerat
962 922 1066 975 hoc
1087 916 1228 989 quod
1253 914 1475 971 inl‘erius
1498 911 1761 968 accedens
1785 924 1813 962 a
1841 912 2189 977 persecutore

601 1014 901 1078 tolerabat;
949 1020 1009 1067 ut
1038 1026 1158 1065 cum
1206 1023 1274 1062 ex
1304 1006 1442 1061 mala
1471 1012 1653 1059 mente
1681 999 1975 1056 inﬁdelium
2002 1010 2188 1065 surge-

599 1113 703 1171 ret,
736 1100 952 1158 utilitati
983 1109 1162 1155 tamen
1194 1098 1490 1153 electorum
1532 1092 1774 1149 omnium
1828 1090 1942 1159 ipsa
1972 1100 2191 1156 quoque

602 1193 894 1251 crudelitas
944 1189 1263 1245 deserviret.
1315 1185 1409 1241 Pie
1457 1184 1621 1254 igitur
1677 1179 2000 1251 disponebat
2048 1177 2191 1231 intus

602 1283 747 1355 quod
796 1281 1144 1350 semetipsum
1189 1277 1302 1347 pati
1354 1275 1602 1346 nequiter
1647 1270 1993 1343 permittebat
2038 1266 2187 1355 foris.

604 1352 744 1432 Ilinc
770 1384 852 1431 est
890 1375 1031 1431 enim
1057 1372 1203 1441 quod
1233 1368 1299 1425 de
1338 1369 1432 1423 illo
1482 1367 1535 1421 in
1560 1380 1718 1421 caena
1745 1363 1976 1417 dicitur:
2008 1352 2189 1415 Sciens

604 1468 776 1533 Jesus,
804 1467 924 1537 quia
953 1466 1127 1519 omnia
1172 1461 1313 1515 dedit
1336 1461 1383 1513 ei
1422 1459 1579 1511 Pater
1609 1459 1662 1509 in
1691 1469 1895 1519 manus,
1936 1461 1984 1506 et
2011 1452 2131 1522 quia
2159 1468 2191 1504 a

608 1555 721 1611 Deo
750 1554 924 1619 exivit,
949 1561 999 1606 et
1022 1552 1090 1604 ad
1129 1548 1299 1604 Deum
1325 1548 1485 1612 vadit,
1522 1546 1685 1616 surgit
1710 1562 1742 1599 a
1778 1558 1943 1605 cena,
1974 1552 2024 1595 et
2049 1542 2194 1612 ponit

604 1647 904 1702 vestimenta
929 1659 1023 1696 sua
1053 1640 1231 1713 (Joan.
1264 1656 1377 1704 χιιι,
1407 1638 1485 1707 5).
1518 1636 1657 1692 Ecce
1687 1636 1740 1690 in
1771 1649 1963 1689 manus
2010 1645 2193 1703 perse-

2292 443 2358 494 ah
2389 441 2566 494 anima
2613 446 2920 507 separatur;
2952 436 3076 503 quia
3124 451 3245 491 cum
3292 449 3487 506 corpus
3515 433 3633 502 ejus
3663 431 3733 485 ad
3763 448 3893 501 pas—

2290 533 2498 586 sionem
2547 530 2771 600 accipit,
2824 528 3027 582 electos
3066 527 3181 595 ejus
3224 543 3253 581 a
3281 526 3402 596 jure
3450 542 3559 581 sua:
3595 529 3891 596 potestatis

2291 619 2517 683 amittit;
2573 632 2803 686 cumque
2844 616 2986 671 illius
3028 632 3155 671 caro
3210 632 3307 686 per
3351 631 3566 671 crucem
3624 618 3890 681 moritur,

2292 711 2482 765 horum
2515 724 2668 763 mens
2718 715 2907 764 contra
2960 715 3293 762 tentameuta
3323 706 3605 761 solidatur.
3667 706 3893 761 Dicatur

2292 816 2420 869 ergo
2453 818 2464 854 :
2501 800 2634 854 Ecce
2661 803 2714 855 in
2749 817 2905 854 manu
2937 809 3027 854 tua
3049 807 3143 865 est,
3174 810 3520 853 verumtamen
3561 800 3798 852 animam
3821 801 3891 852 il-

2292 895 2392 947 lius
2413 910 2577 946 serva.
2604 892 2682 946 Ac
2703 892 2748 945 si
2770 899 2955 961 aperte
2980 891 3165 944 audiat
3188 906 3201 943 ι
3228 887 3521 943 Licentiam
3550 896 3739 943 contra
3765 903 3891 941 cor-

2292 1002 2393 1056 pus
2420 985 2536 1051 ejus
2576 983 2782 1052 accipe,
2827 992 2881 1036 et
2924 982 2991 1035 ab
3021 981 3209 1035 electis
3236 978 3396 1044 illius,
3449 993 3587 1047 quos
3636 978 3774 1046 apud
3828 993 3889 1032 se

2293 1086 2420 1131 ante
2449 1074 2642 1131 saecula
2683 1075 2972 1145 praisciens
3001 1072 3261 1144 possidet,
3290 1073 3377 1142 jus
3405 1086 3585 1142 prava:
3632 1071 3887 1126 domina-

2294 1170 2457 1227 tionis
2477 1167 2662 1240 perde.

2704 1266 2932 1322 CAPUT
2965 1263 3101 1319 xvu
3125 1262 3269 1337 [γει.
3295 1259 3478 1335 XIV].

2370 1357 2530 1414 Vens.
2565 1358 2617 1415 7.
2647 1390 2717 1401 -—-
2742 1357 2997 1429 Egressus
3020 1358 3177 1428 igitur
3218 1355 3388 1409 Satan
3417 1372 3449 1407 a
3486 1353 3622 1424 facie
3653 1352 3885 1422 Domini,

2295 1451 2544 1522 percussit
2568 1450 2666 1505 Job
2686 1449 2856 1505 ulcere
2880 1449 3121 1519 pessimo,
3148 1465 3179 1500 ιι
3210 1447 3390 1518 planta
3431 1445 3578 1515 pedis
3618 1462 3777 1516 usque
3815 1446 3885 1500 ad

2295 1550 2554 1602 verticem.

2367 1637 2457 1694 52.
2499 1636 2735 1693 Christus
2759 1637 2822 1691 ab
2844 1636 3058 1691 exordio
3088 1634 3266 1688 mundi
3288 1636 3340 1687 in
3361 1634 3468 1688 suis
3495 1649 3783 1704 permissus.
3812 1664 3881 1677 -

605 1735 884 1807 quentium
912 1734 1106 1801 iturus,
1148 1732 1352 1788 sciebat
1397 1730 1544 1800 quod
1593 1728 1646 1784 in
1692 1743 1856 1782 manu
1902 1740 1997 1782 sua
2047 1724 2193 1794 ipsos
2229 1735 2268 1792 Β
2298 1728 2485 1783 Nullus
2510 1729 2563 1782 in
2593 1729 2733 1783 hanc
2753 1728 2917 1783 vitam
2950 1726 3242 1781 electorum
3269 1726 3437 1788 venit,
3470 1723 3561 1792 qui
3591 1740 3697 1777 non
3729 1724 3891 1789 hujus

605 1828 770 1883 etiam
801 1832 1176 1895 persecutores
1199 1830 1502 1892 acceperat.
1527 1820 1627 1887 Qui
1657 1818 1800 1875 enim
1827 1817 2007 1873 omnia
2036 1830 2193 1871 acce-

601 1918 751 1989 pisse
778 1932 836 1973 se
859 1923 1102 1979 noverat,
1126 1921 1338 1970 constat
1358 1913 1481 1981 quia
1510 1920 1565 1966 et
1592 1913 1735 1981 ipsos
1760 1926 1789 1964 a
1820 1907 2015 1977 quibus
2046 1914 2197 1959 tene-

604 2009 768 2063 batur
796 2007 1046 2070 tenebat;
1078 2013 1140 2060 ut
1163 2005 1280 2075 ipse
1318 2003 1372 2058 in
1399 2018 1457 2058 se
1487 2002 1552 2056 ad
1584 2016 1736 2055 usum
1766 1999 1983 2069 pietatis
2023 1997 2195 2051 intor-

606 2108 801 2168 queret
828 2095 1086 2167 quidquid
1135 2109 1323 2150 eorum
1374 2102 1561 2147 contra
1605 2107 1665 2146 se
1694 2089 1897 2145 malitia
1936 2086 2196 2157 permissa

607 2189 840 2241 sazviret.
876 2186 1093 2241 Dicatur
1121 2198 1249 2253 ergo
1278 2183 1328 2239 ei
1362 2199 1375 2236 :
1415 2177 1548 2235 Ecce
1568 2183 1621 2235 in
1643 2198 1800 2235 manu
1831 2187 1919 2232 tua
1941 2187 2045 2242 est;
2073 2176 2199 2247 quia

610 2278 675 2331 ad
707 2276 997 2332 feriendam
1038 2291 1256 2331 carnem
1296 2274 1521 2329 sazvieus
1550 2273 1819 2328 licentiam
1849 2270 2077 2341 accepit,
2103 2269 2200 2325 scd

607 2369 865 2441 potestati
888 2369 1027 2424 illius
1048 2368 1299 2424 nesciens
1318 2366 1628 2429 deservivit.

686 2481 832 2551 [γει.
857 2479 910 2535 X
915 2479 1015 2536 111
1021 2480 1060 2552 .]
1086 2480 1173 2536 '50.
1205 2479 1457 2536 Diabolus
1484 2481 1715 2534 animam
1736 2479 1928 2535 Christi
1954 2496 2202 2549 superare

612 2593 716 2635 non
746 2591 894 2644 posse
914 2575 1254 2629 convincitur.
1281 2603 1355 2616 —
1384 2572 1628 2627 Animam
1650 2587 1780 2627 vero
1810 2572 1951 2628 illius
1979 2586 2197 2628 servare

612 2666 938 2739 praecipitur,
977 2680 1085 2720 non
1113 2663 1256 2734 quod
1286 2664 1427 2718 hanc
1454 2671 1663 2719 tentare
1682 2664 2018 2733 prohibetur,
2047 2671 2072 2700 ⁸
2105 2663 2200 2718 sed

611 2760 757 2829 quod
786 2759 928 2813 hanc
965 2771 1221 2828 superare
1248 2771 1366 2813 non
1410 2770 1569 2826 posse
1616 2754 1972 2812 convincitur.
2018 2755 2202 2823 Neque

611 2852 757 2906 enim
786 2850 927 2905 sicut
957 2865 1075 2913 nos,
1108 2848 1199 2919 qui
1248 2848 1365 2917 puri
1412 2847 1660 2903 homines
1702 2862 1909 2914 sumus,
1941 2847 2202 2901 .irruente

612 2957 756 3013 saepe
799 2941 1096 2997 tentatione
1135 2940 1494 3007 concutimur,
1523 2939 1596 2993 ita
1624 2938 2001 3009 Redemptoris
2030 2937 2200 2993 nostri

613 3034 791 3088 anima
840 3030 1156 3087 tentationis
1220 3038 1302 3087 est
1351 3029 1678 3087 necessitate
1736 3030 1967 3084 turbata.
2019 3027 2202 3085 Hostis

2297 1819 2467 1877 hostis
2494 1818 2717 1874 adversa
2766 1817 3036 1873 sustinuit.
3082 1815 3317 1870 Membra
3356 1823 3535 1870 autem
3581 1815 3750 1869 nostri
3779 1813 3885 1868 Be-

2296 1913 2593 1983 demptoris
2649 1911 3012 1974 exstiterunt,
3066 1909 3225 1964 etiam
3278 1908 3369 1976 qui
3415 1909 3482 1962 ab
3534 1907 3650 1977 ipso
3699 1905 3881 1960 mundi

2297 2004 2539 2069 exordio,
2574 2002 2700 2057 dum
2731 2001 2818 2072 pie
2847 2000 3057 2065 vivunt,
3105 2000 3342 2054 crudelia
3395 1999 3534 2067 passi
3579 2001 3687 2069 87
3734 2008 3878 2051 sunt.

2298 2092 2380 2147 An
2421 2108 2528 2148 non
2549 2090 2709 2161 hujus
2735 2090 3035 2144 membrum
3064 2088 3196 2143 Abel
3225 2103 3284 2143 se
3314 2103 3431 2142 esse
3458 2088 3746 2157 perlibuit,
3788 2087 3881 2152 qui

2299 2186 2415 2256 ejus
2436 2194 2685 2249 mortem,
2715 2184 2783 2240 de
2802 2199 2910 2255 quo
2933 2183 3195 2252 scriptum
3224 2190 3324 2248 est,
3354 2182 3495 2236 Sicut
3516 2198 3678 2252 agnus
3702 2196 3879 2233 coram

2301 2278 2541 2334 tondente
2578 2294 2633 2332 se
2657 2276 2985 2342 obmutescet,
3016 2286 3065 2330 et
3095 2292 3197 2330 non
3229 2276 3425 2345 aperiet
3465 2291 3521 2329 os
3545 2291 3690 2327 suum
3726 2271 3883 2329 (lsai.

2301 2387 2411 2435 LIII,
2463 2370 2540 2438 7),
2581 2386 2689 2424 non
2719 2369 2891 2425 solum
2922 2368 3142 2438 placens
3182 2368 3234 2425 in
3284 2367 3567 2431 sacrilicin,
3597 2367 3690 2422 sed
3721 2376 3883 2423 etiam

2301 2462 2536 2516 moriens
2587 2460 2814 2517 tacendo
2863 2460 3125 2529 signavit?
3175 2460 3258 2514 Ab
3305 2461 3421 2531 ipso
3479 2460 3659 2529 itaque
3702 2461 3887 2515 mundi

2302 2550 2525 2605 exordio
2556 2550 2933 2620 Redemptoris
2959 2552 3128 2606 nostri
3158 2566 3352 2621 corpus
3382 2566 3695 2620 expugnare
3721 2566 3887 2605 cona-

2302 2647 2389 2695 tus
2417 2648 2519 2695 est.
2548 2639 2593 2693 Α
2620 2640 2801 2709 planta
2831 2655 2959 2710 ergo
2989 2639 3143 2711 pedis
3173 2639 3450 2711 usquead
3478 2641 3736 2696 verticem
3766 2642 3887 2695 vul-

2304 2746 2403 2786 nus
2424 2730 2622 2795 intulit,
2658 2741 2680 2769 ο
2711 2730 2835 2800 quia
2867 2747 2895 2785 a
2926 2732 3076 2801 puris
3118 2732 3424 2787 hominibus
3471 2732 3756 2789 inchoans.
3792 2748 3889 2787 us-

2303 2839 2410 2893 que
2453 2823 2523 2879 ad
2570 2824 2745 2894 ipsum
2791 2831 2953 2894 caput
2998 2823 3250 2879 Ecclesia:
3303 2824 3571 2881 smviendo
3617 2826 3892 2896 pervenit.

2303 2914 2449 2972 Bene
2475 2922 2655 2971 autem
2682 2914 2877 2969 dicitur
2902 2932 2916 2969 :

2872 3027 3101 3082 CAPUT
3139 3027 3322 3083 XVIII.

613 3139 845 3193 namque
871 3132 1075 3185 noster,
1114 3123 1215 3178 etsi
1239 3122 1292 3177 in
1319 3121 1588 3177 excelsum
1614 3128 1852 3176 montem
1876 3135 1997 3176 eum
2020 3118 2048 3159 δ
2077 3135 2201 3189 per-
2230 3108 2275 3170 C
2374 3123 2538 3179 varis.
2571 3124 2626 3179 8,
2647 3156 2719 3168 ....
2743 3124 2894 3179 Testa
2916 3126 3110 3178 saniem
3132 3123 3361 3178 radebat.

613 3214 810 3267 missus
848 3212 1158 3282 assumpsit,
1189 3212 1233 3269 si
1253 3210 1510 3266 daturum
1534 3225 1595 3266 se
1616 3224 1781 3281 regna
1809 3210 1992 3265 mundi
2021 3210 2204 3281 perhi-

614 3296 752 3370 buit,
780 3304 824 3361 si
856 3305 1009 3374 quasi
1034 3305 1089 3359 in
1136 3317 1331 3373 panem
1377 3300 1671 3358 vertendos
1717 3302 1924 3373 lapides
1972 3301 2206 3359 ostendit

616 3393 832 3464 (Matth.
856 3410 928 3460 tv,
956 3391 1023 3461 8;
1059 3392 1184 3449 Luc.
1216 3409 1289 3457 IV,
1322 3391 1403 3462 4),
1425 3400 1663 3448 mentem
1692 3400 1871 3449 tamen
1892 3392 2206 3449 mediatoris

618 3488 713 3542 Dei
743 3495 799 3543 et
824 3488 1099 3543 hominum
1142 3486 1443 3542 tentatione
1471 3500 1727 3555 quassare
1765 3501 1873 3541 non
1899 3486 2087 3542 valuit.
2117 3484 2207 3543 Sic

618 3580 761 3633 enim
786 3579 1031 3647 dignatus
1052 3586 1135 3635 est
1158 3577 1273 3632 haec
1300 3577 1537 3633 exterius
1583 3585 1777 3632 cuncta
1806 3577 2096 3646 suscipere,
2146 3584 2207 3632 ut

616 3668 735 3737 ejus
764 3676 940 3724 tamen
972 3683 1125 3724 mens
1148 3667 1374 3722 interius
1398 3666 1661 3722 divinitati
1687 3681 1800 3722 sua:
1829 3665 2095 3722 inhaerens
2119 3667 2203 3722 in-

616 3777 881 3819 concussa
906 3768 1264 3833 permaneret.
1287 3759 1387 3826 Qui
1415 3766 1469 3815 et
1495 3760 1538 3815 si
1570 3759 1786 3829 quando
1817 3760 2063 3815 turbatus
2093 3761 2205 3828 spi-

618 3857 724 3910 ritu
752 3853 1091 3909 infremuisse
1119 3850 1312 3906 dicitur
1342 3838 1525 3920 (Joan.
1554 3864 1626 3913 x1,
1659 3848 1748 3910 '55,
1782 3846 1894 3917 '58),
1927 3847 2042 3918 ipse
2071 3849 2207 3904 divi-

618 3946 759 4000 nitus
781 3943 1102 4014 disponebat
1121 3949 1380 4010 quantum
1404 3938 1519 4010 ipse
1539 3938 1851 3994 humanitus
1875 3937 2205 4004 turbaretur,

620 4034 1026 4091 immutabiliter
1089 4031 1337 4087 omnibus
1383 4028 1697 4100 praesidens,
1754 4038 1811 4083 et
1860 4028 2206 4098 semetipsum

620 4126 933 4181 mutabilem
988 4124 1042 4178 in
1093 4123 1463 4178 satisfactione
1515 4119 1843 4176 inlirmitatis
1892 4121 2203 4176 ostendens.

622 4218 844 4284 Quietus
873 4230 1002 4284 ergo
1044 4216 1096 4269 in
1126 4214 1417 4284 semetipso
1447 4227 1688 4276 manens,
1740 4213 2005 4284 disposuit
2049 4214 2206 4283 quid—

622 4307 749 4375 quid
778 4322 875 4377 pro
901 4304 1229 4361 ostendenda
1268 4303 1624 4370 humanitate,
1672 4318 1832 4374 quam
1874 4313 2204 4377 susceperat,

624 4397 783 4451 etiam
816 4395 1156 4450 turbulentus
1183 4393 1332 4450 fecit.

2378 3215 2465 3269 55.
2494 3213 2665 3279 Testa,
2699 3214 2792 3270 hoc
2816 3222 2914 3282 est,
2941 3230 3097 3269 carne
3119 3230 3209 3268 sua
3231 3224 3419 3268 eterra
3444 3222 3670 3282 sumpta,
3694 3213 3899 3267 saniem

2305 3308 2503 3376 peccati
2532 3306 2683 3360 rasit.
2714 3304 2940 3372 —Quid
2965 3304 3109 3359 enim
3139 3304 3282 3359 aliud
3303 3304 3354 3359 in
3380 3319 3540 3357 manu
3572 3302 3783 3359 Domini
3807 3314 3895 3359 te—

2305 3406 2386 3453 sta
2411 3404 2511 3461 est,
2544 3395 2646 3451 nisi
2669 3410 2797 3451 caro
2829 3410 2897 3450 ex
2926 3402 3125 3450 nostra:
3151 3394 3463 3449 substantia:
3494 3395 3604 3448 luto
3645 3395 3903 3465 sumpta?

2305 3485 2519 3541 Etenim
2548 3492 2684 3540 testa
2724 3484 2847 3555 igne
2873 3483 3153 3539 solidatur.
3195 3482 3336 3538 Caro
3364 3491 3543 3539 autem
3570 3484 3781 3539 Domini
3825 3501 3900 3543 eo

2307 3592 2373 3631 ex
2403 3576 2654 3646 passione
2679 3590 2774 3630 sua
2800 3575 3069 3631 robustior
3094 3574 3320 3634 exstitit,
3351 3588 3458 3642 quo
3486 3589 3585 3643 per
3613 3574 3899 3628 inﬁrmita-

2306 3674 2417 3723 tem
2438 3666 2697 3733 moriens,
2726 3680 2756 3719 a
2785 3674 2958 3720 morte
2979 3666 3097 3720 sine
3122 3663 3429 3721 inﬁrmitate
3455 3667 3708 3721 surrexit.
3744 3664 3900 3720 Unde
3979 3711 3991 3722 .

2306 3768 2455 3815 recte
2496 3758 2656 3814 etiam
2707 3772 2807 3826 per
2846 3756 3172 3827 Prophe'am
3220 3758 3416 3813 dicitur
3449 3776 3463 3812 :
3510 3757 3733 3812 Exarm't
3764 3760 3900 3813 velut

2307 3858 2437 3905 testa
2463 3851 2621 3904 virtus
2640 3865 2755 3903 mea
2782 3848 2956 3920 (Psal.
2982 3865 3089 3915 xxi,
3124 3849 3235 3919 16).
3264 3849 3413 3904 Sicut
3445 3858 3581 3905 testa
3607 3852 3750 3905 enim
3781 3852 3897 3919 ejus

2308 3944 2476 3997 virtus
2497 3941 2726 4006 exaruit,
2757 3941 2848 4010 qui
2874 3950 3139 4011 susceptae
3171 3942 3348 3996 carnis
3372 3940 3740 3997 infirmitatem
3771 3959 3896 4012 pas-

2308 4034 2477 4089 sionis
2496 4048 2605 4089 sua?
2632 4033 2757 4102 igne
2777 4033 3071 4089 roboravit.
3098 4031 3233 4099 Quid
3257 4048 3387 4088 vero
3416 4049 3514 4103 pur
3532 4034 3765 4099 saniem,
3796 4035 3896 4088 nisi

2306 4132 2608 4195 peccatum,
2632 4123 2791 4180 debet
2811 4123 3069 4194 intelligi?
3096 4123 3199 4179 Per
3226 4140 3442 4179 carnem
3474 4125 3675 4195 quippe
3697 4133 3753 4180 ct
3774 4141 3897 4179 san-

2309 4215 2522 4283 guinem
2560 4215 2738 4270 solent
2784 4215 2963 4269 carnis
3000 4222 3223 4284 peccata
3274 4214 3563 4284 designari.
3618 4213 3777 4271 Unde
3805 4231 3899 4285 per

2310 4304 2645 4361 Psalmistam
2680 4305 2877 4360 dicitur
2910 4322 2922 4357 :
2953 4304 3141 4359 Libera
3164 4322 3241 4359 me
3262 4305 3325 4359 de
3353 4306 3695 4377 sanguinibus
3723 4305 3894 4377 (Psal.

2311 4413 2362 4461 1.,
2408 4398 2519 4461 16).
2549 4396 2737 4452 Sanies
2787 4396 2968 4466 itaque
3014 4396 3243 4467 putredo
3288 4403 3372 4451 est
3418 4397 3715 4466 sanguinis.
3764 4397 3899 4465 Quid

692 4488 781 4542 3|.
812 4490 999 4543 Anima
1021 4486 1210 4542 Christi
1240 4488 1342 4542 dici
1369 4496 1582 4559 possunt
1601 4488 1769 4543 electi.
1800 4488 1868 4543 Hi
1895 4506 1927 4543 a
1954 4497 2206 4557 potestate
2238 4473 2285 4532 ἶ)
2313 4502 2440 4556 ergo
2463 4484 2799 4557 accipimusd
2826 4487 3051 4549 saniem,
3078 4487 3177 4540 nisi
3201 4494 3421 4556 peccata
3444 4489 3616 4543 carnis
3640 4503 3707 4541 ex
3742 4488 3899 4556 longa

625 4578 815 4632 diaboli
844 4579 1156 4631 eximuntur.
1180 4609 1252 4620 --
1281 4576 1415 4644 Quia
1443 4594 1573 4634 vero
1602 4592 1722 4633 cum
1745 4586 1891 4635 recte
1914 4578 2202 4648 diligimus,

627 4671 755 4725 nihil
809 4671 862 4724 in
910 4670 1071 4724 rebus
1117 4668 1349 4724 conditis
1399 4670 1576 4724 anima
1604 4678 1787 4725 nostra
1816 4670 2029 4725 charius
2059 4686 2208 4725 ama-

627 4778 777 4826 mus;
809 4769 865 4816 et
892 4762 1030 4817 sicut
1059 4761 1291 4816 animam
1314 4776 1414 4816 nos
1453 4776 1547 4817 eos
1574 4761 1607 4815 d
1630 4761 1796 4831 ligere
1824 4761 2067 4827 dicimus,
2096 4763 2209 4833 qui-

623 4855 723 4908 bus
751 4852 951 4906 amoris
980 4852 1147 4908 nostri
1175 4852 1476 4921 exprimere
1499 4852 1706 4921 pondus
1726 4867 2000 4921 conamur,
2028 4863 2208 4925 potest

584 4984 589 4989 .
623 4959 721 5013 per
751 4940 867 5010 ejus
891 4940 1121 4996 animum
1150 4942 1445 4997 electorum
1474 4942 1580 4996 vita
1606 4942 1823 5011 signari.
1851 4942 1920 4999 Et
1947 4958 2068 5001 cum
2107 4943 2205 4999 Sa-

698 5108 721 5136 ι·
756 5100 933 5170 Antiq.
960 5102 1176 5164 Rhem..
1208 5100 1441 5168 Remig.,
1467 5100 1645 5165 Colb.,
1668 5098 1853 5165 Corb.,
1883 5100 2091 5166 Germ.,
2114 5104 2207 5155 sed

625 5170 761 5293 q‘uod
811 5171 940 5225 hanc
984 5182 1178 5226 tentare
1205 5189 1307 5226 non
1353 5188 1500 5240 posse
1539 5173 1877 5226 convincitur.
1923 5170 2202 5226 Secundus

677 5242 844 5293 hem..
868 5242 972 5293 duo
1001 5242 1206 5293 Remie.
1232 5250 1287 5293 et
1309 5242 1389 5293 Cl.
1408 5241 1546 5293 Val..
1562 5242 1653 5293 sed
1672 5241 1805 5293 auod
1818 5242 1951 5293 hanc
1963 5258 2202 5293 sunerare

677 5242 844 5309 hem.,
868 5242 972 5296 duo
1001 5242 1206 5311 Remig.
1232 5250 1287 5296 et
1309 5242 1389 5297 CI.
1408 5241 1546 5306 γει,
1562 5242 1653 5295 sed
1672 5241 1805 5312 quod
1818 5242 1951 5312 hanc
1963 5258 2207 5310 superare

627 5319 851 5366 tentatur
872 5328 973 5365 non
991 5329 1139 5379 posse
1159 5310 1496 5367 convincitur.
1531 5312 1652 5375 Alii,
1684 5310 1776 5366 sed
1801 5310 1937 5382 quod
1957 5312 2092 5365 hanc
2118 5329 2205 5365 su-

626 5399 810 5453 perare
840 5383 1083 5453 tentanda
1109 5399 1211 5438 non
1233 5400 1381 5453 posse
1409 5383 1744 5453 convincitur.

701 5451 724 5488 ι’
753 5452 969 5515 Rhem.,
994 5450 1433 5522 Remig.,Corb.,
1468 5450 1669 5516 Germ.,
1688 5451 2064 5515 Vindoc.,Val.
2094 5451 2199 5519 Cl.,

628 5520 908 5583 Narniam,
957 5520 1210 5586 Floriac.,
1242 5533 1375 5588 etc.,
1406 5524 1477 5578 ita
1507 5523 1723 5577 habent.
1752 5524 1841 5579 Sic
1872 5525 2033 5577 etiam
2064 5523 2198 5589 legi-

632 5591 787 5663 tur‘in
819 5601 922 5644 vet.
958 5590 1096 5663 Edit.
1132 5593 1294 5648 Paris.
1326 5594 1382 5647 In
1413 5593 1530 5647 aliis
1557 5609 1568 5646 :
1604 5594 1762 5648 hostis
1792 5611 2008 5663 namque
2029 5604 2201 5648 noster

628 5659 727 5735 etsi
762 5660 820 5735 in_
844 5662 1095 5735 ercelsunt
1120 5672 1338 5716 nmntem
1379 5680 1491 5718 eum
1522 5681 1667 5734 quem
1690 5659 1967 5735 permissus
1995 5681 2199 5717 assunt-

633 5729 754 5794 psit,
787 5729 961 5795 duxit;
988 5732 1031 5784 si
1058 5733 1314 5801 daturum,
1349 5741 1450 5787 clc.

2312 4588 2579 4636 vetustate
2633 4580 2850 4650 pejora?
2888 4578 3090 4634 Vulnus
3121 4580 3303 4649 itaque
3332 4580 3385 4634 in
3414 4579 3613 4633 saniem
3645 4580 3898 4643 vertitur,

2313 4688 2434 4729 cum
2468 4673 2708 4741 neglecta
2752 4672 2909 4743 culpa
2940 4689 3038 4729 usu
3067 4672 3306 4729 deterius
3335 4680 3603 4741 gravatur.
3637 4671 3904 4727 Mediator

2313 4764 2496 4833 itaque
2517 4764 2612 4819 Dei
2635 4773 2690 4820 et
2719 4765 2994 4819 hominum
3022 4764 3187 4818 homo
3216 4763 3461 4819 Christus
3487 4761 3641 4818 Iesus
3683 4761 3738 4834 (Ι
3768 4762 3900 4816 Tim.

2315 4872 2373 4922 ιι,
2405 4854 2460 4926 5)
2489 4871 2683 4927 corpus
2721 4872 2876 4910 suum
2905 4855 3152 4911 manibus
3180 4856 3618 4925 persequentium
3664 4855 3899 4916 tradens,

2317 4950 2521 5005 saniem
2553 4957 2686 5004 testa
2715 4948 2869 5017 rasit,
2898 4948 3022 5019 quia
3049 4956 3334 5019 peccatum
3359 4964 3519 5003 carne
3544 4947 3761 5004 delevit.
3802 4947 3902 5001 l'e-

2391 5114 2412 5142 °
2444 5103 2520 5156 Ita
2569 5103 2691 5158 M>s.
2726 5104 2913 5169 Corb.,
2961 5102 3170 5170 Germ,
3217 5104 3395 5163 Colb..
3430 5104 3562 5171 Reg.
3603 5105 3720 5168 Alii,
3766 5121 3907 5173 quns

2314 5172 2508 5228 Excusi
2535 5184 2851 5239 sentiuntur,
2883 5176 3002 5244 quia
3021 5190 3165 5244 prus
3193 5174 3276 5228 ab.
3312 5173 3367 5228 In
3403 5173 3566 5239 Utic.,
3592 5177 3711 5242 quia
3736 5172 3905 5244 puris.

2311 5254 2364 5298 et
2392 5245 2513 5314 quia
2539 5246 2758 5314 primus.

2379 5311 2413 5350 δ
2449 5313 2512 5385 Ιιι
2536 5313 2779 5385 Exclusis,
2810 5331 2901 5385 per
2929 5316 3143 5369 saniem.
3179 5314 3236 5369 In
3266 5315 3393 5369 Mss.
3440 5315 3634 5385 quibus
3660 5313 3909 5368 adhaere-

2308 5399 2448 5456 t_nns,
2474 5383 2789 5456 simpliciter
2806 5383 2999 5456 legitur
3024 5403 3036 5437 :
3062 5387 3186 5456 quid
3211 5404 3332 5456 ergo
3357 5383 3641 5453 accipimus
3660 5385 3866 5456 saniem
3889 5388 3911 5437 5’

2310 5452 2403 5507 Est
2433 5454 2622 5508 modus
2656 5453 2906 5521 loquendi
2940 5452 3125 5509 uestro
3146 5452 3407 5515 ϐαθέην-ἑο
3437 5456 3733 5508 familiaris.
3761 5454 3905 5508 Infra

2308 5539 2356 5594 c.
2383 5540 2509 5588 xxv,
2536 5540 2589 5577 ιι.
2621 5521 2883 5594 48.Ᾱ8ὶειιῑ
2922 5526 3219 5577 vestimenta
3250 5526 3499 5578 Ecclesia!
3528 5534 3740 5578 cunctos
3772 5525 3910 5594 ﬁde-

2313 5593 2689 5663 lrsaccipimus.
2720 5592 2889 5646 Etlih.
2918 5610 2971 5653 ιι,
3001 5610 3118 5662 cap.
3147 5596 3275 5647 olim
3306 5595 3389 5660 16,
3421 5613 3557 5649 nunc
3579 5595 3667 5658 2|,
3696 5612 3753 5652 ιι.
3773 5592 3859 5647 ⁷58
3891 5614 3905 5648 ;

2312 5664 2451 5726 Quid
2470 5666 2603 5718 enim
2636 5664 2820 5719 solium
2856 5663 2970 5729 Dei,
2995 5668 3097 5714 nisi
3120 5667 3384 5738 angeiicus
3404 5674 3683 5738 potestate:
3712 5667 3911 5735 arcipi-

2311 5751 2442 5789 ηιιιε.
