4030 6384
187 399 287 454 617

1097 391 1455 451 MORALIUM
1497 392 1622 449 LIB.
1671 390 1754 446 Ill.
1798 416 1867 430 —-
1907 387 1973 444 IN
2012 385 2169 442 CAP.
2213 386 2256 443 ll
2293 387 2356 442 Β.
2397 387 2536 444 JOB.

3361 387 3464 440 018

183 508 455 576 nit,enint,
497 505 634 561 sicut
663 503 918 575 scriptum
947 512 1049 568 est,
1082 506 1135 558 in
1165 505 1556 559 similitudinem
1593 505 1766 559 carnis
1801 509 1839 562 Λ
1872 500 1924 554 in
1958 499 2200 554 Ecclesia
2241 499 2423 554 vident
2449 500 2638 555 deesse
2673 499 2817 568 quod
2859 499 3122 566 ambiunt,
3152 501 3335 554 hostes
3367 501 3459 555 ho-

186 610 468 676 peccatt,ut
487 599 770 669 depeccato
793 598 1062 650 damnaret
1078 608 1341 664 peccatum
1361 597 1538 666 (Rom.
1554 614 1664 663 vut,
1689 597 1766 667 ὅ).

186 693 425 759 Dumque
452 688 594 742 hosti
620 686 806 754 objicit
834 687 1198 741 innocentiam
1225 689 1404 741 carnis
1429 702 1559 751 suae,
1585 695 1768 742 exter-

183 782 253 836 sit
290 779 535 846 contagia
579 778 757 832 carnis
789 786 1015 842 nostrze;
1046 786 1101 831 et
1129 793 1194 832 ex
1232 792 1338 845 qua
1387 793 1486 832 nos
1527 781 1769 848 captivos

185 872 430 926 inimicus
459 871 646 932 tenuit,
681 884 778 938 per
817 868 963 922 illam
996 884 1094 922 nos
1122 867 1322 923 liberos
1346 869 1612 938 expiavit;
1643 869 1766 937 quia

183 980 342 1034 quam
393 978 492 1017 nos
519 963 934 1016 instrumentum
983 961 1206 1015 fecimus
1234 961 1422 1030 culpae,
1470 962 1582 1014 inec
1611 962 1767 1016 nobis

139 1116 143 1119 λ
183 1069 278 1124 per
325 1053 673 1108 Mediatorem
714 1067 868 1106 versa
900 1059 983 1105 est
1031 1053 1083 1104 in
1127 1067 1275 1105 arma
1311 1053 1550 1121 justitize.
1603 1051 1764 1106 Testa

182 1159 311 1212 ergo
331 1144 508 1198 sanies
528 1143 749 1209 raditur,
776 1157 898 1197 cum
920 1156 1083 1197 carne
1106 1143 1260 1213 culpa
1288 1152 1595 1212 superatur.
1621 1143 1766 1198 Bene

180 1242 360 1286 autem
393 1232 638 1288 subditur
666 1249 680 1285 :
1269 1230 1274 1234 ’

767 1321 994 1378 CAPUT
1025 1321 1165 1378 XIX.

245 1418 376 1473 luto.
403 1451 475 1461 —
505 1417 702 1474 Sedens
729 1419 784 1473 in
815 1419 1156 1488 sterquilinio.

246 1529 339 1584 54.
374 1531 441 1584 1η
464 1531 782 1600 sterquilinio
807 1530 956 1594 sedit,
989 1531 1108 1601 quia
1147 1531 1358 1600 infirma
1387 1531 1566 1586 mundi
1585 1531 1758 1601 elegit.

171 1653 246 1664 —
272 1620 388 1676 Non
420 1624 471 1676 in
506 1623 642 1683 foro.
668 1625 720 1675 in
747 1637 854 1690 quo
885 1623 969 1676 lex
995 1623 1314 1691 perstrepit;
1359 1639 1466 1678 non
1508 1623 1561 1676 in
1591 1621 1761 1677 aedili-

171 1709 282 1772 cio,
316 1711 461 1778 quod
499 1725 559 1765 se
610 1711 840 1765 culmine
870 1711 920 1763 in
970 1711 1078 1764 alta
1109 1711 1380 1776 sustollit;
1411 1711 1505 1766 sed
1535 1713 1587 1766 in
1617 1719 1760 1767 ster-

168 1801 402 1868 quilinio
458 1803 669 1866 residet,
717 1803 841 1870 quia
889 1801 1138 1856 videlicet
1176 1802 1507 1872 Redemptor
1536 1804 1759 1858 humani

1871 605 2064 646 norum
2093 589 2258 656 liunt;
2303 597 2358 644 et
2379 606 2485 644 non
2507 589 2678 642 solum
2711 606 2887 659 pravre
2913 592 3234 660 semetipsos
3259 593 3460 646 actioni

1871 679 2131 744 inserunt,
2161 682 2256 736 sed
2284 681 2445 737 etiam
2483 679 2752 749 justornm
2780 683 3153 736 rectitudinem
3187 679 3462 736 inﬂectere

1868 773 1935 826 ad
1964 788 2217 841 perversa
2247 773 2560 827 moliuntur.
2617 771 2846 828 Eterna
2893 773 3090 843 quippe
3136 774 3330 827 in'ueii
3367 790 3460 828 ne-

1866 865 2092 932 gligunt,
2115 873 2168 920 et
2190 865 2451 934 appetitui
2482 864 2858 935 temporalium
2891 867 3084 920 mentis
3106 865 3460 934 pusillanimi-

1867 962 1977 1008 tate
2021 957 2422 1019 succumbunt;
2475 965 2737 1024 tantoque
2785 957 2852 1011 ab
2902 957 3121 1012 mternis
3150 958 3310 1011 altius
3338 973 3460 1012 cur-

1865 1054 2047 1108 ruunt,
2075 1055 2280 1112 quanto
2300 1046 2442 1098 bona
2477 1048 2795 1114 temporalia
2826 1063 2945 1102 esse
2971 1049 3123 1117 quasi
3153 1049 3267 1102 sola
3285 1048 3458 1117 suspi-

1865 1143 2074 1190 cantur.
2103 1135 2478 1202 llisjustorum
2509 1136 2823 1205 simplicitas
2845 1139 3112 1207 displicet,
3142 1149 3336 1194 etcum
3361 1155 3456 1194 oc-

1865 1225 2136 1279 casionem
2176 1225 2595 1293 perturbationis
2646 1227 2964 1296 inveniunt,
3016 1245 3166 1282 suam
3198 1245 3292 1284 eos
3321 1230 3457 1283 arri-

1866 1331 1992 1386 pere
2012 1315 2376 1386 duplicitatem
2394 1316 2640 1371 suadent.
2670 1315 2824 1373 Unde
2847 1318 2951 1374 hoc
2972 1333 3188 1388 quoque
3208 1321 3459 1390 congruit

1865 1415 1991 1475 apte
2019 1405 2165 1476 quod
2193 1406 2440 1460 subditur
2471 1425 2484 1460 :

2467 1515 2694 1572 CAPUT
2732 1517 2852 1573 λΧ.

1934 1608 2098 1663 Vsus.
2129 1608 2180 1664 9.
2213 1638 2282 1650 --
2313 1607 2464 1664 Dixit
2490 1619 2661 1662 autem
2689 1610 2768 1663 illi
2791 1626 2926 1665 uxor
2954 1627 3048 1665 sua
3079 1627 3097 1666 :
3128 1611 3310 1665 Adhuc
3337 1629 3456 1684 per-

1863 1717 2078 1754 manens
2124 1703 2174 1754 in
2209 1701 2539 1771 simplicitate
2560 1702 2690 1754 tua?
2729 1701 2954 1755 Benedic
2997 1701 3108 1757 Deo
3143 1713 3192 1756 et
3231 1720 3452 1758 morere.

1939 1811 2030 1888 56.
2064 1813 2209 1867 Uxor
2231 1813 2328 1866 Job
2365 1814 2501 1866 male
2523 1814 2768 1879 suadens,
2792 1816 2963 1884 ﬁgura
2988 1824 3064 1868 est
3084 1817 3372 1870 carnalium
3397 1817 3452 1870 in

164 1895 391 1958 generis
411 1895 476 1948 ad
498 1908 710 1948 carnem
735 1893 974 1958 veniens,
999 1901 1289 1947 attestante
1317 1893 1507 1963 Paulo,
1538 1893 1762 1964 Inﬁrma
1795 1865 1837 1924 Β
1868 1901 1991 1956 Eccl
2022 1891 2112 1956 sia:
2141 1905 2254 1956 sinu
2276 1905 2579 1974 positorum.
2599 1937 2672 1947 -—
2692 1903 2856 1974 Cujus
2885 1906 3027 1960 enim
3052 1909 3286 1976 speciem
3314 1909 3454 1961 male

164 1982 356 2034 mundi
384 1983 557 2052 elegit,
587 1992 642 2034 ut
667 1982 1003 2053 confunderet
1033 1984 1192 2052 fortia
1216 1983 1269 2051 (Ι
1297 1981 1418 2038 Cor.
1449 2001 1487 2051 ι,
1530 1983 1642 2052 27).
1677 1987 1759 2041 An

165 2085 281 2124 non
313 2070 466 2140 quasi
512 2071 789 2125 ruentibus
815 2070 1050 2125 aediﬁciis
1080 2072 1132 2124 in
1172 2073 1509 2140 sterquilinio
1539 2074 1756 2141 residet,

165 2162 263 2231 qui
294 2161 494 2217 relictis
519 2160 716 2218 Judaeis
739 2163 1191 2232 superbientibus,
1216 2164 1267 2218 in
1292 2181 1355 2219 ea
1379 2183 1537 2235 quam
1560 2168 1758 2222 dudum

168 2254 449 2321 abjecerat
474 2253 772 2321 gentilitate
805 2254 1140 2323 requiescit?
1176 2254 1343 2308 Extra
1393 2257 1758 2312 habitaculum

166 2345 442 2414 reperitur
472 2344 524 2398 in
554 2345 798 2410 vulnere,
825 2345 914 2414 qui
944 2345 994 2398 in
1025 2361 1090 2399 eo
1114 2347 1257 2414 quod
1299 2346 1536 2400 Judmam
1569 2347 1760 2403 adver-

164 2443 386 2488 santem
436 2434 678 2503 pertulit,
729 2434 992 2502 passionis
1021 2434 1264 2489 dolorem
1295 2451 1324 2489 a
1355 2444 1514 2503 gente
1540 2438 1758 2507 propria

164 2523 458 2594 despectus
484 2526 680 2589 sensit;
707 2524 914 2580 Joanne
940 2537 1247 2595 attestante,
1280 2529 1370 2598 qui
1399 2528 1474 2582 ait
1502 2545 1513 2582 :
1542 2527 1606 2584 In
1632 2547 1754 2601 pro-

164 2615 289 2686 pria
319 2616 475 2681 venit,
506 2624 555 2668 et
598 2615 680 2669 sui
707 2633 822 2670 eum
850 2633 953 2670 non
1001 2629 1302 2688 receperunt
1357 2618 1538 2691 (Joan.
1575 2636 1614 2688 ι,
1645 2621 1756 2693 11).

162 2703 278 2759 Sed
333 2705 606 2775 quomodo
652 2705 846 2761 sedens
878 2707 931 2761 in
983 2709 1318 2778 sterquilinio
1382 2711 1756 2782 conquiescat,

162 2794 290 2850 htec
338 2796 526 2850 eadem
571 2795 638 2852 dc
676 2798 965 2867 semetipsa
990 2797 1200 2854 Veritas
1223 2801 1406 2856 dicat:
1435 2803 1525 2856 Ait
1561 2804 1703 2857 enim
1740 2823 1754 2858 :

161 2885 433 2940 Gaudium
455 2889 554 2940 erit
581 2888 636 2941 in
658 2889 782 2943 caelo
810 2906 962 2960 super
983 2907 1083 2945 uno
1110 2903 1378 2962 peccatore
1405 2897 1759 2964 paenitentiam

161 2987 375 3050 agente,
417 2997 568 3051 quam
598 2998 751 3048 super
781 2985 1068 3055 nonaginta
1117 3002 1293 3039 novem
1326 2987 1503 3056 justis,
1537 2991 1622 3059 qui
1652 3005 1756 3044 non

156 3075 403 3145 indigent
423 3076 719 3143 pmnitentia
747 3075 894 3149 (Luc.
920 3094 1009 3145 xv,
1041 3077 1150 3150 10).
1178 3079 1314 3134 Ecce
1335 3080 1522 3134 dolens
1540 3083 1591 3135 in
1621 3092 1756 3136 ster-

156 3168 394 3238 quilinio
423 3169 592 3234 sedet,
648 3169 737 3237 qui
787 3176 910 3239 post
945 3180 1282 3240 perpetratas
1310 3173 1494 3242 culpas
1526 3174 1755 3229 libenter

157 3236 335 3314 corda
365 3236 738 3328 paenitentiam
770 3236 1142 3329 possitl-ct._An
1169 3279 1274 3316 non
1304 3236 1452 3333 quasi
1481 3265 1749 3332 quoddam
1779 3236 1824 3296 Ο

155 3351 562 3418 Sterquilinium
592 3361 713 3405 sunt
735 3352 897 3406 corda
929 3354 1320 3422 pmnitentium,
1349 3356 1439 3423 qni
1463 3358 1586 3408 dum
1612 3357 1752 3410 mala

157 3455 262 3495 sua
293 3440 473 3496 ﬂendo
504 3442 862 3507 considerant,
910 3444 1061 3512 quasi
1103 3452 1229 3498 ante
1252 3461 1308 3500 se
1340 3454 1599 3509 stercora,
1633 3462 1753 3502 sese

155 3533 471 3601 abjiciendo
501 3535 862 3587 coacervant?
892 3533 1184 3589 Percussus
1233 3550 1362 3603 ergo
1383 3535 1484 3591 Job
1514 3547 1752 3593 montem

154 3640 274 3680 non
305 3625 483 3694 petiit,
516 3625 609 3679 sed
640 3626 691 3678 in
722 3625 1058 3694 sterquilinio
1100 3627 1320 3692 resedit,
1367 3629 1496 3697 quia
1529 3629 1596 3683 ad
1626 3646 1753 3700 pas-

155 3717 376 3772 sionem
408 3716 736 3786 Rclemptor
763 3719 1000 3784 veniens,
1054 3719 1159 3773 alta
1210 3702 1562 3790 superborum
1591 3723 1755 3777 corda

151 3808 429 3874 deseruit,
456 3817 509 3862 et
538 3809 589 3863 in
619 3818 637 3843 η
659 3809 976 3863 afﬂictarum
1003 3810 1303 3865 humilitate
1333 3813 1614 3880 requievit.
1646 3816 1757 3884 83

153 3899 326 3966 Quod
355 3909 531 3955 tamen
572 3899 638 3954 de
667 3915 725 3954 se
755 3907 809 3955 et
830 3901 979 3971 prius
1000 3918 1160 3971 quam
1192 3903 1586 3971 incarnarctur,
1612 3905 1750 3958 indi-

156 3990 337 4055 cavit,
362 4005 482 4044 cum
505 4006 602 4059 per
625 3989 952 4059 Prophetatn
982 3989 1116 4045 dixit
1141 4009 1153 4044 :
1185 3992 1266 4046 Ad
1286 4011 1432 4062 quem
1461 3994 1755 4066 respiciam,

153 4083 268 4135 nisi
283 4083 355 4135 ad
368 4082 607 4134 humilem
627 4091 675 4136 et
697 4083 922 4153 quietum
941 4091 989 4134 et
1002 4091 1294 4138 trementem
1308 4102 1566 4142 sermones
1586 4087 1760 4142 meas?

157 4174 328 4245 (Isai.
361 4173 543 4239 “1,2,
577 4189 677 4227 sec.
711 4171 911 4243 LXX.)

237 4285 330 4340 55.
365 4285 600 4340 Christus
637 4288 691 4340 in
723 4289 847 4348 suis,
878 4286 1009 4339 etab
1038 4286 1353 4355 inﬁdelibus,
1386 4297 1435 4341 et
1462 4306 1494 4341 a
1522 4289 1758 4358 ﬁdelibus

154 4377 467 4432 carnalibus
494 4379 656 4432 multa
687 4380 900 4448 patitur.
949 4412 1020 4421 —
1043 4378 1174 4445 Quis
1202 4395 1330 4433 vero
1357 4381 1681 4447 consideret,
1715 4383 1760 4437 is

153 4469 260 4539 qui
283 4476 366 4523 tot
387 4471 472 4538 pia
502 4469 805 4523 hominibus
834 4469 1035 4537 intulit,
1062 4481 1196 4538 quot
1217 4471 1284 4524 ab
1304 4471 1608 4526 hominibus
1638 4487 1760 4541 per-

154 4576 326 4615 versa
357 4560 646 4615 toleravit?
683 4560 812 4627 Quis
840 4562 1166 4627 consideret,
1192 4573 1390 4630 quanta
1422 4579 1563 4618 nunc
1591 4580 1759 4633 usque

155 4653 388 4717 tolerat,
421 4652 580 4706 etiam
611 4669 730 4707 cum
759 4651 826 4707 de
855 4653 992 4708 coelo
1021 4669 1182 4722 super
1205 4654 1365 4708 corda
1396 4654 1630 4708 lideliutn
1664 4669 1753 4709 re-

151 4742 340 4811 gnat?
363 4743 480 4812 Ipse
507 4743 702 4812 quippe
727 4743 967 4812 quotidie
1009 4744 1212 4813 patitur
1241 4759 1400 4798 omne
1427 4749 1570 4813 quod
1603 4761 1632 4798 a
1665 4761 1756 4800 re-

152 4835 358 4905 probis
386 4833 500 4902 ejus
531 4835 688 4889 electi
733 4835 1058 4889 lacerantur.
1093 4834 1158 4888 Et
1187 4837 1430 4905 quamvis
1457 4845 1621 4906 caput
1653 4838 1756 4891 hu-

145 4927 251 4994 jus
285 4925 551 4995 corporis.
584 4926 729 4994 quod
758 4925 1012 4980 videlicet
1039 4941 1140 4980 nos
1159 4941 1362 4991 sumus,
1383 4925 1493 4996 jam
1520 4943 1638 4983 sese
1667 4946 1759 4983 su-

152 5030 270 5086 per
297 5015 478 5070 omnia
511 5014 734 5070 liberum
765 5014 791 5053 b
819 5016 1013 5077 exerit,
1046 5017 1394 5085 reproborum
1427 5025 1607 5072 tamen
1639 5020 1758 5074 vul-

155 5123 303 5163 nera
335 5107 511 5162 adhuc
540 5121 638 5177 per
659 5122 832 5170 suum,
860 5105 1002 5174 quod
1032 5106 1281 5161 deorsum
1309 5107 1525 5173 retinet,
1567 5125 1766 5180 corpus

153 5199 360 5255 sentit.
387 5197 493 5253 Sed
519 5198 649 5269 quid
693 5197 795 5251 ista
833 5196 903 5252 de
931 5195 1234 5251 inﬁdelibus
1264 5197 1511 5262 dicimus,
1545 5215 1666 5252 cum
1708 5201 1762 5253 in

156 5293 290 5361 ipsa
320 5305 539 5360 quoque
569 5287 806 5344 Ecclesia
837 5288 1033 5342 multos
1053 5289 1370 5354 carnalium,
1400 5290 1582 5358 pravis
1605 5292 1762 5344 mori-

152 5382 276 5437 bus
311 5391 502 5436 contra
548 5381 924 5450 Redemptoris
962 5381 1128 5435 vitam
1159 5397 1400 5450 pugnare
1450 5382 1764 5438 vidramus?

149 5471 316 5526 Sunt
366 5487 599 5541 namque
638 5471 880 5526 nonnulli
926 5472 1019 5540 qui
1049 5471 1213 5538 hunc,
1251 5473 1376 5542 quia
1420 5472 1611 5540 gladiis
1655 5489 1764 5528 non

150 5575 423 5638 possunt,
448 5565 713 5636 perversis
733 5566 939 5621 actibus
960 5566 1344 5636 insequuntur;
1370 5569 1492 5638 quia
1515 5568 1641 5623 dum
1662 5569 1765 5624 sibi

250 5719 490 5793 I_Editri,
530 5723 593 5793 in
641 5721 958 5793 afflictarum
985 5721 1216 5775 cordium
1263 5721 1570 5777 humilitate.
1603 5723 1766 5778 Deest

147 5791 415 5849 cordium
444 5792 496 5846 in
527 5790 650 5846 Mss.

246 5859 282 5900 δ
319 5859 422 5917 ista
453 5877 642 5917 omnes
671 5861 864 5916 Rhem.
892 5867 948 5914 et
976 5859 1207 5935 Remig.,
1241 5861 1479 5933 Belvac.,
1507 5862 1765 5938 Floriac.,

463 5956 737 6017 PATROL.
773 5952 1031 6015 LXXV.

1864 1992 2097 2046 suadens
2144 1994 2338 2046 mulier
2369 1995 2573 2060 tenuit,
2623 1994 2725 2048 nisi
2766 1997 3132 2064 quorumlibet
3158 1998 3452 2053 carnalium

1864 2082 1916 2135 in
1947 2080 2196 2137 Ecclesiae
2234 2084 2352 2138 sinu
2384 2084 2702 2153 positorum,
2747 2084 2838 2153 qui
2862 2099 2967 2153 quo
2994 2085 3172 2140 verbis
3195 2086 3453 2154 professa:

1862 2171 1982 2227 ﬁdei
2013 2175 2154 2228 intus
2175 2181 2320 2236 sunt,
2340 2190 2407 2228 eo
2431 2176 2600 2228 bonos
2621 2175 2937 2230 incorrectis
2964 2177 3073 2230 suis
3096 2177 3335 2231 moribus
3358 2192 3454 2246 pe-

1856 2262 1944 2333 jus.
1970 2272 2238 2334 premunt.
2265 2264 2396 2318 Nam
2437 2266 2613 2320 minus
2633 2265 2863 2321 fortasse
2893 2267 3222 2332 nocuissent,
3269 2268 3312 2320 si
3343 2282 3451 2320 non

1861 2371 1956 2411 eos
1984 2365 2169 2411 sancta
2201 2356 2436 2413 Ecclesia
2467 2358 2733 2412 introrsus
2761 2358 3050 2414 admittens
3077 2374 3245 2428 usque
3289 2359 3353 2411 ad
3387 2358 3453 2410 (i-

1861 2448 1946 2503 dei
1972 2448 2146 2503 cubile
2175 2449 2462 2518 reciperet,
2490 2464 2626 2517 quos
2657 2449 2782 2503 dum
2828 2466 2927 2520 per
2967 2451 3263 2520 professam
3294 2449 3452 2505 tidem

1859 2540 2070 2610 recipit,
2099 2539 2198 2594 sibi
2225 2540 2416 2611 procul
2437 2540 2601 2595 dubio
2626 2555 2765 2610 pene
2791 2541 3126 2596 inevitabiles
3143 2540 3286 2596 facit.
3317 2541 3452 2595 llinc

1861 2640 1976 2695 est,
2027 2632 2171 2700 quod
2225 2640 2504 2700 premente
2547 2632 2702 2686 turba
2724 2675 2738 2697 ,
2771 2648 2874 2686 una
2909 2632 3324 2702 Redemptorem
3355 2647 3455 2687 no-

1860 2729 2030 2778 strum
2051 2721 2243 2776 mulier
2261 2721 2461 2790 tetigit;
2487 2721 2628 2776 unde
2650 2731 2705 2776 et
2725 2723 2891 2777 isdem
2913 2722 3244 2792 Redemptor
3267 2733 3452 2778 noster

1859 2814 2104 2884 protinus
2129 2813 2259 2868 dicit
2286 2831 2297 2866 :
2326 2811 2452 2876 Quis
2479 2831 2558 2867 me
2576 2815 2779 2884 tetigit?
2802 2815 2899 2867 (lui
2930 2831 3050 2868 cum
3075 2815 3320 2882 discipuli
3345 2831 3451 2869 res-

1858 2906 2162 2974 ponderent.
2188 2921 2201 2956 :
2231 2903 2415 2957 Turba:
2438 2914 2482 2956 te
2510 2913 2531 2940 °
2565 2906 2907 2973 comprimat
2927 2914 2976 2956 et
3005 2905 3266 2976 afﬂigunt,
3293 2914 3341 2957 et
3369 2903 3451 2958 di-

1861 2996 1936 3048 cis
1964 3010 1982 3048 :
2012 2992 2139 3058 Quis
2165 3010 2244 3047 me
2285 2995 2489 3064 tetigit?
2518 2995 2660 3048 ilbco
2696 2995 2941 3062 adjuuxit
2975 3014 2987 3048 :
3024 2995 3208 3066 Tetigit
3241 3014 3318 3049 me
3345 2997 3450 3048 ali-

1858 3090 1992 3160 quis,
2020 3105 2140 3141 nam
2166 3096 2215 3142 et
2233 3104 2323 3158 ego
2347 3088 2463 3142 novi
2489 3087 2726 3142 virtutem
2751 3089 2815 3142 de
2841 3105 2920 3142 me
2949 3090 3117 3142 exisse
3156 3087 3305 3159 (Luc.
3330 3105 3448 3154 vur,

1861 3178 1951 3244 44,
1982 3177 2070 3243 45,
2103 3178 2213 3248 46).
2517 3177 2522 3181 ’

1929 3291 2076 3364 [Vet.
2101 3287 2251 3360 XX.]
2283 3287 2462 3342 57.!“
2492 3296 2728 3359 premunt
2757 3287 3036 3355 Christum,
3069 3303 3169 3340 nan
3204 3298 3439 3357 tangunt.

1855 3417 1925 3426 -—
1949 3381 2101 3436 Multi
2132 3395 2261 3447 ergo
2292 3379 2573 3433 Dominum
2604 3379 2986 3448 comprimunt,
3027 3386 3081 3432 et
3119 3393 3222 3431 una
3256 3377 3445 3444 tangit,

1857 3473 1980 3543 quia
2029 3471 2277 3528 carnales
2329 3469 2527 3538 quique
2557 3469 2608 3522 in
2639 3467 2876 3524 Ecclesia
2931 3483 3052 3522 eum
3099 3476 3368 3537 proruunt,
3417 3486 3445 3521 a

1858 3579 1965 3634 quo
2012 3562 2173 3629 longe
2211 3567 2366 3625 sunt;
2410 3568 2465 3613 et
2503 3559 2604 3613 soli
2637 3566 2861 3627 tangunt
2908 3559 2998 3626 qui
3028 3558 3154 3612 huic
3184 3558 3448 3612 veraciter

1857 3656 2085 3710 humiles
2115 3651 2497 3719 adjunguntur.
2529 3649 2704 3704 Turba
2737 3650 2895 3717 igitur
2923 3649 3136 3718 premit,
3165 3647 3289 3718 quia
3313 3649 3450 3703 mul-

1861 3746 2032 3799 titudo
2063 3743 2362 3798 carnalium
2403 3755 2511 3809 quo
2545 3741 2689 3793 intus
2716 3739 3034 3804 a-lmittitur,
3060 3739 3272 3806 gravius
3308 3739 3446 3792 tole-

1858 3847 2029 3890 ratur.
2062 3833 2286 3894 Premit,
2320 3843 2374 3885 et
2403 3847 2510 3885 non
2537 3830 2724 3898 tingit,
2754 3829 2877 3898 quia
2921 3836 2975 3882 et
3016 3830 3320 3897 importuna
3367 3837 3450 3882 est

1860 3941 1957 3996 per
1987 3922 2346 3994 praesentiam,
2380 3929 2434 3976 et
2460 3922 2653 3974 absens
2699 3936 2796 3990 per
2832 3922 3015 3974 vitam.
3053 3919 3449 3988 Nonnunquam

1864 4019 2004 4073 enim
2037 4016 2215 4087 pravis
2245 4031 2342 4070 nos
2384 4014 2721 4069 sermonibus
2741 4055 2754 4079 ,
2789 4027 3172 4081 nonnunquam
3204 4027 3330 4066 vero
3359 4026 3448 4065 so-

1862 4110 1927 4162 lis
1955 4105 2223 4177 perversis
2267 4103 2508 4159 moribus
2543 4103 2916 4171 insequuntur.
2950 4102 3187 4156 Suatlent
3217 4117 3448 4170 namque

1863 4199 2151 4269 aliquando
2177 4212 2296 4268 quae
2325 4204 2539 4261 tenent;
2581 4193 2866 4266 aliquando
2897 4209 3026 4248 vero
3054 4194 3153 4248 etsi
3186 4209 3294 4248 non
3320 4209 3446 4249 sua-

1870 4292 2021 4356 dent,
2052 4290 2294 4358 prasbere
2326 4297 2506 4342 tamen
2559 4286 2856 4356 iniquitatis
2897 4285 3144 4352 exempla
3173 4301 3280 4339 non
3326 4299 3447 4339 ces-

1863 4390 2002 4438 Sant.
2029 4379 2130 4446 Qui
2156 4380 2318 4448 igitur
2345 4378 2410 4432 ad
2439 4377 2577 4432 mala
2620 4391 2718 4431 nos
2751 4375 2834 4428 vel
2854 4374 3033 4428 verbis
3061 4373 3144 4427 vel
3186 4373 3449 4441 exemplis

1862 4472 2106 4537 illiciunt,
2155 4468 2397 4540 proiecto
2441 4476 2818 4538 persecutores
2848 4456 3016 4520 uestri
3046 4473 3171 4520 sunt
3196 4480 3226 4518 a
3255 4465 3448 4533 quibus

1865 4564 2224 4620 tentatiouum
2273 4561 2566 4618 certamina
2618 4559 2918 4628 sumimus,
2973 4573 3094 4628 qua:
3147 4560 3338 4614 saltem
3391 4559 3446 4614 in

1865 4653 2028 4709 corde
2053 4653 2351 4707 vincamus.

1933 4746 2019 4799 58.
2046 4744 2218 4798 Praua
2247 4742 2502 4796 interdum
2531 4753 2705 4810 metu,
2735 4742 3017 4814 aliquando
3053 4739 3278 4795 audacia
3317 4758 3445 4796 sua-

1861 4821 2002 4892 dent.
2033 4870 2104 4881 —
2127 4835 2412 4891 Sciendum
2435 4849 2563 4890 vero
2585 4844 2686 4899 est,
2709 4835 2834 4904 quia
2863 4834 3106 4890 carnales
3133 4834 3186 4888 in
3209 4833 3445 4890 Ecclesia

1863 4930 2148 5000 aliquando
2171 4937 2334 4992 metu,
2369 4927 2657 4998 aliquando
2689 4944 2816 4983 vero
2835 4928 3059 4983 audacia
3081 4927 3310 4984 suadere
3334 4930 3448 5000 89
3514 4977 3520 4983 .

1862 5038 2115 5093 perversa
2141 5020 2497 5081 contendunt;
2521 5035 2752 5089 cumque
2778 5019 2876 5090 ipsi
2906 5019 2989 5074 vel
3011 5019 3448 5090 pusillanimitate

1866 5113 1950 5166 vel
1981 5112 2214 5166 elatione
2242 5111 2518 5178 deﬁciunt,
2548 5111 2662 5166 haec
2685 5111 2952 5180 justornm
2997 5108 3250 5164 cordibus
3273 5106 3449 5162 infun-

1866 5203 1994 5258 dere
2023 5203 2172 5271 quasi
2203 5218 2269 5255 ex
2301 5202 2593 5258 dilectione
2614 5201 2926 5256 moliuntur.
2952 5200 3233 5256 Carnalem
3264 5199 3450 5254 videli-

1865 5304 1952 5350 cet
1981 5303 2215 5349 mentem
2242 5293 2433 5348 Petrus
2460 5300 2586 5348 aute
2614 5293 2990 5362 Redemptoris
3018 5303 3246 5348 mortem
3269 5306 3452 5345 resur-

1865 5387 2269 5454 rectionemque
2309 5383 2612 5449 retinebat;
2647 5383 2846 5437 carnali
2874 5389 3055 5436 mente
3082 5380 3285 5436 Sarviaa
3312 5378 3452 5434 titius

1867 5479 1986 5534 duci
2013 5494 2113 5533 suo
2135 5475 2299 5532 David
2326 5474 2611 5546 adjunctus
2631 5473 2952 5536 inhmseral;
2979 5471 3075 5525 sed
3103 5478 3283 5525 tamen
3311 5483 3451 5523 unus

1865 5569 2172 5640 formidine,
2198 5571 2336 5625 alter
2361 5570 2595 5627 elatione
2622 5566 2899 5638 peccabat.
2941 5563 3034 5619 llle
3061 5563 3260 5636 quippe
3281 5562 3447 5630 magi-

1867 5725 2054 5787 Corb.,
2085 5723 2292 5786 Germ.,
2323 5721 2382 5777 S.
2415 5721 2597 5788 Mart.,
2627 5729 2734 5778 etc.
2757 5719 2817 5777 lu
2845 5717 3018 5776 Editis
3045 5717 3240 5789 legitur
3264 5729 3441 5772 erexe-

1868 5798 1939 5850 rit
1966 5810 2070 5865 pro
2092 5795 2278 5865 exerit.

1920 5942 1923 5943 ν
1947 5861 2124 5936 c'Ed.,
2150 5861 2309 5922 turbae
2334 5870 2382 5918 te
2405 5872 2666 5937 premunt.

1868 5925 1915 5944 σι’.

3005 5947 3088 6007 20

2139 6039 2176 6049 .-
