4030 6308
589 327 690 381 619

1809 306 2050 366 ςΑΝιιΤι
2087 303 2416 362 'GREGORII
2461 295 2672 359 MAG?“

3774 299 3883 362 6'10

588 445 685 498 stri
715 449 942 495 mortem
974 437 1196 492 audiens
1239 433 1370 487 dixit
1405 450 1415 484 :
1452 430 1594 482 Absit
1626 445 1655 480 a
1687 437 1756 494 te,
1799 426 2038 490 Domine,
2067 440 2169 477 non
2203 425 2246 482 Λ
2277 419 2515 486 adjungit
2549 436 2561 470 :
2598 420 2794 470 I’ra'ter
2829 418 2923 470 illa
2947 434 3060 488 qua:
3095 418 3415 472 extrinsecus
3447 430 3585 485 sunt,
3621 423 3884 476 instantia

588 541 687 594 erit
725 537 814 591 tibi
858 537 950 590 hoc
982 532 1198 604 (Matth.
1228 545 1335 591 xvr,
1363 525 1450 589 ἓξ,
1484 523 1609 589 25);
1660 523 1746 576 hic
1776 536 1906 575 vero
1953 518 2174 587 injurias

588 631 740 685 ducis
768 644 872 680 non
904 625 927 676 f
955 640 1097 685 rens,
1127 621 1201 673 ait
1227 637 1237 670 :
1275 615 1525 684 Nunquid
1545 631 1640 684 pro
1665 613 1742 664 his
1768 609 1928 664 verbis
1960 625 2062 662 non
2090 624 2175 659 oc-

591 719 788 772 cidetur
833 715 1004 767 Semet
1028 751 1042 774 ,
1095 719 1121 746 λ
1161 709 1245 779 qui
1275 705 1542 758 maledixit
1566 702 1771 755 Christo
1802 699 2054 752 Domini?
2087 696 2174 769 (II

593 811 720 876 Reg.
754 822 865 867 χιιι,
916 804 1004 866 2i,
1050 799 1166 869 22.)
1216 797 1322 852 Sed
1367 797 1444 850 illi
1473 811 1597 849 mox
1628 794 1863 848 dicitur:
1903 792 2031 845 Redi
2064 799 2178 861 post

587 915 690 960 me,
741 895 980 954 Satana;
1013 901 1069 945 et
1107 891 1196 945 hic
1221 905 1343 944 cum
1375 902 1634 957 germano
1662 885 1867 938 audivit
1893 883 2134 953 protinus
2161 899 2174 933 :

591 981 727 1046 Quid
749 985 877 1038 mihi
901 993 950 1036 et
970 983 1132 1046 vobis,
1157 982 1254 1053 ﬁlii
1275 980 1499 1045 Sarriw,
1523 995 1614 1032 cur
1629 976 1898 1047 efﬁcimiui
1927 975 2051 1029 mihi
2083 975 2163 1027 ho-

587 1077 672 1131 die
691 1077 747 1130 in
772 1075 981 1130 Satan?
1011 1073 1147 1126 Male
1179 1073 1360 1140 itaque
1384 1069 1694 1136 suadentes,
1719 1068 1894 1135 angeli
1919 1075 2179 1136 apostalae

591 1166 957 1235 appellatione
992 1171 1303 1227 censentur,
1334 1161 1424 1231 qui
1464 1160 1672 1216 blandis
1694 1159 1871 1213 verbis
1900 1159 1966 1212 ad
1996 1159 2178 1211 illicita

593 1257 744 1326 quasi
773 1257 1059 1325 diligentes
1089 1255 1327 1308 trahunt.
1361 1251 1528 1306 Valde
1550 1265 1680 1305 vero
1710 1249 2007 1304 deteriorcs
2032 1259 2174 1310 sunt,

595 1349 688 1417 qui
724 1348 847 1402 huic
876 1347 1044 1416 culpae
1075 1360 1182 1399 non
1214 1342 1517 1407 formidine,
1549 1341 1644 1395 sed
1666 1341 1900 1394 elatione
1929 1354 2178 1393 succum-

596 1441 732 1496 bunt
763 1458 775 1492 :
801 1454 1030 1509 quorum
1058 1437 1364 1507 specialiter
1389 1435 1536 1488 beati
1564 1433 1664 1487 Job
1697 1448 1835 1486 uxor
1864 1428 2085 1498 ﬁguram
2110 1437 2182 1484 te-

597 1532 743 1598 nuit,
778 1545 897 1599 qua:
925 1529 1118 1582 marito
1149 1526 1375 1582 suadere
1401 1523 1635 1592 superba
1675 1521 1922 1588 tentavit,
1946 1520 2133 1574 dicens
2165 1538 2179 1574 :

598 1622 778 1674 Adhuc
806 1635 1074 1690 permanes
1114 1619 1166 1671 in
1190 1616 1522 1687 simplicitate
1545 1615 1668 1666 tui?
1696 1611 1920 1665 Bent-dic
1961 1611 2100 1676 Deo,
2133 1620 2184 1664 et

598 1729 815 1766 morere.
869 1709 1278 1778 Simplicitatcm
1332 1706 1384 1759 in
1439 1705 1634 1759 marito
1682 1703 1981 1768 redarguit,
2041 1701 2184 1769 quod

2279 526 2392 561 mea
2419 508 2742 578 quotidiana,
2770 507 3064 560 sollicitudo
3087 509 3316 561 omnium
3337 508 3712 564 Ecclesiarum.
3742 512 3886 568 Ecee

2277 598 2331 651 in
2379 613 2438 651 se
2480 596 2619 650 bella
2665 596 2875 651 fortiter
2913 597 3156 666 suscipit,
3191 608 3248 652 et
3278 600 3488 655 tuendis
3522 616 3584 655 se
3613 603 3888 671 proximis

2278 687 2702 742 misericorditer
2731 687 3010 756 impendit.
3063 688 3258 742 Narrat
3305 691 3446 744 mala
3494 707 3615 762 qua:
3655 695 3886 763 patitur,

2278 778 2551 847 subjungit
2579 778 2720 832 bona
2747 793 2868 848 quae
2896 779 3223 848 impartitur.
3255 780 3544 843 Pensemus
3566 798 3701 854 ergo
3729 785 3887 854 cujus

2279 870 2481 925 laboris
2526 871 2614 933 sit,
2668 885 2775 924 uno
2816 869 3118 940 eodemque
3166 881 3410 941 tempore
3462 872 3596 930 foris
3651 876 3886 932 adversa

2279 962 2547 1029 tolerare,
2579 961 2722 1014 intus
2751 958 2961 1014 inﬁrma
2989 969 3293 1031 protegere.
3329 962 3483 1019 Foris
3511 973 3722 1036 pugnas
3748 968 3889 1038 pati-

2279 1059 2392 1119 tur,
2418 1051 2545 1120 quia
2581 1053 2691 1122 90
2727 1051 3044 1107 verberibus
3075 1052 3359 1119 scinditur,
3404 1057 3611 1110 catenis
3641 1056 3884 1124 ligatur;

2281 1140 2424 1197 intus
2453 1150 2654 1196 metum
2686 1142 2902 1206 tolerat,
2930 1143 3053 1213 quia
3093 1144 3396 1212 passionem
3433 1161 3586 1202 suam
3617 1165 3730 1202 non
3759 1151 3882 1218 sibi,

2281 1234 2377 1287 sed
2406 1233 2680 1302 discipulis
2710 1234 2901 1288 obesse
2931 1233 3201 1290 formidat.
3236 1235 3390 1292 Unde
3426 1247 3482 1293 et
3508 1239 3714 1294 eisdem
3745 1243 3880 1296 seri-

2284 1324 2381 1388 bit,
2417 1325 2602 1378 dicens
2636 1342 2648 1375 :
2685 1323 2852 1380 Nemo
2894 1335 3154 1379 moveatur
3195 1327 3250 1379 in
3290 1327 3707 1384 tribulationibus
3746 1333 3879 1387 istis.

2285 1413 2397 1485 Ipsi
2433 1414 2570 1467 enim
2609 1415 2776 1478 scitis,
2804 1415 2938 1485 quod
2975 1416 3030 1468 in
3070 1416 3165 1470 hoc
3204 1417 3362 1484 positi
3403 1434 3575 1472 sumus
3623 1419 3673 1489 (Ι
3702 1420 3877 1473 Thess.

2285 1521 2362 1566 Ill,
2410 1498 2487 1572 3).
2538 1503 2778 1559 Aliorum
2830 1505 3028 1574 quippe
3073 1522 3230 1560 casus
3271 1507 3323 1560 in
3370 1508 3585 1578 propria
3633 1513 3881 1579 passione

2284 1599 2598 1663 metuebat,
2633 1611 2700 1650 ne
2731 1597 2854 1651 dum
2887 1598 3056 1667 ipsum
3088 1598 3336 1667 discipuli
3363 1598 3619 1654 afﬂictum
3653 1619 3750 1672 pro
3781 1602 3882 1658 fide

2284 1687 2600 1742 verberibus
2637 1700 3023 1756 agnoscerent,
3063 1685 3251 1743 ﬁdeles
3284 1705 3344 1744 se
3383 1691 3623 1758 proﬁteri
3663 1709 3883 1748 recusa-

597 1801 891 1854 ,mnsimra
919 1775 1112 1853 enim“,
1143 1795 1462 1864 despiciens,
1491 1808 1624 1862 puro
1649 1790 1814 1846 corde
1843 1785 1957 1846 5013
1980 1777 2260 1844 ωιρτηειΒ
2287 1786 2427 1832 rent.
2477 1775 2522 1832 0
2552 1778 2827 1834 immensae
2872 1778 3154 1833 cbaritatis
3190 1778 3430 1843 viscera;
3479 1781 3711 1850 deSpieit
3737 1785 3880 1850 quod

599 1890 954 1960 concupiscit.
979 1888 1057 1943 Ac
1081 1887 1126 1942 si
1152 1886 1297 1941 dicat
1322 1903 1334 1939 :
1364 1883 1500 1950 Quid
1524 1882 1840 1953 simpliciter
1858 1889 2058 1934 acterna
2088 1893 2183 1948 ap-

601 1981 760 2052 petis,
811 1987 864 2033 et
893 1980 992 2034 sub
1022 1977 1178 2032 malis
1225 1976 1574 2046 praesentibus
1625 1974 1999 2044 mquauimiter
2030 1973 2180 2040 inge-

602 2072 822 2127 miscis?
852 2069 1145 2134 Excedens,
1169 2077 1370 2123 :etcrna
1401 2061 1639 2136 despice,
1664 2075 1718 2120 et
1737 2065 1875 2118 mala
1898 2063 2183 2134 praesentia

601 2162 685 2216 vel
710 2158 1307 2231 moriensevade.[l’et.
1335 2156 1493 2211 XVI.
1510 2155 1637 2226 lsel
1661 2155 1816 2211 electi
1839 2156 2036 2224 quique
2065 2169 2186 2207 cum

601 2266 766 2319 prava
791 2251 932 2307 intus
951 2266 981 2303 a
1005 2249 1307 2304 carnalibus
1327 2248 1578 2313 tolerant,
1599 2245 1625 2283 ιι
1649 2255 1861 2316 quanta:
1883 2261 1940 2300 se
1961 2245 2186 2300 formam

603 2341 938 2396 rectitudinis
984 2341 1290 2406 ostendant,
1322 2340 1591 2394 discamus
1620 2329 1687 2392 ex
1719 2338 1894 2392 verbis
1921 2337 2186 2391 vulnerati

603 2443 658 2490 et
686 2435 985 2499 incolumis,
1014 2434 1252 2491 sedentis
1277 2444 1332 2488 et
1365 2433 1555 2498 erecti,
1586 2432 1676 2503 qui
1708 2430 1778 2485 ait
1814 2449 1825 2483 :

1195 2583 1422 2642 CAPUT
1454 2585 1596 2640 xxr.
1762 2653 1770 2661 κ

673 2679 836 2736 Vens.
871 2679 957 2734 10.
998 2711 1068 2721 -
1102 2678 1299 2734 Locuta
1333 2694 1386 2732 es
1439 2679 1586 2749 quasi
1615 2693 1720 2730 una
1760 2694 1825 2731 ea:
1875 2677 2046 2731 stultis
2079 2694 2190 2730 mu-

604 2767 831 2823 lieribus.
885 2769 945 2823 Si
994 2767 1128 2824 bona
1177 2769 1467 2839 accepimus
1512 2767 1574 2822 de
1602 2780 1757 2821 manu
1792 2767 2018 2834 Domini,
2051 2768 2191 2822 mala

605 2876 762 2930 quare
790 2877 891 2914 non
921 2859 1302 2914 sustineamus?

625 3013 629 3018 λ
674 2990 762 3044 59.
807 2991 991 3045 Sancti
1034 2991 1332 3062 ferientibus
1373 3002 1637 3062 opponunt
1665 3002 1864 3046 scutum
1905 2993 2190 3064 patientiae,

605 3083 740 3137 male
762 3081 1094 3136 suadentibus
1112 3083 1291 3152 jacula
1325 3083 1617 3153 intorquent
1643 3082 2193 3138 doctrinm—Sancti

2287 1869 2403 1939 ipse
2440 1870 2663 1939 patitur,
2705 1877 2760 1924 et
2803 1877 2959 1925 curat
3005 1885 3074 1924 ne
3116 1869 3242 1938 quid
3294 1885 3472 1940 prava:
3517 1874 3883 1942 persuasionis

2287 1959 2532 2030 discipuli
2561 1960 2614 2014 in
2644 1959 2808 2015 corde
2837 1960 3125 2029 patiantur.
3157 1959 3214 2014 In
3245 1975 3305 2014 se
3333 1964 3630 2017 contemnit
3657 1964 3880 2020 vulnera

2287 2048 2553 2117 corporis,
2585 2057 2640 2103 et
2669 2048 2723 2103 in
2754 2048 2872 2103 aliis
2899 2052 3118 2103 vu'nera
3161 2049 3408 2104 medetur
3433 2053 3624 2106 cordis.
3666 2053 3886 2109 Habent

2288 2136 2487 2205 quippe
2515 2135 2621 2191 hoc
2645 2135 2778 2205 justi
2805 2137 3106 2206 proprium,
3137 2147 3197 2191 ut
3226 2139 3282 2191 in
3313 2138 3494 2194 dolore
3519 2143 3680 2212 positi
3711 2143 3886 2196 tribu-

2289 2220 2506 2279 lationis
2543 2238 2688 2292 suae,
2717 2239 2900 2279 curam
2938 2240 3045 2279 non
3084 2224 3336 2280 deserant
3379 2228 3621 2283 utilitatis
3651 2230 3882 2297 alieme;

2290 2323 2344 2371 et
2372 2332 2490 2370 cum
2524 2317 2590 2370 de
2618 2331 2677 2372 se
2705 2317 2928 2372 adversa
2957 2319 3221 2387 patientes
3250 2319 3452 2386 dolent,
3485 2323 3606 2376 aliis
3632 2339 3886 2379 necessa-

2291 2407 2368 2461 ria
2417 2408 2674 2463 docentes
2719 2409 3033 2479 prtevident,
3083 2418 3139 2464 et
3186 2413 3337 2480 quasi
3379 2415 3618 2483 percussi
3668 2418 3884 2486 quidam

2293 2492 2474 2566 magni
2511 2498 2701 2553 medici
2730 2507 3014 2566 aegrotant.
3057 2499 3161 2569 Ipsi
3198 2501 3434 2556 tolerant
3469 2505 3732 2561 scissuras
3770 2510 3887 2561 vul-

2293 2588 2456 2655 neris,
2487 2595 2542 2642 et
2564 2589 2680 2644 aliis
2704 2589 2984 2659 proferunt
3007 2591 3395 2648 medicamenta
3418 2596 3693 2650 sanitatis.
3719 2596 3889 2654 Valde

2293 2685 2472 2730 autem
2504 2677 2724 2733 minoris
2760 2678 2960 2733 laboris
2998 2687 3114 2746 est,
3143 2689 3236 2734 aut
3264 2680 3459 2738 docere
3486 2700 3609 2738 cum
3640 2686 3769 2739 nihil
3796 2696 3887 2742 to-

2294 2768 2474 2836 leras;
2523 2779 2618 2824 aut
2664 2771 2919 2834 tolerare,
2962 2787 3085 2826 cum
3125 2773 3255 2828 nihil
3283 2773 3464 2831 doces.
3515 2776 3670 2840 Unde
3714 2783 3890 2836 sancti

2296 2859 2394 2914 Viri
2423 2860 2489 2914 ad
2527 2871 2754 2932 utraque
2781 2876 2840 2917 se
2864 2862 3094 2918 solerter
3119 2865 3453 2933 extendunt;
3482 2876 3540 2922 et
3566 2884 3688 2923 cum
3721 2872 3891 2926 tribu-

2295 2950 2586 3007 lationibus
2615 2951 2844 3009 fortasse
2883 2945 3164 3022 feriuntur,
3194 2957 3274 3012 sic
3299 2957 3570 3014 exteriora
3602 2960 3741 3015 bella
3767 2978 3895 3018 sus-

2296 3044 2362 3110 ci,
2385 3043 2518 3109 iunt,
2541 3052 2600 3097 ut
2620 3043 2849 3100 sollicite
2870 3045 3128 3114 cogitent,
3153 3061 3219 3101 ne
3241 3048 3609 3117 proximorum
3632 3050 3895 3107 interiora

607 3176 705 3228 viri
722 3175 1126 3230 tribulationum
1143 3173 1288 3229 bello
1317 3173 1658 3243 deprehensi,
1689 3189 1812 3228 cum
1843 3190 1947 3230 uno
1977 3174 2193 3230 eodem-
2221 3153 2268 3216 (ἶ
3277 3153 3483 3243 ius?”
3512 3149 3800 3243 ?S€'§‘""‘i
3837 3153 3897 3197 et

608 3281 715 3335 que
748 3275 993 3334 tempore
1033 3265 1170 3320 alios
1210 3261 1486 3329 ferientes,
1517 3264 1652 3319 alios
1678 3263 1965 3320 suadentes
1994 3264 2190 3330 ferunt,

608 3357 713 3410 illis
739 3363 1017 3425 opponunt
1045 3363 1254 3410 scutum
1284 3354 1573 3425 patientiae,
1622 3355 1737 3410 istis
1765 3356 2077 3425 intorquent
2114 3356 2198 3425 ja-

611 3449 732 3504 cula
763 3449 1054 3515 doctrinm;
1082 3457 1248 3518 atque
1271 3448 1338 3503 ad
1368 3456 1653 3516 utrumque
1676 3447 1946 3518 pugnandi
1977 3450 2198 3505 modum

612 3542 748 3595 mira
779 3541 993 3597 virtutis
1021 3549 1136 3596 arte
1165 3555 1225 3595 se
1271 3541 1524 3609 erigunt;
1552 3548 1816 3610 quatenus
1861 3549 1916 3596 et
1943 3553 2202 3612 perversa

611 3633 758 3687 intus
800 3632 1072 3703 sapienter
1117 3631 1370 3695 doceant,
1425 3639 1481 3686 et
1529 3631 1672 3686 foras
1715 3631 1928 3686 fortiter
1974 3632 2199 3687 adversa

612 3731 990 3788 contemnant;
1025 3723 1125 3778 hos
1152 3723 1409 3779 docentes
1434 3723 1728 3792 corrigant,
1757 3723 1878 3778 illos
1908 3723 2200 3779 tolerantes

612 3823 879 3884 premant.
912 3812 1253 3884 lnsurgentes
1274 3829 1506 3884 namque
1533 3816 1718 3870 hostes
1746 3816 1998 3884 patiendo
2023 3816 2201 3886 despi-

615 3909 785 3976 ciunt,
817 3905 1148 3964 inﬁrmantes
1193 3923 1323 3963 vero
1368 3908 1512 3964 cives
1558 3910 1934 3979 compatiendo
1965 3911 2031 3966 ad
2057 3912 2202 3966 salu-

617 4009 723 4055 tem
757 3997 1017 4056 reducunt
1043 4019 1055 4052 :
1081 4000 1183 4056 illis
1217 4001 1492 4068 resistunt,
1518 4017 1585 4057 ne
1615 4010 1671 4056 et
1694 4003 1828 4058 alios
1852 4004 2203 4072 subtraham;

620 4103 642 4129 ο
678 4090 793 4145 istis
839 4099 1106 4157 metuunt,
1139 4107 1205 4146 ne
1254 4093 1415 4146 vitam
1456 4093 1788 4150 rectitudinis
1817 4094 2052 4153 funditus
2079 4112 2201 4167 per-

617 4183 769 4239 dant.

691 4275 841 4347 )Rec.
859 4275 911 4328 Χ
917 4273 976 4329 ΙΙ
986 4274 1024 4347 .]
1049 4275 1134 4330 40.
1169 4275 1235 4329 Id
1264 4278 1495 4347 exemplo
1524 4281 1691 4333 sancti
1719 4278 1877 4334 Pauli
1902 4282 2204 4353 comproba-

621 4364 1086 4420 tur—Videamus
1107 4373 1402 4421 castrorum
1426 4366 1519 4421 Dei
1537 4369 1756 4424 militem
1775 4380 1962 4426 eontra
1982 4382 2206 4444 utraque

619 4455 972 4526 ptmliantem.
1025 4455 1113 4510 Ait
1145 4474 1157 4510 :
1192 4455 1348 4512 Foris
1375 4475 1580 4529 pugnae,
1619 4461 1758 4515 intus
1786 4463 2012 4518 timores.
2058 4463 2203 4521 Enu-

2301 3221 2446 3277 illinc
2483 3221 2674 3289 jaculis
2709 3223 3048 3282 adversantia
3078 3233 3299 3296 pectora
3340 3226 3560 3293 feriunt,
3590 3228 3714 3284 hinc
3735 3243 3901 3286 scuto

2303 3314 2632 3384 postpositus
2671 3315 2874 3371 debiles
2901 3324 3146 3385 tuentur,
3189 3325 3350 3388 atque
3379 3318 3451 3372 ita
3480 3319 3768 3388 utrobique
3796 3337 3896 3376 ve-

2303 3404 2522 3460 locitate
2543 3405 3038 3476 circumspectionis
3060 3407 3367 3478 invigilant;
3398 3415 3666 3477 quatenus
3687 3417 3742 3463 et
3763 3422 3895 3464 ante

2299 3511 2361 3552 se
2388 3497 2620 3553 audaces
2648 3497 2982 3567 confodiant,
3009 3507 3065 3554 et
3092 3509 3214 3569 post
3250 3514 3310 3554 se
3339 3499 3578 3570 trepidos
3605 3515 3636 3555 a
3665 3502 3896 3558 vulnere

2307 3587 2617 3643 defendant.
2651 3587 2786 3655 Quia
2819 3589 2980 3660 igitur
3007 3589 3176 3644 sancti
3205 3590 3302 3644 viri
3332 3589 3408 3644 sie
3435 3590 3613 3645 sciunt
3640 3590 3772 3648 foris
3797 3594 3898 3647 ad-

2301 3690 2453 3735 versa
2485 3680 2734 3746 tolerare,
2762 3689 2821 3735 ut
2849 3682 2992 3736 intus
3017 3682 3178 3736 etiam
3210 3684 3455 3738 noverint
3483 3699 3738 3754 perversa
3765 3702 3896 3741 cor-

2299 3769 2495 3838 rigere,
2527 3769 2737 3825 dicatur
2774 3780 2919 3826 recte
2951 3789 2965 3825 :
2997 3769 3196 3826 Locuta
3228 3789 3280 3825 es
3319 3775 3464 3844 quasi
3494 3790 3600 3827 una
3627 3792 3694 3829 ea:
3719 3779 3897 3831 stultis

2303 3858 2618 3913 mulieribus.
2649 3859 2782 3926 Quia
2813 3861 2954 3915 enim
2983 3861 3169 3916 electis
3195 3863 3393 3917 dicitur
3417 3879 3432 3916 :
3471 3863 3704 3918 Viriliter
3730 3869 3896 3936 agite,

2302 3955 2351 4000 et
2384 3949 2706 4019 confortetur
2748 3965 2836 4003 cor
2869 3960 3087 4005 vestrum
3125 3950 3347 4022 (Psahn.
3375 3968 3502 4019 xxx,
3529 3951 3644 4022 25),
3686 3966 3896 4010 mentes

2302 4039 2750 4109 carnalium,qu:e
2773 4039 2912 4095 fluxa
2937 4040 3048 4096 Deo
3072 4042 3369 4098 intentione
3411 4043 3745 4114 deserviunt,
3784 4061 3891 4099 non

2305 4131 2575 4187 immerito
2606 4133 2864 4190 mulieres
2892 4145 3171 4191 vocantur.

2377 4261 2467 4316 «Η.
2498 4264 2579 4316 Ad
2607 4274 2802 4319 teter-na
2839 4263 2975 4320 bona
3015 4266 3257 4337 tendens,
3303 4286 3407 4324 non
3435 4286 3575 4342 (egre
3617 4274 3718 4342 {ert
3756 4276 3895 4328 mala

2306 4359 2631 4428 temporalia.
2663 4391 2734 4402 -—
2761 4361 2823 4414 Si
2867 4361 3000 4415 bona
3037 4364 3326 4432 accepimus
3365 4363 3429 4418 de
3457 4381 3614 4418 manu
3659 4363 3899 4432 Domini,

2308 4449 2449 4503 mala
2469 4465 2628 4521 quare
2650 4467 2754 4505 non
2777 4450 3156 4504 sustineamus?
3183 4452 3261 4506 Ac
3287 4452 3334 4506 si
3361 4452 3506 4508 dicat
3537 4470 3552 4506 :
3578 4452 3634 4508 Si
3658 4454 3726 4508 ad
3752 4455 3894 4510 bona

620 4554 795 4600 merat
822 4545 984 4610 bella,
1022 4561 1141 4616 quae
1170 4528 1506 4603 extrinsecus
1532 4549 1743 4615 tolerat,
1794 4551 1979 4607 dicens
2011 4571 2024 4607 :
2055 4554 2192 4611 Peri-

2309 4546 2511 4593 aeterna
2557 4540 2845 4605 tendimus,
2897 4541 3024 4609 quid
3067 4543 3267 4597 mirum
3305 4544 3350 4598 si
3401 4545 3714 4614 temporalia
3751 4547 3900 4602 mala

620 4635 748 4688 culis
770 4636 1057 4704 fluminum,
1082 4637 1322 4704 periculis
1348 4637 1626 4701 latronum,
1651 4641 1894 4706 periculis
1920 4657 1985 4696 ex
2005 4659 2187 4712 genere

622 4722 864 4797 periculis
892 4743 957 4780 ea:
985 4726 1241 4818 ggntibus,
1272 4729 1513 4799 periculis
1542 4729 1594 4783 in
1621 4731 1842 4797 civitate,
1887 4709 2128 4802 periculis
2154 4709 2209 4791 ἱιί

620 4819 916 4883 solitudine,
963 4818 1204 4890 periculis
1231 4822 1284 4873 in
1310 4822 1472 4888 mari,
1497 4824 1736 4890 periculis
1764 4825 1818 4879 in
1848 4827 1997 4898 falsis
2030 4830 2210 4901 {ratri-

621 4912 715 4967 bus
759 4906 844 4980 (II
872 4903 992 4964 Cor.
1024 4926 1116 4975 vn,
1148 4908 1212 4976 5;
1245 4927 1314 4977 ιι,
1339 4907 1453 4982 26).
1483 4912 1539 4967 In
1565 4913 1668 4970 hoc
1692 4925 1870 4971 autem
1897 4918 2060 4988 bello,
2089 4936 2207 4990 qua:

621 5015 808 5062 contra
837 5005 1200 5060 adversarium
1227 5005 1427 5074 spicula
1460 5007 1782 5076 intorqueat.
1813 5009 2066 5080 adjungat
2094 5029 2109 5068 :
2139 5011 2204 5067 In

619 5099 799 5155 labore
828 5109 878 5154 et
906 5116 1162 5165 (erumna,
1187 5101 1240 5154 in
1276 5101 1465 5173 vigiliis
1498 5103 1702 5170 multis,
1717 5104 1770 5156 in
1801 5105 1937 5174 fame
1956 5114 2006 5158 et
2023 5107 2130 5171 siti,
2154 5108 2209 5162 in

616 5193 833 5264 jejuniis
854 5188 1046 5257 multis,
1071 5194 1132 5246 in.
1149 5195 1343 5264 frigore
1361 5202 1409 5247 et
1429 5195 1682 5248 nuditate.
1711 5194 1764 5265 (I
1768 5195 1980 5269 bidem.)
1999 5197 2104 5253 Sed
2130 5200 2211 5254 in-

622 5289 708 5336 ter
736 5289 817 5337 tot
845 5269 1139 5338 certamina
1177 5282 1545 5353 deprehensus
1574 5285 1744 5354 dicat,
1772 5299 1976 5354 quanto
2008 5289 2212 5359 vigilia-

628 5387 745 5428 rum
773 5374 1068 5429 munimine
1095 5366 1256 5429 etiam
1287 5384 1461 5429 castra
1491 5377 1775 5432 custodiat.
1806 5378 1937 5434 Nam
1969 5384 2214 5452 protinus

601 5574 604 5578 .
699 5539 726 5600 9
757 5527 885 5600 _Mss.
915 5530 1076 5600 plur.,
1107 5531 1374 5586 maledixit
1402 5532 1663 5589 Christum
1695 5533 1922 5590 Domini.

699 5597 728 5636 δ
757 5597 834 5681 Ita
859 5597 1047 5681 porri)"
1075 5600 1183 5655 duo
1197 5601 1386 5681 Rhem.
1408 5611 1463 5658 et
1485 5604 1592 5681 duo
1610 5605 1813 5674 Remig.
1836 5605 1980 5681 Unus
1999 5609 2215 5681 Biemig.

631 5682 752 5753 cum
769 5665 1295 5753 yalz‘Clq'quantam
1321 5689 1387 5726 ex
1409 5690 1468 5753 se
1495 5665 1977 5753 [ormam_r2ctitud.
2005 5665 2206 5753 Turoli.

632 5744 690 5793 et
716 5752 852 5798 unus
878 5736 1175 5809 Compend.
1202 5781 1219 5808 ,
1256 5752 1464 5811 quanta:
1495 5736 1556 5797 in
1603 5761 1657 5800 se
1702 5749 1925 5816 [ormam
1971 5752 2221 5810 rectitudi-

2311 4629 2679 4685 sutferamus?
2730 4629 2855 4686 Haec
2893 4639 3072 4686 autem
3113 4633 3251 4688 bona
3298 4634 3528 4690 sollicite
3574 4633 3773 4690 Paulus
3811 4638 3893 4692 in-

2308 4726 2580 4785 spexerat,
2621 4719 2836 4788 quando
2878 4717 3020 4772 illata
3050 4721 3420 4790 mqnauimiter
3445 4722 3580 4776 mah
3608 4723 3902 4792 tolerabat,-

2310 4802 2495 4862 di'cens
2538 4825 2552 4861 :
2605 4800 2728 4862 Non
2781 4818 2902 4863 sunt
2955 4813 3225 4882 condigna:
3277 4813 3541 4881 passiones
3574 4814 3729 4883 hujus
3775 4826 3897 4872 tein-

2309 4899 2450 4968 poris
2488 4899 2556 4952 ad
2592 4911 3008 4971 superventuram
3047 4904 3286 4974 gloriam,
3333 4919 3446 4974 qua:
3492 4904 3802 4960 revelabitur
3845 4908 3898 4966 in

2309 4989 2456 5044 nobis
2483 4990 2660 5061 (Rom.
2684 5009 2795 5061 vtn,
2820 4993 2932 5064 18).

2382 5120 2504 5176 lam.
2530 5151 2601 5162 —
2631 5122 2699 5178 In
2728 5122 2961 5179 omnibus
2988 5124 3064 5179 his
3088 5140 3190 5180 non
3217 5129 3446 5196 peccavit
3461 5127 3561 5184 Job
3588 5129 3742 5185 labiis
3771 5133 3897 5188 suis.

2385 5210 2497 5266 Nec
2522 5215 2575 5267 in
2589 5212 2772 5281 Deum,
2803 5217 3295 5272 necinadversarios
3322 5223 3903 5276 estcontumeliosus.—

2314 5302 2497 5360 Sancti
2523 5306 2620 5359 viri
2649 5321 2770 5361 eum
2798 5307 3229 5377 persecutionem
3259 5307 3389 5365 foris
3413 5311 3660 5379 intu~que
3694 5313 3906 5379 patiun-

2317 5402 2424 5460 tur,
2454 5409 2561 5449 non
2587 5397 2761 5450 solum
2788 5396 2842 5451 in
2877 5396 2973 5452 Dei
3004 5397 3212 5467 injuriis
3241 5398 3460 5452 minime
3489 5401 3780 5463 execdunt,
3813 5400 3910 5456 sed

2314 5538 2474 5669 Edilti,
2499 5558 2745 5618 quantam
2767 5567 2822 5606 se
2850 5553 3104 5622 formam;
3133 5552 3219 5608 vel
3240 5562 3483 5624 quantam
3507 5569 3571 5607 ea:
3597 5570 3653 5608 se
3681 5556 3911 5626 formam

2314 5633 2399 5669 rec
2426 5658 2439 5669 .

2313 5633 2439 5671 rect.

2390 5698 2415 5764 ἦ
2443 5685 2516 5739 Ita
2535 5685 2706 5764 _Corb.
2739 5697 3011 5764 e_t_omt_tes
3047 5692 3357 5764 Mss.,_non,
3386 5694 3498 5749 istis
3527 5695 3819 5764 medentur,
3849 5704 3912 5750 ut

2314 5755 2508 5826 legitur
2533 5755 2587 5812 in
2614 5769 2721 5816 vet.
2746 5759 2887 5816 Edit.
2914 5759 3086 5819 Paris.
3113 5770 3168 5819 ct
3185 5755 3366 5821 Basil.
3386 5779 3453 5822 ac
3479 5765 3617 5821 aliis.
