4030 6412
171 408 268 463 621

1082 396 1446 453 non“.qu
1493 368 1621 451 Lm.
1667 362 1750 451 In.
1796 408 1868 438 -ί-
1907 395 1972 450 IN
2012 377 2167 451 car.
2206 395 2251 450 ιι
2293 397 2352 451 e.
2395 397 2533 452 ποθ.

3355 401 3459 456 ὓέἓ

170 533 346 591 neque
388 525 576 592 contra
620 514 766 585 ipsos
807 509 1143 566 adversarios
1177 509 1570 563 contumeliosa
1599 508 1766 562 verba
1797 509 1840 567 Α
1873 522 1939 561 eo
1983 523 2232 577 perversa
2279 511 2558 565 sentirent.
2612 510 2810 567 Baldad
2843 520 3020 568 autem
3053 513 3458 583 interpretatur.

165 613 490 682 jaculantur.
535 605 689 673 Quod
715 605 822 658 dux
857 605 1121 657 bonorum
1155 610 1302 657 recte
1341 600 1393 652 Ρη
1418 609 1531 654 trus
1577 600 1764 654 admo-

171 710 288 770 net,
315 701 499 754 dicens
530 715 542 749 :
576 694 746 748 Nemo
778 702 996 747 vestrum
1039 692 1269 763 patiatur
1297 692 1445 761 quasi
1485 690 1768 774 homicida,

171 802 262 846 aut
289 793 392 862 fur,
423 797 512 841 aut
535 785 816 866 maledicus
849 782 900 852 (ι
928 782 1042 836 Pet.
1067 797 1138 846 ιν,
1165 779 1277 849 l5).
1309 779 1600 862 Il-laledicus
1625 779 1768 862 enim

171 872 390 955 patitur,
421 881 510 951 qui
538 877 805 949 passionis
833 890 950 956 suae.
974 869 1215 954 tempore
1239 872 1289 925 in
1320 872 1402 956 sui
1429 871 1658 943 salutem
1685 869 1768 956 in-

173 950 308 1042 iuria
339 950 705 1041 persecutoris
735 950 1050 1018 eli'renatur.
1103 950 1209 1014 Sed
1240 959 1364 1028 quia
1393 950 1770 1025 Redemptoris

171 1058 390 1133 corpus,
421 1067 609 1116 sancta
661 1042 914 1110 nimirum
962 1044 1221 1118 Ecclesia,
1257 1051 1328 1104 ita
1377 1049 1587 1118 pondus
1616 1046 1770 1133 dolo-

170 1170 290 1208 rum
339 1159 545 1223 portat,
585 1157 643 1204 ut
691 1145 1014 1222 humilitatis
1043 1143 1278 1229 modum
1329 1155 1424 1209 per
1462 1139 1624 1193 verba
1663 1153 1771 1192 non

171 1250 434 1308 transeat,
466 1243 616 1295 recte
646 1237 712 1291 de
742 1236 846 1289 hoc
876 1224 1093 1288 dolente
1119 1224 1313 1286 dicitur
1339 1247 1351 1281 :

551 1367 780 1425 CAPUT
811 1365 956 1420 xxn
995 1364 1143 1438 [Vet.
1175 1362 1394 1430 XVII].

241 1486 371 1540 Iern.
404 1502 473 1540 ετ
503 1497 652 1537 vene.
687 1479 776 1533 ll.
811 1512 883 1522 ——
924 1477 986 1530 In
1020 1476 1254 1530 omnibus
1293 1475 1372 1528 his
1412 1490 1516 1527 non
1549 1470 1772 1541 peccavi;

169 1576 272 1630 Job
305 1575 457 1631 labiis
488 1574 626 1636 suis;
658 1586 820 1640 neque
839 1569 1052 1623 stultum
1075 1566 1274 1636 aliquid
1300 1573 1483 1626 contra
1507 1564 1670 1617 Deum
1695 1562 1774 1616 lo-

172 1654 322 1721 cutus
344 1675 441 1720 est.
484 1663 656 1735 Igitur
680 1661 943 1714 audientes
967 1667 1067 1711 tres
1089 1659 1241 1710 amici
1261 1654 1361 1710 Job
1384 1670 1533 1709 omne
1556 1654 1769 1718 malum,

167 1756 311 1828 quod
340 1755 617 1809 accidisset
642 1755 707 1817 ei,
737 1759 982 1805 uenerunt
1019 1747 1210 1817 singuli
1235 1746 1299 1799 de
1339 1747 1451 1799 loco
1486 1761 1580 1798 suo
1610 1761 1627 1796 :
1653 1741 1771 1796 Eli-

166 1849 311 1919 phaz
353 1847 699 1910 Themanites,
735 1851 783 1896 et
812 1839 1018 1894 Baldad
1042 1837 1272 1903 Sit/cites,
1301 1846 1349 1889 et
1379 1835 1588 1905 Saphar
1609 1832 1768 1888 Naa-
1806 1864 1850 1923 Β
2289 1832 2524 1940 λῖἐὶξιίξ

167 1937 440 1991 mat/rites.
1387 1976 1392 1984 .

173 2095 176 2098 ⁴
242 2028 334 2082 42.
355 2028 420 2080 In
433 2027 611 2080 amicis
621 2022 719 2077 Job
731 2022 1022 2076 adambrati
1043 2020 1366 2074 lueretici.—
1381 2017 1439 2090 In
1452 2017 1770 2087 praefatione

170 2119 332 2189 hujus
354 2117 534 2187 operis
560 2115 813 2180 diximus,
838 2098 963 2180 quia
992 2110 1149 2164 amici
1177 2108 1324 2170 beati
1349 2107 1472 2174 Job,
1497 2109 1596 2162 etsi
1627 2107 1770 2162 bona

174 2213 247 2266 ad
274 2225 399 2266 eum
446 2205 749 2269 intentione
796 2201 1146 2267 conveniunt,
1181 2200 1560 2254 haereticorum
1591 2205 1771 2254 tamen

174 2284 380 2371 idcirco
424 2296 660 2367 speciem
709 2299 918 2361 tenent,
947 2292 1073 2362 quia
1122 2290 1193 2344 ad
1238 2291 1450 2359 culpam
1480 2289 1772 2350 indiscrete

176 2388 448 2462 loquendo
495 2387 824 2442 dilabuntur.
871 2386 976 2455 91
1034 2382 1184 2438 Unde
1225 2391 1280 2437 et
1328 2383 1431 2437 illis
1473 2382 1541 2436 ab
1579 2383 1768 2437 eodem

175 2487 341 2542 beato
369 2483 469 2538 Job
498 2481 694 2536 dicitur
724 2498 737 2532 :
773 2479 1053 2550 Disputare
1100 2494 1213 2530 cum
1257 2475 1363 2531 Deo
1405 2478 1586 2546 cupio,
1627 2476 1771 2544 prius

179 2594 270 2632 eos
293 2575 570 2630 ostendens
596 2571 935 2643 fabricatores
954 2569 1230 2632 mendacii,
1259 2578 1307 2622 et
1331 2568 1551 2622 cultores
1572 2584 1773 2636 perver-

176 2681 356 2721 sorum
379 2663 694 2733 dogmatum.
719 2658 867 2732 [Rec.
892 2655 1089 2727 XIII].
1116 2657 1315 2712 Sancta
1337 2657 1515 2724 itaque
1535 2654 1771 2710 Ecclesia

179 2753 330 2810 Omni
361 2753 465 2806 hoc
494 2758 739 2819 tempore
766 2747 1216 2817 peregrinationis
1253 2761 1362 2801 suae
1400 2745 1452 2799 in
1483 2744 1773 2800 alllictione

179 2839 501 2907 constituta,
533 2860 653 2899 cum
699 2843 922 2897 vulnera
971 2841 1221 2906 sustinet,
1250 2855 1370 2895 cum
1407 2838 1771 2892 membrorum

178 2952 403 2994 suorum
434 2936 616 3005 lapsus
660 2934 842 2997 dolet,
887 2933 1105 3000 insuper
1145 2930 1278 2984 alios
1307 2928 1406 2984 sub
1435 2926 1638 2982 Christi
1675 2941 1773 2982 no-

182 3029 333 3096 mine
361 3027 559 3081 tolerat
587 3024 768 3077 hostes
795 3021 1012 3076 Christi.
1054 3018 1135 3072 Ad
1165 3028 1511 3085 augmentum
1543 3029 1774 3084 namque

181 3099 391 3176 doloris
427 3117 574 3186 ejus,
606 3116 768 3171 etiam
799 3110 1038 3167 haeretici
1084 3111 1139 3164 in
1182 3107 1528 3176 contentione
1574 3118 1774 3161 conve-

183 3210 362 3272 niunt.
397 3206 623 3278 eamque
653 3206 806 3278 quasi
835 3203 1151 3276 quibusdam
1180 3200 1393 3272 jaculis,
1425 3198 1771 3254 irrationabi-

183 3303 328 3358 lihus
353 3303 532 3358 verbis
563 3298 897 3368 transﬁgunt.

210 3453 215 3457 _
257 3397 348 3450 45.
381 3394 547 3450 Locus
575 3393 711 3446 unde
745 3397 990 3445 venerunt
1013 3387 1282 3459 superbia.
1319 3419 1389 3430 —
1416 3384 1562 3439 Bene
1592 3391 1775 3437 autem

189 3490 389 3556 dicitur
417 3506 430 3540 :
464 3498 488 3525 ⁸
518 3487 779 3548 Venerunt
806 3485 870 3538 de
899 3483 1010 3538 loco
1031 3496 1149 3545 suo.
1173 3480 1558 3535 [hereticorum
1576 3478 1776 3547 quippe

187 3579 342 3645 locus
360 3578 484 3650 ipsa
519 3575 767 3645 superbia
805 3582 918 3636 est;
949 3572 1072 3640 quia
1105 3570 1206 3626 nisi
1233 3569 1383 3639 prius
1412 3568 1465 3621 in
1501 3566 1664 3622 corde
1694 3566 1778 3620 in-

187 3674 580 3731 tumescerent,
605 3666 669 3719 ad
694 3677 873 3735 pravae
899 3661 1210 3717 assertionis
1233 3659 1528 3715 certamina
1553 3672 1660 3712 non
1686 3671 1781 3712 ve-

191 3763 394 3818 nirent.
444 3760 797 3831 ltanamque
843 3755 1104 3809 malorum
1151 3753 1304 3806 locus
1339 3749 1610 3819 superbia,
1641 3749 1783 3802 sicut

190 3831 278 3920 est
304 3868 336 3906 e
366 3859 556 3920 contra
599 3847 870 3902 humilitas
915 3845 1065 3899 locus
1113 3844 1399 3897 honorum.
1448 3840 1524 3893 De
1551 3854 1658 3908 quo
1686 3853 1784 3907 per

191 3917 542 4008 Salomoxiem
588 3938 838 4006 dici_tur_:
872 3935 931 3990 Si
960 3934 1172 4005 spiritus
1201 3939 1506 4003 potestatem
1551 3928 1784 3982 habentis

193 4018 483 4088 ascenderit
516 4045 667 4100 super
697 4036 762 4096 te,
789 4017 958 4081 locum
999 4035 1139 4088 tuum
1168 4039 1230 4076 ne
1259 4021 1515 4085 dimiseris
1557 4016 1782 4088 (Ephes.

190 4140 252 4191 χ,
271 4121 350 4192 4).
385 4123 462 4174 Ac
489 4120 536 4174 si
564 4125 751 4188 aperte
777 4117 920 4188 dicat
947 4133 961 4168 :
986 4115 1044 4170 Si
1070 4112 1356 4176 tentatoris
1382 4110 1627 4179 spiritum
1653 4122 1787 4162 con-

193 4198 282 4268 tra
311 4221 364 4266 te
394 4212 446 4264 in
477 4210 659 4280 aliquo
687 4208 976 4280 praevalere
1006 4202 1338 4267 consideras,
1372 4200 1728 4256 humilitatem
1759 4196 1786 4236 δ

194 4300 534 4373 paenitentia:
578 4313 685 4369 non
725 4285 1013 4365 relinquas.
1055 4293 1154 4361 Qui
1185 4293 1310 4363 quia
1334 4292 1516 4359 locum
1545 4297 1789 4353 nostrum

196 4384 560 4451 humilitatem
605 4377 935 4461 pcenitentizc
965 4385 1191 4450 dixerit,
1228 4382 1408 4438 verbis
1444 4380 1791 4451 sequentibus

198 4487 460 4553 ostendit,
487 4486 671 4547 dicens
700 4501 714 4535 :
749 4479 882 4545 Quia
919 4480 1116 4533 curatio
1150 4483 1354 4544 cessare
1389 4475 1542 4545 faciet
1562 4480 1791 4542 peccata

200 4578 436 4632 Maxima
479 4573 650 4645 (Ibid.
674 4571 713 4644 ).
756 4570 893 4638 Quid
925 4577 1008 4624 est
1044 4567 1186 4634 enim
1227 4565 1372 4620 aliud
1393 4562 1676 4630 humilitas
1705 4561 1788 4614 la-

201 4669 392 4734 menti,
423 4667 523 4722 nisi
551 4665 813 4720 medicina
836 4659 1082 4732 peccati?
1109 4657 1356 4714 Haaretici
1386 4656 1546 4725 igitur
1570 4654 1638 4709 de
1666 4654 1787 4709 loco

199 4777 302 4818 suo
330 4758 590 4824 veniunt,“
617 4755 742 4825 quia
779 4740 966 4809 contra
1003 4757 1247 4806 sanctam
1282 4747 1574 4803 Ecclesiam
1604 4760 1670 4800 ex
1699 4761 1788 4800 su-

201 4851 390 4922 perbia
413 4856 719 4903 moventur.
1647 4899 1650 4904 η

274 4943 364 4996 44.
399 4941 695 4995 Amicorum
728 4936 825 4992 Job
859 4938 1070 4991 nomina
1103 4935 1358 4988 actionem
1389 4933 1598 5003 signant
1628 4932 1791 4986 licere-

203 5036 448 5088 ticorum.
476 5063 549 5072 —
575 5029 813 5096 Quorum
843 5040 1092 5097 perversa
1139 5038 1356 5094 quoque
1402 5022 1548 5087 actio
1581 5037 1647 5075 ex
1677 5020 1790 5089 ipsa

204 5111 430 5182 suorum
454 5123 727 5178 nominum
753 5114 1199 5189 interpretatione
1222 5114 1508 5182 colligitur.
1535 5113 1794 5167 Dicuntur

205 5219 376 5288 enim,
406 5215 649 5286 Eliphaz,
690 5213 908 5277 Baldad,
948 5210 1192 5281 Sophar;
1243 5214 1320 5275 et,
1365 5206 1506 5276 sicut
1547 5205 1793 5280 superius

205 5290 460 5376 diximus,
496 5309 714 5378 Eliphaz
743 5307 1138 5377 interpretatus
1175 5299 1391 5379 dicitur,
1425 5297 1518 5377 Dei
1545 5305 1793 5379 contem-

206 5389 353 5472 ptus.
384 5400 494 5457 Nisi
511 5399 667 5455 'enim
704 5397 873 5452 Deum
901 5382 1328 5453 contemnerent,
1362 5402 1698 5458 nequaquam
1727 5385 1796 5440 de

280 5561 306 5590 ⁸
338 5552 440 5607 Hs.
471 5539 659 5614 Corb.,
691 5539 895 5607 Germ,
927 5550 1265 5614 convenerunt
1297 5532 1358 5593 de
1390 5541 1500 5614 loco
1537 5535 1648 5614 suo.

281 5621 309 5660 δ
334 5621 601 5683 Colbert.,
632 5609 717 5673 hic
744 5627 795 5671 et
819 5631 963 5678 mox,
993 5611 1331 5683 humilitatem
1363 5609 1638 5683 patientur,
1666 5613 1796 5662 con-

212 5676 706 5751 S'enticntibus'hic,
741 5686 834 5740 sed
866 5676 970 5738 non
1002 5683 1241 5741 interius,
1271 5676 1435 5751 Corb.
1467 5686 1522 5731 et
1552 5676 1684 5744 Reg.

286 5772 314 5830 ‘A
343 5763 400 5816 ln
441 5749 711 5815 nonnullis
740 5753 1137 5820 lllss.,'torporis
1154 5749 1369 5875 gigori.
1426 5791 1431 5797 .
1505 5785 1512 5796 .
1567 5822 1596 5827 ,Δ
1705 5795 1714 5802 _

286 5815 311 5868 ἅ
353 5832 435 5875 tu
475 5831 604 5875 Mss;
651 5829 867 5875 Nnrm.‘.
907 5823 1112 5875 Corb..'
1203 5835 1358 5875 erm..
1407 5815 1588 5875 Culb..
1638 5814 1714 5870 Re

283 5815 314 5868 δ
343 5814 604 5888 iisiiss.
651 5814 1112 5890 Norm.‘,'Cor'b.,'
1154 5814 1366 5884 Germ,
1407 5815 1596 5884 Culb.‘,‘
1638 5814 1806 5886 Reg.,‘

1872 610 2108 655 vetustas
2129 602 2265 655 sola.
2291 602 2424 659 Dum
2449 605 2592 672 enim
2624 619 2750 658 vere
2777 605 2918 658 vinci
2948 604 3238 673 refugiunt,
3261 615 3316 660 et
3339 621 3463 675 per-

1870 709 2037 764 verso.
2064 695 2243 748 studio
2274 710 2395 751 esse
2434 696 2667 751 victores
2695 705 2963 766 quzerunt,
2995 713 3147 752 nov:e
3174 699 3297 751 vita:
3326 712 3463 752 cou-

1871 787 2228 841 versationem
2260 787 2560 855 negligunt;
2594 795 2648 840 et
2677 802 2740 860 ex
2770 788 2884 842 sola
2908 795 3176 853 vetustate
3204 795 3288 842 est
3317 787 3466 855 quod

1869 875 2185 938 intendunt,
2217 875 2431 944 Sophar
2467 892 2597 930 vero
2635 877 2908 945 speculam
2948 876 3237 946 dissipans.
3285 877 3351 930 lli
3381 885 3466 932 et-

1870 965 2037 1030 enim,
2059 964 2149 1030 qui
2176 965 2226 1017 in
2249 974 2431 1019 sancta
2457 964 2688 1036 Ecclesia
2716 966 2966 1036 sitisuut,
2985 966 3063 1019 Re
3085 966 3362 1034 ‘emptoris
3381 963 3464 1019 sui

1871 1055 2124 1128 mysteria
2157 1054 2260 1108 ﬁde
2288 1055 2712 1126 verahumiliter
2732 1056 3195 1130 contemplantur;
3223 1055 3316 1110 sed
3339 1055 3463 1109 dum

1871 1141 2105 1214 hmretici
2136 1158 2256 1216 cum
2289 1141 2434 1198 falsis
2475 1143 2884 1210 allegationibus
2919 1146 3158 1209 veniunt,
3189 1146 3465 1215 speculam

1871 1231 2150 1310 dissipant,
2180 1233 2306 1302 quia
2336 1247 2523 1287 eorum
2555 1243 2784 1297 mentes,
2817 1249 2955 1304 quos
2981 1235 3046 1310 ad
3078 1250 3136 1289 se
3166 1236 3462 1300 attrahunt,

1873 1326 1940 1380 ab
1971 1303 2458 1390 intentionegrectw
2483 1323 2955 1390 contemplationis
2983 1303 3259 1378 inclinant.

1947 1413 2089 1487 [Vet.
2124 1412 2353 1467 XVIII.
2385 1412 2508 1466 Rec.
2540 1411 2625 1466 XI
2640 1412 2726 1483 νς]
2759 1412 2846 1468 45.
2881 1413 3464 1478 llwreticorumcurio-

1872 1487 2020 1569 sitas,
2053 1504 2359 1576 loquacitas,
2392 1503 2678 1576 hypocrisis
2706 1503 2832 1558 locis
2855 1493 3151 1579 amicorum
3191 1503 3289 1559 Job
3328 1506 3467 1559 desi-

1875 1583 2052 1668 gnata.
2076 1626 2146 1637 —
2166 1597 2311 1654 Bene
2331 1607 2512 1653 autem
2531 1598 2649 1654 loca
2671 1600 2738 1654 de
2758 1583 2954 1668 quibus
2977 1599 3198 1654 veniunt
3227 1614 3466 1668 congrua

1877 1691 2252 1747 luereticorum
2300 1692 2508 1748 actibus
2557 1692 2954 1751 describuntur.
3013 1692 3217 1748 Dicitur
3265 1693 3468 1746 etenim

1879 1782 2244 1850 Themanites,
2288 1785 2524 1852 Suhites,
2566 1784 2951 1840 Naainathites.
3005 1785 3207 1839 Thema
3237 1781 3468 1854 namque

2742 1876 3000 1946 loquens:
3032 1875 3250 1942 Naama,‘
3280 1876 3464 1930 decor.

1871 1964 2124 2021 Austrum
2163 1974 2344 2022 autem
2381 1976 2602 2022 ventum
2647 1966 2879 2022 calidum
2921 1980 3042 2027 esse
3072 1966 3198 2034 quis
3227 1965 3470 2020 ne-ciat?

1873 2055 2120 2116 Haeretici
2166 2058 2370 2127 igitur,
2429 2061 2555 2128 quia
2609 2059 2884 2114 ardentius
2934 2067 3198 2128 appetunt
3252 2073 3467 2128 sapere,

1871 2149 2024 2217 quasi
2051 2148 2330 2218 plusquam
2363 2165 2586 2205 necesse
2615 2157 2728 2214 est,
2764 2149 2982 2205 student
3019 2146 3214 2204 ealere.
3257 2149 3468 2204 Desidia

1871 2238 2070 2308 quippe
2103 2249 2124 2276 ε
2159 2238 2364 2306 torpori
2411 2236 2624 2307 frigoris
2663 2247 2721 2293 et
2765 2237 2978 2292 rursum
3021 2239 3335 2307 inquietudo
3364 2239 3466 2292 im-

1871 2328 2164 2383 moderatae
2189 2327 2536 2391 curiositatis,
2563 2329 2925 2396 intemperato
2954 2331 3250 2383 concordat
3277 2328 3463 2382 calori.

1876 2417 2013 2485 Quia
2043 2433 2172 2487 ergo
2201 2418 2434 2488 amplius
2473 2427 2635 2488 quam
2674 2419 2890 2484 debent,
2923 2419 3161 2473 calorem
3191 2417 3469 2496 sapientiae

1874 2513 2150 2582 percipere
2177 2518 2460 2580 appetunt,
2490 2511 2558 2564 ab
2586 2511 2784 2564 Austro
2817 2510 3001 2564 venire
3030 2509 3352 2564 referuntur.
3388 2510 3469 2564 Ab

1873 2601 1978 2656 hoc
2024 2601 2205 2656 calore
2247 2600 2615 2655 immoderatae
2661 2601 2939 2670 sapientize
2985 2609 3194 2654 mentes
3233 2599 3469 2654 ﬁdelium

1875 2689 2072 2743 Paulus
2099 2700 2398 2761 temperare
2426 2693 2728 2756 curaverat,
2759 2705 2880 2744 cum
2910 2688 3122 2743 dicebat
3155 2708 3166 2742 :
3203 2687 3325 2742 Non
3353 2689 3469 2757 plus

1872 2795 2055 2848 sapere
2075 2795 2227 2850 quam
2255 2787 2452 2846 oportet
2481 2795 2688 2849 sapere,
2715 2779 2805 2833 sed
2834 2795 3014 2849 sapere
3043 2779 3112 2832 ad
3139 2779 3471 2833 sobrietatem

1877 2867 2055 2938 (Rom.
2085 2885 2182 2934 xu,
2208 2869 2286 2939 5).
2331 2868 2577 2945 Ηίηεβδι
2599 2870 2748 2938 quod
2780 2870 2945 2925 David
2986 2871 3470 2928 vallessalinarum

1875 2960 2110 3030 pereutit
2139 2959 2227 3030 (II
2256 2960 2524 3032 Reg._vm,
2557 2960 2670 3031 13),
2709 2961 2835 3029 quia
2866 2961 3112 3021 videlicet
3145 2960 3476 3028 Redemptor

1875 3059 2061 3106 noster
2096 3067 2207 3122 suae
2251 3051 2600 3108 districtionis
2641 3052 2891 3106 eXamine
2930 3050 2984 3105 in
3023 3050 3104 3106 his
3141 3051 3232 3120 qui
3271 3052 3339 3104 de
3379 3050 3473 3111 illo

1875 3158 2040 3212 prava
2071 3143 2310 3203 sentiunt
2333 3143 2612 3201 stultitiam
2653 3143 2987 3197 immoderati
3020 3143 3232 3213 sapnris
3259 3144 3472 3198 exstin-

1802 3222 1848 3284 C
1879 3233 2013 3302 guit.
2055 3232 2186 3288 Suhi
2225 3242 2406 3288 autem
2451 3233 2648 3288 dicitur
2689 3233 2933 3302 loquens.
2985 3233 3231 3288 Calorem
3272 3235 3475 3304 quippe

1879 3341 1988 3379 non
2015 3332 2078 3379 ut
2103 3325 2242 3381 bene
2268 3328 2472 3394 vivant,
2503 3321 2597 3382 sed
2627 3329 2736 3396 92
2774 3334 2832 3380 ut
2860 3320 3000 3381 elate
3032 3327 3344 3395 'quuantur,
3375 3327 3474 3380 ha-

1879 3417 2008 3472 bere
2048 3416 2375 3472 desiderant.”
2423 3417 2469 3471 Α
2510 3416 2712 3471 Thema
2755 3416 2916 3485 igitur
2957 3425 3010 3470 et
3040 3403 3193 3480 Suhi,
3224 3416 3275 3470 i.t
3305 3425 3407 3480 est,
3442 3431 3475 3471 a

1881 3507 2062 3564 calore
2091 3517 2146 3563 et
2171 3507 2496 3576 loquacitate
2530 3508 2713 3563 venire
2742 3507 3066 3571 referuntur,
3099 3508 3222 3577 quia
3246 3510 3344 3576 per
3372 3507 3477 3562 hoc

1880 3601 2026 3669 quod
2054 3601 2453 3672 Scripturarum
2482 3617 2541 3656 se
2567 3601 2837 3656 studiosos
2867 3601 3145 3668 exhibent,
3169 3599 3336 3654 solius
3357 3584 3479 3653 ver-

1882 3691 1965 3746 bis
1994 3691 2358 3762 loquacitatis,
2392 3708 2500 3745 non
2531 3692 2712 3746 autem
2748 3684 3046 3746 visceribus
3073 3689 3351 3744 charitatis
3379 3681 3478 3744 caé

1883 3791 2024 3836 rent.
2079 3781 2280 3835 Naama
2326 3784 2457 3837 vero
2499 3767 2884 3851 interpretatur
2927 3781 3112 3836 decor.
3158 3781 3294 3848 Quia
3334 3781 3480 3836 enim

1884 3872 2030 3926 docti
2081 3887 2188 3926 non
2236 3887 2374 3936 esse,
2418 3873 2512 3926 sed
2541 3873 2708 3926 videri
2744 3880 3025 3942 appetunt,
3059 3887 3127 3926 ex
3155 3868 3482 3928 eruditionis

1888 3963 2066 4018 verbis
2086 3965 2323 4032 speciem
2353 3964 2494 4018 bene
2526 3963 2818 4018 viventium
2847 3971 3092 4025 sumunt;
3123 3971 3178 4017 et
3208 3975 3305 4032 per
3333 3961 3481 4015 calo-

1887 4069 2002 4110 rcm
2030 4054 2372 4124 loquacitatis
2400 4056 2453 4110 in
2484 4069 2543 4110 se
2573 4054 2861 4123 imaginem
2909 4053 3202 4110 ostendunt
3246 4053 3481 4116 decoris,"

1889 4154 1948 4199 ut
1981 4161 2048 4200 eo
2078 4160 2175 4214 per
2211 4145 2464 4201 decorem
2513 4145 2708 4212 lingua:
2756 4148 3009 4213 perversa
3058 4143 3212 4198 lacile
3255 4155 3482 4212 persua-

1889 4235 2072 4301 deant,
2097 4251 2205 4305 quo
2235 4235 2528 4291 lmditatem
2554 4237 2678 4290 vita:
2704 4237 2895 4290 sensus
2923 4230 3115 4290 callide
3137 4232 3162 4271 ἀ
3186 4234 3482 4290 occultant.

1891 4325 1997 4382 Sed
2025 4341 2199 4394 neque
2221 4327 2335 4395 ipsa
2359 4327 2600 4382 locerum
2624 4331 2840 4382 nomina
2869 4326 3175 4381 inordinata
3202 4328 3328 4380 eunt
3355 4341 3482 4380 nar-

1891 4418 2104 4472 ratione
2149 4417 2418 4472 distincta.
2470 4418 2625 4473 Prius
2664 4418 2808 4472 enim
2857 4413 3091 4482 Thema,
3137 4416 3485 4486 postmodum

1894 4509 2049 4573 Suhi‘,
2080 4523 2143 4564 ac
2170 4507 2367 4563 deinde
2395 4507 2597 4563 Naama
2623 4509 2865 4578 ponitur;
2896 4522 3000 4575 qua
3024 4497 3174 4577 prius
3196 4507 3315 4561 illos
3335 4506 3484 4560 inor-

1819 4595 1864 4652 D
1892 4597 2106 4653 dinatus
2141 4599 2290 4652 calor
2322 4608 2345 4636 θ
2376 4597 2658 4663 accendit,
2713 4598 2857 4651 nitor
2903 4596 3096 4650 deinde
3142 4595 3490 4664 loquacitatis

1890 4687 2070 4756 erigit,
2100 4695 2156 4744 et
2183 4696 2311 4744 tunc
2339 4689 2553 4744 demum
2583 4681 2812 4743 decoros
2850 4688 3155 4742 hominibus
3184 4686 3487 4756 hypocrisis

1892 4777 2149 4832 o'stendit.

2460 4879 2689 4943 CAPUT
2721 4883 2906 4944 XXI“.

1967 5002 2092 5072 latri.
2125 5046 2196 5059 —
2221 5003 2574 5084 Condixerant
2601 5019 2738 5072 enim
2767 5029 2822 5071 ut
2850 5021 3050 5089 pariter.
3067 5007 3330 5074 uenientes
3363 5021 3488 5075 uisi-

1897 5117 2069 5162 tarent
2097 5123 2231 5184 eum,
2261 5117 2310 5160 et
2338 5106 2753 5175 consolarentur.
2789 5140 2862 5173 -—_-
2898 5107 2989 5164 46.
3023 5108 3273 5180 Hceretici
3303 5090 3494 5168 contra.

1895 5200 2182 5254 Ecclesiam
2224 5198 2557 5275 concordant.
2599 5199 2766 5252 Amici
2799 5190 3014 5271 possunt
3055 5199 3245 5254 vocari.
3280 5195 3485 5263 Contlié

1895 5283 2026 5348 cunt
2052 5292 2153 5346 sibi
2181 5285 2436 5367 lueretiei,
2467 5291 2683 5362 quando
2709 5307 2871 5361 prava
2894 5293 3137 5360 quaedam
3167 5288 3485 5369 contrarie?

1895 5369 2113 5439 clesiam
2143 5371 2486 5437 cuneorditer
2510 5375 2784 5448 sentiunt;
2815 5387 2871 5436 et
2899 5383 2952 5437 in
2981 5383 3174 5453 quibus
3198 5399 3228 5438 a
3259 5367 3494 5441 veritate

1897 5523 2128 5613 Eloriae.
2159 5547 2215 5613 et
2241 5523 2379 5613 pene
2407 5523 2614 5613 omnes.
2659 5529 2868 5613 Primus
2904 5523 3362 5613 euRemiguquo
3392 5532 3492 5613 Ῑωέ

1899 5607 2119 5682 ditatum
2147 5603 2262 5662 vita}
2293 5607 2600 5682 intrinsecus
2626 5603 2814 5662 callide
2843 5607 3122 5665 occultant.
3155 5603 3299 5666 Edit'i
3327 5603 3494 5682 vero;

1900 5675 2185 5730 calliditate
2216 5679 2494 5732 occultant.
2563 5738 2580 5743 _,
2739 5739 2745 5745 _
2873 5739 2876 5745 ,
3377 5736 3383 5742 .
3462 5720 3464 5723 -

1918 5798 1943 5828 ι,
1976 5754 1998 5781 ι·
2017 5745 2083 5827 In
2261 5748 2496 5828 accendit
2520 5739 2579 5804 in
2600 5739 2774 5806 corde.
2807 5739 2924 5807 Hoc
2952 5747 3220 5822 glossema
3249 5750 3303 5810 in
3332 5739 3494 5812 ἐότᾶἒ

1901 5816 2148 5871 nesciunt
2175 5815 2307 5872 Mss.‘
