4030 6314
599 361 702 414 69.3

1808 344 2053 400 SANCTI
2093 341 2418 397 CREGORH
2462 342 2674 398 MAGNI

3791 332 3905 391 6⁵28

597 477 927 544 discrepant,
951 471 1050 526 sibi
1075 469 1125 524 in
1152 467 1381 522 falsitate
1406 459 1756 517 concordant.
1785 457 1983 510 Omnes
2006 462 2184 508 autem
2215 456 2264 512 A
2292 468 2454 522 super
2477 464 2640 524 caput
2687 457 2738 509 in
2779 455 2975 510 coelum
3014 467 3289 526 spargere,
3318 461 3400 509 est
3445 451 3695 508 saeculari
3724 450 3901 507 intel-

599 567 689 636 ῆιιί
721 579 819 620 nos
847 564 915 619 de
960 558 1262 617 teternitate
1299 553 1571 616 erudiunt,
1609 548 1736 618 quid
1779 547 1922 601 aliud
1967 544 2185 608 faciunt,

601 659 702 713 tusi
745 658 797 711 in
827 649 1276 725 peregrinationis
1317 651 1515 700 nostrae
1547 656 1644 694 nos
1673 638 1965 694 afﬂictione
1991 649 2190 691 conso-

599 748 819 804 lantur?
846 741 1090 797 llmretici
1121 747 1321 799 autem,
1351 735 1475 804 quia
1507 738 1745 786 sanctam
1772 726 2062 783 Ecclesiam
2093 738 2191 779 sua

600 841 794 893 docere
825 833 1152 894 desiderant,
1184 828 1250 881 ad
1291 836 1409 880 eam
1438 823 1591 894 quasi
1621 818 1965 874 consolantes
1995 830 2191 885 appro-

599 931 878 998 pinquant.
909 923 1016 977 Nec
1040 921 1233 974 mirum
1257 917 1400 988 quod
1423 916 1512 984 qui
1540 910 1934 966 adversantium
1964 908 2191 962 formam

599 1017 922 1086 exprimunt,
957 1011 1117 1067 amici
1145 1009 1512 1070 nominantur,
1544 1019 1663 1060 cum
1699 1002 1798 1073 ipsi
1838 1014 2055 1070 quoque
2083 1006 2192 1052 tra-

599 1108 760 1162 ditori
793 1107 988 1162 dicitur
1022 1122 1034 1157 :
1063 1101 1239 1157 Amice
1265 1146 1278 1168 ,
1305 1099 1373 1152 ad
1417 1096 1540 1170 quid
1577 1096 1759 1148 venisti
1788 1091 2002 1161 (Matth.
2047 1105 2189 1154 xxvi,

602 1199 742 1267 50)?
781 1207 836 1252 et
862 1197 1032 1264 dives,
1063 1193 1154 1264 qui
1185 1192 1236 1247 in
1268 1190 1460 1245 inferni
1489 1189 1608 1256 igne
1635 1184 1893 1244 exuritur,
1925 1183 1993 1236 ab
2023 1181 2192 1233 Abra-

602 1292 725 1344 ham
767 1287 904 1343 ﬁlius
938 1294 1163 1341 vocatur
1200 1281 1351 1352 (Luc.
1385 1295 1493 1343 xvi,
1521 1275 1644 1346 ‘25);
1688 1275 1812 1344 quia
1842 1273 1940 1328 etsi
1970 1287 2067 1342 per
2096 1287 2194 1326 nos

605 1382 724 1436 mali
761 1381 951 1447 corrigi
993 1377 1288 1444 ncgliguut,
1318 1373 1536 1440 dignum
1566 1375 1746 1420 tamen
1775 1373 1859 1419 est
1896 1371 1952 1417 ut
1980 1377 2009 1416 a
2041 1363 2194 1416 nobis

605 1490 710 1528 non
751 1489 819 1527 ex
863 1486 960 1526 sua
1008 1467 1266 1538 nequitia,
1306 1465 1403 1518 sed
1454 1477 1522 1516 ex
1571 1465 1756 1512 nostra
1803 1455 2135 1524 benignitate
2168 1463 2192 1489 ιι

604 1563 762 1619 amici
790 1561 1157 1616 nominentur.

1167 1623 1396 1682 CAPUT
1427 1623 1590 1678 XXIV
1603 1665 1616 1678 .

674 1723 836 1776 Vens.
872 1719 956 1773 η.
982 1749 1049 1761 ——
1077 1717 1303 1787 Cumque
1331 1717 1615 1770 elevassent
1644 1711 1824 1782 procul
1852 1707 2025 1763 oculos
2049 1721 2191 1771 suos,

514 1872 520 1876 .
601 1831 705 1870 non
736 1817 1079 1883 cognoverunt
1106 1824 1243 1863 eum.

671 1906 762 1959 47.
805 1901 928 1957 Non
967 1909 1279 1970 cognoscunt
1323 1897 1634 1951 Ecclesiam.
1665 1895 1791 1949 Cur.
1836 1920 1908 1931 —-
1945 1886 2194 1944 Haerelici

604 1999 803 2069 quique
830 2009 952 2050 eum
981 2000 1182 2048 sanctae
1209 1989 1462 2045 Ecclesia:
1494 1987 1632 2041 facta
1664 1983 2028 2047 considerant,
2060 1993 2191 2033 ocu-

604 2088 688 2142 los
716 2087 920 2151 levaut,
955 2082 1080 2151 quia
1113 2080 1361 2134 videlicet
1392 2078 1489 2146 ipsi
1523 2077 1573 2130 in
1616 2076 1723 2129 imo
1769 2072 1928 2144 positi
1966 2076 2108 2135 sunt,
2141 2075 2197 2121 et

604 2195 726 2235 cum
777 2177 894 2246 ejus
944 2187 1109 2245 opera
1157 2171 1468 2240 respiciunt,
1513 2169 1565 2222 iu
1604 2167 1714 2222 alto
1762 2174 1888 2222 sunt
1931 2163 2032 2219 sita
2079 2175 2196 2230 qute

604 2276 862 2332 cernunt;
901 2266 995 2321 sed
1027 2273 1205 2337 tamen
1237 2262 1374 2315 hanc
1405 2261 1457 2313 in
1481 2259 1669 2314 dolore
1695 2257 1927 2327 positam
1965 2269 2071 2307 non
2104 2267 2199 2307 co-

604 2370 889 2433 gnoscunt.
934 2358 1052 2429 Ipsa
1082 2357 1281 2426 quippe
1309 2354 1514 2423 appetit
1541 2353 1628 2408 hic
1665 2349 1806 2404 maia
1847 2348 2111 2417 recipere,
2139 2351 2199 2398 ut

605 2453 779 2524 possit
805 2451 871 2504 ad
899 2455 1116 2503 aeternae
1157 2442 1606 2499 remunerationis
1653 2438 1931 2509 prannium
1973 2439 2197 2504 purgata

605 2523 909 2615 pervenire.
952 2537 1273 2605 Plerumque
1303 2547 1561 2603 prospera
1596 2530 1810 2595 metuit,
1839 2535 1893 2581 et
1919 2523 2198 2593 disciplina

607 2631 924 2690 eruditionis
953 2625 1249 2682 hilareseit.
1289 2621 1542 2677 Haeretici
1582 2621 1762 2688 igitur,
1796 2617 1918 2684 quia
1949 2630 2047 2685 pro
2086 2626 2200 2666 ma-

603 2738 710 2794 gno
736 2719 1015 2793 praesentia
1046 2721 1327 2787 appetunt,
1356 2727 1472 2767 eam
1521 2713 1573 2764 in
1620 2707 1932 2764 vulneribus
1972 2703 2200 2774 positam

607 2837 712 2875 non
743 2823 1095 2887 cognoscunt.
1145 2811 1261 2867 Hoc
1303 2823 1532 2879 namque
1561 2805 1706 2876 quod
1738 2805 1790 2859 in
1822 2803 1911 2857 illa
1951 2808 2198 2863 cernunt,

609 2915 661 2969 in
688 2926 907 2967 suorum
948 2907 1193 2963 cordium
1223 2904 1250 2943 ιν
1281 2902 1589 2971 cognitione
1629 2914 1736 2953 nou
1773 2897 2037 2964 relegunt.
2067 2891 2200 2947 Cum

610 3017 740 3071 ergo
769 3002 884 3055 hmc
911 3007 968 3055 et
994 2994 1410 3052 adversitatibus
1455 2989 1686 3061 proﬁcit,
1729 2986 1826 3057 ipsi
1868 3001 1967 3039 suo
1993 2980 2200 3051 stupori

606 3093 868 3147 inhtcrent
916 3107 929 3142 :
977 3088 1103 3157 quia
1147 3101 1245 3155 per
1296 3083 1726 3151 experimentum
1780 3077 2031 3146 ignorant
2082 3085 2203 3141 qum

604 3183 809 3239 vident.
873 3221 880 3226 .

999 3243 1227 3302 CAPUT
1261 3240 1395 3296 XXV
1443 3239 1586 3312 [νει.
1618 3234 1800 3306 XIX].

678 3343 804 3396 luto.
847 3369 919 3382 -—
957 3337 1248 3406 Scissisque
1293 3331 1546 3395 vestibus,
1596 3337 1898 3398 sparserunt
1939 3323 2196 3394 pulverem

606 3450 761 3503 super
789 3439 942 3501 caput
972 3445 1118 3483 suum
1147 3427 1198 3479 in
1230 3426 1430 3478 ctrlum.

678 3522 768 3577 48.
796 3521 993 3577 Multas
1029 3519 1082 3572 in
1099 3525 1270 3586 partes
1297 3511 1857 3570 scinduntur.—Sicut
1877 3509 2198 3564 vestimenta

607 3611 860 3668 Ecclesiae
910 3615 1136 3665 cunctos
1189 3605 1375 3658 lideles
1422 3601 1754 3671 accipimus;
1817 3599 1959 3655 unde
2006 3606 2060 3652 et
2105 3612 2201 3666 per

605 3704 927 3777 prophetam
982 3699 1178 3754 dicitur
1223 3714 1237 3749 :
1291 3693 1541 3749 Omnibus
1589 3693 1667 3746 his
1716 3692 1849 3746 velut
1893 3697 2200 3744 ornamento

605 3795 866 3858 vestieris;
899 3791 970 3846 ita
999 3787 1375 3843 hazreticorum
1407 3791 1583 3838 vestes
1612 3789 1738 3838 sunt
1768 3795 1973 3845 omnes,
2007 3778 2097 3848 qui
2121 3778 2200 3832 eis

606 3887 950 3945 concorditer
980 3883 1319 3945 inhaerentes,
1357 3878 1568 3932 illorum
1610 3872 1882 3929 erroribus
1922 3870 2202 3924 involvun-

608 3988 716 4034 tur.
762 3974 972 4030 Habent
994 3987 1125 4028 vero
1153 3968 1385 4024 haeretici
1422 3967 1527 4021 hoc
1553 3963 1847 4035 proprium,
1875 3960 2022 4030 quod
2053 3961 2104 4014 iu
2135 3975 2202 4014 eo

607 4068 774 4137 gradu
801 4067 854 4120 in
881 4080 988 4136 quo
1017 4062 1084 4117 de
1113 4059 1353 4116 Ecclesia
1391 4064 1620 4121 exeunt,
1653 4054 1741 4108 diu
1768 4059 1912 4109 stare
1939 4066 2046 4105 non
2078 4065 2202 4119 pos-

607 4170 762 4224 sunt;
806 4157 900 4212 sed
939 4155 1007 4209 ad
1046 4152 1313 4208 deteriora
1341 4148 1584 4219 quotidie
1622 4152 1804 4210 ruunt,
1837 4153 1891 4198 et
1919 4143 2202 4198 sentiendo

607 4252 792 4320 pejora
815 4289 830 4314 ,
878 4247 931 4300 in
972 4244 1152 4298 multis
1189 4258 1247 4297 se
1273 4241 1516 4312 partibus
1549 4237 1818 4300 scindunt,
1852 4243 2016 4304 atque
2051 4248 2083 4286 a
2111 4248 2202 4288 se-

608 4341 852 4411 metipsis
881 4340 1194 4410 plerumque
1226 4335 1436 4403 longius
1465 4329 1798 4388 confusionis
1825 4343 1936 4384 sua:
1976 4328 2205 4383 alterca-

611 4437 759 4489 tione
807 4433 1131 4488 dividuntur.
1176 4428 1308 4495 Quia
1357 4440 1487 4494 ergo
1527 4424 1627 4478 hos
1665 4437 1802 4491 quos
1829 4435 1940 4475 sua:
1968 4417 2204 4490 perﬁdiae

610 4525 917 4594 adiungunt,
949 4523 1055 4592 93
1086 4521 1262 4574 adhuc
1311 4519 1363 4572 in
1411 4515 1578 4570 multa
1619 4513 1883 4568 divisione
1919 4511 2198 4576 dilaniant,

607 4618 816 4673 dicatur
855 4625 1003 4669 τεοῖο
1042 4612 1185 4683 quod
1220 4609 1377 4665 amici
1417 4608 1509 4677 qui
1555 4605 1777 4662 veniunt
1824 4611 2004 4660 vestes
2050 4619 2200 4658 rum-

607 4717 758 4779 pant.
793 4706 983 4776 Ruptis
1019 4713 1199 4758 autem
1228 4700 1467 4755 vestibus
1495 4711 1694 4766 corpus
1723 4696 2043 4761 ostenditur,
2074 4697 2200 4765 quia

606 4811 751 4868 stepe
793 4794 974 4851 scissis
1003 4791 1324 4861 sequacibus
1349 4830 1366 4856 ,
1412 4785 1614 4841 malitia
1645 4801 1832 4840 eorum
1860 4785 2202 4854 cogitationis

607 4888 878 4958 aperitur;
929 4892 988 4938 ut
1030 4880 1295 4937 discordia
1326 4878 1480 4933 dolos
1512 4874 1820 4947 patefaciat,
1859 4890 1997 4946 quos
2025 4876 2204 4945 gravis

607 4980 760 5051 prius
782 4975 1084 5032 concordia:
1112 4973 1267 5041 culpa
1297 4969 1599 5026 claudebat.

677 5068 768 5125 49.
803 5067 1031 5121 Terrena
1072 5064 1136 5118 de
1178 5061 1343 5117 verbis
1385 5058 1668 5115 ctelestibus
1707 5059 1940 5127 sapiunt.
1970 5088 2042 5099 —-
2070 5055 2197 5111 Pul-

607 5176 790 5217 verem
817 5173 946 5213 vero
985 5158 1038 5212 in
1087 5155 1280 5211 coelum
1327 5167 1491 5222 super
1536 5151 1713 5221 capita
1747 5157 2026 5220 spargunt.
2058 5147 2196 5216 Quid

609 5272 707 5326 per
735 5253 1046 5324 pulverem,
1089 5249 1188 5303 nisi
1233 5257 1444 5301 terrena
1491 5243 1880 5312 intelligentia?
1923 5241 2050 5310 quid
2098 5255 2195 5312 per

608 5351 793 5414 caput,
815 5341 914 5397 nisi
960 5341 1086 5406 hoc,
1119 5335 1260 5406 quod
1298 5331 1594 5404 principale
1630 5339 1873 5385 nostrum
1899 5338 2004 5398 est,
2044 5344 2199 5385 mens

608 5434 882 5502 videlicet,
913 5429 1259 5500 designatur?
1287 5425 1424 5494 Quid
1451 5441 1550 5496 per
1571 5423 1791 5490 caelum,
1824 5423 1925 5476 nisi
1957 5437 2197 5493 prtecep-

611 5534 722 5580 tum
750 5538 995 5594 superna:
1034 5519 1320 5578 locutionis
1357 5515 1712 5588 exprimitur?
1741 5513 2026 5570 Pulverem
2069 5528 2198 5582 ergo

684 5689 710 5718 ι
740 5679 901 5734 Deest
920 5677 1082 5732 etiam
1105 5677 1278 5737 amici,
1305 5674 1357 5729 in
1380 5672 1506 5727 Mss.
1527 5668 1714 5735 Corb.,
1742 5667 1953 5737 Germ.,
1983 5668 2194 5733 Norm.,

611 5747 998 5815 Compend._et
1023 5745 1139 5800 aliis
1164 5745 1455 5815 plerisque.

682 5817 709 5857 ι
737 5807 865 5871 Hss.
894 5813 1106 5887 Norm.,_
1133 5807 1270 5868 unus
1294 5807 1612 5881 compend,
1643 5823 1779 5864 unus
1809 5808 2040 5877 Remig.,
2074 5809 2193 5864 Val.

2291 545 2432 599 lectu
2476 555 2713 600 mentem
2745 561 3130 615 corrumpere,
3160 546 3308 600 etde
3350 545 3530 600 verbis
3573 543 3902 600 caelestibus

2293 645 2505 689 terrena
2537 636 2757 692 sentire.
2789 635 2978 690 Divina
3005 645 3184 689 autem
3222 633 3385 690 verba
3425 633 3544 703 plus
3591 633 3902 688 di:cutiunt

2292 727 2629 797 plerumque,
2654 743 2812 796 quam
2841 729 3080 796 capiunt.
3107 727 3282 798 Super
3305 727 3479 795 capita
3512 727 3676 795 igitur
3702 724 3901 795 pulve-

2292 834 2406 872 rem
2434 829 2716 890 spargunt,
2741 821 2867 889 quia
2908 821 2961 874 in
3008 819 3294 891 praeceptis
3338 819 3434 874 Dei
3469 834 3570 889 per
3615 827 3898 872 terrenam

2295 912 2701 983 intelligentiam
2745 915 2884 967 ultra
2926 899 3143 968 suarum
3188 911 3449 968 mentium
3496 911 3640 966 vires
3669 909 3896 966 enitun-

2296 1009 2400 1055 tur.

2688 1092 2918 1149 CAPUT
2957 1092 3126 1149 XXVI
3157 1092 3305 1168 [Rea
3332 1091 3384 1147 Χ
3393 1089 3486 1165 V].

2381 1204 2524 1259 Vers.
2559 1204 2646 1259 l5.
2674 1237 2745 1248 —
2773 1206 3130 1278 Sederuntque
3167 1223 3283 1260 cum
3323 1221 3384 1260 eo
3428 1205 3481 1259 in
3511 1212 3652 1259 terra
3695 1213 3893 1275 septem

2298 1298 2475 1350 d'ebus
2501 1307 2547 1351 et
2570 1306 2759 1366 septem
2785 1297 3042 1352 noctibus.

2368 1387 2455 1443 50.
2491 1389 2592 1443 Per
2620 1390 2797 1460 ﬁctam
2823 1391 3171 1444 humilitatem
3199 1388 3510 1460 persuadere
3554 1394 3760 1442 tentant
3801 1401 3892 1438 su-

2299 1479 2474 1546 perba.
2501 1511 2572 1522 -—
2599 1479 2654 1534 In
2691 1479 2776 1533 die
2819 1493 2939 1550 qua“:
2978 1477 3222 1533 videmus
3243 1477 3612 1546 agnoscimus;
3643 1475 3697 1530 in
3729 1483 3895 1529 nocte

2297 1582 2499 1634 autem,
2534 1578 2626 1622 aut
2653 1569 2895 1624 caecitate
2924 1569 2998 1624 nil
3029 1570 3318 1636 cernimus,
3347 1578 3440 1623 aut
3458 1569 3734 1623 dubietate
3763 1566 3896 1622 cali-

2297 1674 2505 1730 gamus.
2557 1657 2662 1712 Per
2700 1659 2841 1714 diem
2891 1659 3072 1728 itaque
3119 1659 3506 1728 intelligentia,
3540 1674 3637 1728 per
3676 1665 3892 1712 noctem

2301 1770 2428 1809 vero
2472 1755 2772 1824 ignorantia
2815 1755 3144 1823 designatur.
3187 1753 3508 1825 Septenario
3555 1762 3737 1807 autem
3785 1769 3892 1807 nu-

2302 1860 2452 1899 mero
2481 1861 2691 1900 summa
2729 1846 3095 1902 universitatis
3137 1847 3474 1917 exprimitur.
3512 1842 3664 1900 Unde
3699 1852 3757 1901 et
3786 1859 3891 1899 non

2300 1936 2562 2005 amplius,
2609 1951 2770 2007 quam
2819 1936 3009 1992 diebus
3049 1944 3290 2006 septem,
3337 1951 3498 1992 omne
3537 1937 3642 1990 hoc
3679 1936 3896 2005 tempus

2300 2027 2667 2081 transitorium
2719 2036 3142 2083 consummatur.
3199 2027 3338 2094 Quid
3385 2036 3467 2082 est
3521 2041 3684 2095 ergo,
3745 2026 3893 2095 quod

2299 2118 2454 2173 amici
2487 2118 2628 2172 beati
2657 2117 2759 2173 Job
2790 2117 3091 2174 consedere
3129 2117 3177 2172 ei
3224 2125 3435 2187 septem
3463 2116 3649 2171 diebus
3684 2123 3739 2170 et
3765 2131 3894 2184 sep-

2301 2219 2408 2264 tem
2462 2210 2708 2265 noc1ibus
2749 2209 3076 2278 releruutur,
3105 2209 3207 2264 nisi
3233 2207 3377 2278 quod
3418 2208 3674 2273 hteretici,
3707 2207 3792 2261 vel
3840 2206 3892 2260 in

2301 2302 2382 2356 his
2413 2302 2466 2355 in
2498 2301 2692 2371 quibus
2721 2317 2906 2355 verum
2935 2299 3118 2354 lumen
3159 2300 3491 2370 intelligunt,
3523 2299 3609 2352 vel
3641 2297 3693 2351 iu
3726 2298 3808 2351 his
3840 2299 3892 2350 in

2300 2391 2491 2460 quibus
2534 2388 2847 2458 ignorantia:
2904 2389 3153 2443 tenebras
3197 2388 3495 2458 patiuntur,
3541 2386 3696 2456 quasi
3744 2387 3892 2440 inﬁr-

2301 2483 2469 2538 manti
2498 2491 2697 2537 sancta:
2743 2480 2999 2536 Ecclesiae
3031 2495 3091 2534 se
3133 2479 3564 2535 condereendere
3613 2479 3890 2542 simulant,

2301 2573 2460 2642 eique
2487 2573 2584 2626 sub
2612 2571 3104 2625 blandimentorum
3133 2571 3332 2639 specie,
3367 2570 3521 2624 dolos
3552 2569 3890 2639 deceptionis

2301 2661 2526 2732 parant?
2554 2660 2619 2713 Et
2649 2659 2896 2730 quamvis
2927 2658 3009 2712 vel
3040 2658 3091 2712 in
3122 2659 3203 2713 his
3231 2673 3348 2726 qum
3378 2657 3700 2727 intelligunt,
3731 2659 3813 2712 vel
3839 2659 3890 2712 in

2302 2753 2386 2809 his
2414 2769 2533 2823 qua:
2561 2753 2860 2822 intelligere
2885 2768 2993 2807 non
3021 2763 3262 2822 possunt,
3295 2752 3545 2807 elationis
3574 2764 3594 2789 ο
3629 2759 3756 2823 typo
3779 2761 3894 2804 tur-

2302 2845 2674 2916 gidi,magnos
2701 2861 2761 2900 se
2791 2846 2929 2915 apud
2958 2846 3273 2915 semetipsos
3299 2845 3627 2910 existimant,
3653 2861 3896 2898 nonnun-

2302 2951 2461 3006 quam
2476 2945 2657 2992 tamen
2681 2945 2879 3004 sancta:
2891 2936 3144 2992 Ecclesia:
3157 2936 3333 3005 specie
3360 2944 3513 2989 tenus
3534 2935 3814 2996 inclinant;
3840 2941 3895 2988 et

2303 3029 2428 3082 dum
2457 3028 2622 3083 verba
2651 3029 2922 3094 molliunt,
2967 3029 3116 3082 virus
3164 3026 3467 3082 infundunt.
3499 3025 3556 3081 In
3589 3035 3729 3082 terra
3759 3041 3892 3093 ergo

2304 3119 2621 3188 consedere,
2650 3125 2736 3175 est
2763 3120 2963 3190 aliquid
3007 3121 3073 3176 de
3103 3119 3334 3189 imagine
3364 3118 3680 3173 humilitatis
3709 3127 3892 3172 osten-

2228 3209 2273 3273 C
2303 3208 2463 3275 dere;
2495 3217 2553 3264 ut
2573 3210 2697 3264 dum
2728 3211 2950 3265 hmuilia
2974 3210 3248 3276 exhibent,
3273 3209 3636 3280 persuadeant
3658 3224 3805 3278 supe.
3823 3210 3891 3262 ba

2299 3315 2418 3372 qua:
2440 3301 2654 3359 docent.

2373 3394 2520 3466 [νει.
2566 3393 2718 3465 ΧΧ.]
2769 3393 2855 3449 5|.
2905 3395 3190 3452 Nobiscum
3249 3397 3303 3450 in
3366 3404 3506 3449 terra
3553 3393 3732 3449 sedent
3775 3411 3892 3446 cum

2301 3491 2365 3544 de
2392 3491 2754 3545 incarnatione
2789 3491 3054 3546 nobiscum
3083 3493 3428 3547 consentiunt.
3456 3521 3525 3532 —
3553 3489 3737 3545 Potest
3761 3507 3893 3544 vero

2304 3596 2403 3651 per
2433 3589 2628 3635 terram
2658 3582 2772 3652 ipsa
2802 3583 2963 3637 etiam
2995 3573 3305 3638 Mediatoris
3330 3582 3629 3637 iucarnatio
3659 3582 3896 3643 designa-

2305 3671 2371 3725 ri.
2406 3670 2561 3726 Unde
2589 3680 2642 3726 et
2668 3671 2733 3726 ad
2763 3672 2926 3727 Israel
2952 3673 3148 3728 dicitur
3181 3691 3192 3726 :
3222 3673 3401 3726 Altare
3428 3674 3492 3726 de
3523 3682 3662 3726 terra
3693 3674 3892 3742 facietis

2301 3763 2426 3817 mihi
2459 3761 2656 3834 (Exod.
2684 3780 2773 3829 xx,
2803 3763 2916 3831 24).
2943 3765 3124 3819 Altare
3146 3764 3287 3818 enim
3309 3764 3376 3818 de
3399 3772 3537 3819 terra
3563 3762 3673 3818 Deo
3696 3760 3890 3826 facere,

2303 3864 2387 3909 est
2415 3856 2466 3909 in
2498 3855 2919 3911 incarnationem
2949 3855 3258 3910 Mediatoris
3286 3868 3523 3924 sperare.
3557 3851 3710 3906 Tunc
3737 3851 3893 3920 quip-

2305 3959 2372 4014 pe
2414 3959 2444 3998 a
2472 3943 2584 3999 Deo
2613 3959 2807 3998 munus
2835 3951 3077 3998 nostrum
3125 3943 3409 4013 accipitur,
3444 3940 3661 4011 quando
3706 3939 3760 3993 in
3789 3939 3893 3993 hoc

2304 4036 2459 4089 altari
2487 4045 2672 4090 nostra
2694 4035 2981 4099 humilitas,
3016 4035 3068 4089 id
3095 4041 3197 4099 est,
3228 4048 3389 4103 super
3409 4031 3702 4086 Dominicze
3723 4031 3894 4083 incar-

2304 4127 2540 4181 nationis
2570 4125 2751 4189 ﬁdem,
2783 4125 3024 4195 posuerit
3049 4123 3306 4195 quidquid
3337 4130 3615 4194 operatur.
3650 4121 3706 4175 ln
3737 4120 3892 4174 altari

2305 4232 2436 4287 ergo
2461 4217 2528 4272 de
2552 4225 2692 4293 terra
2724 4217 2962 4273 oblatum
3005 4232 3200 4271 munus
3229 4215 3498 4286 ponimus,
3533 4215 3577 4268 si
3608 4220 3759 4267 actus
3799 4228 3894 4264 no-

2305 4318 2448 4366 stros
2463 4309 2754 4363 Dominicaa
2776 4307 3159 4363 incarnationis
3178 4306 3281 4362 ﬁde
3303 4305 3618 4361 solidamus.
3642 4303 3749 4358 Sed
3770 4311 3894 4357 sunt

2307 4399 2548 4454 nonnulli
2578 4399 2815 4454 haeretici
2855 4399 2946 4470 qui
2976 4399 3172 4454 laetam
3220 4396 3529 4452 Mediatoris
3559 4395 3890 4450 incarnatio-

2309 4507 2429 4546 nem
2478 4507 2586 4545 non
2634 4491 2921 4561 denegant,
2948 4490 3041 4544 sed
3073 4498 3164 4543 aut
3203 4489 3270 4544 de
3297 4487 3572 4542 divinitate
3599 4499 3761 4554 quam
3810 4493 3894 4537 est

2227 4585 2461 4650 Daliter
2507 4584 2806 4649 aestimant,
2847 4591 2941 4638 aut
2978 4582 3031 4637 in
3073 4583 3186 4652 ipsa
3236 4595 3266 4635 a
3310 4579 3465 4635 nobis
3508 4575 3898 4632 incarnationis

2305 4675 2566 4744 qualitate
2591 4674 2919 4729 discordant.
2957 4672 3059 4739 Qui
3101 4684 3228 4740 ergo
3274 4684 3455 4725 veram
3505 4667 3782 4723 nobiscum
3816 4667 3896 4718 in-

2305 4767 2673 4824 carnationem
2717 4763 3094 4832 Redemptoris
3123 4760 3427 4831 perhibent,
3459 4757 3614 4829 quasi
3642 4771 3763 4810 cum
3794 4753 3894 4808 Job

2305 4861 2359 4916 in
2391 4869 2531 4917 terra
2568 4860 2770 4931 pariter
2805 4859 3016 4914 sedent.
3047 4856 3266 4926 Septem
3295 4869 3427 4910 vero
3452 4851 3642 4908 diebus
3685 4857 3741 4905 et
3768 4864 3893 4917 sep-

2309 4960 2416 5009 tem
2457 4953 2704 5007 noctibus
2749 4952 2801 5005 in
2849 4959 2990 5004 terra
3021 4947 3316 5003 consedere
3343 4944 3738 5004 describuntur,
3769 4941 3892 5011 quia

2305 5047 2390 5102 vel
2413 5046 2464 5102 in
2492 5047 2597 5102 hoc
2615 5045 2758 5115 quod
2787 5042 2986 5112 aliquid
3019 5041 3085 5096 de
3112 5037 3446 5112 plenitudine
3468 5034 3712 5091 veritatis
3737 5032 3895 5086 intel-

2304 5138 2496 5208 ligunt,
2527 5137 2613 5191 vel
2654 5137 2706 5191 in
2743 5137 2848 5191 hoc
2875 5135 3017 5204 quod
3047 5147 3156 5187 sua:
3189 5130 3428 5187 stultitia:
3458 5126 3697 5182 tenebris
3719 5138 3892 5179 exote—

2304 5237 2513 5294 cantur,
2549 5227 2931 5282 imarnationis
2952 5224 3263 5296 mysterium
3286 5234 3484 5290 negare
3503 5233 3614 5272 non
3641 5223 3888 5286 possunt.

2301 5322 2435 5376 Cum
2463 5322 2624 5376 beato
2661 5334 2792 5389 ergo
2819 5318 2921 5374 Job
2950 5318 3003 5372 in
3043 5326 3187 5372 terra
3218 5314 3426 5377 sedere,
3458 5318 3542 5366 est
3569 5323 3752 5364 veram
3782 5304 3891 5358 Hc-

2300 5412 2598 5482 demptoris
2623 5425 2837 5465 carnem
2868 5424 2990 5464 cum
3019 5419 3204 5465 sancta
3233 5405 3470 5461 Ecdesia
3501 5402 3746 5456 cretere.

2371 5504 2481 5577 94
2504 5503 2593 5560 5'3.
2622 5502 2784 5559 Mutis
2804 5503 2984 5568 amici,
3009 5498 3478 5580 contradicentibus
3499 5495 3634 5566 ﬁunt
3655 5492 3894 5547 adversa-

2300 5666 2425 5732 Cl.,
2482 5666 2538 5718 in
2593 5677 2802 5716 suorum
2865 5658 3098 5732 cordium
3157 5653 3472 5732 cogitatione
3518 5646 3890 5732 nonneligimt.

2303 5717 2550 5805 Longior,
2580 5735 2634 5787 in
2653 5747 2863 5805 suorum
2889 5727 3120 5805 cordium
3145 5717 3436 5805 cognitione
3466 5736 3568 5774 non
3597 5717 3816 5805 eligunt,

2375 5785 2844 5873 ἷοᾶίιῖδζέῧθτηιη
2864 5797 3119 5863 secunda,
3144 5785 3237 5850 sed
3260 5793 3477 5862 antiqua
3502 5785 3688 5851 manu,
3714 5785 3890 5856 typho.
