4030 6322
183 257 287 316 625

1106 256 1474 312 MORALIUM
1531 257 1660 312 LIB.
1710 258 1796 312 Ill.
1836 288 1903 299 —
1944 257 2009 312 IN
2049 255 2200 312 CAP.
2249 257 2288 313 Il
2331 259 2388 313 Β.
2430 258 2564 313 JOB.

3346 264 3463 324 ‘6‘26

177 378 342 434 τιὴ-ο
353 373 658 446 Aliquando
688 386 816 428 vero
842 357 1301 428 bieretici'contra
1327 389 1426 430 nos
1453 374 1618 430 etiam
1646 389 1772 442 sup-
1800 379 1847 435 Α
1878 375 2030 428 rem?
2058 373 2229 441 Quem
2281 383 2457 429 tamen
2499 389 2530 429 a
2568 373 2752 443 praelio
2774 383 3134 432 revertentem
3164 379 3240 433 ire
3270 380 3337 436 ad
3368 382 3465 436 do-

183 467 353 539 pliciis
377 465 622 530 serviunt,
646 463 934 532 aliquando
963 478 1064 518 nos
1092 463 1224 519 solis
1252 465 1430 520 verbis
1475 466 1767 533 insequun-

185 567 290 624 tur,
320 555 608 625 aliquando
635 555 850 622 quietos
882 563 907 590 α
940 552 1230 622 lacessunt,
1251 555 1540 623 aliquando
1569 563 1769 619 autem,

182 650 228 703 si
273 663 371 702 nos
418 651 662 700 tacentes
688 643 925 707 videant,
957 643 1273 710 quiescunt;
1303 653 1372 702 et.
1425 645 1587 698 mutis
1615 645 1772 699 amici

181 745 326 803 sunt,
357 735 699 806 loquentibus
721 734 1096 788 adversantur.
1131 732 1282 789 Unde
1309 734 1434 802 quia
1463 735 1653 789 beatus
1674 734 1774 788 Job

183 822 412 883 necdum
441 825 508 880 ad
537 825 660 880 illos
687 824 889 893 aliquid
916 823 1190 880 disserens
1215 824 1444 889 dixerat,
1472 833 1620 880 recte
1648 825 1774 880 sub-

177 917 419 986 jungitur
463 934 478 970 :
515 914 587 969 Et
627 930 776 968 nemo
819 911 1119 983 loquebatur
1154 915 1202 967 ei
1238 913 1464 967 uerbum.
1509 913 1775 968 Tacentes

180 1010 324 1064 enim
359 1006 701 1063 adversarios
741 1005 1030 1072 habemus,
1073 1005 1117 1060 si
1146 1020 1287 1060 verte
1316 1005 1438 1060 ﬁdei
1465 1006 1603 1061 lilios
1634 1021 1771 1074 prae-

179 1098 410 1154 dicando
449 1111 709 1166 generare
749 1095 1086 1164 negligimus.
1123 1095 1178 1150 Si
1201 1105 1382 1153 autem
1425 1105 1574 1151 recta
1618 1096 1768 1164 loqui

177 1192 492 1260 incipimus,
540 1203 732 1258 graves
769 1203 896 1242 mox
940 1189 1296 1243 contumelias
1325 1204 1390 1243 ex
1439 1203 1626 1244 eorum
1663 1202 1776 1243 res-

174 1283 444 1351 ponsione
471 1281 731 1335 sentimus
769 1279 1096 1350 ;protinusb
1128 1281 1181 1333 in
1221 1279 1601 1334 adversitatem
1649 1294 1777 1348 pro-

172 1375 394 1439 siliunt,
424 1382 480 1429 et
519 1380 708 1428 contra
749 1387 849 1427 nos
887 1372 941 1425 in
985 1387 1174 1427 vocem
1205 1370 1410 1426 doloris
1449 1378 1772 1440 erumpunt,

171 1465 305 1534 quia
333 1465 587 1520 videlicet
612 1471 858 1518 metuunt
879 1478 948 1518 ne
976 1462 1158 1527 corda,
1191 1477 1309 1531 quae
1337 1462 1390 1516 in
1415 1461 1613 1516 inlimis
1635 1477 1773 1530 pon-

169 1557 281 1612 dus
312 1557 554 1610 stultitiaz
582 1563 832 1626 aggravat
853 1595 868 1622 ,
900 1553 965 1608 ad
995 1553 1162 1607 altum
1192 1568 1296 1606 vox
1326 1561 1472 1607 recta
1503 1552 1774 1620 loquentis

169 1648 383 1702 trahat.
415 1645 548 1713 Quia
578 1660 727 1715 ergo,
761 1653 820 1699 ut
857 1644 1106 1709 diximus,
1141 1651 1317 1696 mutos
1355 1657 1452 1696 nos
1483 1641 1774 1697 adversarii

1879 480 2023 518 nium
2053 465 2306 520 admonet
2333 465 2499 534 pedes
2529 465 2728 520 lavare.
2762 465 2864 531 Qui
2889 467 3135 537 protinus
3163 471 3467 540 respOndit,

1877 556 2063 611 dicens
2093 575 2106 609 :
2142 560 2279 612 Arca
2307 557 2521 612 Domini
2550 556 2642 610 sub
2671 557 2887 628 pellibus
2916 569 3010 625 est,
3042 570 3092 614 et
3115 577 3208 632 ego
3237 563 3291 616 in
3312 566 3468 619 domo

1877 665 1990 703 mea
2038 652 2378 719 resquiescam
2431 649 2514 721 (Il
2545 649 2671 720 Reg.
2708 667 2782 714 χι,
2816 649 2946 720 ll)?
2975 651 3146 718 Quem
3192 653 3357 709 David
3401 655 3468 709 ad

1876 757 2114 796 mensam
2146 742 2417 811 propriam
2445 743 2702 810 suscepit,
2736 743 2893 811 eique
2922 745 3198 812 epistolas,
3216 760 3314 814 per
3333 760 3469 812 quas
3557 809 3570 814 ,-

1877 832 2015 886 mori
2064 832 2280 898 debeat,
2314 832 2493 886 tradit.
2537 831 2704 902 Cujus
2748 845 2928 888 autem
2973 832 3140 889 David
3169 835 3220 888 in
3269 836 3468 890 solario

1876 919 2228 974 deambulans
2257 929 2442 990 typum
2490 928 2658 986 tenet,
2687 921 2790 975 nisi
2827 920 2945 990 ejus
2975 922 3042 975 de
3072 937 3180 991 quo
3208 924 3468 992 scriptum

1877 1018 1990 1064 est:
2015 1009 2080 1063 In
2106 1011 2214 1064 sole
2236 1012 2404 1078 posuit
2425 1011 2812 1065 tabernaculum
2834 1029 2982 1066 suum
3005 1012 3177 1084 (Psal.
3198 1029 3344 1075 xvul,
3372 1014 3426 1083 6)
3446 1015 3470 1068 τ

1879 1097 1945 1152 Et
1970 1098 2095 1167 quid
2117 1107 2198 1152 est
2220 1099 2486 1154 Bersabee
2514 1101 2581 1155 ad
2610 1116 2668 1154 se
2698 1102 3014 1168 perducere,
3047 1104 3145 1158 nisi
3178 1105 3352 1172 legem
3384 1107 3470 1159 lit-

1879 1194 2026 1252 teme,
2056 1187 2256 1241 carnali
2289 1188 2488 1256 populo
2515 1188 2884 1256 conjunctam,
2918 1192 3144 1260 spiritali
3172 1195 3274 1248 sibi
3309 1195 3468 1248 intel—

1878 1280 2022 1335 lectu
2043 1279 2288 1334 sociare?
2310 1279 2577 1334 Bersabee
2599 1281 2740 1334 enim
2764 1290 2959 1350 puteus
2978 1285 3238 1351 septimus
3253 1285 3468 1352 dicitur,

1878 1371 2002 1438 quia
2036 1369 2284 1423 nimirum
2325 1385 2420 1439 per
2449 1369 2810 1436 cognitionem
2844 1371 2995 1439 legis,
3028 1371 3291 1427 infusione
3311 1375 3465 1442 spiri-

1880 1462 2000 1516 talis
2015 1461 2217 1530 gratiae,
2234 1461 2466 1531 perfecta
2480 1462 2634 1518 nobis
2655 1462 2916 1531 sapientia
2931 1463 3284 1518 ministratur.
3299 1465 3380 1530 Qu
3417 1482 3468 1521 m

1878 1569 2007 1608 vero
2039 1552 2216 1620 Urias,
2237 1554 2336 1609 nisi
2362 1552 2638 1607 Judaicum
2668 1554 2921 1626 populum
2950 1554 3159 1623 signat?
3180 1554 3344 1624 Cujus
3371 1573 3467 1612 no-

1881 1660 2002 1698 men
2037 1646 2444 1715 interpretatum
2475 1646 2690 1710 dicitur,
2729 1657 2754 1692 κ
2785 1647 2875 1702 lux
2921 1663 3040 1702 mea
3071 1648 3184 1701 Dei.
3216 1647 3468 1705 Judaicus

165 1737 426 1806 diligunt,
460 1738 744 1808 loquentes
770 1735 1019 1800 oderunt,
1052 1742 1198 1789 recte
1218 1733 1355 1804 apud
1387 1741 1650 1788 tacentem
1672 1733 1773 1788 Job
1810 1720 1848 1776 Β
1876 1738 1984 1807 95
2006 1740 2184 1791 autem
2214 1737 2461 1807 populus,
2487 1737 2612 1805 quia
2639 1737 2705 1792 de
2728 1748 2951 1807 accepta
2976 1739 3106 1807 legis
3129 1740 3352 1794 scientia
3380 1757 3470 1796 ex-

163 1828 377 1885 dicitur
409 1848 422 1882 :

721 1913 951 1972 CAPUT
981 1913 1191 1968 XXVII.

249 2009 378 2063 lett).
406 2006 576 2061 Nemo
607 2004 914 2077 loquebatur
936 2005 983 2058 ei
1011 2005 1236 2058 verbum.

249 2099 338 2152 53.
358 2094 677 2166 Quandoque
696 2094 847 2148 silere
869 2101 1120 2164 coguntur
1143 2094 1389 2148 Itwretici.
1423 2127 1490 2138 —
1515 2095 1772 2150 Nonnun-

165 2205 335 2261 quam
363 2197 539 2242 tamen
561 2201 682 2240 cum
712 2185 808 2255 per
826 2191 1099 2254 torporem
1128 2195 1149 2223 ο
1183 2186 1372 2240 inertia
1398 2185 1630 2241 lidelimn
1654 2203 1778 2243 cor.

167 2280 243 2332 da
277 2274 852 2344 considerant,erroris
874 2275 1078 2330 semina
1099 2289 1352 2345 Spargere
1374 2276 1644 2346 loquendo
1668 2294 1774 2332 non

167 2376 412 2424 cessant.
445 2365 578 2421 Cum
608 2381 740 2421 vero
769 2373 980 2420 mentes
1027 2366 1292 2431 bonorum
1318 2367 1505 2422 vident
1554 2368 1659 2421 alta
1689 2384 1775 2422 sa-

168 2475 330 2531 pere,
361 2459 424 2512 ad
455 2459 685 2528 patriam
710 2457 941 2511 reditum
965 2471 1228 2526 quairere,
1259 2457 1325 2512 de
1350 2474 1587 2512 aerumna
1619 2460 1775 2527 hujus

166 2551 350 2606 exsilii
380 2558 602 2604 strenue
643 2548 849 2614 dolere,
883 2549 1365 2620 circumspectione
1417 2549 1646 2605 sollicita
1678 2551 1778 2605 lin-

166 2657 334 2713 guam
366 2641 594 2706 frenant,
623 2642 748 2709 quia
796 2639 979 2695 vident
1017 2640 1160 2708 quod
1189 2649 1377 2696 contra
1405 2642 1566 2696 corda
1591 2642 1778 2697 dolen-

168 2736 311 2789 tium
352 2734 617 2788 incassum
659 2733 941 2802 loquentes
983 2733 1145 2786 citius
1191 2734 1585 2789 obmutescam.
1622 2733 1777 2789 Unde

167 2834 225 2880 et
277 2830 425 2879 recte
453 2839 576 2879 cum
609 2823 878 2878 diceretur
903 2842 915 2878 :
945 2822 1115 2878 Nemo
1140 2824 1440 2896 loquebatur
1469 2828 1515 2880 ei
1545 2827 1774 2896 verbum,

167 2934 306 2972 mox
337 2931 492 2972 causa
522 2915 722 2971 silentii
751 2917 1098 2982 subinferlur,
1129 2933 1251 2972 cum
1281 2919 1478 2973 dicitur
1511 2938 1522 2971 :

741 3027 970 3082 CAPUT
999 3027 1226 3083 XXVIII.

1882 1828 2113 1892 tollitur,
2145 1829 2296 1896 quasi
2341 1827 2408 1882 de
2444 1828 2537 1882 Dei
2581 1828 2701 1882 luce
2733 1828 3012 1897 gloriatur.
3045 1829 3152 1885 Sed
3179 1830 3304 1886 huic
3331 1829 3470 1885 Uri-ae

1879 1922 2047 1976 David
2076 1937 2298 1976 uxorem
2321 1922 2557 1986 abstulit,
2587 1923 2797 1990 sibique
2824 1924 3105 1992 conjunxit
3133 1942 3145 1977 :
3173 1926 3296 1994 quia
3331 1926 3473 1981 vide-

1879 2012 2002 2066 licet
2031 2027 2191 2066 manu
2236 2013 2408 2077 fortis,
2435 2013 2580 2081 quod
2624 2013 2792 2068 David
2819 2013 3037 2083 dicitur,
3077 2016 3130 2069 in
3163 2030 3326 2070 carne
3361 2015 3470 2086 Ile-

1876 2100 2127 2171 demptor
2154 2119 2435 2172 apparens,
2468 2103 2593 2157 dum
2617 2103 2684 2158 de
2711 2120 2770 2159 se
2792 2106 3102 2174 spiritaliter
3128 2107 3272 2176 loqui
3301 2109 3472 2175 legem

1879 2194 2132 2257 innotuit,
2150 2208 2247 2262 per
2276 2195 2396 2258 hoc,
2416 2194 2559 2262 quod
2580 2195 2732 2262 juxta
2757 2196 2990 2251 litteram
3015 2199 3317 2264 tenebatur,
3334 2199 3475 2254 hanc

1879 2301 1910 2339 a
1961 2283 2184 2340 Judaieo
2213 2287 2413 2355 populo
2443 2295 2756 2341 extraneam
2803 2287 3219 2356 demonstravit;
3266 2291 3476 2359 sibique

1881 2377 2180 2445 conjunxit,
2222 2378 2350 2447 quia
2397 2391 2456 2432 se
2505 2392 2602 2445 per
2639 2376 2782 2431 illam
2831 2379 3110 2446 prmdicari
3159 2379 3470 2436 declaravit.

1885 2468 2064 2524 Uriam
2099 2480 2276 2524 tamen
2306 2469 2372 2524 ad
2395 2469 2611 2524 domum
2642 2469 2720 2525 ire
2742 2470 2908 2524 David
2935 2471 3188 2527 admonet
3209 2474 3372 2542 pedes
3397 2473 3476 2527 la-

1879 2576 2040 2625 vare,
2073 2560 2197 2629 quia
2237 2560 2547 2615 incarnatus
2576 2560 2836 2617 Dominus
2862 2563 3084 2618 veniens
3120 2562 3346 2619 Judaico
3376 2579 3473 2635 po-

1881 2652 2008 2721 pqu
2036 2652 2290 2721 praecepit
2325 2660 2380 2705 ut
2425 2651 2491 2704 ad
2533 2653 2917 2707 conscientiam
2950 2653 3163 2720 redeat,
3191 2663 3245 2710 et
3288 2657 3475 2710 sordes

1881 2765 2102 2820 operum
2134 2748 2347 2804 ﬂetibus
2389 2758 2588 2818 tergat;
2615 2758 2674 2804 ut
2702 2750 3017 2820 spiritaliter
3045 2754 3295 2807 mandata
3339 2754 3474 2824 legis

1883 2840 2163 2907 intelligat,
2197 2851 2251 2895 et
2271 2848 2393 2909 post
2421 2847 2622 2893 tantam
2653 2841 2902 2895 duritiam
2935 2852 3346 2913 praceptorum,
3371 2846 3474 2901 lon-

1882 2941 1993 2988 tem
2035 2933 2375 3001 baptismatis
2407 2932 2702 2998 inveniens,
2737 2932 2802 2987 ad
2832 2949 3025 3002 aquam
3071 2944 3195 3006 post
3234 2936 3474 2992 laborem

1885 3032 2146 3080 recurrat.
2172 3022 2276 3077 Sed
2309 3021 2482 3088 Urias,
2513 3023 2603 3091 qui
2632 3037 2810 3078 arcam
2838 3024 3050 3079 Domini
3094 3041 3212 3081 esse
3241 3029 3339 3081 sub
3361 3027 3476 3096 pel-

251 3120 382 3175 ltuo.
415 3152 486 3162 —
519 3118 778 3173 Videbunt
808 3120 942 3172 enim
972 3118 1240 3174 doloremd
1268 3139 1380 3174 esse
1406 3122 1766 3177 vehementem.
1802 3094 1846 3155 Ο
1883 3116 2018 3170 libus
2056 3114 2321 3180 meminit,
2363 3112 2641 3183 τθςροιιόίι
2663 3114 2806 3182 (ιιιοό
2835 3114 3054 3169 domum
3081 3131 3233 3172 suam
3273 3117 3474 3172 intrare

254 3211 344 3265 54.
371 3211 496 3265 Cum
526 3228 590 3265 ex
620 3228 797 3265 amore
827 3210 923 3264 Dei
945 3228 1031 3266 cor
1059 3212 1218 3277 dolet,
1240 3229 1400 3282 prava
1429 3215 1566 3283 loqui
1595 3214 1778 3267 adver-

172 3305 358 3356 sarius
386 3303 584 3356 metuit.
615 3331 674 3341 ——
697 3300 831 3354 Cum
875 3301 1017 3354 enim
1070 3302 1268 3356 amoris
1297 3303 1391 3356 Dei
1438 3302 1594 3357 dolor
1616 3304 1775 3357 vehe-

174 3409 339 3447 mens
367 3393 531 3447 corda
570 3400 754 3447 nostra
787 3391 1064 3460 transligit,
1099 3393 1294 3461 passim
1324 3409 1486 3464 prava
1519 3394 1662 3463 loqui
1695 3395 1780 3448 ad-

175 3484 458 3540 versarius
486 3484 705 3548 metuit,
736 3485 859 3553 quia
901 3483 1043 3538 videt
1071 3484 1216 3554 quod
1258 3485 1517 3540 intentam
1546 3496 1779 3541 mentem

177 3577 484 3640 lacessens,
519 3591 629 3629 non
676 3576 850 3629 solum
883 3576 947 3630 ad
973 3579 1381 3645 perversitatem
1415 3580 1629 3634 trahere
1671 3596 1780 3634 non

179 3668 354 3732 valet,
386 3668 480 3722 sed
508 3679 528 3703 ε
559 3683 657 3738 per
693 3669 981 3723 excitatam
1010 3668 1230 3724 forsitan
1258 3677 1313 3724 et
1333 3685 1468 3738 quos
1511 3679 1774 3734 tenuerat,

179 3757 403 3830 perdet.

258 3854 409 3926 [γει.
446 3853 602 3907 X31.
637 3852 760 3907 Rec.
804 3851 986 3924 XVI.)
1019 3851 1106 3907 55.
1136 3851 1199 3906 In
1243 3855 1423 3922 script.
1468 3854 1594 3907 bene
1641 3864 1783 3924 gesta

181 3945 455 3999 interdum
483 3946 784 4016 signiﬁcant
825 3947 961 3998 male
993 3944 1254 4015 gerenda;
1279 3962 1339 3997 ac
1381 3946 1486 3998 vice
1523 3961 1688 3998 versa.
1719 3975 1784 3987 ~—

183 4034 448 4090 Fortasse
479 4036 686 4106 aliquos
723 4043 908 4090 movet
951 4049 1052 4088 nos
1100 4035 1215 4088 haec
1266 4035 1338 4089 ita
1369 4035 1588 4100 dixisse,
1638 4036 1783 4104 quod

183 4141 316 4193 qua:
344 4125 479 4180 bene
534 4127 602 4180 ab
631 4125 818 4179 amicis
864 4135 1012 4192 gesta
1058 4133 1207 4193 sunt,
1237 4125 1377 4179 male
1416 4127 1482 4179 ab
1519 4126 1786 4180 haereticis

184 4215 431 4284 gerenda
464 4215 787 4285 signiﬁcent.
819 4216 926 4270 Sed
955 4217 1033 4271 sic
1073 4217 1386 4286 plerumque
1424 4233 1510 4272 res
1539 4218 1787 4286 quailibet

187 4327 297 4382 per
333 4310 612 4364 historiam
652 4310 821 4364 virtus
849 4317 949 4373 est,
981 4324 1076 4378 per
1105 4309 1548 4378 signiﬁcationem
1580 4311 1734 4380 culpa
1769 4329 1781 4364 :

188 4407 339 4459 sicut
368 4403 655 4473 aliquando
677 4419 764 4459 res
789 4411 960 4472 gesta,
988 4403 1039 4457 in
1080 4403 1222 4456 facto
1249 4418 1407 4457 causa
1430 4404 1787 4457 damnationis

189 4506 312 4561 est;
339 4497 390 4551 in
419 4498 622 4566 sx-ripto
652 4506 828 4551 autem
853 4496 1134 4567 prophetia
1162 4496 1391 4550 virtutis.
1425 4496 1580 4564 Quod
1602 4514 1787 4553 verum

191 4591 361 4644 citius
382 4588 728 4646 ostendemus
744 4626 758 4650 ,
786 4589 831 4644 si
853 4605 1016 4643 unum
1041 4604 1207 4644 sacra:
1230 4589 1522 4659 Scriptura:
1544 4592 1791 4645 testimo-

192 4685 353 4738 nium
385 4682 450 4737 ad
477 4689 700 4751 utraque
729 4680 1002 4751 probanda
1028 4682 1381 4750 proferamus.
1407 4681 1536 4748 Quis
1564 4697 1793 4750 namque

194 4775 447 4836 audiens,
479 4790 584 4828 non
608 4772 781 4828 solum
795 4772 1046 4839 ﬁdelium,
1076 4775 1168 4828 sed
1211 4774 1446 4843 ipsorum
1471 4788 1685 4841 quoque
1715 4774 1792 4826 in-

196 4869 463 4933 ﬁdelium,
490 4865 508 4905 ῖ
533 4883 639 4922 non
670 4867 816 4922 omni
845 4867 1004 4923 modo
1033 4868 1327 4922 detestetur
1353 4866 1498 4936 quod
1527 4865 1711 4931 David,
1740 4849 1791 4919 in

198 4960 407 5016 salario
434 4958 801 5025 deambulans,
827 4957 1090 5017 Bersabee
1137 4957 1275 5014 Uriae
1297 4959 1627 5028 concupiscit
1659 4975 1791 5014 uxo-

283 5129 306 5155 ει
349 5117 498 5183 Mss.,
533 5119 831 5183 lacessiunt,
883 5129 938 5174 et
985 5119 1204 5176 inferius
1247 5122 1564 5188 lacessiens,
1615 5137 1678 5176 ac
1721 5123 1798 5177 sic

203 5190 464 5255 deinceps
501 5199 833 5244 constanter.

284 5261 308 5296 ι»
349 5259 463 5313 lIoc
484 5261 686 5331 esttad
702 5260 1097 5331 aduersandum,
1143 5269 1200 5314 ut
1227 5277 1387 5331 supra
1419 5263 1794 5329 explicuimus,

204 5329 303 5382 lili.
338 5344 393 5388 ll,
412 5345 530 5398 cap.
551 5329 639 5394 51,
667 5329 717 5383 n.
743 5329 970 5383 5LVide
1001 5333 1158 5383 etiam
1189 5330 1342 5391 infra,
1362 5349 1481 5399 cap.
1510 5332 1600 5397 55,
1631 5350 1683 5384 n.
1705 5332 1792 5385 liii.

288 5412 308 5437 ε
352 5399 428 5452 lla
461 5415 648 5453 omnes
679 5400 804 5453 Mss.
839 5399 994 5453 Prius
1022 5400 1300 5466 legebatur
1344 5403 1395 5453 in
1435 5401 1603 5455 Editis
1632 5404 1794 5456 etiam

209 5469 620 5540 vetustioribus,
651 5487 742 5540 per
772 5479 1026 5540 torporem
1050 5471 1276 5529 iuertite,
1309 5472 1402 5539 ﬁd.
1437 5473 1615 5525 corda.

288 5537 312 5574 ἀ
352 5538 508 5609 Guss.
541 5537 663 5609 post
689 5537 862 5594 Gilot.
887 5549 941 5592 et
970 5541 1140 5595 Valle.
1171 5537 1399 5595 dolorem
1425 5542 1556 5609 ejus.

295 5619 316 5645 ε
359 5607 454 5663 Ed.
482 5607 630 5674 ven,
654 5627 744 5680 per
765 5611 1042 5664 exercitum
1070 5614 1284 5680 forsitan
1314 5607 1640 5678 sapientium.
1676 5613 1795 5674 Alii,

217 5695 311 5747 per
347 5681 622 5735 excitatum
655 5683 873 5751 forsitan
905 5685 1225 5748 Sapientiam.
1280 5682 1410 5748 Quae
1460 5698 1560 5735 vox
1615 5683 1797 5736 ultima

1884 3224 1990 3263 non
2013 3207 2198 3276 possit.
2234 3207 2309 3260 Ac
2339 3207 2382 3260 si
2410 3204 2668 3260 Iudaicus
2705 3206 2937 3276 populus
2962 3207 3106 3261 dicat
3139 3225 3152 3260 :
3189 3205 3296 3276 Ego
3324 3225 3476 3262 man-

1878 3305 2003 3361 data
2034 3305 2126 3358 Dei
2156 3306 2206 3358 in
2249 3303 2528 3358 sacriﬁciis
2566 3303 2874 3357 carnalibus
2897 3300 3054 3354 video
3073 3343 3088 3368 ,
3118 3309 3171 3355 et
3202 3301 3378 3355 redire
3408 3301 3474 3354 ad

1879 3395 2264 3450 conscientiam
2294 3410 2389 3463 per
2417 3392 2713 3463 spiritalem
2738 3390 3146 3458 intelligentiam
3173 3405 3277 3443 non
3303 3390 3474 3456 requi-

1880 3504 1960 3542 ro.
1978 3487 2144 3554 Quasi
2179 3487 2320 3540 enim
2353 3501 2530 3540 arcam
2549 3499 2665 3538 esse
2683 3483 2781 3538 sub
2808 3481 3037 3553 pellibus
3052 3481 3203 3546 dicit,
3224 3481 3314 3548 qui
3343 3495 3475 3548 pra:-

1879 3587 2034 3646 cepta
2064 3578 2159 3631 Dei
2192 3593 2294 3629 non
2321 3576 2420 3629 nisi
2444 3575 2509 3628 ad
2537 3573 2899 3630 exhibendum
2929 3572 3282 3625 ministerium
3309 3571 3476 3624 sacri-

1883 3666 1986 3722 ﬁcii
2017 3668 2251 3722 carnalis
2300 3666 2562 3732 intelligit.
2597 3665 2752 3719 llunc
2791 3672 2969 3717 tamen
3007 3663 3169 3717 etiam
3207 3661 3380 3716 redire
3408 3662 3476 3715 ad

1883 3759 2102 3812 domum
2160 3757 2430 3811 nolentem
2486 3755 2648 3808 David
2694 3754 2760 3808 ad
2810 3768 3048 3807 mensam
3105 3761 3294 3817 vocat;
3349 3752 3476 3819 quia

1883 3847 2127 3916 quamvis
2171 3843 2423 3900 Iudaicus
2470 3843 2699 3914 pupulus
2742 3843 2810 3897 ad
2851 3842 3235 3897 conscientiam
3279 3842 3477 3894 reverti

1885 3946 2225 4003 contemnat,
2257 3937 2308 3991 ei
2353 3945 2532 3990 tamen
2574 3935 2908 4004 Redemptor
2959 3934 3178 3988 veniens
3223 3933 3496 3986 mandata

1885 4029 2146 4100 spiritalia
2172 4028 2447 4097 prmdicat,
2477 4025 2768 4080 dicenszSi
2792 4027 3065 4079 crederetis
3091 4023 3286 4095 Moysi,
3310 4023 3482 4078 crede-

1887 4122 2009 4174 retis
2040 4121 2262 4190 forsitan
2293 4128 2340 4171 et
2362 4119 2504 4181 milii,
2541 4116 2603 4171 de
2629 4117 2857 4170 meenim
2878 4116 2966 4170 ille
2992 4116 3196 4183 scripsit
3228 4115 3476 4186 (Joan.v,

1887 4209 2000 4280 46).
2029 4209 2224 4278 Legem
2255 4209 2434 4277 itaque
2456 4206 2715 4262 Judaicus
2743 4206 2971 4276 populus
3000 4213 3168 4271 tenet,
3216 4220 3335 4274 quae
3363 4204 3480 4273 ejus

1889 4312 2220 4368 divinitatem
2237 4311 2494 4381 loquitur,
2521 4311 2605 4364 cui
2631 4308 2796 4363 isdem
2825 4308 3055 4379 populus
3077 4307 3298 4363 credere
3325 4305 3480 4360 dedi-

1891 4411 2102 4472 guatur.
2132 4400 2284 4455 Unde
2312 4410 2365 4454 et
2389 4399 2546 4456 Urias
2575 4399 2641 4452 ad
2669 4397 2806 4452 Joah
2829 4414 2950 4452 cum
2983 4397 3242 4466 epistolis,
3267 4411 3332 4449 ex
3361 4395 3480 4464 qui-

1894 4506 1996 4561 bus
2023 4504 2192 4558 oecidi
2223 4503 2436 4566 debeat,
2469 4501 2721 4562 mittitur,
2755 4500 2877 4568 quia
2906 4499 3044 4553 idem
3084 4500 3196 4568 ipse
3225 4497 3481 4552 Judaieus

1895 4598 2124 4668 populus
2180 4597 2349 4664 legem
2399 4602 2595 4664 portat,
2630 4609 2732 4663 qua
2787 4593 3143 4647 convincente
3191 4593 3475 4645 moriatur.

1896 4691 2029 4744 Dum
2060 4690 2202 4744 eiiim
2233 4688 2482 4742 mandata
2527 4688 2660 4752 legis
2686 4688 2924 4740 retinens
2955 4687 3177 4755 imp'ere
3208 4686 3479 4750 renititur,

1896 4782 2010 4850 ipse
2033 4782 2279 4835 nimirum
2319 4781 2491 4834 defert
2525 4779 2783 4847 judicium
2817 4779 2955 4832 unde
2995 4779 3298 4832 damnetur.
3344 4777 3482 4844 Quid

1894 4887 2023 4939 ergo
2066 4887 2162 4940 per
2213 4872 2409 4924 laetum
2454 4871 2590 4924 istud
2634 4869 2797 4923 David
2842 4870 3153 4925 scelestius?
3181 4870 3307 4937 quid
3357 4867 3484 4923 Uria

1903 4963 2152 5018 n'umdius
2198 4964 2302 5017 dici
2340 4964 2553 5031 potest?
2581 4961 2686 5015 Sed
2733 4977 2946 5026 rursus,
2995 4976 3090 5030 per
3134 4961 3485 5031 mysterium,

1904 5121 2163 5176 redundat
2194 5129 2247 5171 et
2277 5120 2422 5172 abest
2456 5135 2483 5170 a
2517 5119 2637 5171 Mss.

1984 5194 1999 5228 τ
2049 5190 2143 5244 llic
2168 5188 2456 5252 Gussanvq
2488 5189 2768 5255 abjiciens,
2801 5189 2894 5242 hoc
2927 5191 3120 5257 factum
3141 5189 3295 5258 jua‘ta
3327 5187 3488 5241 Iusto-

1907 5265 2062 5326 rium,
2095 5268 2275 5312 monet
2306 5260 2417 5311 lia‘c
2439 5274 2541 5326 qua
2569 5274 2670 5312 uor
2693 5260 2852 5312 verba
2881 5262 3066 5312 deesse
3089 5260 3140 5312 in
3166 5258 3486 5326 quibusdam

1907 5331 2324 5400 exemplaribus.
2361 5329 2432 5381 lia
2467 5345 2571 5381 non
2601 5338 2953 5400 occurrerunt
2982 5331 3080 5382 nisi
3114 5329 3162 5382 in
3196 5346 3303 5383 uno
3331 5327 3485 5400 Cgolb.

1900 5420 1928 5456 a
1959 5398 2296 5469 glosseinatis
2325 5416 2432 5453 non
2459 5415 2673 5468 semper
2695 5415 2850 5466 puro.
2877 5399 3076 5453 Desunt
3103 5400 3263 5454 etiam
3287 5400 3339 5453 in
3367 5398 3485 5454 V'et.

1901 5473 2045 5527 Edit.

1975 5554 1998 5590 s
2038 5541 2227 5603 Gilot.,
2260 5540 2473 5608 vitiose,
2505 5541 2587 5593 lea:
2609 5555 2735 5592 mea.
2761 5537 3048 5602 Gnssanv.,
3078 5540 3170 5594 lux
3190 5557 3303 5594 mea
3329 5539 3487 5602 Deus,

1903 5630 1999 5682 pro
2040 5613 2158 5678 Dei,
2215 5622 2272 5666 ut
2302 5612 2501 5667 habent
2552 5625 2738 5664 onmes
2791 5608 2909 5662 libri
2963 5619 3070 5662 tam
3116 5611 3303 5680 scripti
3329 5626 3488 5681 quam

1904 5701 2105 5739 CXCUSI.
