4030 6314
586 270 689 327 6‘27

1788 261 2036 318 SANCTI
2076 256 2405 317 GBEGORII
2445 255 2660 312 MAGNI

3772 247 3895 303 628

585 380 717 454 quid
747 380 915 436 David
939 388 960 417 ἰ
984 380 1245 446 sanctius,
1268 378 1397 448 quid
1427 376 1555 432 Uria
1586 372 1853 428 inﬁdelius
1883 373 2174 436 invenitur,
2207 383 2253 441 Α
2285 369 2425 424 cussi
2448 381 2579 436 ergo
2606 372 2744 420 testa
2761 362 2965 418 saniem
2978 360 3237 427 radimus,
3256 373 3379 416 cum
3391 366 3516 430 post
3537 358 3896 430 pollutione:

587 473 804 544 quando
833 482 888 528 et
929 472 1042 539 ille,
1084 486 1183 542 per
1211 470 1333 525 vitae
1361 468 1597 538 culpam,
1626 465 1654 505 δ
1685 466 1739 519 in
1785 465 2068 536 prophetia
2099 463 2174 518 si-

585 575 716 637 gnat
748 565 1146 628 innocentiam;
1174 569 1229 616 et
1257 562 1378 625 iste,
1412 574 1508 629 per
1537 560 1659 612 vitae
1690 557 2075 621 innocentiam,
2120 558 2174 611 in

513 727 519 737 _
586 659 871 735 prophetia
903 657 1157 726 exprimit
1176 654 1429 722 culpam?
1455 652 1571 705 Non
1604 665 1733 719 ergo
1758 652 2051 717 incongrue
2079 663 2176 718 per

587 765 652 803 ea
675 764 795 817 quae
816 749 953 802 bene
980 747 1047 800 ab
1069 742 1372 801 amicisJob
1395 750 1544 809 gesta
1566 748 1715 807 sunt,
1742 740 1882 793 male
1909 739 1975 792 ab
2001 738 2176 791 haere-

514 825 525 899 ξ
587 842 711 897 ticis
738 839 973 910 gerenda
1015 838 1317 905 signantur,
1350 836 1477 889 dum
1507 835 1678 889 virtus
1703 832 1843 886 sacri
1872 822 2071 899 eloquii
2098 830 2177 884 sic

510 952 513 955 <
587 938 856 984 transacta
901 935 1107 993 narrat,
1156 934 1216 980 ut
1244 934 1471 980 ventura
1500 922 1801 992 exprimat;
1834 920 1913 975 sic
1950 920 2002 972 in
2034 917 2176 972 facto

587 1035 701 1075 rem
732 1019 1015 1088 approbat,
1046 1025 1106 1072 ut
1131 1016 1180 1071 ei
1202 1017 1255 1070 in
1286 1013 1544 1085 mysterio
1574 1012 1942 1074 contradicat;
1973 1010 2052 1063 sic
2080 1023 2174 1078 ge-

586 1119 668 1166 sta
697 1110 940 1174 damnat,
971 1116 1031 1163 ut
1055 1109 1170 1162 haec
1197 1106 1421 1176 mystice
1451 1103 1686 1173 gerenda
1718 1100 2058 1171 persuadeat.

659 1199 862 1254 Sensus
892 1212 1138 1255 mensus.
1168 1227 1240 1238 —-
1263 1194 1409 1267 [Vet.
1441 1190 1659 1263 XXII].
1695 1190 1780 1244 56.
1814 1188 1917 1244 Cur
1937 1189 2177 1242 diabolus

588 1291 869 1364 aliquando
891 1308 924 1343 α
944 1291 1226 1343 tentatione
1245 1283 1739 1357 quiescat.——lgitur
1761 1283 1883 1351 quia
1909 1279 2177 1347 allegoriae

588 1382 843 1455 mysteria
892 1380 1233 1435 membratim
1282 1375 1581 1432 enodantes
1628 1372 1981 1441 explevimus,
2033 1382 2177 1423 nunc

586 1474 910 1530 moralitatis
939 1469 1347 1538 intelligentiam
1380 1467 1573 1534 raptim
1602 1472 1886 1541 tangentes
1911 1475 2177 1529 exsequa—

586 1582 727 1622 mur.
761 1564 842 1619 Ad
876 1563 1190 1618 obscuriora
1221 1560 1422 1627 quippe
1450 1544 1761 1610 disserenda
1794 1568 1950 1609 mens
1978 1544 2178 1621 pr0pe-

586 1667 701 1723 rat;
747 1664 804 1711 et
832 1655 877 1709 si
906 1654 1106 1723 apertis
1135 1652 1225 1705 diu
1269 1649 1579 1713 involvitur,
1613 1648 1817 1711 clausa,
1848 1654 1908 1699 ut
1955 1645 2172 1713 dignum

2275 457 2619 526 cogitationis
2640 454 2866 519 illicitae,
2892 451 3257 521 nosmetipsos
3293 465 3487 519 aspere
3517 449 3893 517 dijudicando

2274 552 2615 607 mundamus.
2667 549 2854 603 Potest
2882 547 3048 600 etiam
3097 552 3237 599 testa
3266 542 3526 611 fragilitas
3557 542 3890 596 mortalita-

2275 645 2344 697 tis
2378 642 2619 710 intelligi.
2649 639 2810 694 Testa
2840 652 2969 707 ergo
2994 637 3200 692 saniem
3230 637 3518 699 mundare,
3551 644 3635 688 est
3664 642 3892 690 morta-

2274 733 2443 789 litatis
2474 746 2692 787 cursum
2744 729 3198 795 fragilitatemque
3242 740 3493 795 pensare,
3538 732 3594 779 et
3622 724 3891 795 putredi-

2278 842 2400 881 uem
2430 825 2640 879 miserae
2662 820 3038 877 delectationis
3063 819 3395 886 abstergere‘.
3424 817 3557 872 Nam
3582 796 3711 871 dum
3735 818 3893 886 quis-

2277 934 2383 987 que.
2413 902 2750 981 considerat,
2782 929 2943 983 quam
2986 913 3149 968 citius
3184 927 3313 967 caro
3352 909 3421 964 ad
3458 910 3745 975 pulverem
3789 923 3892 961 re—

2278 1010 2424 1077 deat,
2457 1008 2647 1063 festiue
2676 1013 2899 1076 superat
2945 1004 3071 1067 hoc,
3102 1001 3247 1072 quod
3300 1015 3359 1055 se
3400 1000 3469 1055 de
3509 1013 3677 1054 carne
3725 997 3889 1052 intus

2279 1099 2508 1167 turpiter
2552 1098 2855 1165 impugnat.
2887 1092 3019 1147 Cum
3062 1105 3192 1159 ergo
3237 1105 3305 1144 ex
3347 1087 3650 1143 tentatione
3704 1100 3885 1156 prava

2279 1177 2514 1244 mentem
2538 1187 2799 1257 cogitatio
2831 1183 3025 1248 inﬂuit,
3056 1182 3211 1252 quasi
3236 1195 3304 1235 ex
3322 1180 3547 1236 vulnere
3576 1177 3762 1231 sanies
3784 1176 3887 1231 de-

2278 1283 2465 1339 currit.
2492 1282 2599 1336 Sed
2624 1268 2783 1335 eitius
2805 1279 2982 1334 sanies
3014 1275 3261 1343 tergitur,
3282 1273 3327 1327 si
3353 1273 3405 1327 in
3431 1270 3887 1327 consideratione

2280 1383 2464 1431 nostra
2493 1372 2752 1441 fragilitas
2778 1370 2931 1439 quasi
2958 1369 3011 1423 in
3041 1382 3203 1421 manu
3236 1373 3373 1419 testa
3403 1371 3669 1417 teneatur.

2352 1466 2438 1521 59.
2474 1448 2825 1534 Cagitationes
2854 1475 3032 1529 pravas
3060 1476 3165 1512 non
3193 1466 3313 1511 sunt
3337 1454 3755 1526 spernendte.-—
3773 1452 3884 1508 Ne-

2278 1574 2383 1629 que
2403 1544 2545 1612 enim
2568 1557 2713 1626 parvi
2736 1552 3017 1625 pendenda
3039 1560 3165 1628 sunt
3185 1564 3323 1618 quae,
3348 1545 3596 1616 quamvis
3617 1560 3795 1613 usque
3813 1544 3880 1597 ad

2279 1636 2528 1704 effectum
2560 1663 2666 1701 non
2690 1645 3029 1716 pertrahunt,
3057 1652 3238 1695 tamen
3270 1639 3519 1694 illicitein
3546 1645 3731 1692 mente
3754 1653 3881 1692 ver-

586 1756 689 1814 est,
723 1746 939 1816 pulsare
969 1742 1316 1814 praepeditur.
1345 1740 1499 1809 Saepe
1525 1738 1777 1807 antiquus
1817 1736 1986 1791 hostis
2017 1744 2171 1805 pos't-
2205 1750 2251 1809 Β
2276 1749 2480 1793 santnr.
2515 1738 2649 1791 Hinc
2668 1746 2750 1791 e:t
2778 1735 2922 1803 quod
2950 1733 3103 1804 quasi
3146 1747 3176 1785 a
3200 1730 3509 1784 vulneribus
3540 1727 3879 1795 Redemptor

584 1851 745 1906 quam
777 1836 943 1890 menti
976 1844 1176 1889 nostra:
1202 1832 1564 1888 tentationnm
1591 1824 1868 1885 certamen
1900 1825 2174 1895 inﬂixerit,

586 1930 654 1984 ab
685 1928 803 1998 ipso
851 1944 953 1983 suo
999 1926 1295 1982 certamine
1321 1923 1387 1977 ad
1438 1932 1650 1992 tempus
1680 1919 1916 1985 recedit;
1959 1935 2067 1972 non
2118 1925 2177 1971 ut

586 2020 804 2074 malitia:
835 2017 995 2073 finem
1036 2016 1293 2086 praebeat,
1327 2013 1422 2069 sed
1452 2022 1511 2067 ut
1536 2011 1703 2067 corda
1732 2025 1851 2079 quae
1880 2023 1975 2079 per
2021 2006 2175 2076 quie-

586 2120 695 2166 tem
720 2127 909 2166 secura
938 2110 1255 2172 reddiderit,
1284 2114 1510 2177 repente
1534 2105 1751 2160 rediens
1779 2103 1988 2157 facilius
2012 2101 2179 2172 inopi-

588 2212 748 2258 natus
778 2204 1063 2272 irrumpat.
1089 2199 1224 2254 Hinc
1253 2197 1496 2268 estquod
1524 2196 1589 2251 ad
1620 2193 1937 2250 tentandum
1961 2193 2179 2247 beatum

586 2296 760 2348 virum
789 2295 981 2348 iterum
1012 2292 1173 2359 redit,
1204 2291 1430 2359 ejusque
1459 2288 1732 2343 cruciatus
1761 2283 1984 2354 expetit,
2018 2297 2177 2350 quem

589 2396 770 2440 tamen
798 2385 847 2440 ei
873 2398 1108 2453 superna
1141 2383 1315 2452 pictas
1342 2379 1625 2434 retinendo
1650 2375 1922 2443 concedit,
1954 2374 2135 2429 dicens
2162 2391 2174 2425 :

1152 2469 1381 2525 CAPUT
1422 2460 1611 2522 XXIX.

660 2565 825 2621 Vens.
859 2565 911 2619 6.
946 2596 1014 2606 -
1039 2563 1173 2619 Ecce
1188 2564 1240 2616 in
1266 2577 1422 2615 manu
1447 2570 1535 2613 tua
1569 2567 1678 2626 est,
1710 2565 1912 2611 tantum
1948 2558 2180 2610 animam

595 2636 739 2690 illius
764 2653 932 2689 serra.

663 2724 752 2779 57.
785 2723 1107 2796 Quandoque
1138 2722 1279 2777 Deus
1308 2738 1401 2777 nos
1432 2720 1622 2774 deserit
1650 2728 1706 2771 ut
1735 2718 2011 2772 custodiat.
2047 2716 2181 2770 Ten-

591 2818 716 2869 tatio
745 2817 806 2885 ﬁt
830 2816 975 2869 salva
1006 2817 1200 2879 anima,
1234 2815 1322 2867 ubi
1348 2822 1568 2884 negatur
1597 2826 1875 2865 consensus
1895 2847 1909 2862 .
1938 2808 2181 2862 Delecta-

591 2911 746 2964 tionis
768 2918 940 2963 tamen
963 2909 1144 2963 vulnus
1167 2908 1390 2978 paeniten
1400 2906 1471 2959 tia
1492 2900 1968 2958 curandum—Sic
1982 2901 2184 2971 quippe

590 3001 681 3053 ille
709 3016 811 3055 nos
831 3000 1053 3065 deserit,
1089 3008 1147 3053 ut
1183 2996 1486 3061 custodTat;
1520 2996 1601 3049 sic
1630 2993 1887 3065 custodit,
1917 3000 1977 3046 ut
2005 3001 2182 3045 tamen

2278 1839 2464 1884 noster
2492 1828 2695 1882 saniem
2726 1826 2918 1881 radere
2941 1831 3186 1886 venerat,
3210 1836 3329 1874 cum
3360 1818 3571 1873 dicebat
3599 1836 3611 1871 :
3638 1817 3877 1870 Audistis

2277 1923 2396 1991 quia
2435 1923 2625 1973 dictum
2655 1928 2730 1972 est
2762 1900 3031 1987 antiquis:
3057 1911 3109 1965 Ν
3115 1902 3193 1966 οη’
3213 1910 3564 1965 masc/iuberis.
3617 1907 3737 1979 Ego
3770 1924 3871 1959 au-

2280 2024 2378 2066 tem
2410 2013 2524 2065 dico
2555 2011 2695 2065 vobis
2727 2009 2861 2081 quod
2889 2009 2935 2061 si
2963 2007 3075 2078 quis
3104 1990 3283 2058 viderit
3326 2002 3588 2056 mulierem
3631 2001 3705 2052 ad
3744 2017 3878 2053 cou—

2279 2104 2643 2173 cupiscendum
2670 2119 2804 2166 eam,
2830 2100 2946 2171 jam
2973 2097 3255 2177 mwchatus
3278 2104 3353 2177 est
3381 2111 3491 2148 eam
3512 2096 3563 2148 in
3587 2092 3749 2148 corde
3779 2108 3877 2146 suo

2280 2172 2564 2265 (Hatthw,
2587 2192 2701 2263 27).
2728 2192 2917 2246 Sanies
2947 2172 3130 2258 itaque
3157 2172 3404 2255 tergitur,
3427 2201 3546 2240 cum
3573 2185 3736 2265 culpa
3765 2199 3877 2237 non

2280 2285 2454 2339 solum
2484 2284 2552 2338 ab
2583 2298 2767 2353 opere,
2800 2280 2896 2336 sed
2927 2281 3088 2335 etiam
3121 2294 3151 2332 a
3194 2276 3522 2346 cogitatione
3566 2283 3872 2348 resecatur.

2281 2375 2417 2429 llinc
2440 2382 2539 2440 est,
2569 2373 2713 2441 quod
2742 2369 2766 2408 ά
2793 2369 3044 2425 Jerobaal
3071 2384 3192 2423 cum
3225 2382 3255 2421 a
3288 2366 3455 2435 paleis
3484 2356 3752 2419 frumenta
3788 2379 3879 2431 ex-

2281 2474 2513 2535 cuferet,
2545 2465 2795 2533 angelum
2826 2463 2981 2528 vidit,
3007 2461 3075 2517 ad
3105 2460 3257 2528 cujus
3289 2457 3579 2528 imperium
3625 2456 3876 2527 protinus

2282 2559 2492 2613 haedum
2523 2556 2685 2621 coxit,
2710 2570 2870 2624 quem
2897 2569 3059 2623 super
3088 2560 3296 2621 petram
3329 2550 3530 2619 posuit,
3555 2559 3612 2603 et
3636 2549 3724 2617 jus
3752 2563 3875 2601 car-

2281 2649 2430 2703 nium
2460 2651 2691 2716 desuper
2719 2643 2935 2709 eﬂ‘udit;
2967 2658 3085 2711 qum
3125 2641 3346 2707 angelus
3374 2639 3521 2707 virga
3556 2638 3748 2705 tetigit,
3782 2653 3873 2690 ea-

2283 2756 2389 2811 que.
2419 2742 2556 2807 ignis
2581 2743 2767 2794 exiens
2794 2738 2859 2793 de
2891 2745 3043 2807 petra
3081 2732 3415 2802 consumpsit
3465 2731 3624 2799 (Jud.
3649 2747 3734 2793 vr,
3773 2730 3870 2794 Hi,

2285 2834 2372 2901 12,
2406 2834 2517 2904 19).
2551 2831 2688 2899 Quid
2739 2838 2821 2885 est
2867 2830 3008 2884 enim
3062 2829 3391 2882 frumentum
3445 2824 3593 2891 virga
3644 2825 3873 2886 cedere,

2285 2928 2384 2982 nisi
2422 2925 2749 2981 rectitudine
2775 2924 2983 2993 judicii,
3033 2938 3063 2975 a
3110 2921 3359 2974 vitiorum
3413 2918 3583 2987 paleis
3612 2918 3875 2970 virtutum

2285 3033 2448 3088 grana
2475 3018 2764 3088 separare?
2793 3015 2898 3070 Sed
2928 3016 3043 3069 haec
3068 3013 3349 3081 agentibus
3371 3009 3592 3078 angelus
3622 3017 3872 3077 apparet,

591 3094 859 3185 ι’θτπιίεερ
903 3092 1219 3185 ίθηίθίίοηίδ
1247 3089 1478 3185 “me”?
1506 3089 1616 3185 $6
1658 3094 1858 3185 smmi“
1888 3085 2046 3185 ξὀιζίδ
2085 3098 2183 3185 ¹ξ⁰ξ
2214 3124 2259 3185 C
2292 3085 2414 3177 quia
2449 3085 2600 3162 tanto
2622 3106 2793 3176 magis
2816 3106 3074 3159 Dominus
3096 3102 3354 3158 interiora
3379 3099 3682 3161 denuntiat,
3710 3115 3878 3169 quan«

589 3194 718 3240 stra:
748 3184 1077 3238 infirmitatis
1122 3181 1397 3237 ostendat.
1433 3180 1533 3245 Qui
1563 3194 1691 3234 mox
1723 3194 1752 3231 a
1801 3177 1936 3231 facie
1968 3176 2181 3229 Domini

589 3273 744 3327 exiit.
779 3281 943 3340 atque
974 3287 1003 3324 a
1038 3271 1222 3339 planta
1252 3270 1403 3339 pedis
1449 3284 1619 3336 usque
1644 3268 1709 3321 ad
1735 3268 1992 3322 verticem
2024 3281 2178 3321 acce-

588 3370 743 3433 ptum
776 3359 1022 3415 feriendo
1054 3359 1374 3425 vulneravit,
1406 3358 1532 3427 quia
1572 3357 1821 3429 nimirum
1855 3372 1974 3410 cum
2007 3356 2181 3409 licen-

592 3456 725 3509 tiam
781 3453 1041 3523 percipit,
1094 3468 1123 3505 a
1175 3451 1405 3505 minimis
1459 3450 1749 3518 incipiens,
1803 3456 1979 3523 atque
2016 3462 2185 3516 usque

592 3548 660 3599 ad
718 3544 922 3611 majora
976 3543 1316 3612 perveniens,
1359 3541 1510 3610 quasi
1542 3554 1702 3594 omne
1737 3550 1756 3576 ε
1791 3520 1987 3608 corpus
2036 3554 2186 3591 men-

594 3638 661 3691 tis
716 3636 879 3689 illatis
931 3634 1322 3690 tentationibus
1382 3630 1671 3686 laeerando
1722 3629 2004 3696 transligit.
2080 3627 2186 3682 Sed

592 3739 775 3784 tamen
803 3729 868 3782 ad
899 3728 1133 3781 animam
1166 3725 1409 3780 feriendo
1453 3740 1560 3778 non
1592 3722 1876 3795 pervenit,
1903 3722 2027 3790 quia
2056 3736 2189 3775 cun-

591 3824 694 3878 ctis
722 3821 1142 3890 cogitationibus
1170 3819 1416 3883 interior,
1464 3818 1606 3871 inter
1635 3817 1752 3885 ipsa
1780 3814 2003 3868 vulnera
2041 3812 2187 3866 dele-

592 3915 891 3970 ctationum
924 3928 1043 3982 quae
1063 3911 1311 3979 suscipit,
1336 3908 1519 3965 arcani
1550 3906 1813 3977 propositi
1846 3904 2072 3960 intentio
2103 3918 2189 3957 re-

591 4007 762 4070 sistit;
795 4014 856 4060 ut
883 4005 1131 4075 quamvis
1174 4002 1466 4058 delectatio
1498 4009 1734 4056 mentem
1765 3999 2032 4063 mordeat,
2062 3996 2189 4051 deli-

590 4098 926 4156 berationem
957 4106 1134 4150 tamen
1165 4103 1366 4150 sanctae
1395 4092 1739 4148 rectitudinis
1770 4105 1948 4159 usque.
1973 4089 2047 4151 ad,
2067 4104 2187 4143 con-

592 4205 788 4245 sensus
832 4187 1111 4243 mollitiem
1145 4202 1253 4242 non
1285 4185 1548 4241 inﬂectat.
1581 4183 1852 4238 Debemus
1885 4189 2063 4235 tamen
2095 4194 2191 4250 per

594 4283 941 4351 asperitatem
986 4279 1319 4349 pmnitentim
1369 4278 1483 4344 ipsa
1514 4275 1937 4330 delectationum
1968 4272 2190 4345 vulnera

595 4384 841 4443 tergere,
873 4379 929 4425 ct
966 4387 1194 4427 censura
1222 4368 1576 4425 districtionis
1620 4366 1825 4434 rigidm,
1858 4364 1903 4417 si
1933 4362 2061 4432 quid
2089 4362 2190 4416 ﬂu-

2286 3210 2343 3256 to
2388 3215 2447 3254 se
2493 3199 2783 3254 studiosius
2828 3196 3075 3252 homines
3118 3196 3185 3249 ab
3215 3192 3574 3249 exterioribus
3619 3200 3871 3261 purgant.

2287 3291 2389 3358 Qui
2419 3290 2593 3345 occidi
2624 3288 2834 3343 haedum
2879 3286 3137 3357 praecipit,
3172 3285 3225 3339 id
3266 3292 3367 3347 est,
3414 3296 3633 3336 onmem
3664 3282 3875 3350 appeti-

2288 3390 2399 3437 tum
2431 3388 2629 3435 nostrae
2651 3378 2828 3433 carnis
2849 3375 3136 3439 immolari,
3164 3387 3461 3440 carnesque
3482 3386 3643 3440 super
3668 3380 3874 3439 petram

2287 3471 2437 3543 poni,
2469 3479 2524 3525 et
2546 3470 2635 3540 jus
2664 3468 2908 3523 carnium
2939 3466 3171 3534 desuper
3198 3461 3367 3517 fundi.
3401 3460 3571 3526 Quem
3617 3460 3775 3513 alium
3807 3460 3879 3511 si-

2289 3572 2417 3633 gnat
2447 3571 2623 3633 petra,
2673 3561 2774 3631 nisi
2802 3573 2945 3623 eum,
2980 3557 3060 3625 de,
3093 3571 3202 3623 quo
3250 3567 3348 3623 per
3387 3551 3611 3605 Paulum
3640 3550 3876 3604 dicitur:

2292 3653 2449 3709 Petra
2477 3663 2648 3707 autem
2678 3660 2789 3705 erat
2817 3650 3052 3704 Christus
3088 3646 3137 3719 (I
3164 3646 3287 3700 Cor.
3316 3662 3347 3698 χ
3366 3687 3380 3712 ,
3411 3643 3490 3710 4).
3517 3641 3722 3697 Carnes
3749 3656 3878 3709 ergo

2289 3760 2452 3815 super
2482 3753 2687 3813 petram
2717 3741 2987 3812 ponimus,
3013 3754 3134 3794 cum
3166 3752 3363 3806 corpus
3388 3743 3631 3789 nostrum
3658 3734 3712 3787 in
3732 3732 3880 3785 Chri-

2289 3834 2359 3889 sti
2393 3833 2693 3888 imitatione
2715 3829 3039 3885 cruciamus.
3070 3826 3165 3881 Jus
3195 3826 3357 3881 etiam
3384 3824 3627 3879 carnium
3651 3823 3878 3890 desuper

2290 3923 2482 3986 fundit,
2515 3922 2607 3992 qui
2641 3922 2691 3974 in
2721 3918 3135 3975 conversatione
3163 3914 3361 3968 Christi
3388 3915 3529 3984 ipsas
3567 3928 3596 3967 a
3631 3928 3689 3966 se
3717 3912 3877 3965 etiam

2290 4014 2537 4072 carnales
2572 4011 2929 4081 cogitationes
2959 4008 3219 4062 exinanit.
3256 4015 3278 4042 ε
3304 4004 3468 4071 Quasi
3499 4005 3641 4059 enim
3688 4003 3772 4071 jus
3811 4018 3877 4055 ex

2289 4122 2453 4161 carne
2480 4103 2683 4173 liquida
2714 4102 2767 4156 in
2792 4109 3001 4171 petram
3035 4098 3293 4163 funditur,
3320 4095 3536 4165 quando
3580 4110 3732 4149 mens
3764 4102 3814 4147 et
3848 4107 3876 4145 a

2290 4196 2675 4266 cogitationum
2705 4193 3001 4249 carnalimn
3029 4189 3179 4244 ﬂuxu
3212 4198 3491 4243 vacuatur.
3546 4186 3676 4254 Quae
3706 4196 3877 4240 tamen

2290 4305 2416 4345 mox
2448 4287 2671 4356 angelus
2701 4286 2806 4355 97
2838 4283 2987 4352 virga
3010 4282 3202 4351 tangit,
3246 4281 3369 4350 quia
3397 4279 3753 4334 intentionem
3782 4293 3880 4331 no-

2290 4390 2456 4435 stram
2486 4391 2826 4447 nequaquam
2873 4382 3117 4443 potestas
3160 4371 3326 4426 divini
3359 4369 3612 4439 adjutorii
3662 4367 3877 4422 deserit.

596 4480 724 4519 xum
756 4472 970 4518 emanat
1017 4463 1069 4517 in
1112 4462 1461 4532 cogitatione,
1514 4459 1796 4513 mundare.
1848 4453 2001 4509 Unde
2050 4455 2183 4509 bene

2294 4471 2371 4526 De
2391 4479 2543 4540 petra
2568 4476 2745 4522 autem
2769 4465 2907 4535 ignis
2922 4465 3054 4532 exit,
3083 4471 3139 4518 et
3158 4465 3247 4533 jus
3270 4476 3570 4530 carnesque
3593 4459 3884 4523 consumit,

596 4572 723 4612 uiox
747 4556 1013 4620 subditur,

979 4647 1209 4704 CAPUT
1241 4645 1386 4701 xxx
1414 4644 1564 4715 mea.
1597 4639 1817 4711 XVII].

668 4767 833 4821 Vens.
866 4765 920 4819 8.
953 4796 1023 4805 —
1054 4763 1189 4828 Quia
1209 4771 1336 4815 testa
1358 4760 1557 4813 san'em
1586 4756 1821 4810 radebat.

671 4858 760 4912 58.
808 4857 945 4922 Quia
987 4865 1118 4910 testa
1150 4854 1349 4907 saniem
1389 4849 1574 4904 radere
1602 4857 1678 4902 est
1715 4863 1769 4899 se
1779 4844 2067 4915 judicando
2090 4844 2203 4915 fra-

596 4952 948 5023 gilitatemque
976 4963 1121 5001 suam
1150 4940 1547 5011 contemplanda
1576 4947 1839 5008 peccatum
1870 4952 2112 5005 purgare,
2131 4966 2194 4978 --

596 5042 736 5109 Quid
766 5040 909 5096 enim
928 5054 1023 5108 per
1044 5027 1930 5101 testam,nisivigordistrictiouis;
1963 5025 2086 5094 quid
2108 5040 2203 5094 per

597 5133 830 5201 saniem,
856 5132 957 5187 nisi
974 5130 1149 5188 ﬂuxus
1169 5127 1368 5182 illicitae
1396 5121 1739 5192 cogitationis
1768 5119 2050 5188 accipitur?
2066 5116 2198 5171 Pcr~

669 5274 696 5302 ⁸
736 5263 796 5319 ln
824 5262 990 5318 duob.
1024 5259 1253 5326 Rcmig.,
1284 5257 1449 5310 duob.
1483 5256 1674 5326 Rhein.
1707 5260 1761 5307 et
1789 5252 1951 5326 Corb.
1984 5248 2192 5314 Germ.,

599 5334 725 5410 quid
740 5333 923 5410 pavit!
945 5323 1382 5410 sacriusfble1ius
1428 5326 1544 5410 val.
1565 5325 1678 5410 _(.3l.,
1702 5323 1976 5410 sacratius.

673 5388 700 5444 δ
739 5404 816 5459 Ita
839 5405 1022 5475 plures
1051 5411 1113 5475 et
1132 5400 1370 5475 melioris
1400 5405 1539 5451 notae
1562 5388 1712 5475 Mss),
1737 5394 1900 5475 Gilot.
1932 5399 1986 5469 e_t
2008 5388 2188 5468 Guss.,

600 5461 858 5531 detracta.
888 5473 1267 5544 praepositione
1297 5470 1371 5544 in,
1422 5466 1893 5544 prqplietiteﬂsing.
1945 5461 2195 5544 ignoscit:

605 5530 779 5611 tiam;
816 5530 903 5601 cui
952 5530 1078 5598 lect.
1113 5544 1292 5595 favent
1320 5530 1919 5611 Mss'.ACorb.,‘Germ.,
1958 5530 2110 5585 Colh.
2143 5536 2199 5581 et.

604 5605 766 5683 ch.,
795 5618 845 5669 in
874 5615 1071 5683 quibus
1098 5612 1301 5683 legitur
1321 5608 1623 5683 prop/retire,
1678 5605 1908 5661 fortasse
1936 5617 2034 5671 pro
2076 5614 2199 5667 pro-

604 5679 824 5757 phéticc,
857 5679 1000 5757 quod
1031 5679 1482 5757 habetitpl._Mss.

682 5767 705 5795 ε
748 5740 1003 5811 Mendosc
1030 5754 1224 5822 legitur
1248 5740 1297 5805 in
1328 5751 1486 5805 Guss.
1533 5765 1735 5820 corpus,
1770 5743 1946 5800 menti.
1998 5740 2203 5808 Legen-

2294 4565 2421 4634 qnia
2463 4564 2675 4617 aﬂlatus
2708 4576 2738 4615 a
2785 4559 3149 4628 Redemptore
3194 4557 3432 4627 spiritus,
3483 4564 3623 4610 tanta
3650 4570 3749 4609 cor
3794 4570 3886 4607 no-

2298 4669 2468 4712 strum
2501 4654 2714 4709 ﬂamma
2769 4649 3205 4721 compunctionis
3233 4655 3570 4712 concremat,
3615 4652 3677 4699 nt
3725 4661 3885 4700 omne

2300 4748 2445 4818 quod
2467 4748 2519 4801 in
2549 4761 2616 4801 eo
2646 4752 2729 4800 est
2754 4744 2999 4798 illicitum
3032 4748 3086 4794 et
3116 4741 3297 4810 operis
3318 4748 3376 4794 et
3414 4738 3758 4805 cogitationis
3796 4752 3885 4791 ex-

2305 4850 2443 4906 urat.
2475 4840 2631 4906 Quod
2656 4852 2786 4905 ergo
2816 4837 2925 4891 illic
2953 4844 3038 4890 est
3062 4834 3150 4902 jus
3176 4834 3229 4887 in
3259 4841 3468 4903 petram
3495 4831 3740 4895 fundere,
3784 4831 3885 4884 hoc

2306 4942 2388 4988 est
2416 4932 2505 4995 hic
2546 4930 2749 4985 saniem
2780 4934 2915 4981 testa
2955 4925 3237 4979 mundare.
3290 4921 3533 4977 Perfecta
3561 4920 3705 4976 enim
3738 4935 3886 4975 mens

2305 5023 2536 5078 solerter
2559 5020 2819 5087 invigilat,
2866 5025 2925 5071 ut
2951 5031 3057 5069 non
3102 5014 3276 5069 solum
3320 5026 3575 5081 perversa
3607 5024 3767 5079 agere
3797 5027 3884 5063 re-

2305 5125 2457 5184 nuat,
2484 5114 2580 5170 sed
2622 5127 2783 5168 omne
2830 5109 2992 5165 etiam
3024 5106 3169 5177 quod
3213 5105 3265 5160 in
3294 5118 3355 5159 sc
3393 5118 3489 5174 per
3530 5103 3886 5171 cogitationes

2300 5253 2427 5307 dum
2451 5266 2635 5320 corpus
2661 5247 2867 5320 utentis,
2915 5242 3058 5313 quod
3089 5240 3239 5320 _apud
3285 5236 3602 5320 Gregorium
3633 5237 3889 5306 significat

2300 5324 2513 5378 omnem
2542 5309 2874 5373 'facultatum
2935 5309 3146 5368 mentis
3186 5326 3251 5366 ac
3311 5309 3699 5378 cogitationum
3743 5324 3890 5361 com-

2293 5394 2899 5517 ριοάχιῧὲῗίῐὲίριϐυεε..
2949 5468 3049 5524 pro
3077 5449 3365 5524 AIerobaal,
3410 5448 3612 5524 habent
3667 5446 3893 5524 ({edcan.

2374 5543 2397 5571 ε
2439 5532 2704 5598 Corrupte
2758 5518 3033 5598 F_loriac.,_
3061 5521 3269 5598 Germ.,
3318 5520 3516 5598 βοτὴρ.
3563 5518 3712 5598 quasi
3763 5519 3889 5569 enim

2304 5621 2405 5657 res.
2459 5602 2514 5654 In
2552 5588 2963 5663 vatic.,Gilot.,
2994 5592 3179 5661 Guss.,
3229 5591 3425 5660 legitur
3480 5588 3751 5659 liquidum,
3798 5600 3891 5655 pro

2305 5673 2520 5745 liquida,
2555 5671 2781 5732 scilicet,
2836 5684 3010 5723 carne.
