4030 6332
173 302 280 358 629

1093 294 1449 352 MORALIUM
1492 293 1620 349 LIB.
1663 289 1752 346 111.
1793 317 1863 329 -
1905 290 1969 345 IN
2008 292 2160 350 CAP.
2208 295 2248 350 11
2293 296 2350 351 Β.
2392 297 2534 354 JOB.

3341 302 3447 360 630

173 413 401 482 turpiter
428 411 662 480 liquatur
687 415 879 478 terget.
913 405 1057 480 [γει.
1092 405 1365 476 ΧΧ111.]-
1391 385 1496 459 Sed
1525 417 1668 472 sazpe
1695 399 1764 454 de
1792 397 1843 459 A
1869 399 2023 470 tingit
2071 412 2128 458 ut
2155 404 2199 459 is
2224 419 2385 474 quem
2415 407 2638 461 avaritia
2670 407 2897 475 sauciat,
2927 409 3090 464 alium
3134 411 3185 465 in
3228 409 3452 471 luxuria:

175 505 291 573 ipsa
318 503 538 558 victoria
568 501 764 557 bellum
795 501 988 564 oritur,
1021 509 1082 554 ut.
1108 513 1230 554 cum
1261 497 1532 552 immunda
1557 494 1761 562 cogita-

176 595 256 648 tio
298 593 544 659 vincitur,
577 591 797 648 victoris
841 591 1056 645 animus
1099 590 1334 643 elatione
1361 589 1624 657 pulsetur.
1671 585 1762 640 Sic

173 701 310 756 ergo
337 696 569 742 mentem
595 703 816 743 necesse
837 695 920 742 est
948 702 1045 756 per
1072 686 1388 740 munditiam
1415 686 1568 753 erigi,
1603 693 1661 739 ut
1683 692 1764 738 ta-

173 797 300 835 men
329 780 558 835 sollicite
588 779 785 834 debeat
831 779 886 832 in
939 778 1246 832 humilitate
1291 776 1580 831 substerni.
1611 775 1760 849 [Rec.

185 869 291 924 XX
309 870 496 942 ΗΠ]
542 869 696 925 Unde
722 879 779 925 et
819 886 943 924 cum
980 869 1048 924 de
1087 878 1276 925 sancto
1309 869 1429 922 viro
1467 867 1761 929 diceretur,

175 962 336 1022 Testa
362 963 559 1018 saniem
589 960 826 1027 radebat,
861 961 1106 1030 protinus
1129 970 1257 1032 apte
1285 959 1654 1030 subiungitur,

741 1082 970 1141 CAPUT
1012 1082 1196 1139 XXXI.

246 1175 377 1232 leto.
394 1174 464 1219 -—'-
477 1176 676 1232 Sedens
705 1178 760 1231 in
790 1176 1130 1247 sterquilinio.

244 1286 338 1342 60.
381 1287 704 1343 Tentatianis
753 1289 915 1342 victor
960 1287 1305 1342 humilitatem
1358 1295 1539 1340 servet.
1588 1282 1764 1338 Elatia

171 1395 339 1447 parva
383 1382 666 1452 agentium,
712 1389 763 1435 et
807 1397 1001 1451 magna
1031 1381 1096 1434 de
1120 1397 1176 1434 se
1203 1380 1552 1434 sentientium.
1589 1376 1766 1432 Elatia

169 1467 492 1540 iniquorum,
521 1470 609 1525 ubi
634 1472 728 1526 alii
754 1480 967 1542 peccant
993 1472 1047 1544 in
1072 1469 1252 1542 quibus
1281 1471 1380 1540 ipsi
1406 1487 1508 1524 non
1538 1476 1763 1538 peccent.

167 1557 327 1613 -ιη
356 1560 694 1628 sterquilinio
737 1561 935 1630 quippe
982 1561 1208 1626 sedere,
1260 1567 1342 1615 est
1386 1561 1511 1614 vilia
1542 1568 1566 1596 °
1597 1558 1664 1613 de
1708 1573 1768 1612 se

167 1641 487 1718 quempiam
517 1660 572 1705 et
599 1649 807 1720 abjecta
849 1651 1074 1707 sentire.
1121 1649 1178 1702 In
1225 1649 1563 1718 sterquilinio
1612 1649 1766 1704 nobis

165 1738 394 1809 sedere,
422 1749 502 1795 est
533 1741 600 1796 ad
628 1757 692 1796 ea
717 1756 835 1812 qua:
860 1741 1042 1797 illicite
1066 1741 1328 1810 gessimus
1356 1741 1552 1797 mentis
1578 1741 1765 1796 oculos

164 1830 494 1896 pmriitendo
541 1831 828 1896 reducere;
873 1840 932 1885 ut
975 1847 1098 1887 cum
1142 1838 1268 1887 ante
1294 1847 1393 1886 nos
1418 1839 1766 1901 peccatorum
1801 1823 1844 1884 Β

165 1927 419 1974 stercora
448 1922 746 1985 cernimus,
789 1936 950 1978 omne
976 1920 1121 1992 quod
1149 1923 1202 1977 in
1229 1922 1410 1978 animo
1437 1923 1504 1977 de
1532 1924 1770 1980 elatione

169 2012 350 2080 surgit
388 2011 726 2068 inclinemus.
759 2013 817 2070 ln
847 2015 1184 2084 sterquilinio
1222 2015 1394 2079 sedet,
1425 2017 1518 2085 qui
1547 2014 1769 2072 inﬁrmi-

173 2108 343 2155 tatem
371 2115 522 2154 suam
550 2102 813 2158 sollicitus
839 2104 1080 2173 respicit,
1109 2112 1166 2160 et
1192 2119 1312 2160 sese
1339 2105 1405 2161 de
1441 2105 1616 2170 bonis,
1648 2120 1769 2174 qua:

175 2205 274 2258 per
299 2192 527 2258 gratiam
558 2195 882 2264 perceperit,
911 2211 1018 2250 non
1031 2197 1260 2252 extollit.
1279 2197 1359 2252 An
1398 2214 1508 2253 non
1538 2198 1677 2267 apud
1708 2212 1768 2254 se

177 2280 231 2335 in
252 2283 595 2353 sterquilinio
615 2285 886 2345 Abraham
909 2285 1149 2357 sederat,
1171 2290 1261 2358 qui
1284 2289 1534 2347 dicebat:
1560 2289 1770 2361 Loquar

175 2372 248 2429 ad
289 2371 572 2431 Dominum
598 2394 799 2443 meum,
847 2395 961 2434 cum
989 2382 1087 2436 sim
1117 2382 1279 2448 pulvis
1306 2391 1355 2437 et
1383 2383 1514 2442 cinis
1553 2382 1764 2452 (Genes.

177 2481 325 2531 xvut,
359 2466 489 2538 27)?
516 2469 718 2539 Aperte
745 2472 888 2526 enim
914 2472 1205 2538 cernimus,
1233 2474 1288 2530 in
1318 2489 1426 2543 quo
1455 2489 1515 2530 se
1543 2475 1682 2545 apud
1707 2489 1768 2530 se

172 2556 296 2612 loco
327 2567 608 2628 posuerat,
653 2561 745 2631 qui
790 2562 1067 2633 pulverem
1096 2579 1156 2620 se
1182 2579 1247 2620 ac
1277 2565 1512 2621 cinerem
1537 2606 1552 2632 ,
1602 2566 1764 2620 etiam

174 2646 298 2701 dum
327 2663 454 2703 cum
481 2648 594 2705 Deo
622 2649 956 2722 loqueretur,
984 2654 1302 2710 tesrimabat.
1334 2655 1390 2710 Si
1420 2655 1581 2724 igitur
1606 2655 1678 2710 ita
1707 2671 1766 2712 se

173 2734 422 2806 despicit,
451 2739 542 2808 qui
573 2754 742 2809 usque
784 2741 850 2797 ad
879 2743 1142 2798 honorem
1170 2744 1363 2800 divinae
1390 2744 1766 2801 collocationis

174 2829 440 2897 ascendit,
453 2831 682 2886 sollicita
705 2833 1002 2889 intentione
1023 2836 1355 2906 pensandum
1376 2844 1460 2893 est
1477 2851 1583 2906 qua
1603 2852 1762 2906 poma

173 2917 247 2974 illi
274 2918 511 2978 feriendi
538 2933 659 2977 sunt
689 2923 780 2993 qui
810 2933 863 2980 et
892 2926 959 2980 ad
987 2941 1193 2981 summa
1223 2944 1331 2982 non
1373 2928 1679 3000 proﬁciunt,
1710 2937 1764 2984 et

175 3017 364 3064 tamen
405 3011 472 3066 de
521 3013 755 3068 minimis
798 3017 1151 3073 extolluntur.
1181 3019 1314 3074 Nam
1345 3029 1470 3074 sunt
1497 3020 1759 3086 nonnulli,

175 3102 261 3169 qui
287 3118 416 3156 cum
445 3120 609 3174 parva
632 3116 814 3176 agunt,
847 3109 915 3163 de
939 3111 1242 3182 semetipsis
1270 3126 1460 3181 magna
1486 3113 1720 3168 sentiunt
1745 3131 1757 3166 :

1869 494 2124 562 voragine
2161 512 2394 552 mersum
2441 507 2662 566 cernat;
2703 509 2760 556 et
2801 503 2924 571 quia
2976 517 3035 558 se
3076 519 3105 558 a
3153 503 3457 574 pollutione

1863 584 2066 637 carnali
2093 585 2324 641 alienum
2370 589 2611 658 respicit,
2657 593 2768 662 93
2805 592 3000 660 quibus
3044 594 3158 663 ipse
3202 595 3452 651 sordibus

1864 678 2126 749 spiritalis
2172 679 2287 732 vitii
2337 681 2658 735 intrinsecus
2699 682 2984 751 polluitur,
3037 699 3143 738 non
3191 685 3453 754 attendit;

1864 768 2100 840 dumque
2131 770 2182 824 in
2215 771 2322 825 alio
2353 781 2545 840 pensat
2569 771 2768 825 malum
2799 772 2942 840 quod
2976 773 3089 843 ipse
3116 789 3222 827 non
3269 775 3454 843 habet,

1865 861 1918 920 in
1947 878 2006 916 se
2035 863 2252 932 negligit
2277 864 2622 920 considerare
2652 865 2798 933 quod
2829 865 2992 920 habet
3019 883 3032 919 :
3059 867 3243 936 sicque
3274 865 3352 930 ﬁt,
3397 877 3456 922 ut

1864 951 1992 1006 dum
2019 953 2085 1007 ad
2113 953 2288 1008 aliena
2317 955 2655 1024 dijudicanda
2685 972 2836 1012 mens
2865 957 3101 1026 ducitur,
3144 960 3344 1030 proprii
3367 961 3456 1029 ju-

1863 1042 1987 1100 dicii
2017 1043 2218 1100 lumine
2245 1045 2524 1115 privetur;
2555 1054 2612 1100 et
2639 1061 2706 1101 eo
2730 1047 2915 1103 durius
2939 1057 3130 1104 contra
3159 1049 3335 1106 aliena
3365 1066 3452 1106 su-

1865 1134 2106 1204 perbiat,
2137 1149 2246 1204 quo
2273 1150 2368 1190 sua
2400 1136 2755 1204 negligentius
2784 1138 3015 1207 ignorat.

1937 1238 2084 1312 [Vat
2112 1237 2251 1293 XXI
2265 1237 2354 1310 V.]
2384 1238 2469 1292 (il.
2507 1239 2865 1294 Humilitatem
2892 1243 2976 1310 qui
3002 1257 3106 1295 non
3136 1244 3318 1312 perdat
3343 1261 3459 1313 per-

1867 1333 2027 1403 fectus
2051 1373 2064 1397 ,
2108 1333 2297 1386 intuitu
2326 1333 2492 1402 culpa:
2530 1331 2738 1386 aliente.
2776 1332 3011 1388 Tentatio
3041 1336 3300 1389 interdum
3332 1339 3460 1406 foris

1864 1432 1914 1478 et
1941 1426 2080 1478 intus
2119 1425 2481 1495 pulsat.-—At
2521 1434 2710 1485 contra
2738 1426 2809 1490 hi,
2842 1427 2934 1494 qui
2965 1426 3031 1481 ad
3061 1443 3092 1480 a
3119 1435 3168 1480 ta
3199 1429 3458 1482 virtutum

1865 1529 2087 1584 surgere
2117 1515 2381 1570 veraciter
2408 1523 2670 1585 appetunt
2697 1558 2712 1584 ,
2743 1532 2866 1572 cum
2897 1517 3103 1573 alienas
3141 1519 3326 1588 culpas
3356 1535 3454 1574 au-

1867 1606 2041 1674 diunt,
2089 1623 2214 1662 mox
2258 1623 2354 1663 cor
2392 1607 2458 1661 ad
2489 1609 2738 1678 proprias
2767 1608 3058 1676 reducunt;
3103 1619 3158 1665 et
3189 1619 3338 1666 tanto
3369 1629 3459 1667 reo

1867 1699 2004 1753 ctius
2031 1698 2148 1753 illas
2175 1698 2487 1767 dijudicant,
2529 1711 2733 1768 quanto
2764 1701 2942 1756 verius
2973 1701 3104 1757 istas
3149 1702 3459 1772 deplorant.

1869 1786 2006 1852 Quia
2037 1787 2196 1854 igitur
2223 1789 2427 1844 electus
2453 1790 2683 1859 quisque
2710 1789 2761 1844 in
2794 1790 3119 1846 inlirmitatis
3143 1807 3254 1846 sua:
3283 1795 3454 1848 consi-

1873 1877 2155 1937 deratione
2183 1895 2242 1935 se
2268 1881 2593 1950 comprimit,
2620 1881 2831 1937 dicatur
2860 1893 3030 1951 recte,
3054 1885 3197 1953 quod
3227 1886 3308 1938 vir
3337 1901 3458 1940 san-

1872 1979 1992 2026 ctus
2023 1971 2076 2026 in
2111 1972 2451 2040 sterquilinio
2483 1973 2676 2031 dolens
2704 1974 2876 2029 sedet.
2923 1975 3025 2042 Qui
3056 1978 3198 2030 enim
3230 1993 3357 2031 vere
3401 1993 3461 2032 se

1871 2065 2145 2132 humiliat,
2195 2064 2220 2104 δ
2253 2067 2524 2122 continuae
2569 2067 3015 2125 consideratiouis
3057 2070 3235 2134 oculo,
3288 2081 3310 2108 ε
3342 2072 3461 2138 qni-

1870 2157 1970 2214 bus
1997 2157 2388 2228 circumseptus
2425 2159 2493 2213 sit
2539 2158 2858 2214 delictorum
2889 2158 3018 2214 sord
3044 2161 3140 2213 bus
3170 2159 3460 2228 proﬁciens

1869 2255 2080 2318 pensat.
2109 2247 2398 2303 Sciendum
2425 2263 2556 2304 vero
2586 2257 2669 2303 est
2711 2249 2834 2318 quia
2866 2248 3181 2319 plerumque
3232 2250 3284 2302 in
3335 2267 3461 2319 pro-

1868 2337 2040 2408 speris
2062 2337 2367 2408 importuna
2391 2338 2691 2395 tentatione
2713 2353 2862 2393 meus
2878 2340 3112 2407 tangitur
3128 2356 3141 2404 ;
3160 2339 3252 2393 sed
3277 2349 3458 2393 tamen

1869 2428 2156 2499 aliquando
2186 2436 2242 2484 et
2269 2429 2493 2484 adversa
2522 2430 2760 2484 exterius
2789 2430 3042 2499 patimur,
3071 2437 3128 2483 et
3158 2430 3300 2482 intus
3342 2438 3458 2483 ten-

1870 2519 2087 2574 tationis
2110 2518 2344 2590 impulsu
2364 2518 2679 2590 fatigamur;
2706 2529 2762 2574 ut
2784 2529 2839 2575 et
2860 2536 3081 2575 carnem
3106 2519 3313 2587 llagella
3337 2539 3458 2576 crn-

1869 2610 2034 2677 cient,
2050 2619 2105 2666 et
2123 2618 2302 2666 tamen
2327 2611 2394 2665 ad
2411 2619 2645 2666 mentem
2668 2612 2900 2667 carnalis
2921 2613 3192 2680 suggestio
3212 2613 3454 2667 inundet.

1870 2699 2024 2756 Unde
2044 2709 2098 2756 et
2126 2703 2265 2757 bene
2297 2709 2419 2771 post
2443 2709 2523 2756 tot
2551 2702 2697 2757 beati
2723 2700 2824 2757 Job
2855 2703 3099 2767 vulnera,
3125 2703 3301 2758 adhuc
3331 2705 3457 2758 sub--

1863 2792 2048 2863 juncta
2069 2794 2369 2850 suntctiam
2382 2794 2524 2849 male
2536 2794 2811 2850 suadentis
2822 2796 3008 2850 uxoris
3019 2795 3204 2863 verba,
3219 2811 3336 2864 qua:
3347 2796 3423 2850 ait
3441 2813 3453 2848 :

2419 2907 2648 2965 CAPUT
2686 2909 2898 2964 XXXII.

1938 3023 2103 3081 Vens.
2142 3026 2196 3080 9.
2222 3057 2294 3068 —
2320 3024 2499 3077 Adhuc
2551 3038 2820 3092 permanes
2868 3024 2923 3076 in
2972 3023 3304 3093 simplicitate
3332 3023 3459 3079 tua!

1867 3117 2088 3172 Benedic
2114 3117 2224 3172 Deo
2251 3127 2301 3171 et
2325 3133 2542 3173 morere.

176 3191 228 3249 in
268 3193 442 3248 altum
473 3203 708 3250 mentem
747 3199 1058 3264 sublevant,
1107 3209 1163 3255 et
1208 3202 1398 3271 praeire
1439 3218 1498 3258 se
1538 3212 1764 3259 cmtcros
1785 3179 1838 3242 α
1941 3209 2029 3262 ti).
2074 3207 2222 3262 Uxor
2249 3207 2347 3263 Job
2378 3208 2512 3262 male
2540 3207 2795 3272 suadeas,
2828 3214 2902 3260 est
2931 3207 3162 3289 carnalis
3191 3207 3454 3277 cogitatio.

175 3284 436 3340 virtutum
469 3290 676 3344 meritis
704 3299 912 3358 putant.
947 3290 1010 3345 lli
1039 3292 1288 3347 nimirum
1316 3293 1458 3365 apud
1487 3309 1546 3351 se
1569 3294 1766 3349 intror-

176 3391 264 3435 sus
292 3379 618 3436 humilitatis
657 3384 1050 3452 stcrquilinium
1095 3386 1384 3454 deserunt,
1428 3396 1484 3442 et
1520 3388 1769 3445 elationis

179 3466 390 3539 fastigia
437 3473 763 3538 ascendunt;
815 3475 962 3528 illum
1015 3475 1267 3532 videlicet
1310 3477 1620 3545 imitantes,
1677 3481 1768 3550 qui

178 3562 386 3631 primus
437 3580 495 3618 se
518 3565 658 3636 apud
704 3582 763 3622 se
792 3569 1002 3652 ex.tulit,
1036 3571 1132 3625 sed
1159 3571 1416 3627 elevando
1445 3577 1768 3644 prostravit;

179 3653 326 3712 illum
378 3655 675 3723 imitantes,
731 3659 822 3727 qui
873 3669 1095 3728 accepta
1141 3665 1466 3721 conditionis
1511 3667 1772 3736 dignitate

179 3752 471 3801 contentus
514 3763 623 3803 non
655 3750 769 3814 fuit,
812 3750 1031 3806 dicens:
1060 3751 1125 3808 In
1174 3754 1357 3810 caelum
1405 3758 1770 3828 conscendam,

177 3851 334 3908 super
379 3846 523 3892 astra
545 3839 656 3894 cmli
700 3842 940 3898 exaltabo
967 3846 1154 3900 solium
1200 3864 1366 3902 meum
1415 3850 1432 3919 (
1457 3848 1589 3905 Isai.
1640 3868 1770 3915 xw,

183 3928 312 4000 l5).
378 3928 533 3987 Unde
583 3941 640 3988 ct
690 3934 738 3989 ei
789 3937 930 3991 male
977 3938 1266 4006 conjuncta
1323 3939 1614 4011 Babylonia
1647 3985 1662 4009 ,
1723 3944 1775 3999 id

178 4029 299 4088 est,
355 4023 573 4076 confusa
631 4025 914 4080 multitudo
963 4028 1300 4096 peccantium
1330 4069 1346 4095 ,
1395 4030 1523 4086 dicit
1565 4033 1773 4088 xSedeo

180 4113 408 4181 regina,
464 4122 514 4167 et
558 4115 712 4168 vidua
757 4131 862 4170 non
906 4133 1020 4171 sam
1072 4117 1252 4190 (Isai.
1307 4136 1447 4176 XLVII
1478 4161 1494 4188 ,
1551 4121 1584 4174 8
1613 4161 1630 4188 ,
1669 4140 1770 4177 sec.

185 4200 408 4273 LXX.)
465 4204 718 4276 Quisquis
759 4221 889 4276 ergo
917 4209 1180 4265 introrsus
1231 4211 1560 4280 intumescit,
1607 4214 1659 4268 in
1699 4215 1779 4270 al-

183 4303 294 4349 tum
326 4311 388 4350 se
409 4298 548 4366 apud
578 4300 924 4369 semetipsum
952 4302 1148 4371 posuit.
1176 4301 1284 4358 Sed
1307 4319 1374 4358 eo
1401 4319 1460 4360 se
1485 4306 1700 4374 gravius
1723 4307 1778 4362 in

183 4385 384 4443 inﬁmis
411 4387 692 4459 deprimit,
731 4405 839 4459 quo
867 4392 934 4448 de
973 4408 1034 4447 se
1063 4391 1245 4449 inﬁma
1285 4396 1551 4451 veraciter
1577 4397 1778 4456 sentire

184 4481 502 4534 contemnit.
534 4481 672 4536 Sunt
699 4498 832 4538 vero
860 4486 1100 4540 nonnulli
1132 4486 1222 4557 qui
1253 4487 1386 4542 nihil
1414 4488 1631 4556 quidem
1667 4490 1777 4546 vir-

1869 3298 2110 3354 —Uxor
2163 3300 2362 3370 quippe
2418 3299 2558 3353 male
2593 3299 2823 3352 suadens
2863 3305 2948 3352 est
2984 3298 3215 3353 carnalis
3251 3298 3457 3366 cogita-

1872 3391 1948 3445 tio
1979 3398 2211 3445 mentcm
2241 3390 2532 3444 lacessens.
2565 3388 2719 3458 Saepe
2748 3389 2967 3455 ctenim,
3011 3397 3071 3443 ut
3109 3388 3308 3442 dictum
3339 3398 3456 3456 est,

1870 3489 1925 3536 et
1973 3481 2102 3538 foris
2150 3480 2373 3550 ﬂagellis
2422 3481 2728 3548 atterimur,
2777 3488 2829 3536 et
2861 3481 3005 3536 intus
3034 3481 3237 3535 carnali
3269 3495 3460 3550 sugge-

1871 3572 2047 3628 stione
2094 3570 2399 3639 fatigamur.
2431 3569 2568 3626 Hinc
2607 3579 2689 3626 est
2727 3571 2869 3626 enim
2899 3570 3042 3640 quod
3071 3569 3332 3625 Jeremias
3366 3573 3462 3626 dc-

1873 3664 2071 3734 plorat,
2097 3663 2282 3718 dicens
2308 3681 2321 3716 :
2348 3662 2506 3718 Foris
2546 3664 2791 3733 interﬁcit
2816 3663 3041 3734 gladius,
3070 3672 3117 3717 et
3147 3663 3286 3716 danti
3323 3681 3460 3718 mors

1872 3753 2058 3810 similis
2083 3763 2160 3808 est
2190 3754 2408 3824 (Tltren.
2439 3769 2494 3819 ι,
2522 3753 2636 3824 20).
2667 3752 2820 3808 Foris
2849 3753 2989 3806 enim
3022 3753 3227 3820 gladius
3258 3753 3463 3806 interti-

1875 3845 1968 3910 cit,
1999 3859 2119 3898 cum
2151 3859 2250 3899 nos
2278 3844 2518 3899 exterius
2558 3844 2758 3898 feriens
2800 3843 3034 3899 vindicta
3066 3843 3307 3912 conligit.
3356 3844 3464 3899 Sed

1875 3934 2019 3990 domi
2051 3949 2197 3989 mors
2225 3934 2413 3990 similis
2442 3941 2543 4000 est,
2574 3935 2698 4004 quia
2728 3943 2782 3989 et
2812 3933 3017 4001 ﬂagella
3048 3933 3262 4002 quidem
3304 3935 3466 3988 susti-

1877 4037 1987 4094 net,
2040 4036 2095 4084 ct
2126 4037 2304 4083 tamen
2347 4028 2494 4082 intus
2523 4026 2856 4082 conscientia
2910 4041 2938 4078 a
2993 4026 3308 4081 tentationis
3339 4043 3459 4079 sor-

1878 4118 2038 4175 dibus
2060 4120 2258 4173 munda
2280 4135 2385 4173 non
2415 4126 2514 4173 est.
2546 4117 2682 4172 llinc
2710 4116 2873 4191 David
2901 4118 2975 4170 ait
3002 4135 3014 4170 :
3040 4115 3465 4186 Fianttanqnnm

1878 4213 2042 4284 pulvis
2072 4221 2192 4266 ante
2220 4211 2406 4282 [aciem
2445 4212 2610 4276 venti,
2651 4221 2702 4265 et
2737 4210 2950 4282 angelus
2983 4209 3194 4264 Domini
3231 4209 3465 4280 afﬂigens

1878 4319 1966 4359 eos
1993 4299 2174 4373 (Psal.
2207 4317 2388 4366 xxxrv,
2421 4298 2510 4371 5).
2552 4299 2653 4366 Qui
2683 4299 2825 4355 enim
2874 4300 2927 4354 in
2979 4299 3143 4354 corde
3188 4314 3287 4354 suo
3335 4315 3464 4352 aura

1880 4392 2196 4448 tentationis
2231 4392 2456 4462 rapitur,
2499 4391 2654 4460 quasi
2700 4401 2827 4446 ante
2868 4391 3014 4456 venti
3060 4390 3249 4445 faciem
3291 4390 3465 4460 pulvis

1879 4485 2142 4541 elevatur.
2177 4483 2242 4537 Et
2271 4499 2394 4538 cum
2435 4483 2575 4538 inter
2609 4483 2724 4538 tunc
2761 4482 2938 4537 divina
2977 4483 3243 4538 districtio
3273 4497 3460 4552 percu-

184 4569 314 4624 Iulis
345 4585 506 4638 agere
529 4572 751 4630 student
775 4615 791 4641 ,
842 4577 934 4632 sed
964 4556 1162 4633 tamen
1191 4595 1314 4635 cum
1362 4580 1499 4637 alios
1547 4599 1774 4654 peccare
1801 4556 1854 4619 υ
1881 4575 1964 4640 tit,
1993 4575 2121 4645 quid
2152 4573 2296 4630 aliud
2324 4589 2485 4643 quam
2511 4573 2732 4643 angelus
2757 4573 2968 4627 Domini
2997 4572 3223 4642 afﬂigit?

183 4665 544 4736 conspiciunt,
572 4669 747 4737 justos
771 4686 832 4726 se
858 4670 910 4726 in
939 4688 1126 4728 eorum
1167 4678 1572 4746 comparatione
1597 4681 1770 4749 suspi-

184 4767 398 4814 cantur.
440 4761 626 4830 Neque
671 4764 815 4818 enim
857 4765 1017 4821 corda
1053 4769 1293 4825 omnium
1339 4787 1446 4825 una
1475 4772 1560 4827 vel
1586 4773 1774 4829 similis

185 4847 345 4917 culpa
372 4851 653 4921 transﬁgit.
686 4853 838 4911 llunc
866 4871 1094 4926 namque
1121 4861 1371 4928 superbia
1400 4861 1671 4933 illaqueat,
1706 4864 1771 4918 il-

186 4934 296 4990 lum
326 4937 550 4994 forsitan
573 4941 649 4995 ira
671 4945 1001 5013 supplantat,
1029 4947 1168 5003 hunc
1196 4958 1375 5003 autem
1403 4955 1619 5008 avaritia
1647 4971 1772 5010 crn-

188 5026 325 5093 ciat,
377 5029 528 5084 illum
568 5047 698 5088 vero
744 5035 952 5090 luxuria
991 5035 1306 5096 inﬂammat.
1349 5041 1416 5097 Et
1459 5045 1773 5114 plerumque

186 5119 454 5189 contingit.
482 5130 542 5175 ut
571 5123 614 5179 is
642 5139 802 5192 quem
831 5129 1079 5198 superbia
1109 5129 1381 5200 deprimit,
1407 5135 1568 5189 alium
1599 5138 1771 5206 respi-

189 5207 296 5262 ciat
323 5210 556 5279 qualiter
585 5213 661 5267 ira
688 5217 1008 5284 succendat;
1040 5227 1095 5272 et
1120 5221 1244 5288 quia
1274 5237 1332 5274 se
1361 5223 1437 5276 ira
1470 5240 1574 5277 non
1615 5225 1774 5280 citius

188 5298 428 5370 instigat,
459 5304 738 5361 meliorem
767 5308 1024 5363 iracundo
1049 5311 1158 5379 jam
1189 5323 1421 5382 reputat,
1447 5322 1607 5383 atque
1631 5318 1771 5386 apud

189 5393 534 5463 semetipsum
564 5398 716 5464 quasi
745 5398 814 5453 de
835 5398 1042 5468 justitia
1069 5404 1360 5470 extollitur,
1387 5408 1509 5474 quia
1544 5425 1773 5475 pensare

191 5482 408 5554 ncgligit
432 5485 619 5542 vitium
644 5505 753 5560 quo
777 5492 993 5560 gravius
1019 5501 1254 5549 tenetur.
1297 5495 1615 5567 Plerumque
1640 5516 1772 5556 con-

259 5628 287 5663 ³
323 5621 451 5700 Coc.
477 5624 664 5700 §t__alii
693 5625 966 5698 deinceps,
996 5631 1114 5684 vilia
1137 5634 1409 5700 quwpiam,
1437 5635 1615 5692 invitis
1642 5638 1768 5694 Mss.

192 5697 247 5744 ct
264 5694 442 5762 _antiq.
477 5693 617 5748 Edit.

263 5758 290 5801 δ
326 5758 579 5821 Nonnulli
607 5765 757 5837 Mss.,
787 5772 1045 5828 continua:
1074 5775 1560 5846 circnntspectimtis.

1946 4677 2036 4731 65.
2081 4677 2438 4732 Tentatlonem
2489 4677 2641 4731 aliter
2686 4677 2864 4742 electi,
2909 4676 3060 4730 aliter
3089 4675 3293 4745 reprobi
3321 4679 3464 4730 exci-

1875 4769 2226 4840 piant.—Sed
2255 4769 2371 4824 huic
2399 4770 2556 4824 aliter
2583 4778 2816 4837 aguntur
2843 4784 2874 4822 a
2903 4769 3179 4838 reprobis,
3209 4768 3367 4822 aliter
3395 4772 3465 4825 ah

1874 4861 2079 4917 electis.
2111 4861 2327 4915 Illorum
2355 4876 2586 4931 namque
2615 4859 2781 4916 corda
2816 4860 2887 4913 ita
2920 4868 3215 4926 tentantur,
3249 4868 3307 4913 ut
3337 4875 3465 4915 con-

1875 4955 2129 5008 sentiant.
2169 4955 2193 4990 ά
2226 4953 2454 5009 Istorum
2483 4970 2615 5008 vero
2637 4994 2651 5018 ,
2691 4953 3018 5008 tentationes
3045 4952 3260 5022 quidem
3297 4953 3466 5008 susci-

1879 5046 2070 5116 piunt,
2111 5043 2208 5099 scd
2253 5053 2574 5114 repugnant.
2624 5043 2842 5100 lllorum
2883 5060 3036 5098 mens
3078 5043 3470 5099 delectabiliter

1879 5135 2122 5204 Capitur;
2155 5143 2210 5190 et
2238 5134 2282 5190 si
2310 5134 2376 5189 ad
2410 5143 2620 5205 tempus
2647 5136 2791 5204 quod
2833 5137 2972 5190 male
3020 5136 3324 5204 suggeritur
3358 5135 3468 5189 dis-

1880 5227 2066 5296 plicet,
2119 5227 2213 5282 sed
2244 5228 2582 5299 postmodum
2605 5244 2702 5298 per
2725 5229 3168 5284 deliberationem
3196 5229 3346 5285 libet.
3379 5229 3469 5284 lsti

1880 5335 2009 5374 vero
2037 5319 2116 5374 sic
2144 5321 2502 5376 tentationum
2522 5319 2702 5390 jacula
2731 5323 3026 5390 excipiunt,
3060 5330 3118 5376 ut
3143 5337 3357 5392 semper
3381 5337 3468 5376 re-

1879 5411 2116 5465 sistendo
2146 5409 2461 5479 fatigentur;
2507 5413 2634 5467 etsi
2664 5412 2877 5480 quando
2920 5429 3086 5479 usque
3126 5413 3192 5467 ad
3231 5413 3469 5468 delecta-

1880 5502 2081 5556 tionem
2130 5508 2336 5556 tentata
2365 5519 2515 5559 mens
2558 5504 2802 5574 rapitur,
2855 5503 3026 5572 ipsam
3077 5512 3258 5559 tamen
3306 5504 3470 5561 citius

1953 5653 1973 5714 ἦ
2017 5641 2225 5714 Erimus
2254 5643 2470 5709 Rhem.,
2499 5641 2679 5714 quibus
2705 5642 3124 5714 circumscriptus
3143 5641 3232 5714 sit.

1948 5711 1972 5748 ἀ
2014 5709 2276 5766 Gussanv.
2307 5709 2558 5767 observat
2578 5712 2741 5782 aliam
2765 5726 2884 5767 esse
2906 5709 3056 5782 lect.,
3086 5720 3162 5767 sc.
3181 5711 3465 5782 justarum.

1881 5783 2176 5854 ltcperitur
2203 5783 2257 5839 in
2289 5783 2537 5854 quibusd.
2570 5781 2694 5839 Mss.
