4030 6314
569 253 667 310 631

569 473 798 516 censura
829 457 1157 526 redarguunt
1185 453 1441 525 quidquid
1469 454 1608 507 intra
1639 469 1697 508 se
1722 468 2013 521 exsurgere
2041 469 2162 508 car-

568 551 691 606 nale
731 548 1159 620 deprehendunt.
1196 545 1346 601 Unde
1375 552 1430 600 et
1457 544 1597 599 bene
1625 558 1750 598 mox
1783 543 2160 612 subjungitur:

904 662 1132 719 CAPUT
1171 661 1403 715 xxxm.
1447 661 1596 734 [Rea
1643 661 1821 734 XIX].

639 774 802 828 Vens.
840 772 925 826 10.
945 802 1017 812 -
1039 769 1235 823 Locuta
1263 786 1317 822 es
1347 770 1493 840 quasi
1536 786 1744 826 una_ea:
1777 779 1802 806 ἰ
1835 770 2007 823 stultis
2049 785 2162 822 mu-

569 865 798 918 lieribus.
847 860 909 916 Si
947 858 1081 915 bona
1129 860 1417 926 accepimus
1448 859 1511 912 de
1551 876 1707 913 manu
1744 858 1984 924 Domini,
2025 858 2165 912 mala

568 971 729 1026 quare
753 969 856 1007 non
885 953 1236 1006 sustineamus
1253 953 1278 1004 ?

639 1045 727 1098 6i.
769 1041 964 1098 Contra
1002 1059 1187 1113 aspera
1237 1051 1326 1094 aut
1373 1043 1569 1096 blanda
1613 1043 1866 1114 quomodo
1920 1043 2164 1096 resisten-

569 1138 1018 1205 dum—Dignum
1050 1137 1249 1206 quippe
1292 1145 1378 1190 est
1417 1146 1472 1190 ut
1511 1146 1696 1190 sancta
1745 1152 1900 1190 mens
1940 1134 2168 1206 spiritali

567 1229 913 1300 correptione
959 1231 1312 1299 comprimat,
1353 1229 1612 1300 quidquid
1658 1232 1798 1299 apud
1843 1245 1902 1285 se
1949 1231 2167 1284 carnale

569 1322 866 1378 insolenter
894 1323 1298 1384 immurmurat;
1333 1337 1399 1376 ne
1428 1336 1557 1375 caro
1587 1329 1679 1374 aut
1699 1320 1925 1389 loquens
1952 1335 2164 1388 aspera,

569 1416 635 1470 ad
660 1413 1048 1485 impatientiam
1079 1414 1223 1468 illam
1253 1412 1550 1482 pertrahat,
1576 1420 1669 1465 aut
1696 1412 1923 1478 loquens
1949 1411 2164 1476 blanda,

570 1507 637 1559 ad
669 1505 902 1560 libidinis
933 1501 1075 1557 ﬂuxa
1107 1502 1382 1558 dissolvat.
1421 1492 1661 1555 Censura
1691 1499 1854 1567 igitur
1881 1500 2069 1565 virilis,
2105 1501 2169 1553 il-

569 1601 726 1654 licitae
755 1597 1099 1666 cogitationis
1127 1595 1524 1662 suggestionem
1553 1592 1912 1660 redargueus,
1944 1592 2171 1646 dissolu-

569 1698 678 1744 tam
707 1685 1056 1758 turpitudinis
1085 1685 1364 1739 mollitiem
1395 1683 1676 1752 reprimat,
1718 1668 1902 1735 dicens
1930 1699 1942 1733 :
1970 1680 2166 1735 Locuta

567 1796 620 1832 es
651 1777 799 1847 quasi
828 1792 932 1829 una
962 1790 1026 1828 ex
1057 1773 1230 1826 stultis
1261 1770 1580 1825 mulieribus.
1631 1770 1694 1823 Et
1741 1785 1953 1823 rursum
1986 1770 2166 1824 consi-

569 1867 777 1923 deratio
821 1879 1105 1920 munerum
1133 1864 1242 1934 99
1272 1862 1617 1930 cogitationis
1647 1876 1853 1931 asperae
1881 1860 2170 1929 impatien-

568 1962 700 2014 tiam
749 1955 1020 2025 refrenet,
1067 1952 1377 2010 dicens:Si
1424 1954 1557 2008 bona
1604 1953 1894 2021 accepimus
1922 1952 1984 2005 de
2014 1968 2166 2004 manu

574 2053 805 2117 Domini,
836 2050 977 2104 mala
1003 2065 1163 2121 quare
1184 2064 1285 2100 non
1311 2046 1694 2099 sustineamus?
1714 2041 1968 2111 Quisquis
1991 2051 2168 2096 autem

574 2146 826 2214 subigere
854 2143 982 2196 vitia
1014 2139 1239 2211 appetit,
1274 2146 1328 2192 et
1353 2137 1419 2190 ad
1445 2145 1644 2190 acterna
1679 2135 1902 2188 internae
1931 2132 2169 2187 retribu-

573 2237 740 2292 tionis
763 2233 1018 2294 culmina,
1054 2243 1194 2284 vera:
1219 2226 1532 2282 intentionis
1556 2224 1825 2295 gressibus
1847 2222 2036 2286 tendit,
2063 2236 2171 2291 quo

574 2327 747 2394 magis
775 2323 964 2377 vallari
995 2335 1052 2376 se
1081 2318 1333 2373 vitiorum
1356 2316 1499 2370 bello
1523 2314 1758 2382 undique
1787 2311 2074 2381 conspicit,
2105 2325 2172 2364 eo

574 2435 636 2474 se
667 2419 924 2472 virtutum
955 2411 1118 2467 armis
1148 2409 1419 2465 robustius
1442 2407 1710 2475 accingit;
1741 2416 1795 2459 et.
1826 2413 1973 2459 tanto
1998 2404 2172 2457 minus

573 2509 754 2580 jacula
786 2506 1018 2575 metuit,
1057 2511 1260 2576 quanto
1290 2510 1478 2558 contra
1509 2501 1622 2555 haec
1651 2498 1919 2554 venientia
1964 2496 2175 2552 fortiter

580 2609 768 2670 pectus
798 2596 993 2651 munit.

654 2692 744 2745 65.
793 2689 933 2743 Vitia
963 2705 1016 2743 se
1045 2687 1137 2742 sub
1169 2689 1409 2741 virtutum
1438 2681 2012 2755 specie-stegunt.—Sed
2053 2681 2172 2751 ple-

578 2795 807 2852 rumque
844 2779 970 2833 dum
1013 2786 1200 2833 contra
1243 2779 1346 2832 hoc
1387 2776 1742 2835 tentationum
1773 2773 1969 2827 bellum
2000 2771 2174 2826 fulciri

579 2873 789 2943 magnis
834 2871 1123 2926 virtutibus
1172 2870 1419 2935 nitimur,
1469 2867 1716 2937 quaedam
1760 2880 1819 2920 se
1863 2864 2017 2919 nobis
2046 2863 2174 2916 vitia

575 2965 680 3021 sub
723 2963 904 3035 specie
941 2962 1200 3016 virtutum
1243 2966 1454 3028 tegunt,
1485 2966 1539 3011 ct
1569 2955 1722 3027 quasi
1753 2953 1947 3010 blanda
1979 2952 2047 3006 ad
2078 2967 2178 3006 nos

579 3056 717 3111 facie
749 3055 1010 3120 veniunt;
1061 3053 1153 3108 sed
1183 3053 1335 3122 cujus
1364 3049 1705 3105 advel-sitatis
1749 3049 1885 3111 sint,
1934 3047 2173 3101 discussa

1003 332 1006 333 ί
1718 277 1726 283 -
1786 249 2030 306 SANCTI
2071 249 2399 307 caecouu
2435 251 2646 308 MAGNI

569 363 972 438 subreptionem
1001 378 1115 419 suae
1141 360 1519 418 delectationis
1549 359 1898 425 erubescunt,
1944 369 1998 415 et
2039 359 2164 416 forti
2196 377 2245 434 Α

3764 255 3878 312 659

2821 365 3050 423 CAPUT
3089 362 3306 424 XXXV.

2339 455 2502 509 Vens.
2547 455 2631 509 12.
2657 489 2728 499 -
2751 457 2976 530 Cumque
2997 460 3282 515 elevassent
3304 461 3483 532 procul
3504 462 3683 516 oculos
3705 476 3834 516 suos
3855 498 3873 524 ,

2267 541 2370 579 ηοη
2402 539 2720 596 agnoverunt
2747 545 2883 584 eum.

2337 615 2426 668 07.
2465 616 2685 686 Aﬂlictio
2727 620 2871 689 fugat
2899 621 3042 674 vitia.
3065 620 3392 676 —Alilictos
3421 623 3566 676 enim
3605 637 3711 677 nos
3741 621 3876 677 vitia

2267 707 2490 762 minime
2520 719 2880 775 cognoscunt,
2909 712 3035 780 quia
3066 713 3220 767 triste
3248 729 3343 768 cor
3370 730 3498 768 mox
3529 723 3590 769 ut
3619 715 3876 784 pulsave-

2266 799 2396 866 rint,
2428 799 2714 870 reprobata
2740 802 3014 866 resiliunt;
3044 811 3099 856 et
3126 818 3245 873 qua:
3271 820 3369 858 nos
3397 805 3551 858 laetos
3582 819 3738 872 quaet
3767 820 3870 858 no-

2266 898 2486 956 verant,
2545 890 2671 957 quia
2734 892 3132 958 penetrabant,
3191 901 3483 947 mmrentes
3535 907 3875 961 cognoscere

2266 988 2576 1048 nequeunt,
2627 981 2752 1048 quia
2784 981 2900 1050 ipso
2932 989 3117 1036 nostro
3149 981 3328 1050 rigore
3375 982 3721 1050 franguntur.
3761 982 3870 1037 Sed

2267 1072 2518 1142 antiquus
2566 1073 2769 1136 hostis,
2822 1088 2930 1142 quo
2979 1075 3032 1127 in
3081 1074 3159 1128 cis
3208 1072 3418 1128 fortiter
3447 1075 3780 1142 deprehendi
3813 1090 3873 1128 se

2267 1161 2554 1228 conspicit,
2588 1177 2654 1216 eo
2679 1161 2766 1214 illa
2791 1162 2891 1215 sub
2915 1163 3170 1216 virtutum
3196 1163 3428 1231 imagine
3453 1163 3617 1218 altius
3638 1165 3873 1217 abscon-

2267 1251 2365 1305 dit.
2400 1249 2550 1306 Unde
2579 1259 2634 1305 et
2664 1251 2909 1304 subditur
2935 1267 2947 1304 :

2813 1343 3042 1399 CAPUT
3080 1344 3317 1400 XXXVI.

2340 1434 2615 1490 Imm—Et
2630 1437 2982 1491 exclamantes
2993 1438 3350 1506 plorarerunt,
3366 1439 3643 1508 scissisque
3655 1437 3872 1491 restibus

2266 1535 2569 1595 sparserunt
2589 1527 2844 1597 pulverem
2859 1543 3013 1596 super
3032 1537 3184 1596 caput
3211 1543 3360 1579 suum
3378 1529 3431 1581 in
3458 1528 3661 1591 caelum,
3699 1538 3752 1580 et
3788 1543 3870 1580 se-

2269 1618 2454 1672 derunt
2476 1634 2591 1670 cum
2614 1633 2674 1671 eo
2695 1619 2748 1670 in
2775 1624 2912 1670 terra
2941 1626 3136 1686 septem
3149 1615 3323 1670 diebus
3342 1625 3598 1687 etseptem
3617 1617 3869 1671 noctibus.

2339 1706 2428 1761 68.
2470 1705 2592 1760 Nisi
2632 1711 2723 1761 sub
2765 1708 3007 1760 virtutum
3045 1706 3215 1773 specie
3253 1707 3496 1760 illudant.
3523 1707 3871 1774 —Signatur

2269 1799 2412 1852 enim
2445 1798 2616 1868 pictas
2645 1813 2739 1867 per
2769 1797 3040 1866 ploratum
3061 1837 3074 1862 ,
3123 1797 3380 1851 discretio
3421 1813 3518 1866 per
3551 1799 3870 1853 scissionem

2268 1889 2518 1954 vestium,
2566 1888 2790 1944 affectus
2831 1905 3056 1958 operum
3088 1905 3185 1959 per
3220 1892 3374 1960 100
3402 1891 3684 1960 pulverem
3727 1892 3874 1961 capi-

2271 1991 2404 2046 tum,
2437 1981 2711 2035 humilitas
2740 1997 2837 2050 per
2862 1981 3179 2036 sessionem.
3211 1982 3515 2052 Aliquando
3546 1982 3692 2037 enim
3725 1984 3870 2052 pium

2270 2073 2396 2141 quid
2426 2073 2595 2127 hostis
2634 2073 2894 2127 insidians
2922 2073 3170 2138 simulat,
3203 2081 3262 2127 ut
3291 2074 3357 2127 ad
3390 2073 3731 2128 crudelitatis
3763 2082 3870 2127 ter-

2272 2166 2476 2219 minum
2503 2165 2762 2229 deducat;
2788 2165 2927 2218 sicut
2949 2172 3049 2230 est,
3075 2181 3194 2219 cum
3224 2164 3386 2235 plecti
3414 2180 3512 2234 per
3532 2164 3873 2234 disciplinam

2273 2256 2483 2324 culpam
2525 2254 2797 2325 prohibet,
2825 2263 3090 2324 quatenus
3120 2271 3237 2324 qua:
3267 2257 3354 2310 hic
3385 2273 3494 2310 non
3524 2257 3874 2326 reprimitur,

2273 2349 2533 2416 gehennre
2563 2347 2686 2415 igne
2716 2347 2955 2402 feriatur.
2989 2346 3292 2416 Aliquando
3313 2348 3660 2404 discretionis
3683 2349 3874 2415 imagi-

2276 2454 2399 2492 nem
2429 2439 2600 2493 oculis
2637 2438 2841 2506 objicit,
2871 2446 2926 2492 et
2956 2440 3021 2493 ad
3053 2439 3453 2494 indiscretionis
3482 2441 3712 2510 laqueos
3747 2455 3871 2508 per~

2276 2528 2455 2594 ducit;
2506 2529 2645 2582 sicut
2692 2537 2772 2582 est
2818 2544 2940 2583 cum
2991 2528 3222 2599 impulsu
3253 2528 3368 2597 ejus
3414 2545 3511 2598 pro
3557 2528 3874 2582 infirmitate

2277 2620 2432 2675 nobis
2463 2620 2579 2690 plus
2609 2619 2988 2673 alimentorum
3026 2619 3179 2687 quasi
3209 2619 3438 2674 diserete
3487 2619 3839 2672 concedimus
3859 2659 3873 2680 ,

2277 2711 2371 2766 sed
2395 2711 2679 2765 indiscrete
2699 2717 2884 2765 contra
2912 2724 3011 2764 nos
3037 2709 3175 2763 bella
3197 2709 3377 2764 carnis
3401 2708 3722 2762 excitamus.
3761 2708 3872 2759 Ali-

2278 2801 2494 2871 quando
2518 2801 2542 2839 δ
2567 2800 2815 2856 affectum
2845 2801 3062 2855 simulat
3083 2801 3348 2854 bonorum
3379 2815 3628 2869 operum,
3657 2799 3754 2853 sed
3783 2814 3878 2867 per

2281 2894 2422 2946 hunc
2454 2892 2877 2962 inquietudinem
2911 2892 3112 2961 irrogat
3141 2891 3417 2958 laborum;
3460 2892 3597 2945 sicut
3638 2899 3724 2945 est
3753 2906 3873 2945 cum

2279 2986 2398 3053 quis
2439 2985 2716 3053 quiescere
2748 2999 2854 3038 non
2885 2983 3055 3048 valet,
3107 2992 3162 3037 et
3189 2983 3339 3051 quasi
3371 2982 3440 3036 de
3485 2983 3616 3036 otio.
3640 2981 3876 3050 judicari

2282 3077 2452 3130 timet.
2483 3074 2783 3145 Aliquando
2824 3075 3110 3143 imaginem
3141 3073 3457 3128 humilitatis
3497 3080 3774 3136 ostentat,
3821 3081 3876 3131 ut

577 3149 903 3205 semiumm'
932 3145 1082 3201 unde
1111 3152 1166 3200 et
1194 3143 1353 3198 amid
1382 3141 1526 3197 beati
1547 3139 1650 3196 ³01)
1679 3139 1830 3234 (Ψδδί
1861 3155 1960 3209 pro
1989 3153 2178 3192 conso'
2203 3125 2250 3188 ϐ
2286 3181 2306 3208 ε
2339 3125 2603 3224 affectum1
2635 3125 3685 3232 utilitatissubtrahat;sicutvest‘cum
3711 3125 3876 3234 quos;

579 3241 782 3295 latione
825 3237 1186 3304 conveniunt,
1227 3234 1322 3289 sed
1365 3235 1418 3288 in
1457 3232 1813 3288 contumelias
1853 3237 2175 3299 erumpunt;

578 3331 706 3400 quia
737 3327 1040 3384 insidiantia
1080 3326 1209 3380 vitia
1252 3325 1510 3378 virtutum
1541 3323 1734 3379 faciem
1775 3331 2026 3386 sumunt,
2085 3321 2178 3376 sed

581 3420 767 3477 hostili
796 3419 1099 3473 iuvectione
1129 3431 1228 3470 nos
1258 3415 1474 3469 feriunt.
1500 3413 1633 3468 Nam
1657 3428 1798 3482 saepe
1822 3411 2177 3466 immoderata

581 3517 681 3578 ira,
709 3512 947 3582 justitia;
979 3501 1034 3564 et
1058 3523 1201 3578 saepe
1226 3507 1482 3561 dissoluta
1510 3505 1780 3569 remissio,
1805 3503 2177 3557 misericordia

582 3608 696 3662 vult
741 3605 930 3660 videri.
979 3606 1133 3672 Saepe
1181 3604 1429 3656 incautus
1478 3601 1640 3655 timor
1687 3599 1990 3663 humilitas;
2032 3613 2177 3666 saepe

581 3699 840 3756 effrenata
871 3699 1121 3767 superbia
1152 3697 1355 3766 appetit
1384 3696 1606 3750 libertas
1635 3708 1914 3764 apparere.
1947 3692 2026 3746 Ad
2053 3708 2179 3746 con-

583 3789 865 3845 solandum
912 3801 1042 3855 ergo
1086 3787 1243 3840 amici
1283 3786 1537 3849 veniunt,
1572 3784 1665 3839 sed
1696 3785 1762 3837 ad
1793 3782 2179 3853 increpationis

581 3881 745 3935 verba
775 3879 1114 3943 dilabuntur;
1144 3879 1267 3946 quia
1291 3877 1542 3931 nimirum
1569 3875 1696 3929 vitia
1717 3876 1970 3928 virtutum
1997 3874 2180 3944 specie

580 3969 818 4040 palliata,
837 3967 1027 4024 blanda
1041 3967 1254 4038 quidem
1272 3967 1557 4037 superficie
1582 3966 1858 4033 iuchoant,
1883 3964 1975 4019 sed
1989 3979 2179 4033 aspera

581 4079 683 4119 nos
711 4063 1095 4118 contrarietate
1127 4060 1461 4130 perturbant.
1498 4060 1640 4113 Bene
1669 4066 1851 4113 autem
1879 4057 2076 4112 dicitur
2105 4075 2118 4109 ;

1130 4145 1358 4231 CAPUT
1399 4173 1630 4228 xxxw.

653 4284 818 4344 νέης.
862 4287 948 4340 Η.
981 4319 1050 4330 —-
1079 4285 1430 4340 Condia'erant
1451 4287 1586 4339 enim
1608 4285 1724 4348 sibi,
1776 4293 1831 4336 ut
1873 4283 2070 4354 pariter
2092 4298 2178 4335 ve-

582 4380 780 4433 nientes
808 4377 1070 4430 visitarent
1109 4393 1242 4429 eum.

2280 3260 2434 3325 dam,
2475 3261 2755 3331 plusquam
2783 3269 2910 3314 sunt
2939 3260 3178 3314 infirmos
3211 3270 3373 3328 atque
3408 3260 3625 3314 inutiles
3655 3258 3876 3312 sibime-

2283 3352 2434 3422 tipsis
2461 3353 2671 3417 asserit,
2705 3361 2764 3406 ut
2791 3352 2915 3406 dum
2947 3367 3006 3406 se
3038 3351 3195 3405 nimis
3227 3351 3473 3418 indignos
3502 3350 3875 3411 considerant.

2281 3460 2367 3499 res
2395 3445 2444 3499 in
2475 3445 2670 3514 quibus
2697 3445 2955 3515 prodesse
2979 3443 3240 3514 proximis
3267 3451 3539 3513 poterant,
3570 3442 3876 3497 ministrare

2281 3537 2681 3607 pertimescant.

2352 3630 2442 3686 69.
2481 3630 2816 3700 Compunctio
2843 3638 3022 3683 contra
3044 3630 3166 3682 vitia
3187 3625 3573 3682 munit.-—Sed
3604 3627 3718 3681 lucc
3745 3625 3875 3680 vitia

2281 3738 2400 3792 quae
2435 3723 2534 3776 sub
2580 3722 2839 3775 virtutum
2879 3721 3060 3790 specie
3100 3719 3351 3789 antiquus
3390 3719 3560 3772 hostis
3601 3717 3874 3780 occultat,

2282 3815 2440 3870 valde
2471 3815 2741 3868 subtiliter
2767 3829 2956 3868 manus
2983 3811 3419 3882 compunctionis
3444 3811 3737 3866 examinat.
3772 3810 3872 3875 Qui

2281 3905 2423 3959 enim
2454 3906 2720 3958 veraciter
2765 3905 2909 3958 intus
2939 3902 3087 3957 dolet
3113 3943 3127 3969 ,
3158 3917 3278 3970 quae
3307 3901 3512 3969 agenda
3542 3900 3720 3961 foras,
3753 3914 3876 3967 qua:

2284 4013 2390 4052 non
2420 3997 2624 4065 agenda
2653 3997 2780 4059 sint,
2825 3995 3034 4050 fortiter
3063 3995 3337 4064 prmvidet.
3371 3992 3426 4046 Si
3457 3993 3600 4046 enim
3631 4007 3730 4044 nos
3761 3992 3874 4042 vir-

2283 4098 2370 4144 tus
2407 4088 2836 4158 compunctionis
2866 4087 2918 4140 in
2949 4086 3152 4140 intimis
3181 4083 3376 4148 afficit,
3410 4081 3586 4136 omnis
3620 4080 3877 4148 strepitus

2282 4197 2461 4253 prava)
2481 4178 2836 4251 suggestionis
2861 4178 3203 4233 obmutescit.
3231 4175 3385 4230 Unde
3405 4183 3461 4228 et
3482 4174 3761 4242 sequitur:

2809 4267 3038 4323 CAPUT
3085 4265 3348 4321 XXXVII.

2354 4363 2517 4417 Vens.
2544 4359 2777 4415 15.—-—Et
2806 4375 2955 4414 nemo
2982 4357 3281 4428 loquebatur
3305 4357 3352 4410 ei
3368 4352 3572 4409 verbum
3595 4369 3614 4408 :
3638 4350 3876 4407 videbant

657 4470 746 4526 66.
787 4469 977 4526 Faedus
1000 4469 1267 4522 adversum
1292 4485 1386 4522 nos
1413 4464 1828 4520 ineunt.-—-Vitia
1849 4465 2048 4531 quippe
2073 4461 2174 4515 sibi
2209 4492 2254 4550 ο
2280 4457 2416 4510 enim
2445 4455 2673 4508 dolorem
2700 4467 2810 4506 esse
2837 4449 3198 4504 vehementem.

584 4559 684 4618 sub
710 4563 968 4617 virtutum
998 4567 1259 4628 prmtextu
1291 4557 1602 4619 condicunt,
1629 4556 1754 4624 quia
1785 4563 1910 4608 sunt
1930 4553 2174 4621 quaedam

586 4671 705 4723 quae
752 4653 1037 4708 adversum
1083 4668 1183 4706 nos
1230 4651 1371 4704 inter
1415 4664 1476 4703 se
1521 4649 1751 4718 quadam
1800 4646 2175 4701 convenientia

586 4747 1004 4815 conjunguntur,
1047 4745 1185 4798 sicut
1223 4742 1474 4812 superbia
1516 4749 1570 4795 et
1610 4741 1708 4803 ira,
1753 4737 1999 4792 remissio
2027 4747 2083 4792 et
2111 4737 2181 4790 ti-

586 4835 924 4890 mor.Vibina
940 4849 1170 4901 namque
1184 4841 1266 4886 est
1294 4834 1367 4884 ira
1398 4830 1680 4900 superbize.
1709 4828 1954 4883 remissio
1977 4828 2176 4882 tiu‘tori.

587 4925 936 4981 Condicendo
964 4937 1094 4993 ergo
1133 4923 1392 4988 veniunt,
1441 4938 1560 4992 qua:
1598 4929 1786 4976 contra
1832 4936 1930 4974 nos
1975 4919 2072 4973 sibi
2112 4935 2178 4972 ex

588 5019 822 5087 quadarn
845 5015 1124 5088 pravitatis
1136 5015 1456 5084 cognatione
1477 5015 1770 5069 sociantur.
1795 5011 1942 5085 [Vet.
1969 5009 2072 5065 XX
2089 5009 2178 5082 γρ]

589 5110 696 5166 Sed
725 5111 769 5165 si
799 5124 1094 5165 utrumnam
1127 5118 1326 5164 nostra:
1354 5108 1682 5179 captivitatis
1711 5106 2053 5175 agnoscimus
2074 5146 2088 5166 .
2134 5104 2179 5159 si

589 5217 655 5256 ex
687 5217 875 5257 amore
900 5214 1114 5257 aeterna:
1153 5201 1340 5271 patria:
1379 5201 1432 5254 in
1474 5199 1677 5253 intimis
1713 5197 1990 5263 dolemus,
2019 5196 2179 5262 vitia,

589 5309 708 5361 quze
737 5295 878 5349 male
919 5293 1054 5349 lactis
1091 5298 1413 5362 surrepunt,
1456 5291 1592 5345 bene
1621 5289 1862 5344 tristibus
1890 5287 2180 5358 pnevalere

592 5400 700 5440 non
732 5393 976 5456 possunt.
1011 5383 1160 5440 Unde
1187 5391 1242 5438 et
1269 5383 1407 5438 bene
1435 5381 1722 5437 subditur:

663 5524 689 5586 ξι
732 5515 986 5575 Nonnulli
1009 5515 1168 5584 Cod.,
1194 5533 1259 5570 ea:
1289 5515 1648 5586 insipientibus
1676 5512 1997 5570 mulieribus.

664 5583 693 5622 δ
733 5585 906 5656 Aliqui
923 5629 938 5656 ,
954 5583 1224 5656 effectum.

673 5663 704 5727 °_
742 5654 882 5708 Edit.
921 5654 1045 5727 Vet.
1085 5667 1141 5711 et
1177 5659 1249 5727 pl.
1292 5657 1445 5724 5155.,
1486 5655 2027 5727 eﬁ'ectimt_utilitatis,
2063 5670 2177 5727 non

601 5723 744 5780 malo
772 5739 953 5780 sensu.
980 5726 1147 5797 Magis
1173 5723 1349 5784 tamen
1376 5723 1661 5799 probatur,
1689 5725 1958 5796 aﬁ‘ectum,
1989 5724 2174 5782 sullra-

2353 4547 2440 4602 70.
2483 4547 2581 4608 Qui
2611 4545 2734 4598 uitia
2759 4543 2828 4596 ad
2856 4542 3055 4596 virtutis
3088 4554 3236 4592 usum
3267 4543 3480 4608 possunt
3518 4533 3787 4602 {urnulam
3807 4563 3875 4574 -

2279 4640 2335 4694 Si
2367 4637 2508 4692 enim
2531 4652 2626 4692 cor
2646 4635 2910 4690 veraciter
2939 4633 3105 4696 dolet,
3133 4633 3365 4696 linguam
3397 4635 3588 4681 contra
3617 4640 3718 4679 nos
3749 4625 3872 4677 vitia

2283 4747 2390 4786 non
2419 4730 2638 4785 habent.
2672 4727 2806 4782 Nam
2836 4741 2958 4780 cum
2990 4724 3146 4793 plene
3177 4722 3285 4775 vita
3315 4717 3650 4774 rectitudinis
3680 4716 3873 4784 quaeri-

2283 4833 2404 4890 tur,
2455 4837 2786 4890 supervacua
2835 4817 3106 4885 suggeStio
3154 4812 3438 4884 pravitatis
3488 4809 3512 4845 δ
3563 4809 3872 4863 obturatur.

2283 4919 2439 4987 Saepe
2459 4925 2638 4970 autem
2663 4917 2708 4969 si
2737 4914 2857 4969 forti
2879 4927 2977 4966 nos
2996 4910 3174 4966 studio
3199 4917 3386 4964 contra
3408 4905 3660 4961 vitiorum
3695 4903 3875 4956 incen-

2287 5012 2392 5066 tiva
2421 5009 2768 5076 stringimus,
2819 5007 2930 5077 ipsa
2981 5005 3143 5059 etiam
3184 5004 3310 5056 vitia
3356 5000 3424 5055 ad
3470 5014 3625 5054 usum
3665 4998 3878 5050 virtutis

2289 5085 2652 5156 immutamus.
2705 5096 3001 5152 Nonnullos
3048 5109 3282 5161 namque
3331 5093 3405 5146 ira
3459 5089 3704 5159 possidet
3737 5105 3748 5138 :
3779 5085 3874 5140 sed

2287 5197 2444 5261 hanc,
2476 5193 2602 5246 dum
2647 5189 2840 5246 rationi
2869 5188 3176 5258 subjiciunt,
3218 5186 3269 5239 in
3299 5183 3469 5239 sancti
3502 5182 3604 5236 zeli
3636 5179 3876 5234 ministe-

2286 5287 2424 5340 rium
2471 5291 2707 5338 vertuut.
2753 5279 3048 5334 Nonnullos
3085 5274 3335 5346 superbia
3366 5271 3553 5340 erigit;
3603 5269 3700 5325 sed
3749 5268 3876 5321 dum

2291 5380 2484 5434 divina:
2514 5375 2781 5430 formidini
2812 5375 3047 5426 an'mum
3081 5369 3356 5431 inclinant,
3403 5367 3544 5421 hanc
3585 5363 3652 5418 ad
3693 5361 3880 5416 delen—

2288 5515 2535 5584 gautibus
2564 5510 2862 5584 potioribus
2893 5509 3016 5563 Mss.

2357 5565 2632 5638 iiiiiinbs
2677 5581 2909 5650 Remig,
2959 5592 3094 5634 unus
3142 5574 3390 5642 Vindoc.,
3433 5572 3624 5637 Cori»,
3662 5565 3877 5632 Gcrm.,

2287 5656 2586 5711 obduratur.
