  <div class='ocr_page' id='page_1' title='image "/cluster/home/n/w/nwhite01/storage/ocr_20150623/75/uva.x000827087/324.png"; bbox 0 0 4030 6322; ppageno 0'>
   <div class='ocr_carea' id='block_1_1' title="bbox 164 281 274 338">
    <p class='ocr_par' dir='ltr' id='par_1_1' title="bbox 164 281 274 338">
     <span class='ocr_line' id='line_1_1' title="bbox 164 281 274 338; baseline 0.045 -5"><span class='ocrx_word' id='word_1_1' title='bbox 164 281 274 338; x_wconf 74' lang='grc'><strong>633</strong></span> 
     </span>
    </p>
   </div>
   <div class='ocr_carea' id='block_1_2' title="bbox 1107 279 2559 348">
    <p class='ocr_par' dir='ltr' id='par_1_2' title="bbox 1107 279 2559 348">
     <span class='ocr_line' id='line_1_2' title="bbox 1107 279 2559 348; baseline 0.001 -12"><span class='ocrx_word' id='word_1_2' title='bbox 1107 280 1464 338; x_wconf 80' lang='lat' dir='ltr'><strong>MORALIUM</strong></span> <span class='ocrx_word' id='word_1_3' title='bbox 1508 279 1636 336; x_wconf 86' lang='lat' dir='ltr'><strong>LIB.</strong></span> <span class='ocrx_word' id='word_1_4' title='bbox 1679 281 1768 337; x_wconf 80' lang='lat' dir='ltr'><strong>IV.</strong></span> <span class='ocrx_word' id='word_1_5' title='bbox 1812 311 1878 322; x_wconf 89' lang='lat'><strong><em>—</em></strong></span> <span class='ocrx_word' id='word_1_6' title='bbox 1918 281 1984 338; x_wconf 83' lang='lat' dir='ltr'><strong>IN</strong></span> <span class='ocrx_word' id='word_1_7' title='bbox 2021 281 2177 337; x_wconf 84' lang='lat' dir='ltr'><strong>CAP.</strong></span> <span class='ocrx_word' id='word_1_8' title='bbox 2217 281 2285 338; x_wconf 89' lang='lat' dir='ltr'><strong>Ill</strong></span> <span class='ocrx_word' id='word_1_9' title='bbox 2326 283 2385 338; x_wconf 87' lang='grc' dir='ltr'><strong>Β.</strong></span> <span class='ocrx_word' id='word_1_10' title='bbox 2421 283 2559 348; x_wconf 82' lang='lat' dir='ltr'><strong>JOB.</strong></span> 
     </span>
    </p>
   </div>
   <div class='ocr_carea' id='block_1_3' title="bbox 3336 283 3443 337">
    <p class='ocr_par' dir='ltr' id='par_1_3' title="bbox 3336 283 3443 337">
     <span class='ocr_line' id='line_1_3' title="bbox 3336 283 3443 337; baseline -0.009 0"><span class='ocrx_word' id='word_1_11' title='bbox 3336 283 3443 337; x_wconf 75' lang='grc'><strong>634</strong></span> 
     </span>
    </p>
   </div>
   <div class='ocr_carea' id='block_1_4' title="bbox 168 382 3445 465">
    <p class='ocr_par' dir='ltr' id='par_1_4' title="bbox 168 382 3445 465">
     <span class='ocr_line' id='line_1_4' title="bbox 168 382 3445 465; baseline 0 -14"><span class='ocrx_word' id='word_1_12' title='bbox 168 399 371 452; x_wconf 86' lang='lat' dir='ltr'><strong>sionem</strong></span> <span class='ocrx_word' id='word_1_13' title='bbox 414 394 636 462; x_wconf 74' lang='lat' dir='ltr'><strong>justitize</strong></span> <span class='ocrx_word' id='word_1_14' title='bbox 665 395 718 449; x_wconf 92' lang='lat' dir='ltr'><strong>in</strong></span> <span class='ocrx_word' id='word_1_15' title='bbox 746 382 935 449; x_wconf 86' lang='lat' dir='ltr'><strong>vocem</strong></span> <span class='ocrx_word' id='word_1_16' title='bbox 965 395 1148 449; x_wconf 68' lang='lat' dir='ltr'><strong>libera:</strong></span> <span class='ocrx_word' id='word_1_17' title='bbox 1175 393 1514 449; x_wconf 89' lang='lat' dir='ltr'><strong>auctoritatis</strong></span> <span class='ocrx_word' id='word_1_18' title='bbox 1551 394 1746 448; x_wconf 83' lang='lat' dir='ltr'><strong>immu-</strong></span> <span class='ocrx_word' id='word_1_19' title='bbox 1774 399 1823 458; x_wconf 84' lang='grc' dir='ltr'><strong>Α</strong></span> <span class='ocrx_word' id='word_1_20' title='bbox 1850 394 2206 463; x_wconf 78' lang='lat' dir='ltr'><strong>cogitationes</strong></span> <span class='ocrx_word' id='word_1_21' title='bbox 2233 395 2532 465; x_wconf 79' lang='lat' dir='ltr'><strong>subigendo</strong></span> <span class='ocrx_word' id='word_1_22' title='bbox 2563 396 2617 450; x_wconf 90' lang='lat' dir='ltr'><strong>in</strong></span> <span class='ocrx_word' id='word_1_23' title='bbox 2662 395 2887 451; x_wconf 84' lang='lat' dir='ltr'><strong>virtutes</strong></span> <span class='ocrx_word' id='word_1_24' title='bbox 2931 395 3219 462; x_wconf 79' lang='lat' dir='ltr'><strong>vertimus,</strong></span> <span class='ocrx_word' id='word_1_25' title='bbox 3272 404 3445 452; x_wconf 83' lang='lat' dir='ltr'><strong>tenta-</strong></span> 
     </span>
    </p>
   </div>
   <div class='ocr_carea' id='block_1_5' title="bbox 165 486 1748 552">
    <p class='ocr_par' dir='ltr' id='par_1_5' title="bbox 165 486 1748 552">
     <span class='ocr_line' id='line_1_5' title="bbox 165 486 1748 552; baseline -0.001 -11"><span class='ocrx_word' id='word_1_26' title='bbox 165 495 302 541; x_wconf 83' lang='lat' dir='ltr'><strong>tant.</strong></span> <span class='ocrx_word' id='word_1_27' title='bbox 333 486 628 542; x_wconf 82' lang='lat' dir='ltr'><strong>Nonnullos</strong></span> <span class='ocrx_word' id='word_1_28' title='bbox 651 486 906 541; x_wconf 79' lang='lat' dir='ltr'><strong>fortitudo</strong></span> <span class='ocrx_word' id='word_1_29' title='bbox 933 488 1112 542; x_wconf 89' lang='lat' dir='ltr'><strong>carnis</strong></span> <span class='ocrx_word' id='word_1_30' title='bbox 1141 487 1450 552; x_wconf 88' lang='lat' dir='ltr'><strong>illecebrat;</strong></span> <span class='ocrx_word' id='word_1_31' title='bbox 1498 486 1593 540; x_wconf 90' lang='lat' dir='ltr'><strong>sed</strong></span> <span class='ocrx_word' id='word_1_32' title='bbox 1623 486 1748 540; x_wconf 91' lang='lat' dir='ltr'><strong>dum</strong></span> 
     </span>
    </p>
   </div>
   <div class='ocr_carea' id='block_1_6' title="bbox 165 575 1752 647">
    <p class='ocr_par' dir='ltr' id='par_1_6' title="bbox 165 575 1752 647">
     <span class='ocr_line' id='line_1_6' title="bbox 165 575 1752 647; baseline -0.001 -15"><span class='ocrx_word' id='word_1_33' title='bbox 165 577 476 633; x_wconf 80' lang='lat' dir='ltr'><strong>exercend&#39;s</strong></span> <span class='ocrx_word' id='word_1_34' title='bbox 514 578 617 646; x_wconf 90' lang='lat' dir='ltr'><strong>piis</strong></span> <span class='ocrx_word' id='word_1_35' title='bbox 655 578 909 647; x_wconf 90' lang='lat' dir='ltr'><strong>operibus</strong></span> <span class='ocrx_word' id='word_1_36' title='bbox 948 593 1146 646; x_wconf 90' lang='lat' dir='ltr'><strong>corpus</strong></span> <span class='ocrx_word' id='word_1_37' title='bbox 1191 577 1445 637; x_wconf 86' lang='lat' dir='ltr'><strong>subdunt,</strong></span> <span class='ocrx_word' id='word_1_38' title='bbox 1479 575 1620 629; x_wconf 86' lang='lat' dir='ltr'><strong>unde</strong></span> <span class='ocrx_word' id='word_1_39' title='bbox 1649 576 1752 631; x_wconf 93' lang='lat' dir='ltr'><strong>ini-</strong></span> 
     </span>
    </p>
   </div>
   <div class='ocr_carea' id='block_1_7' title="bbox 163 661 1758 737">
    <p class='ocr_par' dir='ltr' id='par_1_7' title="bbox 163 661 1758 737">
     <span class='ocr_line' id='line_1_7' title="bbox 163 661 1758 737; baseline -0.001 -15"><span class='ocrx_word' id='word_1_40' title='bbox 163 670 379 736; x_wconf 87' lang='lat' dir='ltr'><strong>quitatis</strong></span> <span class='ocrx_word' id='word_1_41' title='bbox 405 669 677 723; x_wconf 86' lang='lat' dir='ltr'><strong>stimulum</strong></span> <span class='ocrx_word' id='word_1_42' title='bbox 701 669 844 737; x_wconf 86' lang='lat' dir='ltr'><strong>passi</strong></span> <span class='ocrx_word' id='word_1_43' title='bbox 870 676 1015 732; x_wconf 90' lang='lat' dir='ltr'><strong>sunt,</strong></span> <span class='ocrx_word' id='word_1_44' title='bbox 1044 661 1170 722; x_wconf 71' lang='lat' dir='ltr'><strong>inde</strong></span> <span class='ocrx_word' id='word_1_45' title='bbox 1198 667 1416 737; x_wconf 89' lang='lat' dir='ltr'><strong>pietatis</strong></span> <span class='ocrx_word' id='word_1_46' title='bbox 1443 667 1589 722; x_wconf 90' lang='lat' dir='ltr'><strong>lucra</strong></span> <span class='ocrx_word' id='word_1_47' title='bbox 1611 683 1758 721; x_wconf 89' lang='lat' dir='ltr'><strong>mer-</strong></span> 
     </span>
    </p>
   </div>
   <div class='ocr_carea' id='block_1_8' title="bbox 164 756 1751 826">
    <p class='ocr_par' dir='ltr' id='par_1_8' title="bbox 164 756 1751 826">
     <span class='ocr_line' id='line_1_8' title="bbox 164 756 1751 826; baseline 0.001 -16"><span class='ocrx_word' id='word_1_48' title='bbox 164 767 372 811; x_wconf 89' lang='lat' dir='ltr'><strong>cantur.</strong></span> <span class='ocrx_word' id='word_1_49' title='bbox 429 758 578 813; x_wconf 88' lang='lat' dir='ltr'><strong>llnde</strong></span> <span class='ocrx_word' id='word_1_50' title='bbox 605 766 662 814; x_wconf 89' lang='lat' dir='ltr'><strong>et</strong></span> <span class='ocrx_word' id='word_1_51' title='bbox 689 759 827 813; x_wconf 89' lang='lat' dir='ltr'><strong>bene</strong></span> <span class='ocrx_word' id='word_1_52' title='bbox 855 759 1022 813; x_wconf 83' lang='lat' dir='ltr'><strong>isdem</strong></span> <span class='ocrx_word' id='word_1_53' title='bbox 1066 759 1256 814; x_wconf 90' lang='lat' dir='ltr'><strong>beatus</strong></span> <span class='ocrx_word' id='word_1_54' title='bbox 1291 756 1393 812; x_wconf 83' lang='lat' dir='ltr'><strong>Job</strong></span> <span class='ocrx_word' id='word_1_55' title='bbox 1423 766 1547 826; x_wconf 90' lang='lat' dir='ltr'><strong>post</strong></span> <span class='ocrx_word' id='word_1_56' title='bbox 1584 759 1751 812; x_wconf 87' lang='lat' dir='ltr'><strong>multa</strong></span> 
     </span>
    </p>
   </div>
   <div class='ocr_carea' id='block_1_9' title="bbox 161 849 1749 919">
    <p class='ocr_par' dir='ltr' id='par_1_9' title="bbox 161 849 1749 919">
     <span class='ocr_line' id='line_1_9' title="bbox 161 849 1749 919; baseline -0.001 -17"><span class='ocrx_word' id='word_1_57' title='bbox 161 852 454 904; x_wconf 81' lang='lat' dir='ltr'><strong>certamina</strong></span> <span class='ocrx_word' id='word_1_58' title='bbox 501 851 737 906; x_wconf 86' lang='lat' dir='ltr'><strong>hostiam</strong></span> <span class='ocrx_word' id='word_1_59' title='bbox 781 867 881 919; x_wconf 88' lang='lat' dir='ltr'><strong>pro</strong></span> <span class='ocrx_word' id='word_1_60' title='bbox 921 851 1107 904; x_wconf 87' lang='lat' dir='ltr'><strong>amicis</strong></span> <span class='ocrx_word' id='word_1_61' title='bbox 1137 850 1396 904; x_wconf 88' lang='lat' dir='ltr'><strong>immolat.</strong></span> <span class='ocrx_word' id='word_1_62' title='bbox 1430 849 1578 914; x_wconf 89' lang='lat' dir='ltr'><strong>Quos</strong></span> <span class='ocrx_word' id='word_1_63' title='bbox 1606 850 1749 902; x_wconf 92' lang='lat' dir='ltr'><strong>enim</strong></span> 
     </span>
    </p>
   </div>
   <div class='ocr_carea' id='block_1_10' title="bbox 75 937 1752 1007">
    <p class='ocr_par' dir='ltr' id='par_1_10' title="bbox 75 937 1752 1007">
     <span class='ocr_line' id='line_1_10' title="bbox 75 937 1752 1007; baseline -0.001 -17"><span class='ocrx_word' id='word_1_64' title='bbox 75 940 79 944; x_wconf 89' lang='grc'><strong>’</strong></span> <span class='ocrx_word' id='word_1_65' title='bbox 161 953 258 1006; x_wconf 90' lang='lat' dir='ltr'><strong>per</strong></span> <span class='ocrx_word' id='word_1_66' title='bbox 284 939 689 992; x_wconf 89' lang='lat' dir='ltr'><strong>contentionem</strong></span> <span class='ocrx_word' id='word_1_67' title='bbox 711 939 801 992; x_wconf 89' lang='lat' dir='ltr'><strong>diu</strong></span> <span class='ocrx_word' id='word_1_68' title='bbox 823 939 1006 992; x_wconf 85' lang='lat' dir='ltr'><strong>hostes</strong></span> <span class='ocrx_word' id='word_1_69' title='bbox 1033 937 1271 1007; x_wconf 86' lang='lat' dir='ltr'><strong>pertulit,</strong></span> <span class='ocrx_word' id='word_1_70' title='bbox 1300 937 1628 1006; x_wconf 85' lang='lat' dir='ltr'><strong>quandoque</strong></span> <span class='ocrx_word' id='word_1_71' title='bbox 1652 951 1752 1005; x_wconf 91' lang='lat' dir='ltr'><strong>per</strong></span> 
     </span>
    </p>
   </div>
   <div class='ocr_carea' id='block_1_11' title="bbox 159 1028 1750 1098">
    <p class='ocr_par' dir='ltr' id='par_1_11' title="bbox 159 1028 1750 1098">
     <span class='ocr_line' id='line_1_11' title="bbox 159 1028 1750 1098; baseline -0.001 -16"><span class='ocrx_word' id='word_1_72' title='bbox 159 1029 480 1083; x_wconf 78' lang='lat' dir='ltr'><strong>sacriﬁcium</strong></span> <span class='ocrx_word' id='word_1_73' title='bbox 509 1031 656 1084; x_wconf 83' lang='lat' dir='ltr'><strong>cives</strong></span> <span class='ocrx_word' id='word_1_74' title='bbox 696 1029 903 1095; x_wconf 82' lang='lat' dir='ltr'><strong>reddit;</strong></span> <span class='ocrx_word' id='word_1_75' title='bbox 946 1029 1073 1098; x_wconf 87' lang='lat' dir='ltr'><strong>quia</strong></span> <span class='ocrx_word' id='word_1_76' title='bbox 1103 1028 1229 1083; x_wconf 90' lang='lat' dir='ltr'><strong>dum</strong></span> <span class='ocrx_word' id='word_1_77' title='bbox 1257 1029 1480 1083; x_wconf 88' lang='lat' dir='ltr'><strong>vitiosas</strong></span> <span class='ocrx_word' id='word_1_78' title='bbox 1505 1042 1750 1096; x_wconf 86' lang='lat' dir='ltr'><strong>quasque</strong></span> 
     </span>
    </p>
   </div>
   <div class='ocr_carea' id='block_1_12' title="bbox 1855 487 3446 560">
    <p class='ocr_par' dir='ltr' id='par_1_12' title="bbox 1855 487 3446 560">
     <span class='ocr_line' id='line_1_12' title="bbox 1855 487 3446 560; baseline 0.001 -18"><span class='ocrx_word' id='word_1_79' title='bbox 1855 489 2061 542; x_wconf 90' lang='lat' dir='ltr'><strong>tionum</strong></span> <span class='ocrx_word' id='word_1_80' title='bbox 2085 487 2309 542; x_wconf 89' lang='lat' dir='ltr'><strong>adversa</strong></span> <span class='ocrx_word' id='word_1_81' title='bbox 2336 487 2515 542; x_wconf 88' lang='lat' dir='ltr'><strong>studia</strong></span> <span class='ocrx_word' id='word_1_82' title='bbox 2541 503 2640 560; x_wconf 87' lang='lat' dir='ltr'><strong>per</strong></span> <span class='ocrx_word' id='word_1_83' title='bbox 2668 488 2981 543; x_wconf 87' lang='lat' dir='ltr'><strong>intentionis</strong></span> <span class='ocrx_word' id='word_1_84' title='bbox 3007 487 3262 549; x_wconf 84' lang='lat' dir='ltr'><strong>hostiam,</strong></span> <span class='ocrx_word' id='word_1_85' title='bbox 3286 490 3446 558; x_wconf 87' lang='lat' dir='ltr'><strong>quasi</strong></span> 
     </span>
    </p>
   </div>
   <div class='ocr_carea' id='block_1_13' title="bbox 1857 576 3446 646">
    <p class='ocr_par' dir='ltr' id='par_1_13' title="bbox 1857 576 3446 646">
     <span class='ocr_line' id='line_1_13' title="bbox 1857 576 3446 646; baseline 0.002 -16"><span class='ocrx_word' id='word_1_86' title='bbox 1857 576 1924 630; x_wconf 85' lang='lat' dir='ltr'><strong>ad</strong></span> <span class='ocrx_word' id='word_1_87' title='bbox 1966 577 2137 631; x_wconf 88' lang='lat' dir='ltr'><strong>amica</strong></span> <span class='ocrx_word' id='word_1_88' title='bbox 2168 577 2331 631; x_wconf 89' lang='lat' dir='ltr'><strong>corda</strong></span> <span class='ocrx_word' id='word_1_89' title='bbox 2363 585 2748 646; x_wconf 88' lang='lat' dir='ltr'><strong>permutamus.</strong></span> <span class='ocrx_word' id='word_1_90' title='bbox 2781 577 2908 632; x_wconf 68' lang='lat' dir='ltr'><strong>Hatc</strong></span> <span class='ocrx_word' id='word_1_91' title='bbox 2937 594 3036 633; x_wconf 90' lang='lat' dir='ltr'><strong>nos</strong></span> <span class='ocrx_word' id='word_1_92' title='bbox 3064 579 3116 632; x_wconf 92' lang='lat' dir='ltr'><strong>in</strong></span> <span class='ocrx_word' id='word_1_93' title='bbox 3149 579 3316 633; x_wconf 91' lang='lat' dir='ltr'><strong>tribus</strong></span> <span class='ocrx_word' id='word_1_94' title='bbox 3345 594 3446 634; x_wconf 88' lang='lat' dir='ltr'><strong>vo-</strong></span> 
     </span>
    </p>
   </div>
   <div class='ocr_carea' id='block_1_14' title="bbox 1855 666 3447 739">
    <p class='ocr_par' dir='ltr' id='par_1_14' title="bbox 1855 666 3447 739">
     <span class='ocr_line' id='line_1_14' title="bbox 1855 666 3447 739; baseline 0.002 -20"><span class='ocrx_word' id='word_1_95' title='bbox 1855 666 2147 721; x_wconf 90' lang='lat' dir='ltr'><strong>luminibus</strong></span> <span class='ocrx_word' id='word_1_96' title='bbox 2168 668 2232 720; x_wconf 88' lang='lat' dir='ltr'><strong>tri</strong></span> <span class='ocrx_word' id='word_1_97' title='bbox 2241 667 2452 736; x_wconf 88' lang='lat' dir='ltr'><strong>pliciter</strong></span> <span class='ocrx_word' id='word_1_98' title='bbox 2470 667 2786 723; x_wconf 83' lang='lat' dir='ltr'><strong>disseruisse</strong></span> <span class='ocrx_word' id='word_1_99' title='bbox 2803 668 3052 725; x_wconf 85' lang='lat' dir='ltr'><strong>sul&#39;liciat.</strong></span> <span class='ocrx_word' id='word_1_100' title='bbox 3074 667 3132 722; x_wconf 77' lang='lat' dir='ltr'><strong>in</strong></span> <span class='ocrx_word' id='word_1_101' title='bbox 3157 669 3272 739; x_wconf 90' lang='lat' dir='ltr'><strong>ipso</strong></span> <span class='ocrx_word' id='word_1_102' title='bbox 3296 685 3418 722; x_wconf 82' lang='lat' dir='ltr'><strong>nam</strong></span> <span class='ocrx_word' id='word_1_103' title='bbox 3431 698 3447 708; x_wconf 87' lang='lat'><strong>-</strong></span> 
     </span>
    </p>
   </div>
   <div class='ocr_carea' id='block_1_15' title="bbox 1856 758 3451 828">
    <p class='ocr_par' dir='ltr' id='par_1_15' title="bbox 1856 758 3451 828">
     <span class='ocr_line' id='line_1_15' title="bbox 1856 758 3451 828; baseline 0.001 -17"><span class='ocrx_word' id='word_1_104' title='bbox 1856 773 1960 827; x_wconf 90' lang='lat' dir='ltr'><strong>que</strong></span> <span class='ocrx_word' id='word_1_105' title='bbox 1990 759 2168 826; x_wconf 87' lang='lat' dir='ltr'><strong>operis</strong></span> <span class='ocrx_word' id='word_1_106' title='bbox 2205 758 2361 828; x_wconf 85' lang='lat' dir='ltr'><strong>hujus</strong></span> <span class='ocrx_word' id='word_1_107' title='bbox 2399 759 2625 814; x_wconf 81' lang='lat' dir='ltr'><strong>exordio</strong></span> <span class='ocrx_word' id='word_1_108' title='bbox 2654 759 2799 814; x_wconf 91' lang='lat' dir='ltr'><strong>velut</strong></span> <span class='ocrx_word' id='word_1_109' title='bbox 2827 760 2880 814; x_wconf 92' lang='lat' dir='ltr'><strong>in</strong></span> <span class='ocrx_word' id='word_1_110' title='bbox 2911 759 3110 814; x_wconf 90' lang='lat' dir='ltr'><strong>molem</strong></span> <span class='ocrx_word' id='word_1_111' title='bbox 3158 762 3451 814; x_wconf 65' lang='lat' dir='ltr'><strong>nascituras</strong></span> 
     </span>
    </p>
   </div>
   <div class='ocr_carea' id='block_1_16' title="bbox 1856 848 3448 919">
    <p class='ocr_par' dir='ltr' id='par_1_16' title="bbox 1856 848 3448 919">
     <span class='ocr_line' id='line_1_16' title="bbox 1856 848 3448 919; baseline 0.003 -20"><span class='ocrx_word' id='word_1_112' title='bbox 1856 848 2082 910; x_wconf 81' lang='lat' dir='ltr'><strong>arboris,</strong></span> <span class='ocrx_word' id='word_1_113' title='bbox 2118 849 2310 916; x_wconf 76' lang='lat' dir='ltr'><strong>lingua:</strong></span> <span class='ocrx_word' id='word_1_114' title='bbox 2349 849 2586 904; x_wconf 89' lang='lat' dir='ltr'><strong>radicem</strong></span> <span class='ocrx_word' id='word_1_115' title='bbox 2618 849 2852 915; x_wconf 86' lang='lat' dir='ltr'><strong>tlximus,</strong></span> <span class='ocrx_word' id='word_1_116' title='bbox 2883 858 2941 904; x_wconf 92' lang='lat' dir='ltr'><strong>ut</strong></span> <span class='ocrx_word' id='word_1_117' title='bbox 2969 849 3326 919; x_wconf 84' lang='lat' dir='ltr'><strong>expositionis</strong></span> <span class='ocrx_word' id='word_1_118' title='bbox 3354 865 3448 903; x_wconf 82' lang='lat' dir='ltr'><strong>ra-</strong></span> 
     </span>
    </p>
   </div>
   <div class='ocr_carea' id='block_1_17' title="bbox 1856 937 3451 1009">
    <p class='ocr_par' dir='ltr' id='par_1_17' title="bbox 1856 937 3451 1009">
     <span class='ocr_line' id='line_1_17' title="bbox 1856 937 3451 1009; baseline 0.004 -21"><span class='ocrx_word' id='word_1_119' title='bbox 1856 951 1974 989; x_wconf 90' lang='lat' dir='ltr'><strong>mos</strong></span> <span class='ocrx_word' id='word_1_120' title='bbox 2005 937 2377 1004; x_wconf 89' lang='lat' dir='ltr'><strong>postmodum,</strong></span> <span class='ocrx_word' id='word_1_121' title='bbox 2420 946 2581 1007; x_wconf 82' lang='lat' dir='ltr'><strong>prout</strong></span> <span class='ocrx_word' id='word_1_122' title='bbox 2609 938 2818 1008; x_wconf 80' lang='lat' dir='ltr'><strong>singula</strong></span> <span class='ocrx_word' id='word_1_123' title='bbox 2847 946 3107 1009; x_wconf 82' lang='lat' dir='ltr'><strong>expetunt</strong></span> <span class='ocrx_word' id='word_1_124' title='bbox 3132 939 3276 1005; x_wconf 89' lang='lat' dir='ltr'><strong>loca,</strong></span> <span class='ocrx_word' id='word_1_125' title='bbox 3317 954 3451 1007; x_wconf 79' lang='lat' dir='ltr'><strong>pro-</strong></span> 
     </span>
    </p>
   </div>
   <div class='ocr_carea' id='block_1_18' title="bbox 1856 1027 2134 1080">
    <p class='ocr_par' dir='ltr' id='par_1_18' title="bbox 1856 1027 2134 1080">
     <span class='ocr_line' id='line_1_18' title="bbox 1856 1027 2134 1080; baseline 0 -1"><span class='ocrx_word' id='word_1_126' title='bbox 1856 1027 2134 1080; x_wconf 81' lang='lat' dir='ltr'><strong>ducamus.</strong></span> 
     </span>
    </p>
   </div>
   <div class='ocr_carea' id='block_1_19' title="bbox 1291 1281 2307 1386">
    <p class='ocr_par' dir='ltr' id='par_1_19' title="bbox 1291 1281 2307 1386">
     <span class='ocr_line' id='line_1_19' title="bbox 1291 1281 2307 1386; baseline -0.001 -25"><span class='ocrx_word' id='word_1_127' title='bbox 1291 1281 1633 1365; x_wconf 83' lang='lat' dir='ltr'>LIBER</span> <span class='ocrx_word' id='word_1_128' title='bbox 1702 1283 2307 1386; x_wconf 76' lang='lat' dir='ltr'><strong>QUARTUS.</strong></span> 
     </span>
    </p>
   </div>
   <div class='ocr_carea' id='block_1_20' title="bbox 154 1437 3441 1525">
    <p class='ocr_par' dir='ltr' id='par_1_20' title="bbox 154 1437 3441 1525">
     <span class='ocr_line' id='line_1_20' title="bbox 154 1437 3441 1525; baseline 0.001 -21"><span class='ocrx_word' id='word_1_129' title='bbox 154 1445 236 1504; x_wconf 87' lang='lat' dir='ltr'><strong>In</strong></span> <span class='ocrx_word' id='word_1_130' title='bbox 272 1464 394 1523; x_wconf 91' lang='lat' dir='ltr'><strong>quo</strong></span> <span class='ocrx_word' id='word_1_131' title='bbox 429 1445 774 1523; x_wconf 77' lang='lat' dir='ltr'><strong>Gregorius</strong></span> <span class='ocrx_word' id='word_1_132' title='bbox 796 1448 1015 1524; x_wconf 77' lang='lat' dir='ltr'><strong>paucis</strong></span> <span class='ocrx_word' id='word_1_133' title='bbox 1041 1445 1344 1523; x_wconf 69' lang='lat' dir='ltr'><strong>prafatus</strong></span> <span class='ocrx_word' id='word_1_134' title='bbox 1380 1439 1734 1518; x_wconf 74' lang='lat' dir='ltr'><strong>Scriptum</strong></span> <span class='ocrx_word' id='word_1_135' title='bbox 1762 1437 2038 1500; x_wconf 77' lang='lat' dir='ltr'><strong>litteram</strong></span> <span class='ocrx_word' id='word_1_136' title='bbox 2071 1456 2275 1500; x_wconf 82' lang='lat' dir='ltr'><strong>secum</strong></span> <span class='ocrx_word' id='word_1_137' title='bbox 2305 1439 2646 1520; x_wconf 70' lang='lat' dir='ltr'><strong>aliquando</strong></span> <span class='ocrx_word' id='word_1_138' title='bbox 2669 1459 2973 1522; x_wconf 87' lang='lat' dir='ltr'><strong>pugnare,</strong></span> <span class='ocrx_word' id='word_1_139' title='bbox 3012 1452 3071 1506; x_wconf 89' lang='lat' dir='ltr'><strong>et</strong></span> <span class='ocrx_word' id='word_1_140' title='bbox 3123 1445 3441 1525; x_wconf 79' lang='lat' dir='ltr'><strong>impreca—</strong></span> 
     </span>
    </p>
   </div>
   <div class='ocr_carea' id='block_1_21' title="bbox 240 1535 3445 1624">
    <p class='ocr_par' dir='ltr' id='par_1_21' title="bbox 240 1535 3445 1624">
     <span class='ocr_line' id='line_1_21' title="bbox 240 1535 3445 1624; baseline 0.001 -21"><span class='ocrx_word' id='word_1_141' title='bbox 240 1545 443 1603; x_wconf 85' lang='lat' dir='ltr'><strong>tiones</strong></span> <span class='ocrx_word' id='word_1_142' title='bbox 475 1545 600 1605; x_wconf 86' lang='lat' dir='ltr'><strong>Job</strong></span> <span class='ocrx_word' id='word_1_143' title='bbox 629 1547 787 1606; x_wconf 76' lang='lat' dir='ltr'><strong>sicut</strong></span> <span class='ocrx_word' id='word_1_144' title='bbox 813 1543 1093 1604; x_wconf 76' lang='lat' dir='ltr'><strong>Ieremia:</strong></span> <span class='ocrx_word' id='word_1_145' title='bbox 1127 1561 1198 1601; x_wconf 88' lang='lat' dir='ltr'><strong>ac</strong></span> <span class='ocrx_word' id='word_1_146' title='bbox 1226 1538 1454 1612; x_wconf 83' lang='lat' dir='ltr'><strong>David,</strong></span> <span class='ocrx_word' id='word_1_147' title='bbox 1475 1535 1806 1596; x_wconf 82' lang='lat' dir='ltr'><strong>secundum</strong></span> <span class='ocrx_word' id='word_1_148' title='bbox 1832 1535 1900 1596; x_wconf 89' lang='lat' dir='ltr'><strong>id</strong></span> <span class='ocrx_word' id='word_1_149' title='bbox 1926 1536 2095 1614; x_wconf 87' lang='lat' dir='ltr'><strong>quod</strong></span> <span class='ocrx_word' id='word_1_150' title='bbox 2119 1545 2374 1611; x_wconf 83' lang='lat' dir='ltr'><strong>sonant,</strong></span> <span class='ocrx_word' id='word_1_151' title='bbox 2429 1542 2560 1600; x_wconf 84' lang='lat' dir='ltr'><strong>sine</strong></span> <span class='ocrx_word' id='word_1_152' title='bbox 2584 1538 2972 1602; x_wconf 81' lang='lat' dir='ltr'><strong>absurditate</strong></span> <span class='ocrx_word' id='word_1_153' title='bbox 3002 1544 3276 1624; x_wconf 82' lang='lat' dir='ltr'><strong>intelligi</strong></span> <span class='ocrx_word' id='word_1_154' title='bbox 3315 1565 3445 1606; x_wconf 87' lang='lat' dir='ltr'><strong>non</strong></span> 
     </span>
    </p>
   </div>
   <div class='ocr_carea' id='block_1_22' title="bbox 237 1635 3442 1720">
    <p class='ocr_par' dir='ltr' id='par_1_22' title="bbox 237 1635 3442 1720">
     <span class='ocr_line' id='line_1_22' title="bbox 237 1635 3442 1720; baseline 0.001 -18"><span class='ocrx_word' id='word_1_155' title='bbox 237 1662 444 1720; x_wconf 83' lang='lat' dir='ltr'><strong>posse,</strong></span> <span class='ocrx_word' id='word_1_156' title='bbox 473 1645 658 1706; x_wconf 79' lang='lat' dir='ltr'><strong>verba</strong></span> <span class='ocrx_word' id='word_1_157' title='bbox 681 1643 806 1705; x_wconf 86' lang='lat' dir='ltr'><strong>Job</strong></span> <span class='ocrx_word' id='word_1_158' title='bbox 832 1641 906 1703; x_wconf 88' lang='lat' dir='ltr'><strong>ab</strong></span> <span class='ocrx_word' id='word_1_159' title='bbox 934 1641 1119 1703; x_wconf 83' lang='lat' dir='ltr'><strong>initio</strong></span> <span class='ocrx_word' id='word_1_160' title='bbox 1149 1640 1372 1718; x_wconf 86' lang='lat' dir='ltr'><strong>capitis</strong></span> <span class='ocrx_word' id='word_1_161' title='bbox 1405 1636 1605 1710; x_wconf 85' lang='lat' dir='ltr'><strong>tertii,</strong></span> <span class='ocrx_word' id='word_1_162' title='bbox 1633 1635 1715 1695; x_wconf 89' lang='lat' dir='ltr'><strong>ad</strong></span> <span class='ocrx_word' id='word_1_163' title='bbox 1737 1651 1979 1694; x_wconf 79' lang='lat' dir='ltr'><strong>versum</strong></span> <span class='ocrx_word' id='word_1_164' title='bbox 2002 1635 2366 1713; x_wconf 81' lang='lat' dir='ltr'><strong>vigesimum</strong></span> <span class='ocrx_word' id='word_1_165' title='bbox 2389 1636 2707 1711; x_wconf 70' lang='lat' dir='ltr'><strong>historice,</strong></span> <span class='ocrx_word' id='word_1_166' title='bbox 2735 1640 2991 1717; x_wconf 80' lang='lat' dir='ltr'><strong>mystice</strong></span> <span class='ocrx_word' id='word_1_167' title='bbox 3020 1661 3092 1702; x_wconf 90' lang='lat' dir='ltr'><strong>ac</strong></span> <span class='ocrx_word' id='word_1_168' title='bbox 3119 1646 3442 1707; x_wconf 81' lang='lat' dir='ltr'><strong>moraliter</strong></span> 
     </span>
    </p>
   </div>
   <div class='ocr_carea' id='block_1_23' title="bbox 245 1743 536 1820">
    <p class='ocr_par' dir='ltr' id='par_1_23' title="bbox 245 1743 536 1820">
     <span class='ocr_line' id='line_1_23' title="bbox 245 1743 536 1820; baseline 0.014 -22"><span class='ocrx_word' id='word_1_169' title='bbox 245 1743 536 1820; x_wconf 64' lang='lat' dir='ltr'><strong>exponit.</strong></span> 
     </span>
    </p>
   </div>
   <div class='ocr_carea' id='block_1_24' title="bbox 683 1925 1232 1983">
    <p class='ocr_par' dir='ltr' id='par_1_24' title="bbox 683 1925 1232 1983">
     <span class='ocr_line' id='line_1_24' title="bbox 683 1925 1232 1983; baseline -0.009 0"><span class='ocrx_word' id='word_1_170' title='bbox 683 1925 912 1983; x_wconf 84' lang='lat' dir='ltr'><strong>CAPUT</strong></span> <span class='ocrx_word' id='word_1_171' title='bbox 941 1925 1232 1981; x_wconf 77' lang='lat' dir='ltr'><strong>PRIMUM.</strong></span> 
     </span>
    </p>
   </div>
   <div class='ocr_carea' id='block_1_25' title="bbox 790 2030 1137 2073">
    <p class='ocr_par' dir='ltr' id='par_1_25' title="bbox 790 2030 1137 2073">
     <span class='ocr_line' id='line_1_25' title="bbox 790 2030 1137 2073; baseline -0.009 1"><span class='ocrx_word' id='word_1_172' title='bbox 790 2030 812 2055; x_wconf 78' lang='grc'><strong><em>⁸</em></strong></span> <span class='ocrx_word' id='word_1_173' title='bbox 839 2034 1137 2073; x_wconf 73' lang='grc' dir='ltr'><strong>ΡΒιΕΡΑΤΙΟ.</strong></span> 
     </span>
    </p>
   </div>
   <div class='ocr_carea' id='block_1_26' title="bbox 231 2119 1742 2194">
    <p class='ocr_par' dir='ltr' id='par_1_26' title="bbox 231 2119 1742 2194">
     <span class='ocr_line' id='line_1_26' title="bbox 231 2119 1742 2194; baseline -0.003 -15"><span class='ocrx_word' id='word_1_174' title='bbox 231 2123 386 2194; x_wconf 80' lang='lat'><strong>101</strong></span> <span class='ocrx_word' id='word_1_175' title='bbox 430 2119 719 2191; x_wconf 76' lang='lat' dir='ltr'><strong>Scriptura:</strong></span> <span class='ocrx_word' id='word_1_176' title='bbox 767 2119 941 2174; x_wconf 87' lang='lat' dir='ltr'><strong>littera</strong></span> <span class='ocrx_word' id='word_1_177' title='bbox 969 2119 1251 2190; x_wconf 85' lang='lat' dir='ltr'><strong>aliquando</strong></span> <span class='ocrx_word' id='word_1_178' title='bbox 1278 2120 1374 2176; x_wconf 88' lang='lat' dir='ltr'><strong>sibi</strong></span> <span class='ocrx_word' id='word_1_179' title='bbox 1413 2121 1742 2176; x_wconf 82' lang='lat' dir='ltr'><strong>contradicit.</strong></span> 
     </span>
    </p>
   </div>
   <div class='ocr_carea' id='block_1_27' title="bbox 150 2212 1746 2287">
    <p class='ocr_par' dir='ltr' id='par_1_27' title="bbox 150 2212 1746 2287">
     <span class='ocr_line' id='line_1_27' title="bbox 150 2212 1746 2287; baseline -0.003 -17"><span class='ocrx_word' id='word_1_180' title='bbox 150 2215 446 2285; x_wconf 64' lang='lat' dir='ltr'><strong>Scriptura!</strong></span> <span class='ocrx_word' id='word_1_181' title='bbox 478 2229 659 2268; x_wconf 77' lang='lat' dir='ltr'><strong>sensus</strong></span> <span class='ocrx_word' id='word_1_182' title='bbox 687 2212 750 2266; x_wconf 87' lang='lat' dir='ltr'><strong>ab</strong></span> <span class='ocrx_word' id='word_1_183' title='bbox 779 2213 1052 2267; x_wconf 81' lang='lat' dir='ltr'><strong>humilibus</strong></span> <span class='ocrx_word' id='word_1_184' title='bbox 1083 2214 1387 2269; x_wconf 82' lang='lat' dir='ltr'><strong>assiduitate</strong></span> <span class='ocrx_word' id='word_1_185' title='bbox 1422 2215 1625 2287; x_wconf 85' lang='lat' dir='ltr'><strong>legendi</strong></span> <span class='ocrx_word' id='word_1_186' title='bbox 1656 2230 1746 2283; x_wconf 80' lang='lat' dir='ltr'><strong>pe-</strong></span> 
     </span>
    </p>
   </div>
   <div class='ocr_carea' id='block_1_28' title="bbox 149 2304 1748 2370">
    <p class='ocr_par' dir='ltr' id='par_1_28' title="bbox 149 2304 1748 2370">
     <span class='ocr_line' id='line_1_28' title="bbox 149 2304 1748 2370; baseline 0.001 -14"><span class='ocrx_word' id='word_1_187' title='bbox 149 2312 412 2357; x_wconf 87' lang='lat' dir='ltr'><strong>netratur.</strong></span> <span class='ocrx_word' id='word_1_188' title='bbox 438 2331 508 2345; x_wconf 80' lang='lat'><strong>--</strong></span> <span class='ocrx_word' id='word_1_189' title='bbox 535 2304 635 2370; x_wconf 89' lang='lat' dir='ltr'><strong>Qui</strong></span> <span class='ocrx_word' id='word_1_190' title='bbox 667 2311 872 2357; x_wconf 85' lang='lat' dir='ltr'><strong>textum</strong></span> <span class='ocrx_word' id='word_1_191' title='bbox 899 2304 1224 2367; x_wconf 85' lang='lat' dir='ltr'><strong>considerat,</strong></span> <span class='ocrx_word' id='word_1_192' title='bbox 1252 2313 1307 2358; x_wconf 91' lang='lat' dir='ltr'><strong>et</strong></span> <span class='ocrx_word' id='word_1_193' title='bbox 1334 2321 1550 2360; x_wconf 90' lang='lat' dir='ltr'><strong>sensum</strong></span> <span class='ocrx_word' id='word_1_194' title='bbox 1582 2319 1748 2359; x_wconf 76' lang='lat' dir='ltr'><strong>sacrae</strong></span> 
     </span>
    </p>
   </div>
   <div class='ocr_carea' id='block_1_29' title="bbox 151 2395 1745 2463">
    <p class='ocr_par' dir='ltr' id='par_1_29' title="bbox 151 2395 1745 2463">
     <span class='ocr_line' id='line_1_29' title="bbox 151 2395 1745 2463; baseline 0.001 -17"><span class='ocrx_word' id='word_1_195' title='bbox 151 2395 449 2449; x_wconf 87' lang='lat' dir='ltr'><strong>locutionis</strong></span> <span class='ocrx_word' id='word_1_196' title='bbox 488 2395 735 2463; x_wconf 82' lang='lat' dir='ltr'><strong>ignorat,</strong></span> <span class='ocrx_word' id='word_1_197' title='bbox 779 2410 883 2448; x_wconf 91' lang='lat' dir='ltr'><strong>non</strong></span> <span class='ocrx_word' id='word_1_198' title='bbox 918 2402 1021 2447; x_wconf 90' lang='lat' dir='ltr'><strong>tam</strong></span> <span class='ocrx_word' id='word_1_199' title='bbox 1053 2410 1112 2450; x_wconf 91' lang='lat' dir='ltr'><strong>se</strong></span> <span class='ocrx_word' id='word_1_200' title='bbox 1156 2395 1460 2450; x_wconf 87' lang='lat' dir='ltr'><strong>eruditione</strong></span> <span class='ocrx_word' id='word_1_201' title='bbox 1505 2396 1745 2458; x_wconf 80' lang='lat' dir='ltr'><strong>instruit,</strong></span> 
     </span>
    </p>
   </div>
   <div class='ocr_carea' id='block_1_30' title="bbox 151 2487 1750 2557">
    <p class='ocr_par' dir='ltr' id='par_1_30' title="bbox 151 2487 1750 2557">
     <span class='ocr_line' id='line_1_30' title="bbox 151 2487 1750 2557; baseline 0.001 -17"><span class='ocrx_word' id='word_1_202' title='bbox 151 2488 701 2556; x_wconf 80' lang='lat' dir='ltr'><strong>quamambiguitate</strong></span> <span class='ocrx_word' id='word_1_203' title='bbox 730 2487 1036 2552; x_wconf 80' lang='lat' dir='ltr'><strong>confundit,</strong></span> <span class='ocrx_word' id='word_1_204' title='bbox 1070 2489 1193 2556; x_wconf 85' lang='lat' dir='ltr'><strong>quia</strong></span> <span class='ocrx_word' id='word_1_205' title='bbox 1235 2504 1619 2557; x_wconf 87' lang='lat' dir='ltr'><strong>nonnunquam</strong></span> <span class='ocrx_word' id='word_1_206' title='bbox 1649 2487 1750 2541; x_wconf 87' lang='lat' dir='ltr'><strong>sibi</strong></span> 
     </span>
    </p>
   </div>
   <div class='ocr_carea' id='block_1_31' title="bbox 150 2576 1752 2649">
    <p class='ocr_par' dir='ltr' id='par_1_31' title="bbox 150 2576 1752 2649">
     <span class='ocr_line' id='line_1_31' title="bbox 150 2576 1752 2649; baseline 0.002 -19"><span class='ocrx_word' id='word_1_207' title='bbox 150 2576 355 2632; x_wconf 72' lang='lat' dir='ltr'><strong>littera:</strong></span> <span class='ocrx_word' id='word_1_208' title='bbox 381 2579 542 2633; x_wconf 89' lang='lat' dir='ltr'><strong>verba</strong></span> <span class='ocrx_word' id='word_1_209' title='bbox 568 2578 976 2641; x_wconf 88' lang='lat' dir='ltr'><strong>contradicunt;</strong></span> <span class='ocrx_word' id='word_1_210' title='bbox 1007 2579 1102 2634; x_wconf 89' lang='lat' dir='ltr'><strong>sed</strong></span> <span class='ocrx_word' id='word_1_211' title='bbox 1124 2579 1249 2632; x_wconf 92' lang='lat' dir='ltr'><strong>dum</strong></span> <span class='ocrx_word' id='word_1_212' title='bbox 1272 2594 1301 2633; x_wconf 93' lang='lat' dir='ltr'><strong>a</strong></span> <span class='ocrx_word' id='word_1_213' title='bbox 1329 2581 1632 2649; x_wconf 85' lang='lat' dir='ltr'><strong>semetipsis</strong></span> <span class='ocrx_word' id='word_1_214' title='bbox 1655 2596 1752 2648; x_wconf 89' lang='lat' dir='ltr'><strong>per</strong></span> 
     </span>
    </p>
   </div>
   <div class='ocr_carea' id='block_1_32' title="bbox 151 2668 1752 2737">
    <p class='ocr_par' dir='ltr' id='par_1_32' title="bbox 151 2668 1752 2737">
     <span class='ocr_line' id='line_1_32' title="bbox 151 2668 1752 2737; baseline 0 -15"><span class='ocrx_word' id='word_1_215' title='bbox 151 2669 603 2723; x_wconf 83' lang='lat' dir='ltr'><strong>contrarietatem</strong></span> <span class='ocrx_word' id='word_1_216' title='bbox 646 2668 672 2706; x_wconf 71' lang='grc' dir='ltr'>δ</span> <span class='ocrx_word' id='word_1_217' title='bbox 703 2668 993 2733; x_wconf 85' lang='lat' dir='ltr'><strong>dissident,</strong></span> <span class='ocrx_word' id='word_1_218' title='bbox 1034 2668 1293 2723; x_wconf 88' lang='lat' dir='ltr'><strong>lectorem</strong></span> <span class='ocrx_word' id='word_1_219' title='bbox 1342 2668 1407 2721; x_wconf 87' lang='lat' dir='ltr'><strong>ad</strong></span> <span class='ocrx_word' id='word_1_220' title='bbox 1450 2669 1752 2737; x_wconf 83' lang='lat' dir='ltr'><strong>intelligen-</strong></span> 
     </span>
    </p>
   </div>
   <div class='ocr_carea' id='block_1_33' title="bbox 157 2759 1750 2828">
    <p class='ocr_par' dir='ltr' id='par_1_33' title="bbox 157 2759 1750 2828">
     <span class='ocr_line' id='line_1_33' title="bbox 157 2759 1750 2828; baseline 0 -14"><span class='ocrx_word' id='word_1_221' title='bbox 157 2762 298 2815; x_wconf 89' lang='lat' dir='ltr'><strong>tiam</strong></span> <span class='ocrx_word' id='word_1_222' title='bbox 327 2760 573 2814; x_wconf 83' lang='lat' dir='ltr'><strong>veritatis</strong></span> <span class='ocrx_word' id='word_1_223' title='bbox 600 2760 838 2814; x_wconf 91' lang='lat' dir='ltr'><strong>mittunt.</strong></span> <span class='ocrx_word' id='word_1_224' title='bbox 871 2759 1007 2826; x_wconf 86' lang='lat' dir='ltr'><strong>Quid</strong></span> <span class='ocrx_word' id='word_1_225' title='bbox 1042 2761 1182 2814; x_wconf 90' lang='lat' dir='ltr'><strong>enim</strong></span> <span class='ocrx_word' id='word_1_226' title='bbox 1214 2767 1293 2815; x_wconf 89' lang='lat' dir='ltr'><strong>est</strong></span> <span class='ocrx_word' id='word_1_227' title='bbox 1323 2760 1466 2828; x_wconf 89' lang='lat' dir='ltr'><strong>quod</strong></span> <span class='ocrx_word' id='word_1_228' title='bbox 1497 2759 1750 2815; x_wconf 89' lang='lat' dir='ltr'><strong>Salomon</strong></span> 
     </span>
    </p>
   </div>
   <div class='ocr_carea' id='block_1_34' title="bbox 154 2850 1754 2925">
    <p class='ocr_par' dir='ltr' id='par_1_34' title="bbox 154 2850 1754 2925">
     <span class='ocr_line' id='line_1_34' title="bbox 154 2850 1754 2925; baseline 0 -19"><span class='ocrx_word' id='word_1_229' title='bbox 154 2854 238 2906; x_wconf 89' lang='lat' dir='ltr'><strong>ait</strong></span> <span class='ocrx_word' id='word_1_230' title='bbox 266 2871 278 2906; x_wconf 89' lang='lat'>:</span> <span class='ocrx_word' id='word_1_231' title='bbox 319 2862 340 2891; x_wconf 72' lang='grc' dir='ltr'>α</span> <span class='ocrx_word' id='word_1_232' title='bbox 373 2850 566 2906; x_wconf 76' lang='lat' dir='ltr'><strong>Melius</strong></span> <span class='ocrx_word' id='word_1_233' title='bbox 590 2862 666 2906; x_wconf 84' lang='lat' dir='ltr'><strong>est</strong></span> <span class='ocrx_word' id='word_1_234' title='bbox 694 2853 958 2907; x_wconf 83' lang='lat' dir='ltr'><strong>comedere</strong></span> <span class='ocrx_word' id='word_1_235' title='bbox 983 2862 1033 2906; x_wconf 89' lang='lat' dir='ltr'><strong>et</strong></span> <span class='ocrx_word' id='word_1_236' title='bbox 1059 2851 1230 2906; x_wconf 84' lang='lat' dir='ltr'><strong>bibere</strong></span> <span class='ocrx_word' id='word_1_237' title='bbox 1250 2852 1445 2925; x_wconf 77' lang='lat' dir='ltr'><strong>(Ecde.</strong></span> <span class='ocrx_word' id='word_1_238' title='bbox 1472 2869 1526 2915; x_wconf 87' lang='lat' dir='ltr'><strong>tt,</strong></span> <span class='ocrx_word' id='word_1_239' title='bbox 1548 2851 1671 2924; x_wconf 64' lang='lat'><strong>9.4);</strong></span> <span class='ocrx_word' id='word_1_240' title='bbox 1700 2860 1754 2907; x_wconf 87' lang='lat' dir='ltr'><strong>et</strong></span> 
     </span>
    </p>
   </div>
   <div class='ocr_carea' id='block_1_35' title="bbox 154 2943 1753 3014">
    <p class='ocr_par' dir='ltr' id='par_1_35' title="bbox 154 2943 1753 3014">
     <span class='ocr_line' id='line_1_35' title="bbox 154 2943 1753 3014; baseline 0.001 -17"><span class='ocrx_word' id='word_1_241' title='bbox 154 2960 272 2997; x_wconf 88' lang='lat' dir='ltr'><strong>non</strong></span> <span class='ocrx_word' id='word_1_242' title='bbox 304 2944 462 3011; x_wconf 82' lang='lat' dir='ltr'><strong>longe</strong></span> <span class='ocrx_word' id='word_1_243' title='bbox 491 2951 612 3014; x_wconf 88' lang='lat' dir='ltr'><strong>post</strong></span> <span class='ocrx_word' id='word_1_244' title='bbox 652 2943 870 3008; x_wconf 81' lang='lat' dir='ltr'><strong>subiicit</strong></span> <span class='ocrx_word' id='word_1_245' title='bbox 917 2962 931 2997; x_wconf 93' lang='lat'><strong><em>:</em></strong></span> <span class='ocrx_word' id='word_1_246' title='bbox 972 2943 1162 2997; x_wconf 83' lang='lat' dir='ltr'><strong>Melius</strong></span> <span class='ocrx_word' id='word_1_247' title='bbox 1205 2953 1282 2997; x_wconf 89' lang='lat' dir='ltr'><strong>est</strong></span> <span class='ocrx_word' id='word_1_248' title='bbox 1320 2945 1398 2998; x_wconf 88' lang='lat' dir='ltr'><strong>ire</strong></span> <span class='ocrx_word' id='word_1_249' title='bbox 1435 2944 1505 2997; x_wconf 86' lang='lat' dir='ltr'><strong>ad</strong></span> <span class='ocrx_word' id='word_1_250' title='bbox 1547 2944 1753 2998; x_wconf 88' lang='lat' dir='ltr'><strong>domum</strong></span> 
     </span>
    </p>
   </div>
   <div class='ocr_carea' id='block_1_36' title="bbox 153 3031 1756 3106">
    <p class='ocr_par' dir='ltr' id='par_1_36' title="bbox 153 3031 1756 3106">
     <span class='ocr_line' id='line_1_36' title="bbox 153 3031 1756 3106; baseline 0 -20"><span class='ocrx_word' id='word_1_251' title='bbox 153 3035 353 3099; x_wconf 86' lang='lat' dir='ltr'><strong>luctus,</strong></span> <span class='ocrx_word' id='word_1_252' title='bbox 382 3050 534 3106; x_wconf 86' lang='lat' dir='ltr'><strong>quam</strong></span> <span class='ocrx_word' id='word_1_253' title='bbox 565 3034 634 3087; x_wconf 89' lang='lat' dir='ltr'><strong>ad</strong></span> <span class='ocrx_word' id='word_1_254' title='bbox 671 3035 874 3088; x_wconf 88' lang='lat' dir='ltr'><strong>domum</strong></span> <span class='ocrx_word' id='word_1_255' title='bbox 907 3034 1124 3087; x_wconf 83' lang='lat' dir='ltr'><strong>convivii</strong></span> <span class='ocrx_word' id='word_1_256' title='bbox 1161 3031 1356 3103; x_wconf 83' lang='lat' dir='ltr'><strong>(Eccle.</strong></span> <span class='ocrx_word' id='word_1_257' title='bbox 1399 3048 1492 3097; x_wconf 86' lang='lat' dir='ltr'><strong>vn,</strong></span> <span class='ocrx_word' id='word_1_258' title='bbox 1522 3031 1619 3102; x_wconf 76' lang='lat'><strong>5)?</strong></span> <span class='ocrx_word' id='word_1_259' title='bbox 1646 3034 1756 3087; x_wconf 86' lang='lat' dir='ltr'><strong>Cur</strong></span> 
     </span>
    </p>
   </div>
   <div class='ocr_carea' id='block_1_37' title="bbox 153 3122 1755 3192">
    <p class='ocr_par' dir='ltr' id='par_1_37' title="bbox 153 3122 1755 3192">
     <span class='ocr_line' id='line_1_37' title="bbox 153 3122 1755 3192; baseline 0 -15"><span class='ocrx_word' id='word_1_260' title='bbox 153 3124 370 3179; x_wconf 88' lang='lat' dir='ltr'><strong>luctum</strong></span> <span class='ocrx_word' id='word_1_261' title='bbox 401 3125 651 3179; x_wconf 89' lang='lat' dir='ltr'><strong>convivio</strong></span> <span class='ocrx_word' id='word_1_262' title='bbox 682 3123 932 3192; x_wconf 73' lang='lat' dir='ltr'><strong>prmtulit.</strong></span> <span class='ocrx_word' id='word_1_263' title='bbox 966 3122 1057 3191; x_wconf 89' lang='lat' dir='ltr'><strong>qui</strong></span> <span class='ocrx_word' id='word_1_264' title='bbox 1100 3123 1250 3192; x_wconf 87' lang='lat' dir='ltr'><strong>prius</strong></span> <span class='ocrx_word' id='word_1_265' title='bbox 1280 3139 1428 3176; x_wconf 89' lang='lat' dir='ltr'><strong>esum</strong></span> <span class='ocrx_word' id='word_1_266' title='bbox 1461 3131 1755 3192; x_wconf 88' lang='lat' dir='ltr'><strong>potumque</strong></span> 
     </span>
    </p>
   </div>
   <div class='ocr_carea' id='block_1_38' title="bbox 151 3211 1754 3281">
    <p class='ocr_par' dir='ltr' id='par_1_38' title="bbox 151 3211 1754 3281">
     <span class='ocr_line' id='line_1_38' title="bbox 151 3211 1754 3281; baseline 0.001 -16"><span class='ocrx_word' id='word_1_267' title='bbox 151 3211 448 3266; x_wconf 85' lang='lat' dir='ltr'><strong>laudavit?</strong></span> <span class='ocrx_word' id='word_1_268' title='bbox 475 3212 531 3267; x_wconf 89' lang='lat' dir='ltr'><strong>Si</strong></span> <span class='ocrx_word' id='word_1_269' title='bbox 563 3213 705 3266; x_wconf 91' lang='lat' dir='ltr'><strong>enim</strong></span> <span class='ocrx_word' id='word_1_270' title='bbox 738 3227 834 3281; x_wconf 90' lang='lat' dir='ltr'><strong>per</strong></span> <span class='ocrx_word' id='word_1_271' title='bbox 860 3211 1182 3265; x_wconf 88' lang='lat' dir='ltr'><strong>electionem</strong></span> <span class='ocrx_word' id='word_1_272' title='bbox 1215 3211 1414 3265; x_wconf 89' lang='lat' dir='ltr'><strong>bonum</strong></span> <span class='ocrx_word' id='word_1_273' title='bbox 1460 3219 1544 3266; x_wconf 91' lang='lat' dir='ltr'><strong>est</strong></span> <span class='ocrx_word' id='word_1_274' title='bbox 1572 3228 1754 3266; x_wconf 90' lang='lat' dir='ltr'><strong>come-</strong></span> 
     </span>
    </p>
   </div>
   <div class='ocr_carea' id='block_1_39' title="bbox 155 3279 1822 3373">
    <p class='ocr_par' dir='ltr' id='par_1_39' title="bbox 155 3279 1822 3373">
     <span class='ocr_line' id='line_1_39' title="bbox 155 3279 1822 3373; baseline 0.001 -17"><span class='ocrx_word' id='word_1_275' title='bbox 155 3305 298 3358; x_wconf 88' lang='lat' dir='ltr'><strong>dere</strong></span> <span class='ocrx_word' id='word_1_276' title='bbox 344 3313 399 3358; x_wconf 91' lang='lat' dir='ltr'><strong>et</strong></span> <span class='ocrx_word' id='word_1_277' title='bbox 426 3305 639 3369; x_wconf 88' lang='lat' dir='ltr'><strong>bibere,</strong></span> <span class='ocrx_word' id='word_1_278' title='bbox 686 3279 878 3373; x_wconf 78' lang='lat' dir='ltr'><strong>procul</strong></span> <span class='ocrx_word' id='word_1_279' title='bbox 919 3302 1082 3356; x_wconf 90' lang='lat' dir='ltr'><strong>dubio</strong></span> <span class='ocrx_word' id='word_1_280' title='bbox 1113 3317 1233 3356; x_wconf 85' lang='lat' dir='ltr'><strong>esse</strong></span> <span class='ocrx_word' id='word_1_281' title='bbox 1274 3302 1467 3356; x_wconf 91' lang='lat' dir='ltr'><strong>melius</strong></span> <span class='ocrx_word' id='word_1_282' title='bbox 1497 3302 1658 3357; x_wconf 84' lang='lat' dir='ltr'><strong>debet</strong></span> <span class='ocrx_word' id='word_1_283' title='bbox 1686 3303 1753 3358; x_wconf 90' lang='lat' dir='ltr'><strong>ad</strong></span> <span class='ocrx_word' id='word_1_284' title='bbox 1779 3279 1822 3340; x_wconf 68' lang='grc' dir='ltr'>Ο</span> 
     </span>
    </p>
   </div>
   <div class='ocr_carea' id='block_1_40' title="bbox 153 3393 1750 3464">
    <p class='ocr_par' dir='ltr' id='par_1_40' title="bbox 153 3393 1750 3464">
     <span class='ocr_line' id='line_1_40' title="bbox 153 3393 1750 3464; baseline 0.001 -19"><span class='ocrx_word' id='word_1_285' title='bbox 153 3394 386 3447; x_wconf 86' lang='lat' dir='ltr'><strong>domum</strong></span> <span class='ocrx_word' id='word_1_286' title='bbox 409 3393 609 3462; x_wconf 78' lang='lat' dir='ltr'><strong>gaudii,</strong></span> <span class='ocrx_word' id='word_1_287' title='bbox 641 3409 801 3464; x_wconf 90' lang='lat' dir='ltr'><strong>quam</strong></span> <span class='ocrx_word' id='word_1_288' title='bbox 844 3393 908 3446; x_wconf 82' lang='lat' dir='ltr'><strong>ad</strong></span> <span class='ocrx_word' id='word_1_289' title='bbox 940 3395 1157 3447; x_wconf 87' lang='lat' dir='ltr'><strong>domum</strong></span> <span class='ocrx_word' id='word_1_290' title='bbox 1189 3393 1406 3446; x_wconf 90' lang='lat' dir='ltr'><strong>lamenti</strong></span> <span class='ocrx_word' id='word_1_291' title='bbox 1437 3408 1750 3461; x_wconf 84' lang='lat' dir='ltr'><strong>properare.</strong></span> 
     </span>
    </p>
   </div>
   <div class='ocr_carea' id='block_1_41' title="bbox 152 3482 1756 3553">
    <p class='ocr_par' dir='ltr' id='par_1_41' title="bbox 152 3482 1756 3553">
     <span class='ocr_line' id='line_1_41' title="bbox 152 3482 1756 3553; baseline -0.001 -15"><span class='ocrx_word' id='word_1_292' title='bbox 152 3483 303 3538; x_wconf 79' lang='lat' dir='ltr'><strong>Hinc</strong></span> <span class='ocrx_word' id='word_1_293' title='bbox 331 3493 414 3539; x_wconf 88' lang='lat' dir='ltr'><strong>est</strong></span> <span class='ocrx_word' id='word_1_294' title='bbox 440 3484 582 3552; x_wconf 88' lang='lat' dir='ltr'><strong>quod</strong></span> <span class='ocrx_word' id='word_1_295' title='bbox 613 3487 803 3539; x_wconf 88' lang='lat' dir='ltr'><strong>iterum</strong></span> <span class='ocrx_word' id='word_1_296' title='bbox 833 3483 962 3538; x_wconf 87' lang='lat' dir='ltr'><strong>dicit</strong></span> <span class='ocrx_word' id='word_1_297' title='bbox 983 3501 994 3537; x_wconf 88' lang='lat'><strong>:</strong></span> <span class='ocrx_word' id='word_1_298' title='bbox 1018 3482 1237 3547; x_wconf 73' lang='lat' dir='ltr'><strong>Lwtare,</strong></span> <span class='ocrx_word' id='word_1_299' title='bbox 1251 3483 1480 3553; x_wconf 82' lang='lat' dir='ltr'><strong>juvenis,</strong></span> <span class='ocrx_word' id='word_1_300' title='bbox 1503 3485 1555 3536; x_wconf 88' lang='lat' dir='ltr'><strong>in</strong></span> <span class='ocrx_word' id='word_1_301' title='bbox 1579 3483 1756 3537; x_wconf 86' lang='lat' dir='ltr'><strong>adole-</strong></span> 
     </span>
    </p>
   </div>
   <div class='ocr_carea' id='block_1_42' title="bbox 155 3573 1752 3644">
    <p class='ocr_par' dir='ltr' id='par_1_42' title="bbox 155 3573 1752 3644">
     <span class='ocr_line' id='line_1_42' title="bbox 155 3573 1752 3644; baseline -0.002 -16"><span class='ocrx_word' id='word_1_302' title='bbox 155 3577 366 3629; x_wconf 84' lang='lat' dir='ltr'><strong>scentia</strong></span> <span class='ocrx_word' id='word_1_303' title='bbox 408 3585 494 3629; x_wconf 89' lang='lat' dir='ltr'><strong>tua</strong></span> <span class='ocrx_word' id='word_1_304' title='bbox 537 3574 734 3643; x_wconf 87' lang='lat' dir='ltr'><strong>(Eccle.</strong></span> <span class='ocrx_word' id='word_1_305' title='bbox 779 3590 854 3642; x_wconf 73' lang='lat' dir='ltr'><strong>xx,</strong></span> <span class='ocrx_word' id='word_1_306' title='bbox 900 3574 975 3644; x_wconf 77' lang='lat'><strong>9).</strong></span> <span class='ocrx_word' id='word_1_307' title='bbox 1021 3573 1089 3627; x_wconf 90' lang='lat' dir='ltr'><strong>Et</strong></span> <span class='ocrx_word' id='word_1_308' title='bbox 1130 3574 1290 3642; x_wconf 87' lang='lat' dir='ltr'><strong>paulo</strong></span> <span class='ocrx_word' id='word_1_309' title='bbox 1335 3582 1456 3644; x_wconf 90' lang='lat' dir='ltr'><strong>post</strong></span> <span class='ocrx_word' id='word_1_310' title='bbox 1498 3573 1752 3640; x_wconf 67' lang='lat' dir='ltr'><strong>subiicit:</strong></span> 
     </span>
    </p>
   </div>
   <div class='ocr_carea' id='block_1_43' title="bbox 154 3661 1755 3734">
    <p class='ocr_par' dir='ltr' id='par_1_43' title="bbox 154 3661 1755 3734">
     <span class='ocr_line' id='line_1_43' title="bbox 154 3661 1755 3734; baseline -0.003 -14"><span class='ocrx_word' id='word_1_311' title='bbox 154 3667 531 3720; x_wconf 80' lang='lat' dir='ltr'><strong>Adolescentia</strong></span> <span class='ocrx_word' id='word_1_312' title='bbox 570 3667 706 3719; x_wconf 88' lang='lat' dir='ltr'><strong>enim</strong></span> <span class='ocrx_word' id='word_1_313' title='bbox 734 3672 782 3719; x_wconf 89' lang='lat' dir='ltr'><strong>et</strong></span> <span class='ocrx_word' id='word_1_314' title='bbox 823 3665 1056 3734; x_wconf 72' lang='lat' dir='ltr'><strong>voluptas</strong></span> <span class='ocrx_word' id='word_1_315' title='bbox 1099 3681 1232 3717; x_wconf 71' lang='lat' dir='ltr'><strong>varia</strong></span> <span class='ocrx_word' id='word_1_316' title='bbox 1261 3671 1380 3716; x_wconf 89' lang='lat' dir='ltr'><strong>sunt</strong></span> <span class='ocrx_word' id='word_1_317' title='bbox 1423 3661 1609 3732; x_wconf 86' lang='lat' dir='ltr'><strong>(Ibid.,</strong></span> <span class='ocrx_word' id='word_1_318' title='bbox 1646 3662 1755 3730; x_wconf 83' lang='lat' dir='ltr'><strong>l0).</strong></span> 
     </span>
    </p>
   </div>
   <div class='ocr_carea' id='block_1_44' title="bbox 159 3752 1754 3824">
    <p class='ocr_par' dir='ltr' id='par_1_44' title="bbox 159 3752 1754 3824">
     <span class='ocr_line' id='line_1_44' title="bbox 159 3752 1754 3824; baseline -0.004 -14"><span class='ocrx_word' id='word_1_319' title='bbox 159 3757 308 3822; x_wconf 84' lang='lat' dir='ltr'><strong>Quid</strong></span> <span class='ocrx_word' id='word_1_320' title='bbox 335 3763 418 3811; x_wconf 87' lang='lat' dir='ltr'><strong>est</strong></span> <span class='ocrx_word' id='word_1_321' title='bbox 447 3756 548 3810; x_wconf 90' lang='lat' dir='ltr'><strong>hoc</strong></span> <span class='ocrx_word' id='word_1_322' title='bbox 569 3755 712 3824; x_wconf 86' lang='lat' dir='ltr'><strong>quod</strong></span> <span class='ocrx_word' id='word_1_323' title='bbox 741 3755 824 3808; x_wconf 84' lang='lat' dir='ltr'><strong>vel</strong></span> <span class='ocrx_word' id='word_1_324' title='bbox 855 3755 1001 3824; x_wconf 86' lang='lat' dir='ltr'><strong>prius</strong></span> <span class='ocrx_word' id='word_1_325' title='bbox 1021 3752 1462 3822; x_wconf 88' lang='lat' dir='ltr'><strong>reprehendenda</strong></span> <span class='ocrx_word' id='word_1_326' title='bbox 1492 3753 1754 3820; x_wconf 69' lang='lat' dir='ltr'><strong>praecipit,</strong></span> 
     </span>
    </p>
   </div>
   <div class='ocr_carea' id='block_1_45' title="bbox 156 3842 1758 3916">
    <p class='ocr_par' dir='ltr' id='par_1_45' title="bbox 156 3842 1758 3916">
     <span class='ocr_line' id='line_1_45' title="bbox 156 3842 1758 3916; baseline -0.004 -14"><span class='ocrx_word' id='word_1_327' title='bbox 156 3849 253 3902; x_wconf 87' lang='lat' dir='ltr'><strong>vel</strong></span> <span class='ocrx_word' id='word_1_328' title='bbox 287 3853 409 3916; x_wconf 89' lang='lat' dir='ltr'><strong>post</strong></span> <span class='ocrx_word' id='word_1_329' title='bbox 427 3853 692 3916; x_wconf 66' lang='lat' dir='ltr'><strong>praecepta</strong></span> <span class='ocrx_word' id='word_1_330' title='bbox 723 3843 1086 3913; x_wconf 82' lang='lat' dir='ltr'><strong>reprehendit,</strong></span> <span class='ocrx_word' id='word_1_331' title='bbox 1116 3844 1214 3897; x_wconf 81' lang='lat' dir='ltr'><strong>nisi</strong></span> <span class='ocrx_word' id='word_1_332' title='bbox 1241 3842 1382 3912; x_wconf 91' lang='lat' dir='ltr'><strong>quod</strong></span> <span class='ocrx_word' id='word_1_333' title='bbox 1414 3843 1542 3911; x_wconf 37' lang='lat' dir='ltr'><strong>ipsis</strong></span> <span class='ocrx_word' id='word_1_334' title='bbox 1569 3842 1758 3895; x_wconf 75' lang='lat' dir='ltr'><strong>littera:</strong></span> 
     </span>
    </p>
   </div>
   <div class='ocr_carea' id='block_1_46' title="bbox 156 3932 1754 4004">
    <p class='ocr_par' dir='ltr' id='par_1_46' title="bbox 156 3932 1754 4004">
     <span class='ocr_line' id='line_1_46' title="bbox 156 3932 1754 4004; baseline -0.005 -13"><span class='ocrx_word' id='word_1_335' title='bbox 156 3937 352 3993; x_wconf 89' lang='lat' dir='ltr'><strong>verbis</strong></span> <span class='ocrx_word' id='word_1_336' title='bbox 395 3938 589 4000; x_wconf 87' lang='lat' dir='ltr'><strong>innuit,</strong></span> <span class='ocrx_word' id='word_1_337' title='bbox 630 3944 688 3990; x_wconf 91' lang='lat' dir='ltr'><strong>ut</strong></span> <span class='ocrx_word' id='word_1_338' title='bbox 715 3935 806 4004; x_wconf 90' lang='lat' dir='ltr'><strong>qui</strong></span> <span class='ocrx_word' id='word_1_339' title='bbox 847 3933 1215 3988; x_wconf 78' lang='lat' dir='ltr'><strong>difﬁcultatem</strong></span> <span class='ocrx_word' id='word_1_340' title='bbox 1255 3933 1494 3987; x_wconf 82' lang='lat' dir='ltr'><strong>exterius</strong></span> <span class='ocrx_word' id='word_1_341' title='bbox 1537 3932 1754 4000; x_wconf 88' lang='lat' dir='ltr'><strong>patitur,</strong></span> 
     </span>
    </p>
   </div>
   <div class='ocr_carea' id='block_1_47' title="bbox 153 4025 1758 4096">
    <p class='ocr_par' dir='ltr' id='par_1_47' title="bbox 153 4025 1758 4096">
     <span class='ocr_line' id='line_1_47' title="bbox 153 4025 1758 4096; baseline -0.006 -11"><span class='ocrx_word' id='word_1_342' title='bbox 153 4030 416 4085; x_wconf 86' lang='lat' dir='ltr'><strong>veritatis</strong></span> <span class='ocrx_word' id='word_1_343' title='bbox 446 4028 850 4096; x_wconf 85' lang='lat' dir='ltr'><strong>intelligentiam</strong></span> <span class='ocrx_word' id='word_1_344' title='bbox 899 4025 1234 4088; x_wconf 89' lang='lat' dir='ltr'><strong>consideret,</strong></span> <span class='ocrx_word' id='word_1_345' title='bbox 1275 4039 1436 4092; x_wconf 89' lang='lat' dir='ltr'><strong>quam</strong></span> <span class='ocrx_word' id='word_1_346' title='bbox 1468 4027 1758 4092; x_wconf 84' lang='lat' dir='ltr'><strong>sequatur?</strong></span> 
     </span>
    </p>
   </div>
   <div class='ocr_carea' id='block_1_48' title="bbox 152 4115 1760 4190">
    <p class='ocr_par' dir='ltr' id='par_1_48' title="bbox 152 4115 1760 4190">
     <span class='ocr_line' id='line_1_48' title="bbox 152 4115 1760 4190; baseline -0.003 -17"><span class='ocrx_word' id='word_1_347' title='bbox 152 4133 290 4190; x_wconf 69' lang='lat' dir='ltr'><strong>quae</strong></span> <span class='ocrx_word' id='word_1_348' title='bbox 329 4120 578 4174; x_wconf 89' lang='lat' dir='ltr'><strong>nimirum</strong></span> <span class='ocrx_word' id='word_1_349' title='bbox 622 4118 862 4173; x_wconf 83' lang='lat' dir='ltr'><strong>veritatis</strong></span> <span class='ocrx_word' id='word_1_350' title='bbox 905 4116 1254 4184; x_wconf 79' lang='lat' dir='ltr'><strong>intelligentia</strong></span> <span class='ocrx_word' id='word_1_351' title='bbox 1297 4132 1418 4169; x_wconf 90' lang='lat' dir='ltr'><strong>cum</strong></span> <span class='ocrx_word' id='word_1_352' title='bbox 1448 4131 1547 4184; x_wconf 86' lang='lat' dir='ltr'><strong>per</strong></span> <span class='ocrx_word' id='word_1_353' title='bbox 1582 4115 1760 4170; x_wconf 86' lang='lat' dir='ltr'><strong>cordis</strong></span> 
     </span>
    </p>
   </div>
   <div class='ocr_carea' id='block_1_49' title="bbox 155 4209 1754 4281">
    <p class='ocr_par' dir='ltr' id='par_1_49' title="bbox 155 4209 1754 4281">
     <span class='ocr_line' id='line_1_49' title="bbox 155 4209 1754 4281; baseline -0.006 -12"><span class='ocrx_word' id='word_1_354' title='bbox 155 4214 530 4269; x_wconf 85' lang='lat' dir='ltr'><strong>humilitatem</strong></span> <span class='ocrx_word' id='word_1_355' title='bbox 552 4213 828 4281; x_wconf 63' lang='lat' dir='ltr'><strong>quaeritur,</strong></span> <span class='ocrx_word' id='word_1_356' title='bbox 855 4209 1066 4278; x_wconf 85' lang='lat' dir='ltr'><strong>legendi</strong></span> <span class='ocrx_word' id='word_1_357' title='bbox 1092 4209 1403 4263; x_wconf 85' lang='lat' dir='ltr'><strong>assiduitate</strong></span> <span class='ocrx_word' id='word_1_358' title='bbox 1424 4217 1754 4277; x_wconf 86' lang='lat' dir='ltr'><strong>penetratur.</strong></span> 
     </span>
    </p>
   </div>
   <div class='ocr_carea' id='block_1_50' title="bbox 155 4297 1761 4368">
    <p class='ocr_par' dir='ltr' id='par_1_50' title="bbox 155 4297 1761 4368">
     <span class='ocr_line' id='line_1_50' title="bbox 155 4297 1761 4368; baseline -0.005 -10"><span class='ocrx_word' id='word_1_359' title='bbox 155 4304 325 4358; x_wconf 91' lang='lat' dir='ltr'><strong>Sicut</strong></span> <span class='ocrx_word' id='word_1_360' title='bbox 353 4303 496 4357; x_wconf 90' lang='lat' dir='ltr'><strong>enim</strong></span> <span class='ocrx_word' id='word_1_361' title='bbox 526 4302 830 4368; x_wconf 80' lang='lat' dir='ltr'><strong>ignotorum</strong></span> <span class='ocrx_word' id='word_1_362' title='bbox 871 4299 1145 4352; x_wconf 89' lang='lat' dir='ltr'><strong>hominum</strong></span> <span class='ocrx_word' id='word_1_363' title='bbox 1174 4297 1340 4352; x_wconf 86' lang='lat' dir='ltr'><strong>facies</strong></span> <span class='ocrx_word' id='word_1_364' title='bbox 1379 4298 1674 4364; x_wconf 89' lang='lat' dir='ltr'><strong>cernimus,</strong></span> <span class='ocrx_word' id='word_1_365' title='bbox 1705 4305 1761 4351; x_wconf 88' lang='lat' dir='ltr'><strong>et</strong></span> 
     </span>
    </p>
   </div>
   <div class='ocr_carea' id='block_1_51' title="bbox 152 4387 1759 4458">
    <p class='ocr_par' dir='ltr' id='par_1_51' title="bbox 152 4387 1759 4458">
     <span class='ocr_line' id='line_1_51' title="bbox 152 4387 1759 4458; baseline -0.004 -11"><span class='ocrx_word' id='word_1_366' title='bbox 152 4391 334 4447; x_wconf 87' lang='lat' dir='ltr'><strong>corda</strong></span> <span class='ocrx_word' id='word_1_367' title='bbox 379 4391 668 4458; x_wconf 90' lang='lat' dir='ltr'><strong>nescimus,</strong></span> <span class='ocrx_word' id='word_1_368' title='bbox 699 4390 791 4444; x_wconf 87' lang='lat' dir='ltr'><strong>sed</strong></span> <span class='ocrx_word' id='word_1_369' title='bbox 825 4389 869 4442; x_wconf 91' lang='lat' dir='ltr'><strong>si</strong></span> <span class='ocrx_word' id='word_1_370' title='bbox 918 4388 1164 4442; x_wconf 83' lang='lat' dir='ltr'><strong>familiari</strong></span> <span class='ocrx_word' id='word_1_371' title='bbox 1195 4389 1274 4442; x_wconf 88' lang='lat' dir='ltr'><strong>eis</strong></span> <span class='ocrx_word' id='word_1_372' title='bbox 1318 4387 1592 4442; x_wconf 89' lang='lat' dir='ltr'><strong>locutione</strong></span> <span class='ocrx_word' id='word_1_373' title='bbox 1629 4403 1759 4440; x_wconf 66' lang='lat' dir='ltr'><strong>con»</strong></span> 
     </span>
    </p>
   </div>
   <div class='ocr_carea' id='block_1_52' title="bbox 153 4481 1764 4554">
    <p class='ocr_par' dir='ltr' id='par_1_52' title="bbox 153 4481 1764 4554">
     <span class='ocr_line' id='line_1_52' title="bbox 153 4481 1764 4554; baseline -0.002 -17"><span class='ocrx_word' id='word_1_374' title='bbox 153 4485 468 4554; x_wconf 78' lang='lat' dir='ltr'><strong>jungimur,</strong></span> <span class='ocrx_word' id='word_1_375' title='bbox 493 4499 592 4537; x_wconf 87' lang='lat' dir='ltr'><strong>usu</strong></span> <span class='ocrx_word' id='word_1_376' title='bbox 620 4481 875 4550; x_wconf 87' lang='lat' dir='ltr'><strong>colloquii</strong></span> <span class='ocrx_word' id='word_1_377' title='bbox 902 4497 1087 4536; x_wconf 90' lang='lat' dir='ltr'><strong>eorum</strong></span> <span class='ocrx_word' id='word_1_378' title='bbox 1113 4482 1274 4534; x_wconf 89' lang='lat' dir='ltr'><strong>etiam</strong></span> <span class='ocrx_word' id='word_1_379' title='bbox 1306 4481 1660 4548; x_wconf 82' lang='lat' dir='ltr'><strong>cogitationes</strong></span> <span class='ocrx_word' id='word_1_380' title='bbox 1689 4481 1764 4534; x_wconf 90' lang='lat' dir='ltr'><strong>in-</strong></span> 
     </span>
    </p>
   </div>
   <div class='ocr_carea' id='block_1_53' title="bbox 157 4570 1759 4642">
    <p class='ocr_par' dir='ltr' id='par_1_53' title="bbox 157 4570 1759 4642">
     <span class='ocr_line' id='line_1_53' title="bbox 157 4570 1759 4642; baseline -0.002 -14"><span class='ocrx_word' id='word_1_381' title='bbox 157 4575 465 4642; x_wconf 77' lang='lat' dir='ltr'><strong>dagamus;</strong></span> <span class='ocrx_word' id='word_1_382' title='bbox 517 4574 589 4628; x_wconf 88' lang='lat' dir='ltr'><strong>ita</strong></span> <span class='ocrx_word' id='word_1_383' title='bbox 629 4589 751 4627; x_wconf 90' lang='lat' dir='ltr'><strong>cum</strong></span> <span class='ocrx_word' id='word_1_384' title='bbox 800 4573 853 4626; x_wconf 91' lang='lat' dir='ltr'><strong>in</strong></span> <span class='ocrx_word' id='word_1_385' title='bbox 906 4587 1062 4626; x_wconf 87' lang='lat' dir='ltr'><strong>sacro</strong></span> <span class='ocrx_word' id='word_1_386' title='bbox 1114 4570 1329 4640; x_wconf 88' lang='lat' dir='ltr'><strong>eloquio</strong></span> <span class='ocrx_word' id='word_1_387' title='bbox 1374 4572 1489 4625; x_wconf 88' lang='lat' dir='ltr'><strong>sola</strong></span> <span class='ocrx_word' id='word_1_388' title='bbox 1538 4571 1759 4623; x_wconf 81' lang='lat' dir='ltr'><strong>historia</strong></span> 
     </span>
    </p>
   </div>
   <div class='ocr_carea' id='block_1_54' title="bbox 1774 1923 3440 1998">
    <p class='ocr_par' dir='ltr' id='par_1_54' title="bbox 1774 1923 3440 1998">
     <span class='ocr_line' id='line_1_54' title="bbox 1774 1923 3440 1998; baseline 0.011 -22"><span class='ocrx_word' id='word_1_389' title='bbox 1774 1927 1819 1984; x_wconf 83' lang='grc' dir='ltr'><strong>Β</strong></span> <span class='ocrx_word' id='word_1_390' title='bbox 1848 1930 2061 1977; x_wconf 91' lang='lat' dir='ltr'><strong>sonant.</strong></span> <span class='ocrx_word' id='word_1_391' title='bbox 2097 1923 2271 1980; x_wconf 90' lang='lat' dir='ltr'><strong>Tanto</strong></span> <span class='ocrx_word' id='word_1_392' title='bbox 2293 1934 2471 1981; x_wconf 90' lang='lat' dir='ltr'><strong>autem</strong></span> <span class='ocrx_word' id='word_1_393' title='bbox 2501 1927 2730 1998; x_wconf 85' lang='lat' dir='ltr'><strong>quisque</strong></span> <span class='ocrx_word' id='word_1_394' title='bbox 2759 1929 2964 1986; x_wconf 80' lang='lat' dir='ltr'><strong>notitiae</strong></span> <span class='ocrx_word' id='word_1_395' title='bbox 2994 1932 3135 1989; x_wconf 90' lang='lat' dir='ltr'><strong>illius</strong></span> <span class='ocrx_word' id='word_1_396' title='bbox 3151 1943 3440 1995; x_wconf 82' lang='lat' dir='ltr'><strong>extraneus</strong></span> 
     </span>
    </p>
   </div>
   <div class='ocr_carea' id='block_1_55' title="bbox 1845 2011 3268 2094">
    <p class='ocr_par' dir='ltr' id='par_1_55' title="bbox 1845 2011 3268 2094">
     <span class='ocr_line' id='line_1_55' title="bbox 1845 2011 3268 2094; baseline 0.011 -30"><span class='ocrx_word' id='word_1_397' title='bbox 1845 2011 2108 2079; x_wconf 86' lang='lat' dir='ltr'><strong>redditur,</strong></span> <span class='ocrx_word' id='word_1_398' title='bbox 2140 2023 2340 2083; x_wconf 88' lang='lat' dir='ltr'><strong>quanto</strong></span> <span class='ocrx_word' id='word_1_399' title='bbox 2370 2015 2423 2070; x_wconf 92' lang='lat' dir='ltr'><strong>in</strong></span> <span class='ocrx_word' id='word_1_400' title='bbox 2453 2017 2566 2072; x_wconf 90' lang='lat' dir='ltr'><strong>sola</strong></span> <span class='ocrx_word' id='word_1_401' title='bbox 2599 2018 2712 2085; x_wconf 86' lang='lat' dir='ltr'><strong>ejus</strong></span> <span class='ocrx_word' id='word_1_402' title='bbox 2741 2021 3024 2089; x_wconf 79' lang='lat' dir='ltr'><strong>superlicie</strong></span> <span class='ocrx_word' id='word_1_403' title='bbox 3054 2024 3268 2094; x_wconf 82' lang='lat' dir='ltr'><strong>ligatur.</strong></span> 
     </span>
    </p>
   </div>
   <div class='ocr_carea' id='block_1_56' title="bbox 2474 2125 2805 2181">
    <p class='ocr_par' dir='ltr' id='par_1_56' title="bbox 2474 2125 2805 2181">
     <span class='ocr_line' id='line_1_56' title="bbox 2474 2125 2805 2181; baseline 0.003 -1"><span class='ocrx_word' id='word_1_404' title='bbox 2474 2125 2703 2180; x_wconf 67' lang='lat' dir='ltr'><strong>CAPUT</strong></span> <span class='ocrx_word' id='word_1_405' title='bbox 2745 2128 2805 2181; x_wconf 91' lang='lat' dir='ltr'><strong>ll.</strong></span> 
     </span>
    </p>
   </div>
   <div class='ocr_carea' id='block_1_57' title="bbox 1921 2208 3438 2287">
    <p class='ocr_par' dir='ltr' id='par_1_57' title="bbox 1921 2208 3438 2287">
     <span class='ocr_line' id='line_1_57' title="bbox 1921 2208 3438 2287; baseline 0.011 -25"><span class='ocrx_word' id='word_1_406' title='bbox 1921 2208 2326 2280; x_wconf 85' lang='lat' dir='ltr'><strong>Imprecationes</strong></span> <span class='ocrx_word' id='word_1_407' title='bbox 2355 2213 2454 2268; x_wconf 86' lang='lat' dir='ltr'><strong>Job</strong></span> <span class='ocrx_word' id='word_1_408' title='bbox 2494 2216 2714 2287; x_wconf 86' lang='lat' dir='ltr'><strong>intelligi</strong></span> <span class='ocrx_word' id='word_1_409' title='bbox 2741 2220 2809 2270; x_wconf 84' lang='lat' dir='ltr'><strong>ad</strong></span> <span class='ocrx_word' id='word_1_410' title='bbox 2851 2220 3078 2274; x_wconf 83' lang='lat' dir='ltr'><strong>litteram</strong></span> <span class='ocrx_word' id='word_1_411' title='bbox 3105 2224 3216 2276; x_wconf 86' lang='lat' dir='ltr'><strong>sine</strong></span> <span class='ocrx_word' id='word_1_412' title='bbox 3254 2225 3438 2279; x_wconf 85' lang='lat' dir='ltr'><strong>absur-</strong></span> 
     </span>
    </p>
   </div>
   <div class='ocr_carea' id='block_1_58' title="bbox 1848 2301 3439 2377">
    <p class='ocr_par' dir='ltr' id='par_1_58' title="bbox 1848 2301 3439 2377">
     <span class='ocr_line' id='line_1_58' title="bbox 1848 2301 3439 2377; baseline 0.013 -24"><span class='ocrx_word' id='word_1_413' title='bbox 1848 2301 2011 2354; x_wconf 89' lang='lat' dir='ltr'><strong>ditate</strong></span> <span class='ocrx_word' id='word_1_414' title='bbox 2040 2313 2314 2373; x_wconf 86' lang='lat' dir='ltr'><strong>nequeunt.</strong></span> <span class='ocrx_word' id='word_1_415' title='bbox 2344 2338 2414 2348; x_wconf 90' lang='lat'><em>—</em></span> <span class='ocrx_word' id='word_1_416' title='bbox 2442 2305 2582 2360; x_wconf 86' lang='lat' dir='ltr'><strong>Ecce</strong></span> <span class='ocrx_word' id='word_1_417' title='bbox 2611 2310 2752 2361; x_wconf 88' lang='lat' dir='ltr'><strong>enim</strong></span> <span class='ocrx_word' id='word_1_418' title='bbox 2794 2314 2935 2377; x_wconf 86' lang='lat' dir='ltr'><strong>quod</strong></span> <span class='ocrx_word' id='word_1_419' title='bbox 2967 2313 3161 2368; x_wconf 78' lang='lat' dir='ltr'><strong>beatus</strong></span> <span class='ocrx_word' id='word_1_420' title='bbox 3189 2315 3290 2369; x_wconf 79' lang='lat' dir='ltr'><strong>Job</strong></span> <span class='ocrx_word' id='word_1_421' title='bbox 3334 2318 3439 2373; x_wconf 89' lang='lat' dir='ltr'><strong>diei</strong></span> 
     </span>
    </p>
   </div>
   <div class='ocr_carea' id='block_1_59' title="bbox 1847 2394 3437 2463">
    <p class='ocr_par' dir='ltr' id='par_1_59' title="bbox 1847 2394 3437 2463">
     <span class='ocr_line' id='line_1_59' title="bbox 1847 2394 3437 2463; baseline 0.012 -18"><span class='ocrx_word' id='word_1_422' title='bbox 1847 2406 1950 2446; x_wconf 87' lang='lat' dir='ltr'><strong>suo</strong></span> <span class='ocrx_word' id='word_1_423' title='bbox 1995 2394 2338 2451; x_wconf 82' lang='lat' dir='ltr'><strong>maledixisse</strong></span> <span class='ocrx_word' id='word_1_424' title='bbox 2365 2395 2689 2452; x_wconf 87' lang='lat' dir='ltr'><strong>describitur</strong></span> <span class='ocrx_word' id='word_1_425' title='bbox 2737 2401 2924 2456; x_wconf 88' lang='lat' dir='ltr'><strong>dicens</strong></span> <span class='ocrx_word' id='word_1_426' title='bbox 2957 2421 2970 2456; x_wconf 88' lang='lat'><strong>:</strong></span> <span class='ocrx_word' id='word_1_427' title='bbox 3025 2404 3214 2459; x_wconf 86' lang='lat' dir='ltr'><strong>Pereat</strong></span> <span class='ocrx_word' id='word_1_428' title='bbox 3243 2409 3353 2462; x_wconf 86' lang='lat' dir='ltr'><strong>dies</strong></span> <span class='ocrx_word' id='word_1_429' title='bbox 3384 2413 3437 2463; x_wconf 86' lang='lat' dir='ltr'><strong>in</strong></span> 
     </span>
    </p>
   </div>
   <div class='ocr_carea' id='block_1_60' title="bbox 1849 2489 3438 2568">
    <p class='ocr_par' dir='ltr' id='par_1_60' title="bbox 1849 2489 3438 2568">
     <span class='ocr_line' id='line_1_60' title="bbox 1849 2489 3438 2568; baseline 0.013 -35"><span class='ocrx_word' id='word_1_430' title='bbox 1849 2499 1951 2552; x_wconf 91' lang='lat' dir='ltr'><strong>qua</strong></span> <span class='ocrx_word' id='word_1_431' title='bbox 1976 2492 2128 2536; x_wconf 85' lang='lat' dir='ltr'><strong>natus</strong></span> <span class='ocrx_word' id='word_1_432' title='bbox 2151 2501 2281 2548; x_wconf 81' lang='lat' dir='ltr'><strong>sum,</strong></span> <span class='ocrx_word' id='word_1_433' title='bbox 2311 2496 2360 2539; x_wconf 89' lang='lat' dir='ltr'><strong>et</strong></span> <span class='ocrx_word' id='word_1_434' title='bbox 2381 2502 2486 2540; x_wconf 78' lang='lat' dir='ltr'><strong>non:</strong></span> <span class='ocrx_word' id='word_1_435' title='bbox 2509 2489 2563 2541; x_wconf 87' lang='lat' dir='ltr'><strong>in</strong></span> <span class='ocrx_word' id='word_1_436' title='bbox 2590 2506 2690 2560; x_wconf 91' lang='lat' dir='ltr'><strong>qua</strong></span> <span class='ocrx_word' id='word_1_437' title='bbox 2713 2492 2902 2546; x_wconf 74' lang='lat' dir='ltr'><strong>dictum</strong></span> <span class='ocrx_word' id='word_1_438' title='bbox 2925 2504 3032 2549; x_wconf 88' lang='lat' dir='ltr'><strong>est:</strong></span> <span class='ocrx_word' id='word_1_439' title='bbox 3057 2495 3342 2568; x_wconf 82' lang='lat' dir='ltr'><strong>Conceptus</strong></span> <span class='ocrx_word' id='word_1_440' title='bbox 3362 2511 3438 2553; x_wconf 79' lang='lat' dir='ltr'><strong>est</strong></span> 
     </span>
    </p>
   </div>
   <div class='ocr_carea' id='block_1_61' title="bbox 1851 2573 3438 2654">
    <p class='ocr_par' dir='ltr' id='par_1_61' title="bbox 1851 2573 3438 2654">
     <span class='ocr_line' id='line_1_61' title="bbox 1851 2573 3438 2654; baseline 0.013 -30"><span class='ocrx_word' id='word_1_441' title='bbox 1851 2573 2023 2641; x_wconf 83' lang='lat' dir='ltr'><strong>homo,</strong></span> <span class='ocrx_word' id='word_1_442' title='bbox 2051 2575 2094 2628; x_wconf 91' lang='lat' dir='ltr'><strong>si</strong></span> <span class='ocrx_word' id='word_1_443' title='bbox 2133 2576 2416 2645; x_wconf 77' lang='lat' dir='ltr'><strong>superficie</strong></span> <span class='ocrx_word' id='word_1_444' title='bbox 2450 2587 2603 2633; x_wconf 89' lang='lat' dir='ltr'><strong>tenus</strong></span> <span class='ocrx_word' id='word_1_445' title='bbox 2629 2583 2947 2652; x_wconf 87' lang='lat' dir='ltr'><strong>attenditur,</strong></span> <span class='ocrx_word' id='word_1_446' title='bbox 2993 2587 3118 2654; x_wconf 87' lang='lat' dir='ltr'><strong>quid</strong></span> <span class='ocrx_word' id='word_1_447' title='bbox 3151 2588 3232 2643; x_wconf 83' lang='lat' dir='ltr'><strong>his</strong></span> <span class='ocrx_word' id='word_1_448' title='bbox 3263 2592 3438 2645; x_wconf 83' lang='lat' dir='ltr'><strong>verbis</strong></span> 
     </span>
    </p>
   </div>
   <div class='ocr_carea' id='block_1_62' title="bbox 1851 2666 3437 2744">
    <p class='ocr_par' dir='ltr' id='par_1_62' title="bbox 1851 2666 3437 2744">
     <span class='ocr_line' id='line_1_62' title="bbox 1851 2666 3437 2744; baseline 0.012 -26"><span class='ocrx_word' id='word_1_449' title='bbox 1851 2666 2321 2732; x_wconf 85' lang='lat' dir='ltr'><strong>reprehensibihus</strong></span> <span class='ocrx_word' id='word_1_450' title='bbox 2352 2669 2656 2726; x_wconf 89' lang='lat' dir='ltr'><strong>invenitur?</strong></span> <span class='ocrx_word' id='word_1_451' title='bbox 2679 2673 2805 2739; x_wconf 83' lang='lat' dir='ltr'><strong>Quis</strong></span> <span class='ocrx_word' id='word_1_452' title='bbox 2834 2684 3012 2731; x_wconf 87' lang='lat' dir='ltr'><strong>autem</strong></span> <span class='ocrx_word' id='word_1_453' title='bbox 3040 2681 3262 2744; x_wconf 77' lang='lat' dir='ltr'><strong>nesciat,</strong></span> <span class='ocrx_word' id='word_1_454' title='bbox 3297 2683 3437 2737; x_wconf 88' lang='lat' dir='ltr'><strong>diem</strong></span> 
     </span>
    </p>
   </div>
   <div class='ocr_carea' id='block_1_63' title="bbox 1851 2755 3441 2839">
    <p class='ocr_par' dir='ltr' id='par_1_63' title="bbox 1851 2755 3441 2839">
     <span class='ocr_line' id='line_1_63' title="bbox 1851 2755 3441 2839; baseline 0.012 -31"><span class='ocrx_word' id='word_1_455' title='bbox 1851 2755 1905 2809; x_wconf 88' lang='lat' dir='ltr'><strong>in</strong></span> <span class='ocrx_word' id='word_1_456' title='bbox 1935 2770 2042 2822; x_wconf 86' lang='lat' dir='ltr'><strong>quo</strong></span> <span class='ocrx_word' id='word_1_457' title='bbox 2086 2764 2242 2813; x_wconf 84' lang='lat' dir='ltr'><strong>natus</strong></span> <span class='ocrx_word' id='word_1_458' title='bbox 2285 2766 2368 2813; x_wconf 80' lang='lat' dir='ltr'><strong>est</strong></span> <span class='ocrx_word' id='word_1_459' title='bbox 2416 2775 2752 2830; x_wconf 89' lang='lat' dir='ltr'><strong>nequaquam</strong></span> <span class='ocrx_word' id='word_1_460' title='bbox 2803 2773 2931 2821; x_wconf 91' lang='lat' dir='ltr'><strong>tunc</strong></span> <span class='ocrx_word' id='word_1_461' title='bbox 2977 2775 3120 2822; x_wconf 85' lang='lat' dir='ltr'><strong>stare</strong></span> <span class='ocrx_word' id='word_1_462' title='bbox 3168 2773 3441 2839; x_wconf 77' lang='lat' dir='ltr'><strong>potuisse?</strong></span> 
     </span>
    </p>
   </div>
   <div class='ocr_carea' id='block_1_64' title="bbox 1853 2841 3443 2921">
    <p class='ocr_par' dir='ltr' id='par_1_64' title="bbox 1853 2841 3443 2921">
     <span class='ocr_line' id='line_1_64' title="bbox 1853 2841 3443 2921; baseline 0.012 -24"><span class='ocrx_word' id='word_1_463' title='bbox 1853 2841 1879 2882; x_wconf 75' lang='grc' dir='ltr'><strong><em>ἀ</em></strong></span> <span class='ocrx_word' id='word_1_464' title='bbox 1910 2843 2101 2900; x_wconf 90' lang='lat' dir='ltr'><strong>Modus</strong></span> <span class='ocrx_word' id='word_1_465' title='bbox 2127 2848 2326 2917; x_wconf 90' lang='lat' dir='ltr'><strong>quippe</strong></span> <span class='ocrx_word' id='word_1_466' title='bbox 2355 2859 2436 2903; x_wconf 91' lang='lat' dir='ltr'><strong>est</strong></span> <span class='ocrx_word' id='word_1_467' title='bbox 2463 2854 2752 2921; x_wconf 89' lang='lat' dir='ltr'><strong>temporis,</strong></span> <span class='ocrx_word' id='word_1_468' title='bbox 2785 2863 2844 2908; x_wconf 91' lang='lat' dir='ltr'><strong>ut</strong></span> <span class='ocrx_word' id='word_1_469' title='bbox 2871 2864 3068 2912; x_wconf 86' lang='lat' dir='ltr'><strong>statum</strong></span> <span class='ocrx_word' id='word_1_470' title='bbox 3112 2876 3217 2915; x_wconf 90' lang='lat' dir='ltr'><strong>non</strong></span> <span class='ocrx_word' id='word_1_471' title='bbox 3247 2863 3443 2918; x_wconf 83' lang='lat' dir='ltr'><strong>habeat</strong></span> 
     </span>
    </p>
   </div>
   <div class='ocr_carea' id='block_1_65' title="bbox 1851 2936 3440 3020">
    <p class='ocr_par' dir='ltr' id='par_1_65' title="bbox 1851 2936 3440 3020">
     <span class='ocr_line' id='line_1_65' title="bbox 1851 2936 3440 3020; baseline 0.013 -32"><span class='ocrx_word' id='word_1_472' title='bbox 1851 2936 2167 2990; x_wconf 89' lang='lat' dir='ltr'><strong>mansionis.</strong></span> <span class='ocrx_word' id='word_1_473' title='bbox 2199 2938 2334 3003; x_wconf 86' lang='lat' dir='ltr'><strong>Quia</strong></span> <span class='ocrx_word' id='word_1_474' title='bbox 2383 2940 2525 2993; x_wconf 92' lang='lat' dir='ltr'><strong>enim</strong></span> <span class='ocrx_word' id='word_1_475' title='bbox 2568 2956 2667 3009; x_wconf 88' lang='lat' dir='ltr'><strong>per</strong></span> <span class='ocrx_word' id='word_1_476' title='bbox 2709 2955 2932 2998; x_wconf 87' lang='lat' dir='ltr'><strong>ventura</strong></span> <span class='ocrx_word' id='word_1_477' title='bbox 2982 2948 3149 3001; x_wconf 86' lang='lat' dir='ltr'><strong>tendit</strong></span> <span class='ocrx_word' id='word_1_478' title='bbox 3180 2952 3246 3003; x_wconf 86' lang='lat' dir='ltr'><strong>ad</strong></span> <span class='ocrx_word' id='word_1_479' title='bbox 3298 2968 3440 3020; x_wconf 78' lang='lat' dir='ltr'><strong>esse,</strong></span> 
     </span>
    </p>
   </div>
   <div class='ocr_carea' id='block_1_66' title="bbox 1853 3027 3444 3107">
    <p class='ocr_par' dir='ltr' id='par_1_66' title="bbox 1853 3027 3444 3107">
     <span class='ocr_line' id='line_1_66' title="bbox 1853 3027 3444 3107; baseline 0.013 -31"><span class='ocrx_word' id='word_1_480' title='bbox 1853 3037 2068 3093; x_wconf 86' lang='lat' dir='ltr'><strong>semper</strong></span> <span class='ocrx_word' id='word_1_481' title='bbox 2095 3040 2160 3078; x_wconf 82' lang='lat' dir='ltr'><strong>cx</strong></span> <span class='ocrx_word' id='word_1_482' title='bbox 2193 3028 2479 3095; x_wconf 61' lang='lat' dir='ltr'><strong>praeteritis</strong></span> <span class='ocrx_word' id='word_1_483' title='bbox 2507 3027 2725 3083; x_wconf 88' lang='lat' dir='ltr'><strong>festinat</strong></span> <span class='ocrx_word' id='word_1_484' title='bbox 2755 3046 2859 3084; x_wconf 85' lang='lat' dir='ltr'><strong>non</strong></span> <span class='ocrx_word' id='word_1_485' title='bbox 2900 3049 3037 3089; x_wconf 76' lang='lat' dir='ltr'><strong>esse.</strong></span> <span class='ocrx_word' id='word_1_486' title='bbox 3069 3035 3175 3090; x_wconf 89' lang='lat' dir='ltr'><strong>Cur</strong></span> <span class='ocrx_word' id='word_1_487' title='bbox 3203 3053 3330 3107; x_wconf 73' lang='lat' dir='ltr'><strong>ergo</strong></span> <span class='ocrx_word' id='word_1_488' title='bbox 3361 3043 3444 3097; x_wconf 89' lang='lat' dir='ltr'><strong>vir</strong></span> 
     </span>
    </p>
   </div>
   <div class='ocr_carea' id='block_1_67' title="bbox 1855 3118 3441 3194">
    <p class='ocr_par' dir='ltr' id='par_1_67' title="bbox 1855 3118 3441 3194">
     <span class='ocr_line' id='line_1_67' title="bbox 1855 3118 3441 3194; baseline 0.011 -26"><span class='ocrx_word' id='word_1_489' title='bbox 1855 3123 2034 3170; x_wconf 89' lang='lat' dir='ltr'><strong>tantus</strong></span> <span class='ocrx_word' id='word_1_490' title='bbox 2068 3118 2415 3172; x_wconf 87' lang='lat' dir='ltr'><strong>malediceret</strong></span> <span class='ocrx_word' id='word_1_491' title='bbox 2443 3120 2539 3186; x_wconf 91' lang='lat' dir='ltr'><strong>rei,</strong></span> <span class='ocrx_word' id='word_1_492' title='bbox 2573 3135 2733 3188; x_wconf 88' lang='lat' dir='ltr'><strong>quam</strong></span> <span class='ocrx_word' id='word_1_493' title='bbox 2764 3139 3105 3194; x_wconf 83' lang='lat' dir='ltr'><strong>nequaquam</strong></span> <span class='ocrx_word' id='word_1_494' title='bbox 3147 3129 3441 3186; x_wconf 84' lang='lat' dir='ltr'><strong>subsistere</strong></span> 
     </span>
    </p>
   </div>
   <div class='ocr_carea' id='block_1_68' title="bbox 1855 3206 3442 3284">
    <p class='ocr_par' dir='ltr' id='par_1_68' title="bbox 1855 3206 3442 3284">
     <span class='ocr_line' id='line_1_68' title="bbox 1855 3206 3442 3284; baseline 0.008 -25"><span class='ocrx_word' id='word_1_495' title='bbox 1855 3221 1963 3260; x_wconf 90' lang='lat' dir='ltr'><strong>non</strong></span> <span class='ocrx_word' id='word_1_496' title='bbox 1995 3206 2302 3274; x_wconf 83' lang='lat' dir='ltr'><strong>ignoraret?</strong></span> <span class='ocrx_word' id='word_1_497' title='bbox 2323 3206 2427 3263; x_wconf 89' lang='lat' dir='ltr'><strong>Sed</strong></span> <span class='ocrx_word' id='word_1_498' title='bbox 2452 3209 2678 3265; x_wconf 82' lang='lat' dir='ltr'><strong>fortasse</strong></span> <span class='ocrx_word' id='word_1_499' title='bbox 2706 3211 2898 3280; x_wconf 85' lang='lat' dir='ltr'><strong>aliquis</strong></span> <span class='ocrx_word' id='word_1_500' title='bbox 2920 3213 3084 3281; x_wconf 86' lang='lat' dir='ltr'><strong>dicat,</strong></span> <span class='ocrx_word' id='word_1_501' title='bbox 3113 3218 3254 3284; x_wconf 89' lang='lat' dir='ltr'><strong>quod</strong></span> <span class='ocrx_word' id='word_1_502' title='bbox 3284 3234 3350 3272; x_wconf 81' lang='lat' dir='ltr'><strong>ex</strong></span> <span class='ocrx_word' id='word_1_503' title='bbox 3374 3236 3442 3274; x_wconf 87' lang='lat' dir='ltr'><strong>eo</strong></span> 
     </span>
    </p>
   </div>
   <div class='ocr_carea' id='block_1_69' title="bbox 1855 3297 3447 3370">
    <p class='ocr_par' dir='ltr' id='par_1_69' title="bbox 1855 3297 3447 3370">
     <span class='ocr_line' id='line_1_69' title="bbox 1855 3297 3447 3370; baseline 0.007 -19"><span class='ocrx_word' id='word_1_504' title='bbox 1855 3297 2063 3367; x_wconf 91' lang='lat' dir='ltr'><strong>pondus</strong></span> <span class='ocrx_word' id='word_1_505' title='bbox 2087 3298 2298 3352; x_wconf 89' lang='lat' dir='ltr'><strong>virtutis</strong></span> <span class='ocrx_word' id='word_1_506' title='bbox 2320 3299 2436 3367; x_wconf 87' lang='lat' dir='ltr'><strong>ejus</strong></span> <span class='ocrx_word' id='word_1_507' title='bbox 2464 3301 2753 3370; x_wconf 86' lang='lat' dir='ltr'><strong>aspicitur,</strong></span> <span class='ocrx_word' id='word_1_508' title='bbox 2779 3303 2903 3370; x_wconf 89' lang='lat' dir='ltr'><strong>quia</strong></span> <span class='ocrx_word' id='word_1_509' title='bbox 2927 3305 3272 3361; x_wconf 88' lang='lat' dir='ltr'><strong>tribulatione</strong></span> <span class='ocrx_word' id='word_1_510' title='bbox 3294 3325 3447 3362; x_wconf 90' lang='lat' dir='ltr'><strong>com-</strong></span> 
     </span>
    </p>
   </div>
   <div class='ocr_carea' id='block_1_70' title="bbox 1854 3387 3450 3464">
    <p class='ocr_par' dir='ltr' id='par_1_70' title="bbox 1854 3387 3450 3464">
     <span class='ocr_line' id='line_1_70' title="bbox 1854 3387 3450 3464; baseline 0.009 -24"><span class='ocrx_word' id='word_1_511' title='bbox 1854 3396 2054 3453; x_wconf 89' lang='lat' dir='ltr'><strong>motus,</strong></span> <span class='ocrx_word' id='word_1_512' title='bbox 2087 3387 2162 3441; x_wconf 92' lang='lat' dir='ltr'><strong>illi</strong></span> <span class='ocrx_word' id='word_1_513' title='bbox 2192 3389 2269 3442; x_wconf 84' lang='lat' dir='ltr'><strong>rei</strong></span> <span class='ocrx_word' id='word_1_514' title='bbox 2295 3389 2638 3444; x_wconf 89' lang='lat' dir='ltr'><strong>maledictum</strong></span> <span class='ocrx_word' id='word_1_515' title='bbox 2677 3395 2830 3462; x_wconf 77' lang='lat'><strong>102</strong></span> <span class='ocrx_word' id='word_1_516' title='bbox 2859 3394 3060 3462; x_wconf 80' lang='lat' dir='ltr'><strong>irrogat</strong></span> <span class='ocrx_word' id='word_1_517' title='bbox 3083 3411 3200 3464; x_wconf 76' lang='lat' dir='ltr'><strong>qua:</strong></span> <span class='ocrx_word' id='word_1_518' title='bbox 3229 3408 3450 3454; x_wconf 75' lang='lat' dir='ltr'><strong>constat</strong></span> 
     </span>
    </p>
   </div>
   <div class='ocr_carea' id='block_1_71' title="bbox 1855 3477 3458 3557">
    <p class='ocr_par' dir='ltr' id='par_1_71' title="bbox 1855 3477 3458 3557">
     <span class='ocr_line' id='line_1_71' title="bbox 1855 3477 3458 3557; baseline 0.01 -28"><span class='ocrx_word' id='word_1_519' title='bbox 1855 3477 1998 3544; x_wconf 91' lang='lat' dir='ltr'><strong>quod</strong></span> <span class='ocrx_word' id='word_1_520' title='bbox 2025 3477 2244 3532; x_wconf 90' lang='lat' dir='ltr'><strong>minime</strong></span> <span class='ocrx_word' id='word_1_521' title='bbox 2265 3479 2541 3533; x_wconf 84' lang='lat' dir='ltr'><strong>subsistat.</strong></span> <span class='ocrx_word' id='word_1_522' title='bbox 2567 3479 2670 3534; x_wconf 84' lang='lat' dir='ltr'><strong>Sed</strong></span> <span class='ocrx_word' id='word_1_523' title='bbox 2696 3483 2798 3538; x_wconf 89' lang='lat' dir='ltr'><strong>hoc</strong></span> <span class='ocrx_word' id='word_1_524' title='bbox 2824 3485 2980 3538; x_wconf 88' lang='lat' dir='ltr'><strong>citius</strong></span> <span class='ocrx_word' id='word_1_525' title='bbox 2998 3496 3276 3557; x_wconf 80' lang='lat' dir='ltr'><strong>perspecta</strong></span> <span class='ocrx_word' id='word_1_526' title='bbox 3303 3491 3458 3545; x_wconf 28' lang='lat' dir='ltr'><strong>ratius</strong></span> 
     </span>
    </p>
   </div>
   <div class='ocr_carea' id='block_1_72' title="bbox 1855 3569 3445 3652">
    <p class='ocr_par' dir='ltr' id='par_1_72' title="bbox 1855 3569 3445 3652">
     <span class='ocr_line' id='line_1_72' title="bbox 1855 3569 3445 3652; baseline 0.009 -29"><span class='ocrx_word' id='word_1_527' title='bbox 1855 3569 2082 3624; x_wconf 87' lang='lat' dir='ltr'><strong>destruit</strong></span> <span class='ocrx_word' id='word_1_528' title='bbox 2100 3613 2114 3634; x_wconf 84' lang='lat'><strong>,</strong></span> <span class='ocrx_word' id='word_1_529' title='bbox 2143 3571 2267 3640; x_wconf 90' lang='lat' dir='ltr'><strong>quia</strong></span> <span class='ocrx_word' id='word_1_530' title='bbox 2295 3571 2338 3625; x_wconf 84' lang='lat' dir='ltr'><strong>si</strong></span> <span class='ocrx_word' id='word_1_531' title='bbox 2365 3573 2690 3627; x_wconf 88' lang='lat' dir='ltr'><strong>subsistebat</strong></span> <span class='ocrx_word' id='word_1_532' title='bbox 2718 3591 2801 3629; x_wconf 76' lang='lat' dir='ltr'><strong>res</strong></span> <span class='ocrx_word' id='word_1_533' title='bbox 2831 3578 2916 3630; x_wconf 91' lang='lat' dir='ltr'><strong>cui</strong></span> <span class='ocrx_word' id='word_1_534' title='bbox 2940 3579 3302 3648; x_wconf 84' lang='lat' dir='ltr'><strong>malediceret,</strong></span> <span class='ocrx_word' id='word_1_535' title='bbox 3323 3599 3445 3652; x_wconf 88' lang='lat' dir='ltr'><strong>pcr-</strong></span> 
     </span>
    </p>
   </div>
   <div class='ocr_carea' id='block_1_73' title="bbox 1855 3661 3444 3728">
    <p class='ocr_par' dir='ltr' id='par_1_73' title="bbox 1855 3661 3444 3728">
     <span class='ocr_line' id='line_1_73' title="bbox 1855 3661 3444 3728; baseline 0.009 -14"><span class='ocrx_word' id='word_1_536' title='bbox 1855 3661 2118 3715; x_wconf 85' lang='lat' dir='ltr'><strong>niciosum</strong></span> <span class='ocrx_word' id='word_1_537' title='bbox 2152 3663 2494 3717; x_wconf 88' lang='lat' dir='ltr'><strong>maledictum</strong></span> <span class='ocrx_word' id='word_1_538' title='bbox 2523 3665 2733 3719; x_wconf 89' lang='lat' dir='ltr'><strong>intulit:</strong></span> <span class='ocrx_word' id='word_1_539' title='bbox 2766 3667 2812 3720; x_wconf 91' lang='lat' dir='ltr'><strong>si</strong></span> <span class='ocrx_word' id='word_1_540' title='bbox 2842 3677 3020 3722; x_wconf 89' lang='lat' dir='ltr'><strong>autem</strong></span> <span class='ocrx_word' id='word_1_541' title='bbox 3051 3687 3156 3725; x_wconf 91' lang='lat' dir='ltr'><strong>non</strong></span> <span class='ocrx_word' id='word_1_542' title='bbox 3186 3673 3444 3728; x_wconf 88' lang='lat' dir='ltr'><strong>subsiste-</strong></span> 
     </span>
    </p>
   </div>
   <div class='ocr_carea' id='block_1_74' title="bbox 1857 3749 3440 3828">
    <p class='ocr_par' dir='ltr' id='par_1_74' title="bbox 1857 3749 3440 3828">
     <span class='ocr_line' id='line_1_74' title="bbox 1857 3749 3440 3828; baseline 0.008 -26"><span class='ocrx_word' id='word_1_543' title='bbox 1857 3749 1970 3813; x_wconf 87' lang='lat' dir='ltr'><strong>bat,</strong></span> <span class='ocrx_word' id='word_1_544' title='bbox 2016 3750 2269 3805; x_wconf 90' lang='lat' dir='ltr'><strong>otiosum.</strong></span> <span class='ocrx_word' id='word_1_545' title='bbox 2301 3749 2552 3820; x_wconf 86' lang='lat' dir='ltr'><strong>Quisquis</strong></span> <span class='ocrx_word' id='word_1_546' title='bbox 2582 3769 2711 3809; x_wconf 90' lang='lat' dir='ltr'><strong>vero</strong></span> <span class='ocrx_word' id='word_1_547' title='bbox 2741 3755 2856 3824; x_wconf 91' lang='lat' dir='ltr'><strong>ejus</strong></span> <span class='ocrx_word' id='word_1_548' title='bbox 2885 3757 3074 3824; x_wconf 86' lang='lat' dir='ltr'><strong>spiritu</strong></span> <span class='ocrx_word' id='word_1_549' title='bbox 3119 3761 3311 3828; x_wconf 87' lang='lat' dir='ltr'><strong>plenus</strong></span> <span class='ocrx_word' id='word_1_550' title='bbox 3339 3771 3440 3828; x_wconf 87' lang='lat' dir='ltr'><strong>est,</strong></span> 
     </span>
    </p>
   </div>
   <div class='ocr_carea' id='block_1_75' title="bbox 1858 3838 3448 3922">
    <p class='ocr_par' dir='ltr' id='par_1_75' title="bbox 1858 3838 3448 3922">
     <span class='ocr_line' id='line_1_75' title="bbox 1858 3838 3448 3922; baseline 0.01 -32"><span class='ocrx_word' id='word_1_551' title='bbox 1858 3839 1945 3905; x_wconf 90' lang='lat' dir='ltr'><strong>qui</strong></span> <span class='ocrx_word' id='word_1_552' title='bbox 1977 3839 2052 3892; x_wconf 87' lang='lat' dir='ltr'><strong>ait</strong></span> <span class='ocrx_word' id='word_1_553' title='bbox 2085 3858 2097 3891; x_wconf 92' lang='lat'>:</span> <span class='ocrx_word' id='word_1_554' title='bbox 2142 3838 2309 3894; x_wconf 86' lang='lat' dir='ltr'><strong>Omne</strong></span> <span class='ocrx_word' id='word_1_555' title='bbox 2345 3843 2547 3896; x_wconf 85' lang='lat' dir='ltr'><strong>verbum</strong></span> <span class='ocrx_word' id='word_1_556' title='bbox 2590 3845 2839 3911; x_wconf 88' lang='lat' dir='ltr'><strong>otiosum,</strong></span> <span class='ocrx_word' id='word_1_557' title='bbox 2881 3849 3016 3916; x_wconf 87' lang='lat' dir='ltr'><strong>quod</strong></span> <span class='ocrx_word' id='word_1_558' title='bbox 3054 3849 3209 3904; x_wconf 67' lang='lat' dir='ltr'><strong>lat-uti</strong></span> <span class='ocrx_word' id='word_1_559' title='bbox 3252 3854 3448 3922; x_wconf 79' lang='lat' dir='ltr'><strong>fuerint</strong></span> 
     </span>
    </p>
   </div>
   <div class='ocr_carea' id='block_1_76' title="bbox 1860 3928 3440 4012">
    <p class='ocr_par' dir='ltr' id='par_1_76' title="bbox 1860 3928 3440 4012">
     <span class='ocr_line' id='line_1_76' title="bbox 1860 3928 3440 4012; baseline 0.01 -33"><span class='ocrx_word' id='word_1_560' title='bbox 1860 3928 2109 4009; x_wconf 81' lang='lat' dir='ltr'><strong>homines,</strong></span> <span class='ocrx_word' id='word_1_561' title='bbox 2143 3930 2393 3983; x_wconf 85' lang='lat' dir='ltr'><strong>rationem</strong></span> <span class='ocrx_word' id='word_1_562' title='bbox 2424 3932 2640 3986; x_wconf 87' lang='lat' dir='ltr'><strong>reddent</strong></span> <span class='ocrx_word' id='word_1_563' title='bbox 2670 3933 2732 3987; x_wconf 90' lang='lat' dir='ltr'><strong>de</strong></span> <span class='ocrx_word' id='word_1_564' title='bbox 2755 3936 2882 3989; x_wconf 87' lang='lat' dir='ltr'><strong>eoin</strong></span> <span class='ocrx_word' id='word_1_565' title='bbox 2915 3937 2997 3989; x_wconf 83' lang='lat' dir='ltr'><strong>die</strong></span> <span class='ocrx_word' id='word_1_566' title='bbox 3011 3939 3197 4006; x_wconf 87' lang='lat' dir='ltr'><strong>judicii</strong></span> <span class='ocrx_word' id='word_1_567' title='bbox 3223 3940 3440 4012; x_wconf 80' lang='lat' dir='ltr'><strong>(Matth.</strong></span> 
     </span>
    </p>
   </div>
   <div class='ocr_carea' id='block_1_77' title="bbox 1859 4015 3445 4096">
    <p class='ocr_par' dir='ltr' id='par_1_77' title="bbox 1859 4015 3445 4096">
     <span class='ocr_line' id='line_1_77' title="bbox 1859 4015 3445 4096; baseline 0.01 -26"><span class='ocrx_word' id='word_1_568' title='bbox 1859 4032 1954 4078; x_wconf 81' lang='lat' dir='ltr'><strong>xu,</strong></span> <span class='ocrx_word' id='word_1_569' title='bbox 1995 4015 2108 4085; x_wconf 80' lang='grc'><strong>56),</strong></span> <span class='ocrx_word' id='word_1_570' title='bbox 2139 4017 2212 4070; x_wconf 88' lang='lat' dir='ltr'><strong>ita</strong></span> <span class='ocrx_word' id='word_1_571' title='bbox 2243 4020 2414 4072; x_wconf 87' lang='lat' dir='ltr'><strong>otiosa</strong></span> <span class='ocrx_word' id='word_1_572' title='bbox 2447 4021 2749 4090; x_wconf 88' lang='lat' dir='ltr'><strong>admittere,</strong></span> <span class='ocrx_word' id='word_1_573' title='bbox 2780 4025 2919 4079; x_wconf 90' lang='lat' dir='ltr'><strong>sicut</strong></span> <span class='ocrx_word' id='word_1_574' title='bbox 2949 4029 3109 4081; x_wconf 89' lang='lat' dir='ltr'><strong>etiam</strong></span> <span class='ocrx_word' id='word_1_575' title='bbox 3140 4032 3445 4096; x_wconf 77' lang='lat' dir='ltr'><strong>perniciosa</strong></span> 
     </span>
    </p>
   </div>
   <div class='ocr_carea' id='block_1_78' title="bbox 1858 4105 3446 4186">
    <p class='ocr_par' dir='ltr' id='par_1_78' title="bbox 1858 4105 3446 4186">
     <span class='ocr_line' id='line_1_78' title="bbox 1858 4105 3446 4186; baseline 0.012 -27"><span class='ocrx_word' id='word_1_576' title='bbox 1858 4107 2129 4160; x_wconf 85' lang='lat' dir='ltr'><strong>formidat.</strong></span> <span class='ocrx_word' id='word_1_577' title='bbox 2159 4105 2259 4162; x_wconf 87' lang='lat' dir='ltr'><strong>Cui</strong></span> <span class='ocrx_word' id='word_1_578' title='bbox 2288 4109 2464 4165; x_wconf 91' lang='lat' dir='ltr'><strong>adhuc</strong></span> <span class='ocrx_word' id='word_1_579' title='bbox 2492 4115 2773 4169; x_wconf 63' lang='lat' dir='ltr'><strong>sententia)</strong></span> <span class='ocrx_word' id='word_1_580' title='bbox 2813 4115 3120 4186; x_wconf 80' lang='lat' dir='ltr'><strong>adjungitur</strong></span> <span class='ocrx_word' id='word_1_581' title='bbox 3150 4137 3162 4173; x_wconf 91' lang='lat'>:</span> <span class='ocrx_word' id='word_1_582' title='bbox 3197 4120 3324 4177; x_wconf 85' lang='lat' dir='ltr'><strong>Dies</strong></span> <span class='ocrx_word' id='word_1_583' title='bbox 3354 4123 3446 4178; x_wconf 87' lang='lat' dir='ltr'><strong>ille</strong></span> 
     </span>
    </p>
   </div>
   <div class='ocr_carea' id='block_1_79' title="bbox 1859 4203 3444 4284">
    <p class='ocr_par' dir='ltr' id='par_1_79' title="bbox 1859 4203 3444 4284">
     <span class='ocr_line' id='line_1_79' title="bbox 1859 4203 3444 4284; baseline 0.008 -28"><span class='ocrx_word' id='word_1_584' title='bbox 1859 4211 2085 4256; x_wconf 82' lang='lat' dir='ltr'><strong>uertatur</strong></span> <span class='ocrx_word' id='word_1_585' title='bbox 2121 4203 2174 4256; x_wconf 89' lang='lat' dir='ltr'><strong>in</strong></span> <span class='ocrx_word' id='word_1_586' title='bbox 2202 4204 2455 4268; x_wconf 87' lang='lat' dir='ltr'><strong>tenebras,</strong></span> <span class='ocrx_word' id='word_1_587' title='bbox 2489 4221 2592 4259; x_wconf 89' lang='lat' dir='ltr'><strong>non</strong></span> <span class='ocrx_word' id='word_1_588' title='bbox 2623 4208 2849 4278; x_wconf 83' lang='lat' dir='ltr'><strong>requirat</strong></span> <span class='ocrx_word' id='word_1_589' title='bbox 2885 4225 2999 4262; x_wconf 89' lang='lat' dir='ltr'><strong>eum</strong></span> <span class='ocrx_word' id='word_1_590' title='bbox 3030 4209 3168 4264; x_wconf 88' lang='lat' dir='ltr'><strong>Deus</strong></span> <span class='ocrx_word' id='word_1_591' title='bbox 3201 4211 3444 4284; x_wconf 81' lang='lat' dir='ltr'><strong>desuper,</strong></span> 
     </span>
    </p>
   </div>
   <div class='ocr_carea' id='block_1_80' title="bbox 1859 4292 3442 4359">
    <p class='ocr_par' dir='ltr' id='par_1_80' title="bbox 1859 4292 3442 4359">
     <span class='ocr_line' id='line_1_80' title="bbox 1859 4292 3442 4359; baseline 0.009 -15"><span class='ocrx_word' id='word_1_592' title='bbox 1859 4300 1908 4344; x_wconf 78' lang='lat' dir='ltr'><strong>et</strong></span> <span class='ocrx_word' id='word_1_593' title='bbox 1937 4307 2043 4346; x_wconf 86' lang='lat' dir='ltr'><strong>non</strong></span> <span class='ocrx_word' id='word_1_594' title='bbox 2073 4292 2140 4344; x_wconf 83' lang='lat' dir='ltr'><strong>sit</strong></span> <span class='ocrx_word' id='word_1_595' title='bbox 2181 4293 2232 4345; x_wconf 88' lang='lat' dir='ltr'><strong>in</strong></span> <span class='ocrx_word' id='word_1_596' title='bbox 2263 4294 2640 4359; x_wconf 78' lang='lat' dir='ltr'><strong>recordatione,</strong></span> <span class='ocrx_word' id='word_1_597' title='bbox 2672 4304 2721 4347; x_wconf 89' lang='lat' dir='ltr'><strong>et</strong></span> <span class='ocrx_word' id='word_1_598' title='bbox 2749 4313 2851 4350; x_wconf 88' lang='lat' dir='ltr'><strong>non</strong></span> <span class='ocrx_word' id='word_1_599' title='bbox 2881 4306 2904 4334; x_wconf 70' lang='grc' dir='ltr'><em>ε</em></span> <span class='ocrx_word' id='word_1_600' title='bbox 2948 4298 3170 4353; x_wconf 85' lang='lat' dir='ltr'><strong>illustret</strong></span> <span class='ocrx_word' id='word_1_601' title='bbox 3201 4302 3393 4357; x_wconf 88' lang='lat' dir='ltr'><strong>lumine</strong></span> <span class='ocrx_word' id='word_1_602' title='bbox 3422 4321 3442 4359; x_wconf 88' lang='lat'><strong><em>:</em></strong></span> 
     </span>
    </p>
   </div>
   <div class='ocr_carea' id='block_1_81' title="bbox 1860 4383 3446 4460">
    <p class='ocr_par' dir='ltr' id='par_1_81' title="bbox 1860 4383 3446 4460">
     <span class='ocr_line' id='line_1_81' title="bbox 1860 4383 3446 4460; baseline 0.004 -24"><span class='ocrx_word' id='word_1_603' title='bbox 1860 4383 2131 4436; x_wconf 83' lang='lat' dir='ltr'><strong>obscurent</strong></span> <span class='ocrx_word' id='word_1_604' title='bbox 2157 4399 2272 4436; x_wconf 88' lang='lat' dir='ltr'><strong>eum</strong></span> <span class='ocrx_word' id='word_1_605' title='bbox 2304 4383 2524 4436; x_wconf 71' lang='lat' dir='ltr'><strong>tenebrae</strong></span> <span class='ocrx_word' id='word_1_606' title='bbox 2551 4392 2596 4434; x_wconf 90' lang='lat' dir='ltr'><strong>et</strong></span> <span class='ocrx_word' id='word_1_607' title='bbox 2625 4384 2808 4438; x_wconf 74' lang='lat' dir='ltr'><strong>umbra</strong></span> <span class='ocrx_word' id='word_1_608' title='bbox 2838 4389 3037 4448; x_wconf 79' lang='lat' dir='ltr'><strong>mortis,</strong></span> <span class='ocrx_word' id='word_1_609' title='bbox 3085 4401 3293 4460; x_wconf 81' lang='lat' dir='ltr'><strong>occupet</strong></span> <span class='ocrx_word' id='word_1_610' title='bbox 3328 4409 3446 4446; x_wconf 83' lang='lat' dir='ltr'><strong>eum</strong></span> 
     </span>
    </p>
   </div>
   <div class='ocr_carea' id='block_1_82' title="bbox 1863 4474 3449 4543">
    <p class='ocr_par' dir='ltr' id='par_1_82' title="bbox 1863 4474 3449 4543">
     <span class='ocr_line' id='line_1_82' title="bbox 1863 4474 3449 4543; baseline 0.005 -17"><span class='ocrx_word' id='word_1_611' title='bbox 1863 4475 2049 4543; x_wconf 83' lang='lat' dir='ltr'><strong>caligo,</strong></span> <span class='ocrx_word' id='word_1_612' title='bbox 2081 4481 2129 4526; x_wconf 91' lang='lat' dir='ltr'><strong>et</strong></span> <span class='ocrx_word' id='word_1_613' title='bbox 2158 4474 2448 4527; x_wconf 79' lang='lat' dir='ltr'><strong>involvatur</strong></span> <span class='ocrx_word' id='word_1_614' title='bbox 2475 4475 2843 4529; x_wconf 86' lang='lat' dir='ltr'><strong>amaritudine.</strong></span> <span class='ocrx_word' id='word_1_615' title='bbox 2877 4475 3097 4531; x_wconf 88' lang='lat' dir='ltr'><strong>Noctem</strong></span> <span class='ocrx_word' id='word_1_616' title='bbox 3127 4481 3273 4533; x_wconf 70' lang='lat' dir='ltr'><strong>illan:</strong></span> <span class='ocrx_word' id='word_1_617' title='bbox 3303 4495 3449 4534; x_wconf 84' lang='lat' dir='ltr'><strong>tene-</strong></span> 
     </span>
    </p>
   </div>
   <div class='ocr_carea' id='block_1_83' title="bbox 1863 4564 3450 4634">
    <p class='ocr_par' dir='ltr' id='par_1_83' title="bbox 1863 4564 3450 4634">
     <span class='ocr_line' id='line_1_83' title="bbox 1863 4564 3450 4634; baseline 0.006 -17"><span class='ocrx_word' id='word_1_618' title='bbox 1863 4565 2043 4619; x_wconf 85' lang='lat' dir='ltr'><strong>brosus</strong></span> <span class='ocrx_word' id='word_1_619' title='bbox 2088 4565 2234 4618; x_wconf 87' lang='lat' dir='ltr'><strong>turbo</strong></span> <span class='ocrx_word' id='word_1_620' title='bbox 2275 4565 2562 4633; x_wconf 82' lang='lat' dir='ltr'><strong>possideat,</strong></span> <span class='ocrx_word' id='word_1_621' title='bbox 2610 4564 2630 4604; x_wconf 74' lang='grc' dir='ltr'><strong><em>ΐ</em></strong></span> <span class='ocrx_word' id='word_1_622' title='bbox 2673 4567 2740 4619; x_wconf 88' lang='lat' dir='ltr'><strong>sit</strong></span> <span class='ocrx_word' id='word_1_623' title='bbox 2779 4583 2884 4620; x_wconf 72' lang='lat' dir='ltr'><strong>non:</strong></span> <span class='ocrx_word' id='word_1_624' title='bbox 2921 4569 3014 4622; x_wconf 85' lang='lat' dir='ltr'><strong>illa</strong></span> <span class='ocrx_word' id='word_1_625' title='bbox 3052 4570 3316 4634; x_wconf 86' lang='lat' dir='ltr'><strong>solitaria,</strong></span> <span class='ocrx_word' id='word_1_626' title='bbox 3353 4589 3450 4627; x_wconf 86' lang='lat' dir='ltr'><strong>nec</strong></span> 
     </span>
    </p>
   </div>
   <div class='ocr_carea' id='block_1_84' title="bbox 159 4632 3445 4736">
    <p class='ocr_par' dir='ltr' id='par_1_84' title="bbox 159 4632 3445 4736">
     <span class='ocr_line' id='line_1_84' title="bbox 159 4632 3445 4736; baseline -0.001 -17"><span class='ocrx_word' id='word_1_627' title='bbox 159 4632 452 4736; x_wconf 53' lang='lat' dir='ltr'><strong>aspicitur,</strong></span> <span class='ocrx_word' id='word_1_628' title='bbox 479 4663 612 4718; x_wconf 86' lang='lat' dir='ltr'><strong>nihil</strong></span> <span class='ocrx_word' id='word_1_629' title='bbox 639 4662 782 4718; x_wconf 88' lang='lat' dir='ltr'><strong>aliud</strong></span> <span class='ocrx_word' id='word_1_630' title='bbox 806 4677 964 4728; x_wconf 81' lang='lat' dir='ltr'><strong>quam</strong></span> <span class='ocrx_word' id='word_1_631' title='bbox 995 4662 1156 4717; x_wconf 84' lang='lat' dir='ltr'><strong>facies</strong></span> <span class='ocrx_word' id='word_1_632' title='bbox 1180 4661 1419 4724; x_wconf 87' lang='lat' dir='ltr'><strong>videtur;</strong></span> <span class='ocrx_word' id='word_1_633' title='bbox 1444 4660 1536 4716; x_wconf 91' lang='lat' dir='ltr'><strong>sed</strong></span> <span class='ocrx_word' id='word_1_634' title='bbox 1563 4662 1607 4714; x_wconf 84' lang='lat' dir='ltr'><strong>si</strong></span> <span class='ocrx_word' id='word_1_635' title='bbox 1635 4661 1758 4714; x_wconf 89' lang='lat' dir='ltr'><strong>huic</strong></span> <span class='ocrx_word' id='word_1_636' title='bbox 1791 4632 1837 4690; x_wconf 70' lang='grc' dir='ltr'><strong>ι)</strong></span> <span class='ocrx_word' id='word_1_637' title='bbox 1863 4657 2015 4710; x_wconf 86' lang='lat' dir='ltr'><strong>laude</strong></span> <span class='ocrx_word' id='word_1_638' title='bbox 2037 4657 2224 4726; x_wconf 86' lang='lat' dir='ltr'><strong>digna;</strong></span> <span class='ocrx_word' id='word_1_639' title='bbox 2248 4665 2502 4725; x_wconf 73' lang='lat' dir='ltr'><strong>exspectet</strong></span> <span class='ocrx_word' id='word_1_640' title='bbox 2534 4656 2718 4718; x_wconf 87' lang='lat' dir='ltr'><strong>lucem,</strong></span> <span class='ocrx_word' id='word_1_641' title='bbox 2744 4666 2792 4710; x_wconf 84' lang='lat' dir='ltr'><strong>et</strong></span> <span class='ocrx_word' id='word_1_642' title='bbox 2817 4676 2918 4712; x_wconf 88' lang='lat' dir='ltr'><strong>non</strong></span> <span class='ocrx_word' id='word_1_643' title='bbox 2950 4658 3134 4725; x_wconf 76' lang='lat' dir='ltr'><strong>rideat,</strong></span> <span class='ocrx_word' id='word_1_644' title='bbox 3166 4678 3256 4714; x_wconf 85' lang='lat' dir='ltr'><strong>nec</strong></span> <span class='ocrx_word' id='word_1_645' title='bbox 3277 4673 3445 4716; x_wconf 86' lang='lat' dir='ltr'><strong>ortum</strong></span> 
     </span>
    </p>
   </div>
   <div class='ocr_carea' id='block_1_85' title="bbox 161 4751 1757 4822">
    <p class='ocr_par' dir='ltr' id='par_1_85' title="bbox 161 4751 1757 4822">
     <span class='ocr_line' id='line_1_85' title="bbox 161 4751 1757 4822; baseline -0.001 -13"><span class='ocrx_word' id='word_1_646' title='bbox 161 4755 397 4809; x_wconf 87' lang='lat' dir='ltr'><strong>assiduo</strong></span> <span class='ocrx_word' id='word_1_647' title='bbox 450 4770 550 4808; x_wconf 89' lang='lat' dir='ltr'><strong>usu</strong></span> <span class='ocrx_word' id='word_1_648' title='bbox 602 4752 1004 4820; x_wconf 73' lang='lat' dir='ltr'><strong>conjungimur,</strong></span> <span class='ocrx_word' id='word_1_649' title='bbox 1057 4751 1172 4822; x_wconf 90' lang='lat' dir='ltr'><strong>ejus</strong></span> <span class='ocrx_word' id='word_1_650' title='bbox 1225 4753 1474 4807; x_wconf 87' lang='lat' dir='ltr'><strong>nimirum</strong></span> <span class='ocrx_word' id='word_1_651' title='bbox 1523 4760 1757 4807; x_wconf 89' lang='lat' dir='ltr'><strong>mentem</strong></span> 
     </span>
    </p>
   </div>
   <div class='ocr_carea' id='block_1_86' title="bbox 161 4842 1756 4917">
    <p class='ocr_par' dir='ltr' id='par_1_86' title="bbox 161 4842 1756 4917">
     <span class='ocr_line' id='line_1_86' title="bbox 161 4842 1756 4917; baseline -0.003 -15"><span class='ocrx_word' id='word_1_652' title='bbox 161 4846 334 4917; x_wconf 90' lang='lat' dir='ltr'><strong>quasi</strong></span> <span class='ocrx_word' id='word_1_653' title='bbox 363 4861 430 4900; x_wconf 82' lang='lat' dir='ltr'><strong>ex</strong></span> <span class='ocrx_word' id='word_1_654' title='bbox 452 4844 825 4901; x_wconf 85' lang='lat' dir='ltr'><strong>collocutionis</strong></span> <span class='ocrx_word' id='word_1_655' title='bbox 851 4842 1216 4898; x_wconf 85' lang='lat' dir='ltr'><strong>familiaritate</strong></span> <span class='ocrx_word' id='word_1_656' title='bbox 1231 4853 1592 4913; x_wconf 86' lang='lat' dir='ltr'><strong>penetramus.</strong></span> <span class='ocrx_word' id='word_1_657' title='bbox 1624 4845 1756 4897; x_wconf 88' lang='lat' dir='ltr'><strong>Dum</strong></span> 
     </span>
    </p>
   </div>
   <div class='ocr_carea' id='block_1_87' title="bbox 161 4934 1760 5002">
    <p class='ocr_par' dir='ltr' id='par_1_87' title="bbox 161 4934 1760 5002">
     <span class='ocr_line' id='line_1_87' title="bbox 161 4934 1760 5002; baseline -0.001 -10"><span class='ocrx_word' id='word_1_658' title='bbox 161 4937 320 4992; x_wconf 90' lang='lat' dir='ltr'><strong>enim</strong></span> <span class='ocrx_word' id='word_1_659' title='bbox 358 4936 460 4990; x_wconf 85' lang='lat' dir='ltr'><strong>alia</strong></span> <span class='ocrx_word' id='word_1_660' title='bbox 507 4951 572 4991; x_wconf 81' lang='lat' dir='ltr'><strong>ex</strong></span> <span class='ocrx_word' id='word_1_661' title='bbox 616 4935 735 4989; x_wconf 90' lang='lat' dir='ltr'><strong>aliis</strong></span> <span class='ocrx_word' id='word_1_662' title='bbox 776 4934 1106 5002; x_wconf 79' lang='lat' dir='ltr'><strong>colligimus,</strong></span> <span class='ocrx_word' id='word_1_663' title='bbox 1155 4935 1309 4989; x_wconf 86' lang='lat' dir='ltr'><strong>facile</strong></span> <span class='ocrx_word' id='word_1_664' title='bbox 1341 4935 1391 4989; x_wconf 89' lang='lat' dir='ltr'><strong>in</strong></span> <span class='ocrx_word' id='word_1_665' title='bbox 1431 4935 1548 5001; x_wconf 88' lang='lat' dir='ltr'><strong>ejus</strong></span> <span class='ocrx_word' id='word_1_666' title='bbox 1582 4936 1760 4990; x_wconf 71' lang='lat' dir='ltr'><strong>verbis</strong></span> 
     </span>
    </p>
   </div>
   <div class='ocr_carea' id='block_1_88' title="bbox 163 5025 1756 5098">
    <p class='ocr_par' dir='ltr' id='par_1_88' title="bbox 163 5025 1756 5098">
     <span class='ocr_line' id='line_1_88' title="bbox 163 5025 1756 5098; baseline -0.003 -14"><span class='ocrx_word' id='word_1_667' title='bbox 163 5029 542 5098; x_wconf 77' lang='lat' dir='ltr'><strong>agnoscimus,</strong></span> <span class='ocrx_word' id='word_1_668' title='bbox 581 5027 725 5082; x_wconf 90' lang='lat' dir='ltr'><strong>aliud</strong></span> <span class='ocrx_word' id='word_1_669' title='bbox 771 5042 891 5082; x_wconf 89' lang='lat' dir='ltr'><strong>esse</strong></span> <span class='ocrx_word' id='word_1_670' title='bbox 933 5026 1074 5096; x_wconf 90' lang='lat' dir='ltr'><strong>quod</strong></span> <span class='ocrx_word' id='word_1_671' title='bbox 1105 5026 1372 5091; x_wconf 80' lang='lat' dir='ltr'><strong>intimam,</strong></span> <span class='ocrx_word' id='word_1_672' title='bbox 1420 5025 1560 5080; x_wconf 86' lang='lat' dir='ltr'><strong>aliud</strong></span> <span class='ocrx_word' id='word_1_673' title='bbox 1611 5025 1756 5095; x_wconf 86' lang='lat' dir='ltr'><strong>quod</strong></span> 
     </span>
    </p>
   </div>
   <div class='ocr_carea' id='block_1_89' title="bbox 250 5137 1754 5208">
    <p class='ocr_par' dir='ltr' id='par_1_89' title="bbox 250 5137 1754 5208">
     <span class='ocr_line' id='line_1_89' title="bbox 250 5137 1754 5208; baseline -0.003 -13"><span class='ocrx_word' id='word_1_674' title='bbox 250 5150 275 5178; x_wconf 74' lang='grc'><em>³</em></span> <span class='ocrx_word' id='word_1_675' title='bbox 323 5138 450 5206; x_wconf 77' lang='lat' dir='ltr'><strong>Quae</strong></span> <span class='ocrx_word' id='word_1_676' title='bbox 495 5149 792 5208; x_wconf 85' lang='lat' dir='ltr'><strong>sequuntur</strong></span> <span class='ocrx_word' id='word_1_677' title='bbox 837 5137 1167 5206; x_wconf 45' lang='lat' dir='ltr'><strong>praef-atlantis</strong></span> <span class='ocrx_word' id='word_1_678' title='bbox 1218 5139 1369 5193; x_wconf 88' lang='lat' dir='ltr'><strong>titu&#39;o</strong></span> <span class='ocrx_word' id='word_1_679' title='bbox 1423 5137 1754 5208; x_wconf 75' lang='lat' dir='ltr'><strong>insignienda</strong></span> 
     </span>
    </p>
   </div>
   <div class='ocr_carea' id='block_1_90' title="bbox 165 5207 1759 5277">
    <p class='ocr_par' dir='ltr' id='par_1_90' title="bbox 165 5207 1759 5277">
     <span class='ocr_line' id='line_1_90' title="bbox 165 5207 1759 5277; baseline -0.004 -11"><span class='ocrx_word' id='word_1_680' title='bbox 165 5225 323 5277; x_wconf 86' lang='lat' dir='ltr'><strong>esse,</strong></span> <span class='ocrx_word' id='word_1_681' title='bbox 353 5211 418 5263; x_wconf 88' lang='lat' dir='ltr'><strong>ad</strong></span> <span class='ocrx_word' id='word_1_682' title='bbox 443 5207 676 5264; x_wconf 88' lang='lat' dir='ltr'><strong>mentem</strong></span> <span class='ocrx_word' id='word_1_683' title='bbox 707 5209 875 5277; x_wconf 86' lang='lat' dir='ltr'><strong>saneti</strong></span> <span class='ocrx_word' id='word_1_684' title='bbox 911 5209 1172 5270; x_wconf 78' lang='lat' dir='ltr'><strong>hectoris,</strong></span> <span class='ocrx_word' id='word_1_685' title='bbox 1203 5207 1432 5275; x_wconf 86' lang='lat' dir='ltr'><strong>probant</strong></span> <span class='ocrx_word' id='word_1_686' title='bbox 1465 5224 1583 5275; x_wconf 70' lang='lat' dir='ltr'><strong>qua:</strong></span> <span class='ocrx_word' id='word_1_687' title='bbox 1630 5207 1759 5272; x_wconf 84' lang='lat' dir='ltr'><strong>legi-</strong></span> 
     </span>
    </p>
   </div>
   <div class='ocr_carea' id='block_1_91' title="bbox 165 5276 1763 5348">
    <p class='ocr_par' dir='ltr' id='par_1_91' title="bbox 165 5276 1763 5348">
     <span class='ocr_line' id='line_1_91' title="bbox 165 5276 1763 5348; baseline -0.003 -13"><span class='ocrx_word' id='word_1_688' title='bbox 165 5297 300 5335; x_wconf 85' lang='lat' dir='ltr'><strong>mus</strong></span> <span class='ocrx_word' id='word_1_689' title='bbox 327 5281 379 5333; x_wconf 84' lang='lat' dir='ltr'><strong>in</strong></span> <span class='ocrx_word' id='word_1_690' title='bbox 409 5278 512 5333; x_wconf 78' lang='lat' dir='ltr'><strong>line</strong></span> <span class='ocrx_word' id='word_1_691' title='bbox 537 5295 655 5348; x_wconf 77' lang='lat' dir='ltr'><strong>cap.</strong></span> <span class='ocrx_word' id='word_1_692' title='bbox 676 5278 709 5330; x_wconf 69' lang='grc'>4</span> <span class='ocrx_word' id='word_1_693' title='bbox 740 5297 752 5330; x_wconf 95' lang='lat'>:</span> <span class='ocrx_word' id='word_1_694' title='bbox 789 5276 921 5348; x_wconf 83' lang='lat' dir='ltr'><strong>Quia</strong></span> <span class='ocrx_word' id='word_1_695' title='bbox 950 5278 1376 5348; x_wconf 10' lang='lat' dir='ltr'><strong>igituriutcunque</strong></span> <span class='ocrx_word' id='word_1_696' title='bbox 1398 5293 1511 5348; x_wconf 75' lang='lat' dir='ltr'><strong>qua:</strong></span> <span class='ocrx_word' id='word_1_697' title='bbox 1535 5279 1586 5348; x_wconf 85' lang='lat' dir='ltr'><strong>in</strong></span> <span class='ocrx_word' id='word_1_698' title='bbox 1627 5292 1763 5348; x_wconf 81' lang='lat' dir='ltr'><strong>pra:—</strong></span> 
     </span>
    </p>
   </div>
   <div class='ocr_carea' id='block_1_92' title="bbox 169 5345 1760 5472">
    <p class='ocr_par' dir='ltr' id='par_1_92' title="bbox 169 5345 1760 5472">
     <span class='ocr_line' id='line_1_92' title="bbox 169 5345 1760 5472; baseline -0.002 -70"><span class='ocrx_word' id='word_1_699' title='bbox 169 5345 616 5472; x_wconf 61' lang='lat' dir='ltr'><strong>fationeJ‘uerant</strong></span> <span class='ocrx_word' id='word_1_700' title='bbox 637 5345 985 5419; x_wconf 67' lang='lat' dir='ltr'><strong>exquirenda,</strong></span> <span class='ocrx_word' id='word_1_701' title='bbox 1005 5345 1350 5410; x_wconf 74' lang='lat' dir='ltr'><strong>distinximus,</strong></span> <span class='ocrx_word' id='word_1_702' title='bbox 1379 5345 1524 5398; x_wconf 81' lang='lat' dir='ltr'><strong>verba</strong></span> <span class='ocrx_word' id='word_1_703' title='bbox 1547 5347 1661 5416; x_wconf 78' lang='lat' dir='ltr'><strong>jam</strong></span> <span class='ocrx_word' id='word_1_704' title='bbox 1684 5347 1760 5399; x_wconf 77' lang='lat' dir='ltr'><strong>lii-</strong></span> 
     </span>
     <span class='ocr_line' id='line_1_93' title="bbox 169 5422 1083 5472; baseline -0.007 0"><span class='ocrx_word' id='word_1_705' title='bbox 169 5422 360 5472; x_wconf 78' lang='lat' dir='ltr'><strong>storite</strong></span> <span class='ocrx_word' id='word_1_706' title='bbox 421 5422 695 5472; x_wconf 85' lang='lat' dir='ltr'><strong>isserentes</strong></span> <span class='ocrx_word' id='word_1_707' title='bbox 726 5432 1083 5472; x_wconf 69' lang='lat' dir='ltr'><strong>exsequamur.</strong></span> 
     </span>
    </p>
   </div>
   <div class='ocr_carea' id='block_1_93' title="bbox 168 5422 1083 5485">
    <p class='ocr_par' dir='ltr' id='par_1_93' title="bbox 168 5422 1083 5485">
     <span class='ocr_line' id='line_1_94' title="bbox 168 5422 1083 5485; baseline -0.01 -10"><span class='ocrx_word' id='word_1_708' title='bbox 168 5422 360 5475; x_wconf 77' lang='lat' dir='ltr'><strong>storite</strong></span> <span class='ocrx_word' id='word_1_709' title='bbox 384 5422 695 5474; x_wconf 79' lang='lat' dir='ltr'><strong>disserentes</strong></span> <span class='ocrx_word' id='word_1_710' title='bbox 726 5432 1083 5485; x_wconf 69' lang='lat' dir='ltr'><strong>exsequamur.</strong></span> 
     </span>
    </p>
   </div>
   <div class='ocr_carea' id='block_1_94' title="bbox 256 5485 1027 5553">
    <p class='ocr_par' dir='ltr' id='par_1_94' title="bbox 256 5485 1027 5553">
     <span class='ocr_line' id='line_1_95' title="bbox 256 5485 1027 5553; baseline -0.008 -11"><span class='ocrx_word' id='word_1_711' title='bbox 256 5491 281 5527; x_wconf 70' lang='grc' dir='ltr'><strong>ι)</strong></span> <span class='ocrx_word' id='word_1_712' title='bbox 303 5489 465 5544; x_wconf 86' lang='lat' dir='ltr'><strong>Corb.</strong></span> <span class='ocrx_word' id='word_1_713' title='bbox 511 5487 672 5543; x_wconf 72' lang='lat' dir='ltr'><strong>Germ</strong></span> <span class='ocrx_word' id='word_1_714' title='bbox 704 5529 717 5553; x_wconf 92' lang='lat'><strong>,</strong></span> <span class='ocrx_word' id='word_1_715' title='bbox 750 5485 1027 5540; x_wconf 89' lang='lat' dir='ltr'><strong>dissidunt.</strong></span> 
     </span>
    </p>
   </div>
   <div class='ocr_carea' id='block_1_95' title="bbox 258 5551 1759 5620">
    <p class='ocr_par' dir='ltr' id='par_1_95' title="bbox 258 5551 1759 5620">
     <span class='ocr_line' id='line_1_96' title="bbox 258 5551 1759 5620; baseline -0.004 -8"><span class='ocrx_word' id='word_1_716' title='bbox 258 5571 279 5597; x_wconf 76' lang='grc' dir='ltr'>ε</span> <span class='ocrx_word' id='word_1_717' title='bbox 309 5559 363 5612; x_wconf 90' lang='lat' dir='ltr'><strong>In</strong></span> <span class='ocrx_word' id='word_1_718' title='bbox 392 5559 555 5613; x_wconf 85' lang='lat' dir='ltr'><strong>duoh.</strong></span> <span class='ocrx_word' id='word_1_719' title='bbox 590 5551 804 5620; x_wconf 56' lang='lat' dir='ltr'><strong>Rhein,</strong></span> <span class='ocrx_word' id='word_1_720' title='bbox 823 5555 1032 5609; x_wconf 84' lang='lat' dir='ltr'><strong>duobus</strong></span> <span class='ocrx_word' id='word_1_721' title='bbox 1058 5552 1288 5618; x_wconf 73' lang='lat' dir='ltr'><strong>Remig.,</strong></span> <span class='ocrx_word' id='word_1_722' title='bbox 1315 5551 1759 5620; x_wconf 78' lang='lat' dir='ltr'><strong>Cnmpcnd.,\’al.</strong></span> 
     </span>
    </p>
   </div>
   <div class='ocr_carea' id='block_1_96' title="bbox 167 5623 1764 5694">
    <p class='ocr_par' dir='ltr' id='par_1_96' title="bbox 167 5623 1764 5694">
     <span class='ocr_line' id='line_1_97' title="bbox 167 5623 1764 5694; baseline -0.005 -11"><span class='ocrx_word' id='word_1_723' title='bbox 167 5631 294 5694; x_wconf 81' lang='lat' dir='ltr'><strong>CL,</strong></span> <span class='ocrx_word' id='word_1_724' title='bbox 320 5630 496 5683; x_wconf 83' lang='lat' dir='ltr'><strong>melius</strong></span> <span class='ocrx_word' id='word_1_725' title='bbox 522 5638 595 5681; x_wconf 85' lang='lat' dir='ltr'><strong>est</strong></span> <span class='ocrx_word' id='word_1_726' title='bbox 625 5628 939 5681; x_wconf 74' lang='lat' dir='ltr'><strong>manducare</strong></span> <span class='ocrx_word' id='word_1_727' title='bbox 964 5632 1012 5676; x_wconf 90' lang='lat' dir='ltr'><strong>et</strong></span> <span class='ocrx_word' id='word_1_728' title='bbox 1049 5623 1240 5687; x_wconf 82' lang='lat' dir='ltr'><strong>bibere,</strong></span> <span class='ocrx_word' id='word_1_729' title='bbox 1273 5638 1427 5694; x_wconf 83' lang='lat' dir='ltr'><strong>quam</strong></span> <span class='ocrx_word' id='word_1_730' title='bbox 1468 5625 1543 5675; x_wconf 87' lang='lat' dir='ltr'><strong>ire</strong></span> <span class='ocrx_word' id='word_1_731' title='bbox 1573 5624 1640 5674; x_wconf 84' lang='lat' dir='ltr'><strong>ad</strong></span> <span class='ocrx_word' id='word_1_732' title='bbox 1671 5624 1764 5677; x_wconf 88' lang='lat' dir='ltr'><strong>do-</strong></span> 
     </span>
    </p>
   </div>
   <div class='ocr_carea' id='block_1_97' title="bbox 172 5700 528 5754">
    <p class='ocr_par' dir='ltr' id='par_1_97' title="bbox 172 5700 528 5754">
     <span class='ocr_line' id='line_1_98' title="bbox 172 5700 528 5754; baseline -0.006 0"><span class='ocrx_word' id='word_1_733' title='bbox 172 5716 323 5754; x_wconf 85' lang='lat' dir='ltr'><strong>mum</strong></span> <span class='ocrx_word' id='word_1_734' title='bbox 347 5700 528 5752; x_wconf 85' lang='lat' dir='ltr'><strong>luctus.</strong></span> 
     </span>
    </p>
   </div>
   <div class='ocr_carea' id='block_1_98' title="bbox 259 5761 1764 5830">
    <p class='ocr_par' dir='ltr' id='par_1_98' title="bbox 259 5761 1764 5830">
     <span class='ocr_line' id='line_1_99' title="bbox 259 5761 1764 5830; baseline -0.005 -5"><span class='ocrx_word' id='word_1_735' title='bbox 259 5767 287 5805; x_wconf 71' lang='grc' dir='ltr'>ἀ</span> <span class='ocrx_word' id='word_1_736' title='bbox 317 5769 499 5830; x_wconf 81' lang='lat' dir='ltr'><strong>Gilot..</strong></span> <span class='ocrx_word' id='word_1_737' title='bbox 535 5767 730 5830; x_wconf 83' lang='lat' dir='ltr'><strong>Vatic.,</strong></span> <span class='ocrx_word' id='word_1_738' title='bbox 775 5764 1063 5830; x_wconf 83' lang='lat' dir='ltr'><strong>Gussanv.,</strong></span> <span class='ocrx_word' id='word_1_739' title='bbox 1094 5778 1121 5817; x_wconf 86' lang='lat' dir='ltr'><strong>a</strong></span> <span class='ocrx_word' id='word_1_740' title='bbox 1150 5761 1276 5820; x_wconf 80' lang='lat' dir='ltr'><strong>Mss.</strong></span> <span class='ocrx_word' id='word_1_741' title='bbox 1310 5761 1641 5829; x_wconf 86' lang='lat' dir='ltr'><strong>recedendo,</strong></span> <span class='ocrx_word' id='word_1_742' title='bbox 1676 5761 1764 5817; x_wconf 86' lang='lat' dir='ltr'><strong>hic</strong></span> 
     </span>
    </p>
   </div>
   <div class='ocr_carea' id='block_1_99' title="bbox 1861 4745 3447 4820">
    <p class='ocr_par' dir='ltr' id='par_1_99' title="bbox 1861 4745 3447 4820">
     <span class='ocr_line' id='line_1_100' title="bbox 1861 4745 3447 4820; baseline 0.007 -21"><span class='ocrx_word' id='word_1_743' title='bbox 1861 4748 2118 4816; x_wconf 84' lang='lat' dir='ltr'><strong>surgentis</strong></span> <span class='ocrx_word' id='word_1_744' title='bbox 2161 4761 2382 4798; x_wconf 83' lang='lat' dir='ltr'><strong>uurorce.</strong></span> <span class='ocrx_word' id='word_1_745' title='bbox 2425 4745 2547 4799; x_wconf 89' lang='lat' dir='ltr'><strong>Dies</strong></span> <span class='ocrx_word' id='word_1_746' title='bbox 2586 4747 2678 4812; x_wconf 88' lang='lat' dir='ltr'><strong>qui</strong></span> <span class='ocrx_word' id='word_1_747' title='bbox 2723 4749 2936 4816; x_wconf 84' lang='lat' dir='ltr'><strong>elapsus</strong></span> <span class='ocrx_word' id='word_1_748' title='bbox 2977 4763 3138 4804; x_wconf 89' lang='lat' dir='ltr'><strong>cursu</strong></span> <span class='ocrx_word' id='word_1_749' title='bbox 3186 4753 3447 4820; x_wconf 86' lang='lat' dir='ltr'><strong>temporis</strong></span> 
     </span>
    </p>
   </div>
   <div class='ocr_carea' id='block_1_100' title="bbox 1862 4837 3444 4902">
    <p class='ocr_par' dir='ltr' id='par_1_100' title="bbox 1862 4837 3444 4902">
     <span class='ocr_line' id='line_1_101' title="bbox 1862 4837 3444 4902; baseline 0.002 -8"><span class='ocrx_word' id='word_1_750' title='bbox 1862 4839 2056 4902; x_wconf 85' lang='lat' dir='ltr'><strong>scitur,</strong></span> <span class='ocrx_word' id='word_1_751' title='bbox 2090 4854 2188 4892; x_wconf 89' lang='lat' dir='ltr'><strong>cur</strong></span> <span class='ocrx_word' id='word_1_752' title='bbox 2214 4837 2349 4891; x_wconf 89' lang='lat' dir='ltr'><strong>verti</strong></span> <span class='ocrx_word' id='word_1_753' title='bbox 2381 4837 2431 4890; x_wconf 92' lang='lat' dir='ltr'><strong>in</strong></span> <span class='ocrx_word' id='word_1_754' title='bbox 2465 4838 2713 4891; x_wconf 89' lang='lat' dir='ltr'><strong>tenebras</strong></span> <span class='ocrx_word' id='word_1_755' title='bbox 2736 4840 2963 4894; x_wconf 89' lang='lat' dir='ltr'><strong>dicitur?</strong></span> <span class='ocrx_word' id='word_1_756' title='bbox 2995 4840 3058 4895; x_wconf 84' lang='lat' dir='ltr'><strong>Et</strong></span> <span class='ocrx_word' id='word_1_757' title='bbox 3085 4857 3205 4896; x_wconf 92' lang='lat' dir='ltr'><strong>cum</strong></span> <span class='ocrx_word' id='word_1_758' title='bbox 3227 4854 3444 4899; x_wconf 87' lang='lat' dir='ltr'><strong>consta-</strong></span> 
     </span>
    </p>
   </div>
   <div class='ocr_carea' id='block_1_101' title="bbox 1864 4927 3442 4997">
    <p class='ocr_par' dir='ltr' id='par_1_101' title="bbox 1864 4927 3442 4997">
     <span class='ocr_line' id='line_1_102' title="bbox 1864 4927 3442 4997; baseline 0 -12"><span class='ocrx_word' id='word_1_759' title='bbox 1864 4940 1946 4985; x_wconf 91' lang='lat' dir='ltr'><strong>ret</strong></span> <span class='ocrx_word' id='word_1_760' title='bbox 1974 4930 2097 4997; x_wconf 85' lang='lat' dir='ltr'><strong>quia</strong></span> <span class='ocrx_word' id='word_1_761' title='bbox 2127 4943 2234 4982; x_wconf 89' lang='lat' dir='ltr'><strong>non</strong></span> <span class='ocrx_word' id='word_1_762' title='bbox 2273 4927 2607 4988; x_wconf 81' lang='lat' dir='ltr'><strong>subsisteret,</strong></span> <span class='ocrx_word' id='word_1_763' title='bbox 2652 4942 2747 4981; x_wconf 90' lang='lat' dir='ltr'><strong>cur</strong></span> <span class='ocrx_word' id='word_1_764' title='bbox 2773 4937 2991 4997; x_wconf 91' lang='lat' dir='ltr'><strong>optatur</strong></span> <span class='ocrx_word' id='word_1_765' title='bbox 3019 4940 3076 4982; x_wconf 90' lang='lat' dir='ltr'><strong>ut</strong></span> <span class='ocrx_word' id='word_1_766' title='bbox 3103 4945 3224 4984; x_wconf 90' lang='lat' dir='ltr'><strong>eum</strong></span> <span class='ocrx_word' id='word_1_767' title='bbox 3256 4933 3442 4985; x_wconf 88' lang='lat' dir='ltr'><strong>umbra</strong></span> 
     </span>
    </p>
   </div>
   <div class='ocr_carea' id='block_1_102' title="bbox 1861 5017 3445 5091">
    <p class='ocr_par' dir='ltr' id='par_1_102' title="bbox 1861 5017 3445 5091">
     <span class='ocr_line' id='line_1_103' title="bbox 1861 5017 3445 5091; baseline 0.001 -17"><span class='ocrx_word' id='word_1_768' title='bbox 1861 5021 2049 5075; x_wconf 90' lang='lat' dir='ltr'><strong>mortis</strong></span> <span class='ocrx_word' id='word_1_769' title='bbox 2080 5019 2330 5073; x_wconf 75' lang='lat' dir='ltr'><strong>obscuret</strong></span> <span class='ocrx_word' id='word_1_770' title='bbox 2354 5026 2378 5061; x_wconf 74' lang='grc' dir='ltr'><strong><em>κ</em></strong></span> <span class='ocrx_word' id='word_1_771' title='bbox 2397 5033 2411 5082; x_wconf 90' lang='grc'>;</span> <span class='ocrx_word' id='word_1_772' title='bbox 2452 5017 2535 5070; x_wconf 90' lang='lat' dir='ltr'><strong>vel</strong></span> <span class='ocrx_word' id='word_1_773' title='bbox 2556 5032 2675 5086; x_wconf 70' lang='lat' dir='ltr'><strong>qua:</strong></span> <span class='ocrx_word' id='word_1_774' title='bbox 2701 5017 2876 5085; x_wconf 83' lang='lat' dir='ltr'><strong>caligo</strong></span> <span class='ocrx_word' id='word_1_775' title='bbox 2913 5031 3169 5088; x_wconf 88' lang='lat' dir='ltr'><strong>occupat,</strong></span> <span class='ocrx_word' id='word_1_776' title='bbox 3203 5037 3321 5091; x_wconf 71' lang='lat' dir='ltr'><strong>quin</strong></span> <span class='ocrx_word' id='word_1_777' title='bbox 3346 5023 3445 5076; x_wconf 85' lang='lat' dir='ltr'><strong>im-</strong></span> 
     </span>
    </p>
   </div>
   <div class='ocr_carea' id='block_1_103' title="bbox 1862 5127 3438 5192">
    <p class='ocr_par' dir='ltr' id='par_1_103' title="bbox 1862 5127 3438 5192">
     <span class='ocr_line' id='line_1_104' title="bbox 1862 5127 3438 5192; baseline 0 -6"><span class='ocrx_word' id='word_1_778' title='bbox 1862 5133 2063 5186; x_wconf 90' lang='lat' dir='ltr'><strong>habent</strong></span> <span class='ocrx_word' id='word_1_779' title='bbox 2084 5139 2268 5183; x_wconf 76' lang='lat' dir='ltr'><strong>niotus.</strong></span> <span class='ocrx_word' id='word_1_780' title='bbox 2315 5127 2525 5192; x_wconf 85' lang='lat' dir='ltr'><strong>Melius,</strong></span> <span class='ocrx_word' id='word_1_781' title='bbox 2557 5127 2734 5181; x_wconf 87' lang='lat' dir='ltr'><strong>modus</strong></span> <span class='ocrx_word' id='word_1_782' title='bbox 2759 5168 2774 5190; x_wconf 94' lang='lat'><strong>,</strong></span> <span class='ocrx_word' id='word_1_783' title='bbox 2804 5136 2860 5181; x_wconf 90' lang='lat' dir='ltr'><strong>ut</strong></span> <span class='ocrx_word' id='word_1_784' title='bbox 2899 5130 3061 5183; x_wconf 90' lang='lat' dir='ltr'><strong>etiam</strong></span> <span class='ocrx_word' id='word_1_785' title='bbox 3090 5141 3313 5186; x_wconf 62' lang='lat' dir='ltr'><strong>vetustae</strong></span> <span class='ocrx_word' id='word_1_786' title='bbox 3342 5132 3438 5186; x_wconf 87' lang='lat' dir='ltr'><strong>Ed.</strong></span> 
     </span>
    </p>
   </div>
   <div class='ocr_carea' id='block_1_104' title="bbox 1862 5197 3442 5266">
    <p class='ocr_par' dir='ltr' id='par_1_104' title="bbox 1862 5197 3442 5266">
     <span class='ocr_line' id='line_1_105' title="bbox 1862 5197 3442 5266; baseline 0.002 -11"><span class='ocrx_word' id='word_1_787' title='bbox 1862 5204 2217 5261; x_wconf 85' lang='lat' dir='ltr'><strong>retinuerunt,</strong></span> <span class='ocrx_word' id='word_1_788' title='bbox 2240 5197 2380 5266; x_wconf 89' lang='lat' dir='ltr'><strong>quod</strong></span> <span class='ocrx_word' id='word_1_789' title='bbox 2406 5198 2586 5250; x_wconf 81' lang='lat' dir='ltr'><strong>statim</strong></span> <span class='ocrx_word' id='word_1_790' title='bbox 2612 5198 2812 5265; x_wconf 86' lang='lat' dir='ltr'><strong>patebit</strong></span> <span class='ocrx_word' id='word_1_791' title='bbox 2829 5200 3154 5266; x_wconf 84' lang='lat' dir='ltr'><strong>attendenti;</strong></span> <span class='ocrx_word' id='word_1_792' title='bbox 3181 5219 3303 5256; x_wconf 87' lang='lat' dir='ltr'><strong>nam</strong></span> <span class='ocrx_word' id='word_1_793' title='bbox 3328 5205 3442 5258; x_wconf 89' lang='lat' dir='ltr'><strong>dies</strong></span> 
     </span>
    </p>
   </div>
   <div class='ocr_carea' id='block_1_105' title="bbox 1861 5268 2954 5334">
    <p class='ocr_par' dir='ltr' id='par_1_105' title="bbox 1861 5268 2954 5334">
     <span class='ocr_line' id='line_1_106' title="bbox 1861 5268 2954 5334; baseline -0.006 -6"><span class='ocrx_word' id='word_1_794' title='bbox 1861 5280 1944 5328; x_wconf 84' lang='lat' dir='ltr'><strong>est</strong></span> <span class='ocrx_word' id='word_1_795' title='bbox 1968 5286 2095 5323; x_wconf 83' lang='lat' dir='ltr'><strong>vere</strong></span> <span class='ocrx_word' id='word_1_796' title='bbox 2117 5269 2297 5322; x_wconf 88' lang='lat' dir='ltr'><strong>modus</strong></span> <span class='ocrx_word' id='word_1_797' title='bbox 2323 5281 2418 5319; x_wconf 88' lang='lat' dir='ltr'><strong>seu</strong></span> <span class='ocrx_word' id='word_1_798' title='bbox 2446 5268 2651 5334; x_wconf 86' lang='lat' dir='ltr'><strong>species</strong></span> <span class='ocrx_word' id='word_1_799' title='bbox 2682 5268 2954 5334; x_wconf 85' lang='lat' dir='ltr'><strong>temporis.</strong></span> 
     </span>
    </p>
   </div>
   <div class='ocr_carea' id='block_1_106' title="bbox 1938 5335 3446 5404">
    <p class='ocr_par' dir='ltr' id='par_1_106' title="bbox 1938 5335 3446 5404">
     <span class='ocr_line' id='line_1_107' title="bbox 1938 5335 3446 5404; baseline 0.003 -12"><span class='ocrx_word' id='word_1_800' title='bbox 1938 5351 1960 5378; x_wconf 72' lang='grc' dir='ltr'>ε</span> <span class='ocrx_word' id='word_1_801' title='bbox 1992 5340 2151 5404; x_wconf 78' lang='grc' dir='ltr'><strong>Ειιὶιί,</strong></span> <span class='ocrx_word' id='word_1_802' title='bbox 2177 5356 2277 5392; x_wconf 87' lang='lat' dir='ltr'><strong>non</strong></span> <span class='ocrx_word' id='word_1_803' title='bbox 2303 5337 2604 5391; x_wconf 77' lang='lat' dir='ltr'><strong>illustratur.</strong></span> <span class='ocrx_word' id='word_1_804' title='bbox 2631 5335 2767 5390; x_wconf 88' lang='lat' dir='ltr'><strong>Huic</strong></span> <span class='ocrx_word' id='word_1_805' title='bbox 2796 5339 2918 5391; x_wconf 90' lang='lat' dir='ltr'><strong>lect.</strong></span> <span class='ocrx_word' id='word_1_806' title='bbox 2942 5339 3317 5396; x_wconf 88' lang='lat' dir='ltr'><strong>contradicunt</strong></span> <span class='ocrx_word' id='word_1_807' title='bbox 3337 5357 3446 5397; x_wconf 81' lang='lat' dir='ltr'><strong>om-</strong></span> 
     </span>
    </p>
   </div>
   <div class='ocr_carea' id='block_1_107' title="bbox 1867 5409 2331 5466">
    <p class='ocr_par' dir='ltr' id='par_1_107' title="bbox 1867 5409 2331 5466">
     <span class='ocr_line' id='line_1_108' title="bbox 1867 5409 2331 5466; baseline -0.011 -1"><span class='ocrx_word' id='word_1_808' title='bbox 1867 5427 1961 5466; x_wconf 86' lang='lat' dir='ltr'><strong>nes</strong></span> <span class='ocrx_word' id='word_1_809' title='bbox 1989 5410 2112 5462; x_wconf 80' lang='lat' dir='ltr'><strong>Mss.</strong></span> <span class='ocrx_word' id='word_1_810' title='bbox 2145 5409 2331 5462; x_wconf 68' lang='lat' dir='ltr'><strong>mistri.</strong></span> 
     </span>
    </p>
   </div>
   <div class='ocr_carea' id='block_1_108' title="bbox 1942 5475 3446 5548">
    <p class='ocr_par' dir='ltr' id='par_1_108' title="bbox 1942 5475 3446 5548">
     <span class='ocr_line' id='line_1_109' title="bbox 1942 5475 3446 5548; baseline 0.003 -17"><span class='ocrx_word' id='word_1_811' title='bbox 1942 5481 1959 5517; x_wconf 69' lang='grc' dir='ltr'>ί</span> <span class='ocrx_word' id='word_1_812' title='bbox 1998 5479 2093 5534; x_wconf 86' lang='lat' dir='ltr'><strong>Hic</strong></span> <span class='ocrx_word' id='word_1_813' title='bbox 2124 5482 2381 5534; x_wconf 84' lang='lat' dir='ltr'><strong>insertum</strong></span> <span class='ocrx_word' id='word_1_814' title='bbox 2431 5477 2497 5531; x_wconf 91' lang='lat' dir='ltr'><strong>ab</strong></span> <span class='ocrx_word' id='word_1_815' title='bbox 2544 5475 2872 5541; x_wconf 86' lang='lat' dir='ltr'><strong>Editoribus,</strong></span> <span class='ocrx_word' id='word_1_816' title='bbox 2906 5495 3008 5548; x_wconf 83' lang='lat' dir='ltr'><strong>non</strong></span> <span class='ocrx_word' id='word_1_817' title='bbox 3034 5489 3352 5548; x_wconf 84' lang='lat' dir='ltr'><strong>computetur</strong></span> <span class='ocrx_word' id='word_1_818' title='bbox 3391 5484 3446 5536; x_wconf 87' lang='lat' dir='ltr'><strong>in</strong></span> 
     </span>
    </p>
   </div>
   <div class='ocr_carea' id='block_1_109' title="bbox 1865 5547 3447 5618">
    <p class='ocr_par' dir='ltr' id='par_1_109' title="bbox 1865 5547 3447 5618">
     <span class='ocr_line' id='line_1_110' title="bbox 1865 5547 3447 5618; baseline 0.003 -15"><span class='ocrx_word' id='word_1_819' title='bbox 1865 5552 2042 5603; x_wconf 87' lang='lat' dir='ltr'><strong>diebus</strong></span> <span class='ocrx_word' id='word_1_820' title='bbox 2063 5551 2206 5612; x_wconf 87' lang='lat' dir='ltr'><strong>anui,</strong></span> <span class='ocrx_word' id='word_1_821' title='bbox 2239 5564 2329 5600; x_wconf 86' lang='lat' dir='ltr'><strong>nec</strong></span> <span class='ocrx_word' id='word_1_822' title='bbox 2359 5557 2652 5599; x_wconf 76' lang='lat' dir='ltr'><strong>inniteretur</strong></span> <span class='ocrx_word' id='word_1_823' title='bbox 2672 5548 2722 5598; x_wconf 89' lang='lat' dir='ltr'><strong>in</strong></span> <span class='ocrx_word' id='word_1_824' title='bbox 2756 5547 3031 5618; x_wconf 81' lang='lat' dir='ltr'><strong>mensibus,</strong></span> <span class='ocrx_word' id='word_1_825' title='bbox 3062 5553 3447 5618; x_wconf 85' lang='lat' dir='ltr'><strong>amputanduttt</strong></span> 
     </span>
    </p>
   </div>
   <div class='ocr_carea' id='block_1_110' title="bbox 1869 5616 2797 5678">
    <p class='ocr_par' dir='ltr' id='par_1_110' title="bbox 1869 5616 2797 5678">
     <span class='ocr_line' id='line_1_111' title="bbox 1869 5616 2797 5678; baseline -0.006 -4"><span class='ocrx_word' id='word_1_826' title='bbox 1869 5624 2194 5678; x_wconf 77' lang='lat' dir='ltr'><strong>censuimus,</strong></span> <span class='ocrx_word' id='word_1_827' title='bbox 2231 5620 2352 5672; x_wconf 88' lang='lat' dir='ltr'><strong>Mss.</strong></span> <span class='ocrx_word' id='word_1_828' title='bbox 2387 5631 2575 5669; x_wconf 82' lang='lat' dir='ltr'><strong>ninnes</strong></span> <span class='ocrx_word' id='word_1_829' title='bbox 2603 5616 2797 5668; x_wconf 87' lang='lat' dir='ltr'><strong>secuti.</strong></span> 
     </span>
    </p>
   </div>
   <div class='ocr_carea' id='block_1_111' title="bbox 1942 5686 3449 5754">
    <p class='ocr_par' dir='ltr' id='par_1_111' title="bbox 1942 5686 3449 5754">
     <span class='ocr_line' id='line_1_112' title="bbox 1942 5686 3449 5754; baseline 0.006 -17"><span class='ocrx_word' id='word_1_830' title='bbox 1942 5700 1964 5737; x_wconf 77' lang='grc' dir='ltr'>ε</span> <span class='ocrx_word' id='word_1_831' title='bbox 1999 5689 2194 5741; x_wconf 75' lang='lat' dir='ltr'><strong>Lucum</strong></span> <span class='ocrx_word' id='word_1_832' title='bbox 2244 5689 2386 5741; x_wconf 87' lang='lat' dir='ltr'><strong>hunc</strong></span> <span class='ocrx_word' id='word_1_833' title='bbox 2412 5686 2567 5739; x_wconf 85' lang='lat' dir='ltr'><strong>valde</strong></span> <span class='ocrx_word' id='word_1_834' title='bbox 2596 5696 2905 5754; x_wconf 86' lang='lat' dir='ltr'><strong>corruptum</strong></span> <span class='ocrx_word' id='word_1_835' title='bbox 2947 5703 3011 5740; x_wconf 85' lang='lat' dir='ltr'><strong>ex</strong></span> <span class='ocrx_word' id='word_1_836' title='bbox 3055 5687 3176 5743; x_wconf 86' lang='lat' dir='ltr'><strong>Mss.</strong></span> <span class='ocrx_word' id='word_1_837' title='bbox 3212 5692 3449 5746; x_wconf 84' lang='lat' dir='ltr'><strong>restitui-</strong></span> 
     </span>
    </p>
   </div>
   <div class='ocr_carea' id='block_1_112' title="bbox 1870 5754 3451 5833">
    <p class='ocr_par' dir='ltr' id='par_1_112' title="bbox 1870 5754 3451 5833">
     <span class='ocr_line' id='line_1_113' title="bbox 1870 5754 3451 5833; baseline 0.001 -19"><span class='ocrx_word' id='word_1_838' title='bbox 1870 5775 2007 5814; x_wconf 85' lang='lat' dir='ltr'><strong>mus.</strong></span> <span class='ocrx_word' id='word_1_839' title='bbox 2041 5759 2191 5814; x_wconf 84' lang='lat' dir='ltr'><strong>Prius</strong></span> <span class='ocrx_word' id='word_1_840' title='bbox 2223 5759 2496 5827; x_wconf 79' lang='lat' dir='ltr'><strong>legebatur</strong></span> <span class='ocrx_word' id='word_1_841' title='bbox 2525 5754 2668 5827; x_wconf 85' lang='lat' dir='ltr'><strong>apud</strong></span> <span class='ocrx_word' id='word_1_842' title='bbox 2692 5755 2820 5812; x_wconf 82' lang='lat' dir='ltr'><strong>Coc.</strong></span> <span class='ocrx_word' id='word_1_843' title='bbox 2854 5765 2906 5812; x_wconf 89' lang='lat' dir='ltr'><strong>et</strong></span> <span class='ocrx_word' id='word_1_844' title='bbox 2935 5757 2986 5812; x_wconf 90' lang='lat' dir='ltr'><strong>in</strong></span> <span class='ocrx_word' id='word_1_845' title='bbox 3019 5774 3133 5831; x_wconf 86' lang='lat' dir='ltr'><strong>seq.</strong></span> <span class='ocrx_word' id='word_1_846' title='bbox 3153 5757 3274 5830; x_wconf 84' lang='lat' dir='ltr'><strong>Ed.,</strong></span> <span class='ocrx_word' id='word_1_847' title='bbox 3305 5779 3451 5833; x_wconf 82' lang='lat' dir='ltr'><strong>quem</strong></span> 
     </span>
    </p>
   </div>
  </div>
