4030 6318
591 267 698 324 G35

1788 259 2028 313 SANGTI
2071 259 2397 314 GBEGORII

2453 261 2661 314 MAGNI
3777 263 3886 317 656

593 378 814 450 plicatio
836 378 1205 432 amaritudinis
1230 373 1487 438 involvit;
1518 380 1612 425 aut
1636 371 1756 438 quis
1780 380 1990 424 noctem
2021 378 2173 423 tene-
2204 375 2248 428 Δ
2276 369 2362 424 dia
2408 376 2673 441 sperant?
2720 372 2873 438 Quod
2921 381 3130 437 tmnen,
3185 381 3243 426 ut
3298 374 3633 443 Redemptor
3690 388 3889 432 noster

590 472 786 526 brosus
815 472 973 526 turbo
1001 468 1259 539 possidet,
1284 481 1444 535 quam
1476 464 1653 517 nullus
1673 471 1845 515 status
1869 462 2051 515 tenet?
2075 460 2182 514 Aut

593 564 867 631 quomodo
898 571 1115 631 optatur
1144 559 1257 613 fieri
1286 557 1545 620 solitaria,
1576 570 1696 623 qua:
1726 553 2052 606 transeundo
2069 552 2179 619 jam

596 655 771 709 fuerat
801 655 980 709 nulla?
1010 653 1116 705 Aut
1144 652 1319 704 lucem
1348 647 1622 716 quomodo
1651 653 1951 715 exspectat,
1982 660 2100 712 quae
2129 652 2181 696 et

593 762 752 800 sensu
782 752 954 807 caret,
988 751 1043 798 et
1066 743 1116 794 in
1146 741 1365 810 praprio
1392 747 1534 793 statu
1566 753 1672 792 non
1706 737 2020 807 permanet?
2050 736 2183 802 Qui-

593 835 695 889 bus
714 834 889 893 adhuc
918 833 1098 889 vezbis
1128 830 1344 899 subjicit
1377 847 1391 882 :

1213 918 1439 976 CAPUT
1468 917 1557 975 lll.

668 1014 841 1081 Quare
869 1029 972 1067 non
998 1014 1052 1065 in
1081 1013 1228 1066 vulva
1252 1019 1486 1064 mortuus
1515 1025 1649 1073 sum,
1684 1025 1918 1079 egressus
1946 1025 2012 1061 ex
2038 1014 2182 1061 utero

592 1124 697 1162 non
727 1108 902 1159 statim
932 1107 1100 1174 perii?
1131 1102 1304 1167 Quare
1333 1110 1576 1172 exceptus
1604 1101 1861 1171 genibus?
1888 1098 1992 1153 Cur
2013 1100 2182 1151 lacta-

594 1208 676 1252 tus
700 1198 976 1253 uberibus?
1002 1195 1157 1250 Nunc
1186 1195 1325 1249 enim
1353 1194 1613 1248 dormiens
1643 1194 1848 1245 silerem
1870 1229 1884 1255 ,
1918 1200 1966 1244 et
1998 1206 2180 1244 somno

602 1309 715 1347 meo
739 1292 1126 1362 requiescerem.

669 1382 974 1453 Argumenti
1013 1380 1262 1450 propositi
1307 1376 1653 1446 conﬁrmatio.
1694 1372 1795 1436 Qui
1839 1373 2186 1437 liberarentur

600 1475 830 1528 homines
857 1471 920 1523 ab
957 1469 1199 1539 originali
1238 1475 1466 1537 peccato,
1512 1471 1633 1515 ante
1673 1464 1962 1515 institutum
1992 1461 2185 1529 baptis-

595 1581 756 1618 mum.
782 1590 853 1613 -.-
882 1558 1126 1628 Nunquid
1154 1558 1199 1612 si
1226 1570 1473 1623 egressus
1498 1570 1563 1608 ex
1596 1561 1752 1607 utero
1781 1551 1959 1605 statim
1991 1551 2184 1621 periis-

597 1663 699 1719 set,
750 1650 1124 1706 retributionis
1164 1648 1415 1702 meritum
1457 1662 1525 1700 ex
1573 1646 1675 1698 hac
1724 1645 1836 1714 ipsa
1882 1643 2183 1712 perditione

2285 463 2442 516 valde
2458 480 2658 527 rarum,
2682 472 2815 516 etex
2844 464 2960 517 solo
2987 464 3167 517 divino
3192 466 3450 518 miraculo
3476 467 3696 520 evenire
3722 484 3891 531 posse

2284 561 2613 605 monstraret
2649 572 2659 605 :
2705 554 2857 622 Apud
2886 555 3149 621 homines,
3194 555 3394 622 inquit,
3424 556 3520 610 hoc
3560 558 3891 627 impossibile

2281 653 2387 709 est,
2431 646 2570 713 apud
2610 645 2775 697 Deum
2814 655 2984 698 autem
3026 647 3293 715 possibilia
3332 650 3508 701 omnia
3556 659 3701 702 sunt.
3744 649 3885 716 Quia

2284 737 2446 802 igitur
2474 737 2637 789 verba
2678 737 2795 791 hmc
2823 737 2873 789 in
2905 737 3189 807 superﬁcie
3235 755 3262 791 a
3294 740 3507 794 ratione
3542 741 3887 807 discordant,

2283 826 2397 893 ipsa
2424 825 2534 893 jam
2564 826 2741 889 littera
2773 826 2995 896 indicat,
3027 829 3171 897 quod
3198 828 3251 884 in
3282 829 3360 884 eis
3382 837 3604 885 sanctus
3625 831 3710 884 vir
3725 831 3886 901 juxta

2284 915 2521 970 litteram
2550 916 2685 969 nihil
2713 916 2879 970 dicat.

2733 1007 2963 1063 CAPUT
2997 1008 3061 1063 Iv
3120 1009 3262 1082 [γει.
3297 1009 3441 1083 111].

2356 1096 2470 1151 Nec
2495 1097 2664 1152 David
2708 1115 2799 1152 nec
2823 1099 3064 1154 Jeremue
3088 1101 3488 1171 imprecationes
3550 1102 3624 1157 ad
3648 1103 3886 1159 litteram

2283 1188 2620 1258 accipiendaz.
2642 1217 2711 1227 —
2741 1188 2846 1243 Sed
2876 1189 2921 1244 si
2952 1190 3098 1259 prius
3120 1190 3172 1244 in
3203 1207 3359 1247 sacro
3389 1192 3609 1263 eloquio
3639 1195 3746 1247 alia
3777 1212 3887 1249 ma-

2283 1278 2481 1333 ledicta
2513 1280 2853 1344 discutimus,
2889 1281 2994 1335 hoc
3018 1282 3161 1352 quod
3185 1283 3327 1337 beati
3356 1282 3456 1338 Job
3485 1301 3583 1338 ore
3611 1286 3882 1353 prolatum

2283 1379 2384 1435 est,
2415 1371 2663 1426 subtilius
2685 1372 3023 1440 indagamus.
3049 1374 3186 1441 Quid
3211 1384 3295 1430 est
3323 1378 3484 1441 enim,
3510 1376 3659 1444 quod
3690 1376 3879 1439 David,

2284 1465 2375 1532 qui
2413 1463 2835 1517 rctribuentibus
2866 1465 2964 1518 sibi
2992 1466 3130 1519 mala
3162 1482 3269 1520 non
3302 1466 3554 1530 reddidit,
3596 1484 3721 1521 cum
3755 1466 3883 1520 Sanl

2284 1560 2340 1607 et
2361 1551 2619 1606 Jonathas
2641 1553 2784 1606 bello
2808 1556 3215 1624 occumberent,
3238 1556 3444 1611 Gelboe
3467 1558 3746 1611 montibus
3770 1573 3879 1609 ma-

2284 1641 2487 1707 ledicit,
2518 1643 2705 1698 dicens
2731 1663 2742 1697 :
2777 1644 2984 1699 Montes
3014 1645 3221 1712 Gelboe,
3247 1665 3341 1701 nec
3366 1666 3451 1702 ros
3480 1666 3574 1702 nec
3605 1651 3781 1720 pluria
3803 1668 3883 1704 re-

594 1741 942 1811 concipeiet?
988 1738 1235 1808 Nunquid
1287 1747 1487 1791 acterna
1535 1736 1720 1802 requie
1768 1733 1997 1787 abortivi
2051 1748 2176 1802 per-
2210 1736 2252 1793 Β
2282 1734 2393 1786 niat
2435 1751 2589 1805 super
2616 1753 2733 1802 ros,
2766 1754 2926 1805 neque
2953 1742 3056 1790 sint
3086 1740 3201 1806 agri
3244 1741 3625 1810 primitiarum,
3659 1744 3784 1812 quia
3813 1742 3881 1795 ibi

599 1832 889 1887 fruuntur?
930 1829 1184 1899 Quisquis
1225 1828 1366 1883 enim
1420 1826 1846 1895 regenerationis
1891 1824 2030 1879 unda
2075 1839 2183 1878 non

594 1922 849 1984 solvitur,
883 1930 906 1955 δ
936 1926 1088 1974 reatu
1119 1919 1277 1987 primi
1305 1918 1503 1972 vinculi
1546 1917 1738 1985 ligatus
1767 1924 1998 1969 tenetur.
2032 1914 2186 1980 Quod

597 2029 727 2068 vero
757 2012 860 2083 (De
889 2029 1056 2076 cons.,
1088 2012 1209 2065 dist.
1242 2010 1296 2076 4,
1329 2029 1375 2077 c,
1406 2011 1458 2077 5,
1522 2010 1671 2074 Quod
1696 2010 1886 2075 autem)
1919 2009 2059 2079 apud
2089 2024 2187 2064 nos

596 2103 740 2157 valet
767 2118 904 2170 aqua
932 2101 1288 2171 baptismatis,
1315 2101 1422 2157 hoc
1446 2100 1556 2170 egit
1581 2101 1722 2170 apud
1748 2108 1958 2154 veteres
1978 2099 2057 2153 vel
2089 2115 2186 2168 pro

599 2192 836 2263 parvulis
873 2192 987 2253 sola
1031 2191 1182 2255 lides,
1213 2192 1298 2245 vel
1328 2207 1425 2260 pro
1470 2192 1763 2257 majoribus
1814 2191 1981 2244 virtus
2022 2191 2189 2244 sacri-

600 2279 726 2346 ﬁcii,
774 2281 859 2334 vel
891 2296 988 2349 pro
1020 2281 1102 2334 his
1130 2281 1219 2349 qui
1259 2297 1324 2335 ex
1356 2280 1586 2335 Abrahae
1631 2282 1800 2349 stirpe
1836 2280 2185 2350 prodierant,

601 2370 913 2440 mysterium
936 2370 1379 2425 circumcisionis.
1397 2369 1527 2423 Nam
1544 2370 1668 2438 quia
1688 2370 2052 2438 unusquisque
2066 2386 2186 2424 cum

599 2460 757 2530 primi
799 2460 1035 2529 parentis
1064 2460 1224 2529 culpa
1261 2460 1580 2529 concipitur,
1631 2459 1898 2528 PrOpheta
1941 2468 2187 2525 testatur,

601 2534 784 2605 dicens
817 2569 830 2617 ;
866 2550 998 2604 Ecce
1047 2553 1184 2604 enim
1234 2551 1287 2603 in
1317 2548 1673 2621 iniquitatibus
1718 2559 1989 2618 conceptus
2020 2566 2132 2603 sum
2159 2548 2185 2586 δ

605 2641 778 2711 (Psal.
812 2659 861 2707 1.,
894 2642 969 2709 7).
1002 2642 1069 2709 Et
1091 2642 1216 2710 quia
1244 2642 1289 2695 is
1316 2656 1474 2709 quem
1501 2643 1688 2696 salutis
1708 2641 1848 2695 unda
1878 2658 1984 2695 non
2012 2641 2185 2708 diluit,

603 2733 879 2802 originalis
925 2733 1095 2802 culpae
1140 2734 1400 2803 supplicia
1448 2748 1555 2788 non
1596 2733 1816 2802 amittit,
1858 2743 2047 2802 aperte
2094 2748 2191 2803 per

604 2825 947 2895 semetipsam
972 2825 1183 2879 Veritas
1206 2826 1470 2893 perhibet,
1503 2824 1685 2878 dicens
1711 2842 1723 2877 :
1755 2824 1878 2877 Nisi
1905 2827 2019 2894 quis
2042 2843 2191 2879 rena-

604 2922 686 2965 tus
717 2914 787 2984 {uo
804 2914 869 2966 rit
899 2929 963 2966 ea:
994 2930 1127 2984 aqua
1156 2923 1204 2966 et
1233 2912 1433 2981 Spiritu
1458 2923 1658 2978 sancto,
1689 2931 1791 2968 non
1814 2913 2015 2969 habebit
2037 2916 2192 2967 vitam

604 3013 855 3073 meritam
886 3004 1065 3076 (Joan.
1098 3021 1174 3069 Ill,
1208 3004 1285 3075 5).
1316 3003 1452 3069 Quid
1483 3013 1567 3057 est
1595 3020 1723 3071 ergo
1779 3005 1918 3072 quod
1952 3006 2003 3057 in
2034 3006 2190 3059 vulva

2292 1823 2520 1893 abjectus
2551 1836 2627 1878 est
2649 1826 2671 1860 ά
2701 1827 2910 1896 clypeus
2934 1828 3082 1892 Saul,
3107 1832 3254 1899 quasi
3286 1847 3385 1884 non
3407 1841 3539 1885 esset
3561 1844 3751 1886 unctus
3776 1835 3883 1887 oleo

2291 1914 2390 1985 (ΙΙ
2414 1915 2545 1987 Reg.
2578 1932 2627 1979 ι,
2653 1917 2783 1985 2|)?
2813 1919 2962 1990 [Hea
2992 1918 3121 1991 IV.]
3149 1920 3284 1985 Quid
3316 1930 3399 1975 est
3422 1922 3565 1991 quod
3594 1921 3881 1987 Jeremias,

2287 2020 2409 2058 cum
2442 2006 2882 2075 prcedicationem
2914 2024 3065 2062 suam
3106 2019 3357 2065 cerneret
3387 2012 3721 2066 audientium
3751 2014 3883 2066 didi.

2288 2097 2487 2151 cultate
2527 2099 2828 2167 praepediri,
2861 2100 3138 2155 maledicit
3191 2101 3376 2156 dicens
3409 2119 3421 2154 :
3468 2102 3786 2157 Maledictus
3815 2107 3885 2157 vir

2288 2187 2373 2257 qui
2396 2189 2724 2242 annuntiavit
2751 2190 2891 2257 patri
2920 2206 3049 2253 meo,
3081 2191 3255 2248 dicens
3287 2207 3305 2245 :
3336 2188 3509 2245 Natus
3530 2202 3608 2246 est
3637 2193 3733 2245 tibi
3763 2211 3883 2263 puer

2290 2277 2553 2329 masculus
2603 2277 2828 2347 (Jerem.
2863 2296 2952 2341 xx,
2987 2279 3117 2349 ιδῃ
3154 2281 3293 2345 Quid
3337 2294 3467 2349 ergo
3497 2292 3715 2335 montes
3754 2281 3881 2335 Gel-

2288 2366 2415 2435 boe,
2446 2366 2573 2421 Saul
2605 2370 2870 2423 moriente
2898 2370 3260 2439 deliquerunt,
3284 2380 3551 2440 quatenus
3581 2372 3636 2426 in
3678 2373 3759 2430 eis
3789 2390 3884 2429 nec

2291 2474 2382 2513 ros
2426 2473 2527 2513 nec
2556 2459 2736 2528 pluvia
2786 2461 3041 2527 caderet,
3082 2471 3137 2515 et
3179 2464 3247 2515 ab
3285 2463 3431 2517 omni
3471 2479 3569 2516 eos
3599 2464 3886 2517 viriditatis

2291 2548 2534 2615 germine
2564 2556 2849 2603 sententne
2877 2565 3056 2604 sermo
3085 2552 3351 2607 siccaret?
3379 2551 3486 2606 Sed
3523 2555 3649 2623 quia
3683 2555 3887 2609 Gelboe

2291 2636 2681 2707 interpretatur
2721 2640 3012 2707 decursus,
3053 2658 3150 2711 per
3194 2643 3321 2697 Saul
3350 2656 3529 2699 autem
3579 2654 3805 2698 unctum
3835 2654 3888 2698 et

2293 2741 2594 2799 mortuum,
2629 2748 2774 2788 mors
2824 2735 2992 2790 nostri
3025 2735 3333 2791 Mediatoris
3380 2738 3743 2805 exprimitur;
3783 2751 3886 2790 non

2293 2820 2563 2877 immerito
2617 2838 2715 2892 per
2767 2823 2972 2879 Gelboe
3024 2833 3237 2880 montes
3292 2826 3522 2895 superba
3578 2823 3886 2880 Iudaeorum

2295 2916 2459 2973 corda
2487 2917 2785 2984 signantur,
2816 2933 2935 2986 qua:
2964 2919 3089 2976 dum
3113 2920 3165 2973 in
3196 2919 3354 2987 hujus
3385 2920 3572 2973 mundi
3603 2919 3777 2974 desidt
3795 2920 3887 2971 riis

2295 3005 2556 3076 delluunt,
2600 3009 2650 3061 in
2684 3008 2902 3077 Christi,
2948 3011 2997 3065 id
3040 3019 3124 3067 est
3152 3013 3317 3079 uncti,
3350 3028 3410 3069 se
3438 3022 3616 3067 morte
3656 3014 3887 3067 miscue-

611 3112 673 3151 se
696 3104 967 3151 mortuum
998 3095 1158 3150 fuisse
1180 3096 1468 3161 desiderat,
1495 3105 1550 3150 et
1571 3097 1808 3165 potuisse
1836 3112 1895 3151 se
1918 3096 2195 3165 quie:cere
2226 3104 2270 3165 ο
2301 3104 2446 3149 runt.
2475 3096 2543 3150 Et
2570 3100 2695 3167 quia
2726 3100 2778 3153 in
2807 3101 2885 3155 eis
2910 3108 3102 3155 unctus
3130 3117 3223 3155 rex
3249 3103 3604 3171 corporaliter
3634 3104 3887 3168 moritur,

614 3187 859 3257 ejusdem
892 3187 1080 3241 mortis
1120 3185 1395 3241 beneﬁciis
1423 3194 1633 3255 sperat,
1665 3186 1788 3239 dum
1819 3194 2030 3240 constet
2058 3188 2201 3254 quod

617 3293 956 3347 nequaquam
997 3292 1121 3331 eum
1154 3278 1367 3345 requies
1409 3278 1531 3331 vitze
1557 3277 1873 3346 susciperet,
1905 3278 1949 3331 si
1978 3293 2007 3331 a
2046 3288 2201 3333 reatu

611 3370 764 3438 illum
794 3369 1071 3437 originalis
1117 3371 1287 3439 culpa:
1322 3371 1474 3439 103
1508 3384 1841 3437 nequaquam
1886 3370 2077 3425 divinae
2106 3387 2200 3426 co-

615 3460 879 3530 gnitionis
900 3471 1234 3514 sacramenta
1258 3461 1608 3515 liberassent?
1624 3460 1725 3525 Qui
1747 3462 1918 3515 adhuc
1938 3478 2057 3516 cum
2080 3463 2197 3529 qui-

616 3552 717 3613 bus
737 3552 1017 3619 quiescere
1040 3551 1324 3620 potuisset,
1346 3551 1586 3619 adjungit
1606 3550 1786 3607 dicens
1808 3570 1820 3604 :
1845 3550 1969 3605 Cum
1997 3553 2199 3622 regibus

611 3653 664 3710 et
692 3642 983 3713 consulibus
1006 3651 1178 3711 terra,
1201 3645 1285 3714 qui
1310 3643 1571 3713 wdiﬁcant
1597 3642 1696 3697 sibi
1711 3644 2033 3698 solitudines.
2066 3645 2197 3710 Quis

611 3736 820 3804 ignoret
871 3735 1012 3804 quod
1042 3748 1195 3803 reges
1225 3743 1381 3790 terrae
1408 3750 1470 3788 ac
1496 3735 1742 3790 censules
1764 3751 1830 3790 eo
1851 3751 1880 3789 a
1910 3737 2197 3793 solitudine

610 3827 772 3893 longe
801 3834 942 3889 sunt,
969 3840 1077 3894 quo
1105 3826 1400 3887 innumeris
1427 3826 1836 3893 obsequentium
1858 3827 2042 3882 cuneis
2064 3843 2195 3882 con-

608 3916 906 3983 stipantur?
933 3915 1032 3969 Vel
1061 3930 1221 3983 quam
1252 3914 1467 3969 difﬁcile
1494 3915 1547 3968 hi
1577 3916 1641 3968 ad
1673 3917 1913 3983 requiem
1946 3917 2191 3983 tendunt,

606 4007 697 4069 qui
731 4018 837 4060 tam
868 4006 1015 4069 duris
1043 4006 1311 4060 rationum
1340 4006 1710 4075 multiplicium
1741 4007 1964 4060 nexibus
1993 4007 2191 4061 astrin-

605 4096 846 4163 gantur?
875 4093 1155 4165 Scriptura
1184 4102 1493 4158 attestante,
1524 4110 1641 4163 quze
1666 4095 1740 4149 ait
1773 4113 1785 4148 :
1816 4096 2080 4149 Iudicium
2107 4098 2194 4151 du-

603 4186 867 4238 rissimum
903 4194 921 4221 ε
955 4186 1008 4243 iu
1040 4185 1119 4244 his
1147 4186 1232 4255 qui
1261 4193 1488 4254 praesunt
1517 4186 1606 4254 ﬁet
1635 4185 1790 4255 (Sap.
1822 4201 1897 4251 vr,
1927 4184 2004 4255 6).
2039 4185 2192 4242 Unde

600 4274 655 4328 in
689 4273 980 4340 Evangelio
1023 4273 1232 4327 Veritas
1264 4274 1395 4336 dicit
1427 4291 1440 4326 :
1488 4274 1581 4328 Cui
1628 4275 1844 4328 multum
1883 4276 2060 4329 datum
2089 4286 2185 4343 est,

599 4364 817 4433 multum
838 4371 1095 4433 quaeretur
1120 4362 1183 4423 ab
1205 4381 1264 4417 eo
1291 4362 1440 4434 (Luc.
1464 4358 1558 4423 xu.
1589 4364 1702 4435 48}.
1728 4364 1829 4430 Qui
1855 4366 2029 4421 adhuc
2050 4382 2186 4436 quos

2304 3186 2404 3255 ipsi
2426 3187 2492 3240 ab
2518 3189 2662 3241 omni
2686 3190 2869 3257 gratia:
2893 3207 3015 3245 rore
3043 3192 3330 3247 siccantur.
3354 3192 3429 3247 De
3450 3194 3646 3263 quibus
3675 3202 3730 3248 et
3752 3194 3891 3247 bene

2301 3277 2497 3330 dicitur
2529 3294 2541 3329 :
2591 3277 2661 3332 Ut
2687 3280 2801 3349 agri
2840 3282 3185 3347 primitiarum
3224 3299 3336 3336 esse
3376 3300 3480 3337 non
3519 3285 3744 3355 possint.
3788 3284 3890 3337 Su-

2302 3367 2481 3435 perba:
2508 3367 2705 3436 quippe
2737 3368 3082 3425 llebrteorum
3111 3381 3319 3427 mentes
3352 3374 3653 3443 primitivos
3683 3375 3889 3430 fructus

2301 3471 2410 3510 non
2459 3458 2654 3522 ferunt,
2683 3459 2807 3527 quia
2855 3462 2909 3513 in
2936 3460 3312 3532 Redemptoris
3356 3464 3593 3518 adventu
3633 3481 3703 3520 ex
3733 3477 3888 3535 parte

2299 3549 2530 3602 maxima
2561 3550 2614 3603 in
2640 3551 2860 3619 perlidia
2890 3562 3182 3608 remanentt
3204 3570 3250 3620 s,
3273 3556 3564 3625 primordia
3588 3554 3708 3611 ﬁdei
3730 3558 3887 3626 sequi

2301 3638 2608 3692 noluerunt.
2638 3639 2831 3696 Sancta
2873 3658 3103 3711 namque
3136 3644 3373 3699 Ecclesia
3402 3647 3455 3700 in
3488 3646 3736 3715 primitiis
3775 3649 3885 3703 suis

2299 3727 2638 3784 multitudine
2684 3733 2920 3798 gentium
2960 3732 3273 3801 fecundata,
3328 3737 3414 3790 vix
3447 3737 3499 3791 in
3544 3740 3727 3793 mundi
3778 3738 3884 3795 ﬁne

2296 3814 2528 3882 Judazos,
2561 3834 2698 3888 quos
2725 3822 3008 3893 invenerit,
3049 3827 3331 3897 suscipiet;
3363 3838 3418 3883 et
3445 3838 3686 3886 extrema
3724 3833 3881 3887 colli-

2294 3923 2425 3977 gens
2447 3951 2461 3976 ,
2494 3927 2591 3967 eos
2619 3915 2773 3981 quasi
2816 3918 3069 3986 reliquias
3113 3920 3320 3989 frugum
3351 3933 3533 3992 ponet.
3569 3924 3647 3979 De
3687 3929 3881 3996 quibus

2294 4002 2545 4057 nimirum
2576 4006 2819 4076 reliquiis
2844 4008 3008 4065 Isaias
3034 4012 3163 4067 dicit
3197 4032 3208 4066 :
3246 4014 3309 4069 Si
3348 4018 3503 4085 fuerit
3530 4036 3775 4074 numerus
3818 4024 3881 4092 ﬁ-

2293 4092 2481 4148 liorum
2522 4094 2694 4152 Israel
2722 4101 2854 4154 sicut
2887 4118 3047 4156 arena
3074 4106 3267 4171 maris,
3298 4108 3529 4177 reliquie:
3557 4113 3716 4166 salrce
3744 4115 3880 4183 ﬁent

2294 4182 2477 4254 (Isaia:
2506 4203 2572 4253 x,
2603 4186 2701 4254 εξ,
2733 4207 2835 4244 sec.
2869 4191 3050 4258 LXX;
3089 4195 3237 4251 Itoni.
3284 4214 3356 4263 ix,
3384 4198 3496 4267 27).
3534 4202 3763 4257 l’ossunt
3802 4214 3881 4258 ta-

2290 4291 2415 4332 men
2445 4279 2647 4336 idcirco
2674 4282 2878 4338 Gelboe
2907 4294 3121 4341 montes
3159 4304 3254 4342 ore
3284 4292 3563 4360 propheta:
3603 4295 3880 4362 maledici,

2289 4376 2351 4421 ut
2376 4368 2501 4423 dum
2533 4369 2736 4427 fructus
2764 4386 3113 4432 exarescente
3143 4387 3282 4433 terra
3315 4398 3420 4435 non
3452 4384 3645 4450 oritur,
3672 4402 3878 4455 posses-

601 4459 656 4509 ιη
688 4455 879 4508 eadem
912 4453 1097 4520 requie
1143 4454 1322 4515 socios
1350 4455 1645 4523 habuisset,
1677 4456 1913 4511 insinuat
1953 4458 2135 4514 dicens
2165 4476 2178 4511 :
2212 4471 2265 4531 D
2289 4473 2440 4513 sores
2465 4469 2619 4515 terra:
2641 4465 2937 4520 sterilitatis
2961 4469 3156 4523 damno
3186 4471 3462 4539 feriantur,
3489 4453 3755 4543 quatenus
3777 4479 3877 4548 ipsi

599 4544 700 4603 Aut
737 4561 852 4597 cum
879 4543 1216 4615 principibus,
1248 4545 1333 4615 qui
1378 4546 1643 4612 possident
1674 4564 1877 4611 aurum,
1908 4556 1957 4602 et
1986 4550 2184 4619 replent

596 4636 778 4697 domos
818 4652 938 4689 suas
968 4643 1203 4704 argento.
1238 4635 1443 4689 Rarum
1473 4636 1630 4691 valde
1659 4646 1742 4691 est
1772 4646 1831 4692 ut
1869 4638 1960 4706 qui
1989 4655 2178 4693 aurum

594 4725 893 4794 possident,
926 4724 991 4778 ad
1021 4726 1260 4792 requiem
1288 4727 1529 4793 tendant,
1560 4727 1686 4782 dum
1714 4743 1812 4796 per
1838 4731 2180 4800 semetipsam

593 4813 806 4877 Yeritas
833 4814 974 4870 dicat
1000 4834 1012 4869 :
1038 4814 1279 4884 Difficile,
1302 4818 1387 4886 qui
1408 4818 1652 4886 pecunias
1676 4819 1882 4884 habent,
1916 4821 2181 4876 intrabunt

537 4924 542 4929 ·
590 4903 643 4959 in
698 4920 914 4973 regnum
957 4905 1200 4969 caelorum
1240 4903 1454 4974 (Matth.
1490 4922 1601 4970 xix,
1643 4906 1758 4977 2ft).
1799 4908 1931 4962 Nam
1962 4911 2053 4978 qui
2094 4911 2180 4967 hic

592 4993 1011 5062 multiplicandis
1036 4994 1234 5049 divitiis
1262 4996 1491 5060 inhiant,
1521 5013 1639 5067 qua:
1660 4999 1879 5055 alterius
1908 5002 2030 5056 vita:
2052 5017 2178 5071 gaus

586 5145 727 5220 diem
744 5146 913 5220 caligo
939 5159 1169 5216 occupet,
1202 5167 1346 5220 quem
1370 5152 1651 5219 implicatio
1680 5156 2045 5218 amaritudinis
2069 5177 2173 5220 non

586 5214 816 5291 involvit.
841 5214 941 5291 Aut
965 5214 1275 5291 quarm-etc.
1313 5214 1579 5275 Particula
1607 5214 1743 5291 non,
1774 5226 1949 5279 addita
1981 5214 2169 5284 contra

584 5282 713 5337 Mss.
746 5282 987 5358 omniuni
1035 5282 1216 5353 ﬁdem,
1256 5304 1470 5343 sensum
1520 5282 1738 5358 evertit,
1785 5295 1999 5351 aliunde
2041 5282 2171 5354 satis

581 5362 825 5420 apertum
855 5364 908 5432 et
939 5356 1191 5432 obvium,
1219 5374 1297 5412 sc.
1334 5377 1345 5412 ε
1378 5360 1504 5425 Quae
1546 5356 1733 5432 caligo?
1760 5382 2038 5431 occupare,
2077 5380 2169 5431 aut

580 5438 698 5507 qua:
715 5425 1015 5507 amaritudo
1053 5425 1780 5507 involverepotestdieniﬂtti
1811 5425 1925 5503 jam
1963 5425 2167 5507 elapsus

579 5491 1173 5567 est?Quemadmodum
1204 5491 1385 5552 statim
1406 5501 1600 5565 dicitur
1624 5521 1635 5555 :
1660 5491 1787 5567 Quis
1808 5491 2006 5559 noctem
2035 5491 2169 5564 lene;

577 5557 759 5633 brosus
789 5564 933 5615 turbo
962 5567 1206 5633 possidet,
1233 5576 1339 5622 etc.

655 5629 859 5713 illam,
883 5629 1071 5713 Gilotr,
1105 5636 1298 5713 Vatia,
1330 5638 1513 5713 Gttss.,
1544 5650 1718 5713 reatus
1744 5645 1901 5713 primi
1924 5646 2161 5710 vinculis,

583 5703 787 5763 optimo
808 5713 990 5756 sensu.
1014 5703 1081 5756 At
1110 5721 1176 5758 ne
1203 5705 1327 5762 huic
1352 5710 1567 5764 lectioni
1596 5703 1963 5774 adluc'rcamus
1988 5703 2167 5777 obstat

2288 4551 2679 4608 maledictionis
2708 4560 3032 4613 sententiam
3070 4562 3225 4634 104
3248 4566 3583 4637 acciperent,
3606 4570 3698 4639 qui
3735 4571 3873 4640 apud

2284 4660 2344 4698 se
2383 4655 2611 4701 mortem
2663 4651 2805 4717 regis
2843 4655 3118 4723 suscipere
3159 4658 3446 4727 iniquitate
3473 4675 3570 4714 sua
3621 4662 3873 4730 exigente

2283 4735 2623 4791 meruissent.
2650 4739 2791 4811 [Vet.
2820 4741 2950 4814 IV.]
2978 4744 3084 4800 Sed
3111 4748 3237 4816 quid
3267 4758 3351 4804 est
3380 4750 3525 4818 quod
3548 4766 3578 4804 a
3603 4750 3871 4821 l‘rOpheu

2283 4825 2677 4883 maledictionis
2704 4834 3025 4889 sententiam
3060 4837 3139 4889 vir
3166 4837 3256 4891 ille
3302 4840 3558 4908 suscepit,
3604 4841 3694 4909 qui
3737 4843 3872 4895 nati-

2282 4916 2503 4972 vitatem
2553 4919 2695 4974 illius
2738 4925 2875 4991 patri
2918 4928 3220 4981 nuntiavit?
3261 4928 3376 4983 Hoc
3421 4931 3673 4985 nimirum
3726 4942 3871 4985 tanto

2282 5006 2601 5075 intrinsecus
2656 5011 2850 5080 majori
2902 5017 3158 5086 mysterio
3222 5018 3439 5088 plenum
3489 5029 3614 5089 est,
3669 5033 3872 5090 quanto

2277 5162 2409 5243 Mss...
2455 5167 2768 5243 auctoritas.
2820 5169 2951 5224 Cum
2994 5171 3059 5226 iis
3104 5188 3225 5241 quae
3273 5175 3519 5243 proxime
3566 5189 3873 5243 sequuntur

2277 5235 2640 5363 ngt‘ereqqus
2684 5239 3029 5308 Augustinus,
3063 5235 3219 5312 epist.
3253 5235 3319 5298 ad
3366 5235 3677 5300 Dardanum
3724 5262 3870 5302 nunc

2387 5341 2401 5363 ,
2435 5319 2482 5355 c.
2591 5345 2602 5357 .

2387 5341 2482 5369 tu.
2523 5341 2602 5369 εἱ.

2351 5371 2378 5409 ι)
2396 5366 2757 5456 διιιῇυέιείξμι·
2782 5377 2832 5431 in
2864 5379 2959 5433 Ed.
2978 5392 3027 5434 et
3050 5382 3103 5435 in
3128 5392 3322 5451 peccat.
3345 5386 3577 5456 concepit
3604 5401 3684 5439 me
3705 5392 3868 5439 nwter

2278 5458 2412 5504 mea,
2439 5459 2546 5495 non
2580 5445 2630 5497 in
2660 5445 2784 5502 Mss.

2352 5524 2373 5588 ξ
2398 5512 3014 5588 _Rc_vocayimuspartic.
3045 5521 3097 5573 in
3127 5523 3381 5577 omissam
3413 5524 3463 5577 in
3494 5523 3591 5577 Ed.

2346 5579 2371 5618 ά
2397 5580 2455 5666 lii
2609 5586 2761 5651 Coc.,
2793 5579 2979 5657 G'dot.,
3014 5589 3212 5666 _Vatic.,
3235 5593 3417 5666 Guss.,
3453 5595 3731 5666 inseritur,
3756 5595 3868 5663 (lya-

2274 5668 2396 5719 peus
2428 5653 2672 5723 fortium;
2694 5673 2799 5727 qua
2827 5653 3172 5733 auctoritate,
3198 5653 3302 5719 nos
3327 5653 3479 5720 latet.
