4030 6330
187 285 274 340 637

1071 282 1427 339 MOBALIUM
1472 283 1596 340 LIB.
1640 283 1730 339 IV.
1786 313 1853 325 --
1908 282 1975 338 ΙΝ
2014 283 2163 341 CAP.
2206 284 2269 340 Ill
2312 286 2372 340 Β.
2412 287 2550 355 JOB.

3342 297 3449 354 638

185 398 510 457 extrinsecus
553 397 785 450 humana
828 396 1044 453 ratione
1086 414 1333 453 vacuum.
1376 398 1507 452 Nam
1543 399 1589 454 si
1628 398 1756 467 quid
1786 400 1833 457 Α
1858 412 1914 463 v,
1944 396 2034 466 2);
2066 397 2313 466 quamvis
2346 398 2457 453 illic
2483 405 2541 452 et
2579 397 2684 453 hoc
2723 399 2893 470 accipi
2923 399 3139 469 debeat,
3167 405 3291 474 quia
3319 416 3448 466 tunc

187 492 406 547 exterius
447 488 765 543 rationabile
796 488 1026 543 fortasse
1062 490 1367 559 sonuisset,
1417 502 1754 558 nequaquam

186 597 277 638 nos
301 581 364 634 ad
392 578 624 634 studium
665 577 936 632 interioris
964 579 1272 634 intellectus
1301 580 1639 634 accenderet.
1680 577 1757 632 Eo

185 682 301 736 ergo
321 666 472 721 nobis
496 665 709 734 plenius
734 666 932 735 aliquid
963 666 1104 721 intus
1134 668 1339 735 innuit,
1370 683 1477 736 quo
1506 667 1635 722 foris
1668 684 1756 722 ra-

184 755 425 810 tionabile
451 754 583 808 nihil
614 755 867 808 ostendit.
898 754 954 809 Si
984 757 1126 810 enim
1157 772 1227 811 ex
1254 759 1441 812 matris
1466 774 1577 813 sua:
1605 767 1757 814 utero

184 843 279 899 hoc
304 844 357 898 in
386 842 585 898 mundo
616 844 884 914 prOpheta
914 844 1230 913 allligendus
1251 847 1471 915 prodiit,
1492 847 1756 902 nativita-

184 935 247 988 tis
270 935 379 1003 ejus
400 935 618 989 nuntius
646 936 772 1004 quid
803 929 1065 1007 deliquit?
1091 937 1197 993 Sed
1226 939 1354 1009 quid
1381 955 1609 1007 persona
1641 956 1761 1009 pro-

182 1025 346 1095 phetae
390 1024 721 1091 ﬂuctuantis,
752 1027 853 1082 nisi
892 1042 987 1096 per
1030 1044 1202 1099 postue
1248 1020 1497 1085 meritum
1534 1031 1757 1105 veniens

183 1115 389 1170 humani
416 1116 630 1183 generis
673 1117 1005 1171 mutabilitas
1030 1118 1383 1186 designatur?
1413 1108 1485 1193 Et
1506 1120 1631 1187 quid
1661 1136 1759 1194 per

182 1212 376 1271 patrem
402 1204 567 1272 illius,
587 1204 689 1260 nisi
707 1206 807 1258 iste
823 1204 890 1260 de
910 1220 1018 1273 quo
1039 1208 1312 1261 nascimur
1331 1207 1559 1263 mundus
1579 1210 1758 1285 expri-

180 1294 369 1348 mitur?
403 1292 471 1348 Et
496 1296 617 1363 quis
644 1303 725 1349 est
746 1295 836 1349 ille
880 1296 959 1349 vir
998 1297 1089 1365 qui
1134 1298 1468 1352 nativitatem
1518 1307 1757 1353 nostram

179 1383 308 1451 patri
336 1383 633 1447 annuntiat,
668 1384 768 1436 nisi
799 1384 1051 1454 antiquus
1076 1372 1244 1440 hostis
1269 1428 1284 1454 ,
1310 1388 1399 1455 qui
1425 1402 1546 1442 cum
1577 1403 1674 1442 nos
1703 1388 1757 1442 in

177 1472 587 1540 cogitatiOnibus
609 1469 871 1527 ﬂuctuare
892 1473 1217 1538 considerat,
1240 1475 1503 1529 malorum
1526 1483 1753 1539 mentes,

174 1566 264 1634 qui
289 1580 353 1619 ex
383 1566 707 1621 auctoritate
732 1564 889 1633 hujus
917 1566 1100 1619 mundi
1131 1567 1498 1635 prmeminent,
1532 1567 1598 1621 ad
1635 1583 1758 1638 per-

174 1656 477 1710 suasionem
518 1663 715 1710 nostrle
743 1654 1081 1724 deceptionis
1109 1656 1357 1723 instigat;
1389 1672 1619 1725 cumque
1657 1673 1757 1712 nos

1858 502 1923 543 os
1949 501 2103 540 suum
2131 486 2183 539 in
2208 487 2489 555 prieceptis
2519 488 2747 556 aperuit,
2780 489 2833 542 in
2871 490 3063 560 quibus
3093 492 3289 547 dudum
3317 511 3448 565 ape—

1856 583 2039 643 ruerat
2081 590 2176 629 ora
2218 576 2621 644 prophetarum.
2653 577 2822 632 Valde
2865 588 3044 633 autem
3090 583 3320 637 solerter
3362 586 3446 639 in-

1859 663 2113 717 tuendum
2142 671 2226 717 est
2251 664 2395 731 quod
2433 664 2649 728 dicitur,
2677 665 2806 719 Post
2837 667 2960 731 haec,
2993 678 3051 722 ut
3095 672 3341 726 nimirum
3370 676 3448 731 rei

1856 752 2026 805 virtus
2075 767 2195 821 qua:
2239 753 2415 819 agitur
2441 753 2709 807 veraciter
2756 770 2824 808 ex
2873 763 3118 825 tempore
3163 761 3443 831 sentiatur.

1861 841 2011 895 Prius
2029 842 2171 895 enim
2190 843 2415 897 vastitas
2435 859 2635 909 rerum,
2656 844 2944 899 exstinctio
2961 847 3262 915 pignorum,
3284 856 3440 925 105

1857 928 2014 984 dolor
2038 929 2343 1000 vulnerum,
2364 934 2647 1001 persuasio
2665 934 2926 1003 conjugis,
2953 937 3214 995 adventus
3242 944 3447 997 amico-

1858 1034 1976 1073 rum
2006 1020 2347 1085 describitur,
2378 1022 2469 1089 qui
2498 1022 2720 1078 scidisse
2748 1032 2945 1092 vestes,
2977 1030 3449 1101 exclamantesque

1860 1107 2089 1173 ﬂevisse,
2124 1110 2345 1178 pulvere
2396 1112 2575 1178 capita
2626 1116 3009 1182 conspersisse,
3043 1127 3097 1172 et
3142 1120 3232 1173 diu
3271 1123 3451 1176 consi-

1859 1197 2051 1251 dentes
2082 1188 2310 1252 interra
2340 1199 2571 1253 tacuisse
2598 1210 2987 1268 memorantur,
3017 1220 3080 1259 ac
3106 1206 3299 1263 deinde
3321 1213 3448 1264 sub-

1854 1289 2095 1359 jungitur
2128 1305 2140 1341 :
2171 1288 2296 1342 Post
2326 1290 2434 1343 haec
2464 1291 2669 1358 aperuit
2689 1289 2789 1345 Job
2819 1309 2875 1345 os
2901 1309 3080 1360 suum,
3102 1307 3151 1348 et
3183 1300 3451 1355 maledixit

1858 1380 1962 1432 diei
1990 1395 2115 1443 suo;
2147 1387 2205 1433 ut
2234 1379 2351 1448 ipso
2379 1376 2630 1434 videlicet
2651 1382 2979 1438 narrationis
3007 1385 3197 1440 ordine
3220 1402 3451 1457 perpen-

1858 1469 2016 1524 datur
2043 1470 2167 1538 quia
2196 1484 2533 1538 nequaquam
2563 1470 2901 1527 maledictum
2933 1489 3031 1543 per
3056 1476 3447 1546 impatientiam

1860 1560 2109 1629 protulit,
2141 1560 2231 1629 qui
2263 1559 2333 1613 ad
2379 1558 2775 1615 maledictionis
2805 1577 2996 1617 vocem
3042 1566 3231 1620 amicis
3274 1568 3447 1623 adhuc

1862 1649 2159 1704 tacentibus
2184 1652 2379 1719 erupit.
2414 1649 2559 1723 [Vet.
2600 1650 2695 1723 ια]
2718 1651 2774 1707 Si
2798 1655 2940 1707 enim
2970 1655 3047 1709 ira
3078 1664 3256 1711 motus
3277 1659 3446 1713 male-

173 1758 332 1812 agere
372 1745 580 1798 inlirma
609 1745 981 1814 conSpexerit,
1022 1759 1084 1798 ea
1115 1746 1267 1812 quasi
1299 1745 1455 1799 fortia
1477 1745 1756 1802 favoribus
1790 1771 1831 1830 Β
1861 1739 2085 1806 diceret,
2110 1741 2294 1796 audito
2323 1740 2519 1795 damno
2546 1736 2890 1805 substantiae,
2919 1747 3135 1814 cognita
3174 1755 3349 1803 morte
3382 1750 3444 1800 li»

173 1838 403 1902 extollit,
430 1845 456 1874 ι
480 1845 536 1890 et
556 1836 707 1906 quasi
733 1843 887 1889 natos
912 1837 1179 1892 masculos
1206 1837 1459 1907 loquitur,
1485 1853 1609 1891 cum
1634 1854 1754 1893 cor-

175 1933 416 1994 ruptores
445 1925 687 1978 veritatis
715 1940 813 1993 per
841 1927 1179 1980 mendacium
1210 1944 1308 1983 nos
1338 1928 1608 1983 exstitisse
1636 1943 1757 1997 gra-

178 2015 402 2070 tulatur?
422 2016 568 2068 Patri
593 2028 722 2083 ergo
744 2017 1036 2070 masculum
1062 2026 1243 2072 natum
1268 2018 1563 2083 denuntiat,
1588 2035 1777 2089 quan-.

176 2108 246 2161 do
275 2107 394 2161 huic
421 2106 622 2161 mundo
645 2122 786 2170 eum,
812 2122 970 2176 quem
995 2111 1341 2178 persuaserit,
1372 2109 1570 2164 factum
1602 2112 1756 2165 inno—

178 2198 360 2252 centia:
386 2206 761 2266 corruptorem
808 2198 1163 2253 demonstrat.
1196 2199 1327 2253 Nam
1375 2216 1497 2255 cum
1538 2201 1758 2256 cuilibet

179 2293 417 2359 peccanti
446 2302 510 2343 ac
538 2289 867 2358 superbienti
888 2290 1099 2355 dicitur,
1126 2290 1319 2345 Fecisti
1342 2290 1483 2346 sicut
1503 2292 1604 2356 vir,
1628 2292 1756 2361 quid

177 2379 315 2434 aliud
337 2394 495 2447 quam
519 2390 676 2445 natus
697 2380 965 2435 masculus
990 2380 1043 2434 in
1074 2381 1273 2437 mundo
1295 2382 1642 2451 perhibetur?
1662 2381 1759 2437 Ju-

179 2486 238 2527 re
264 2446 441 2539 itaque
469 2471 570 2537 vir,
601 2470 692 2540 qui
722 2471 1015 2525 masculum
1044 2482 1229 2525 natum
1273 2446 1503 2537 nuntiat,
1536 2446 1780 2528 maledi—l

178 2560 332 2625 citur,
360 2560 483 2630 quia
532 2560 649 2629 ipso
678 2560 793 2628 ejus
813 2562 1008 2628 nuntio
1048 2563 1334 2631 reprobum
1378 2563 1626 2632 gaudium
1657 2579 1756 2618 no-

178 2653 274 2708 stri
302 2652 631 2721 corruptoris
660 2651 944 2706 indicatur.
971 2651 1065 2706 llis
1112 2667 1239 2721 ergo
1269 2654 1559 2723 Scriptura:
1588 2669 1757 2709 sacra:

177 2745 637 2801 maledictionibus
677 2746 931 2802 discimus
958 2746 1086 2817 quid
1132 2748 1273 2817 apud
1302 2748 1517 2801 beatum
1557 2747 1657 2802 Job
1701 2748 1756 2802 in

176 2849 310 2889 voce
348 2836 744 2891 maledictionis
774 2837 1131 2905 inquiramus,
1164 2853 1231 2891 ne
1273 2852 1433 2906 quem
1465 2839 1605 2893 Deus
1632 2846 1758 2908 post

177 2926 399 2981 vulnera
438 2936 494 2982 et
518 2927 543 2965 δ
572 2928 736 2983 verba
766 2936 1097 2997 remunerat,
1132 2930 1301 2984 lector
1328 2931 1494 2984 verba
1524 2932 1641 3000 ejus
1669 2946 1757 2985 re-

174 3016 437 3084 darguere
460 3034 566 3072 non
590 3018 893 3087 intelligens
909 3029 1213 3088 pratsumat.
1230 3019 1365 3086 Quia
1385 3022 1546 3089 igitur
1564 3031 1758 3077 utcun-

175 3120 282 3175 que
309 3106 424 3161 brec
452 3122 570 3176 quae
600 3109 653 3161 in
683 3109 995 3177 prmfatione
1040 3109 1254 3164 fuerant
1282 3111 1613 3179 exquirenda
1640 3113 1753 3168 dis-

177 3195 460 3263 tinximus,
505 3198 667 3252 verba
710 3197 819 3267 jam
861 3198 1096 3252 historiae
1124 3199 1451 3255 disserentes
1492 3216 1757 3271 exsequa-

173 3300 313 3341 mur.

558 3376 787 3432 CAPUT
815 3378 1078 3433 PRIMUS!
1105 3379 1255 3452 [Rea
1287 3378 1374 3450 V].

246 3469 376 3525 CAP.
392 3485 469 3524 ιιι.
490 3470 651 3524 Vens.
684 3470 708 3522 1
721 3469 1003 3523 -'5.—Post
1019 3470 1126 3524 Illuc
1138 3472 1337 3541 aperuit
1349 3469 1446 3525 Job
1458 3488 1515 3525 os
1528 3488 1693 3536 suum,
1711 3480 1761 3526 et

171 3561 559 3615 malediccitdiei
572 3579 685 3623 suo,
704 3563 878 3616 dicens
902 3579 918 3615 :
940 3562 1126 3617 Pereat
1142 3564 1250 3616 dies
1275 3564 1327 3616 in
1340 3580 1439 3634 qua
1452 3576 1604 3618 natus
1625 3581 1757 3618 sum.

245 3651 300 3705 l.
334 3650 652 3706 llrsromcus
681 3654 755 3707 ar
780 3668 1029 3707 uvsricus
1048 3668 1255 3707 sensus.
1280 3682 1351 3692 —
1377 3651 1476 3706 Job
1506 3669 1570 3706 ex
1590 3655 1761 3723 impa-

173 3741 357 3795 tientia
388 3741 715 3795 maledictum
752 3758 858 3802 non
886 3744 1119 3812 protulit.
1151 3773 1222 3783 —
1249 3742 1366 3796 Non
1397 3752 1481 3797 est
1522 3744 1764 3811 neglecte

168 3831 542 3886 disserendum
565 3832 708 3900 quod
728 3832 941 3896 dicitur,
966 3834 1180 3902 Aperuit
1208 3850 1264 3887 os
1294 3850 1462 3886 suum.
1487 3833 1761 3903 Scriptura

168 3920 318 3975 enim
345 3936 496 3975 sacra
519 3936 585 3975 ex
611 3920 694 3976 his
714 3936 833 3990 quae
863 3922 1095 3976 tenuiter
1121 3923 1427 3991 praemittit,
1453 3932 1765 3977 reverenter

168 4012 534 4081 exspectanda
564 4012 764 4066 indicat
784 4027 904 4081 qua:
924 4013 1214 4081 subjungit.
1242 4012 1394 4067 Sicut
1415 4014 1557 4067 enim
1581 4015 1761 4068 clausa

164 4100 391 4155 vascula
421 4100 547 4169 quid
588 4101 733 4154 intus
773 4101 1012 4155 habeant
1038 4102 1367 4169 ignoramus,
1413 4110 1603 4171 aperto
1632 4118 1763 4157 vero

165 4206 271 4245 ore
312 4190 656 4246 vasculorum
701 4192 829 4259 quid
858 4192 1182 4247 intrinsecus
1228 4192 1574 4246 contineatur
1596 4206 1763 4260 agno-

164 4282 408 4347 scimus;
440 4281 512 4335 ita
541 4289 850 4336 sanctorum
875 4281 1062 4349 corda,
1087 4296 1206 4351 qua:
1226 4282 1410 4336 clauso
1431 4297 1526 4335 ore
1549 4282 1763 4336 occulta

163 4379 321 4436 sunt,
355 4379 542 4441 aperto
572 4385 667 4425 ore
687 4370 1036 4439 deteguntur;
1066 4379 1122 4425 et
1141 4387 1263 4426 cum
1292 4372 1647 4438 cogitationes
1668 4372 1762 4427 de-

163 4471 381 4531 tegunt,
412 4476 473 4515 os
498 4461 707 4529 aperire
736 4460 1061 4529 referuntur,
1092 4468 1152 4514 ut
1179 4460 1383 4515 intenta
1406 4471 1604 4527 mente,
1630 4477 1762 4530 qua-

160 4554 209 4608 si
244 4553 451 4622 apertis
489 4551 739 4614 vasculis,
770 4551 898 4619 quid
927 4551 1070 4606 intus
1099 4552 1413 4606 contineant
1443 4550 1762 4607 festinemus

158 4658 522 4712 cognoscere,
554 4658 619 4697 ac
643 4642 1003 4711 nosmetipsos
1045 4656 1232 4696 eorum
1262 4642 1453 4696 intimo
1482 4643 1649 4697 odore
1677 4659 1763 4699 re-

158 4748 385 4789 creare.
415 4731 564 4791 Unde
602 4740 659 4787 et
678 4732 923 4786 sublimia
954 4740 1220 4804 praecepta
1242 4733 1469 4787 Domino
1498 4734 1549 4787 in
1581 4741 1763 4788 monte

162 4834 187 4863 ε
214 4824 436 4879 dicturo
464 4823 1103 4893 prmmittiturzAperiens
1132 4840 1188 4877 os
1209 4839 1358 4876 suum
1382 4822 1518 4876 dixit
1544 4823 1756 4893 (Matth.

241 4985 271 5013 ³
319 4975 398 5029 Ita
450 4975 503 5029 in
553 4974 803 5030 omnibus
830 4989 968 5044 pene
1015 4974 1165 5039 Mss,
1207 4976 1457 5029 nimirum
1499 4975 1551 5028 in
1596 4974 1758 5029 Corb.

156 5046 385 5109 Germ.,
404 5044 567 5099 duob.
601 5044 819 5111 Rhenu,
851 5046 1011 5099 duob.
1032 5044 1262 5113 liemig.,
1290 5046 1600 5099 inmunibus
1623 5044 1762 5098 Nor-

152 5132 348 5178 nian.,
382 5114 545 5168 duob.
577 5113 855 5183 Compend
885 5155 899 5177 ,
932 5116 987 5168 S.
1026 5115 1167 5175 Alb.,
1202 5116 1366 5183 Longi
1396 5115 1478 5181 P.,
1510 5114 1628 5167 Val.
1654 5115 1759 5177 CL,

151 5188 212 5241 in
254 5200 370 5239 uno
404 5185 684 5238 Vindocin.
717 5184 801 5237 Ex.
844 5184 1050 5251 Remig.
1095 5200 1230 5238 unus
1269 5195 1325 5238 et
1368 5186 1505 5238 alter
1534 5184 1758 5238 Vindoc.

149 5256 397 5316 habent,
427 5264 473 5306 l-t
502 5256 647 5322 quasi
679 5263 831 5307 nutus
860 5255 1115 5307 masculus
1141 5255 1383 5323 loquitur.
1414 5255 1468 5306 In
1497 5255 1641 5307 nullo
1663 5270 1760 5316 au-

150 5335 278 5379 tem
314 5325 510 5391 legitur
539 5332 597 5376 ut
623 5324 675 5376 in
694 5324 812 5393 aliis
837 5326 993 5393 editis
1020 5342 1031 5375 :
1066 5325 1271 5393 etquod
1293 5326 1361 5377 sit
1388 5334 1538 5377 natus
1562 5340 1761 5376 mascu-

146 5398 245 5449 lus
280 5396 531 5464 loquitur.
566 5392 907 5464 VetusiEdit.
951 5392 1118 5447 Paris.
1149 5392 1345 5459 habet,
1372 5405 1420 5447 ct
1453 5396 1598 5463 quasi
1641 5403 1764 5447 nato

147 5462 408 5518 suasca—lo
447 5463 690 5534 loquitur.
727 5462 843 5517 Vel.
887 5463 1071 5526 Basil.,
1102 5473 1150 5516 et
1177 5465 1326 5534 quasi
1355 5462 1491 5516 nalis
1519 5464 1762 5516 masculis

145 5535 423 5604 loquitur.

232 5600 266 5644 'b
301 5604 362 5656 In
390 5602 556 5657 Editis
586 5612 642 5656 et
668 5604 935 5657 nonnullis
956 5600 1103 5666 Mss.,
1136 5612 1184 5654 et
1210 5602 1432 5654 verbera.
1460 5601 1763 5669 Lugendum

142 5690 291 5729 Cum
329 5673 455 5725 Mss.
492 5675 652 5728 Corb.
699 5674 881 5727 Germ.
915 5680 972 5727 et
1020 5670 1229 5731 Gerun,
1260 5680 1307 5723 et
1335 5671 1516 5737 rcrba;
1543 5674 1765 5725 suadent

142 5744 285 5800 hazc
319 5743 570 5814 proxime
601 5761 714 5817 seq.
752 5749 886 5802 inter
915 5748 1123 5801 vulnera
1153 5742 1408 5810 corporis,
1437 5742 1572 5795 inter
1618 5740 1764 5795 verba

1859 1830 2073 1895 liorum,
2122 1846 2243 1884 eum
2286 1830 2473 1899 procul
2521 1830 2684 1886 dubio
2713 1832 2779 1886 ad
2812 1834 3244 1890 maledictionem
3292 1837 3450 1892 dolor

1859 1922 2139 1975 excitaret.
2182 1921 2291 1977 Sed
2331 1923 2459 1992 quid
2494 1930 2621 1978 tunc
2648 1924 2782 1979 dixit
2821 1926 3137 1981 audivimus.
3177 1928 3266 1981 Ait
3295 1944 3446 1982 nam-

1858 2028 1962 2081 que
1996 2033 2007 2066 :
2047 2015 2297 2069 Dominus
2321 2016 2483 2081 dedit,
2517 2015 2771 2071 Dominus
2817 2018 3028 2073 abstulit
3075 2020 3215 2091 (Job.
3248 2036 3298 2086 ι,
3327 2020 3440 2090 21').

1858 2102 2115 2172 Rursum,
2138 2106 2183 2160 si
2225 2107 2302 2160 ira
2332 2117 2510 2161 motus
2537 2108 2884 2163 malediceret
2929 2111 3120 2164 saltem
3162 2126 3445 2180 percussus

1857 2194 1910 2248 in
1942 2210 2196 2264 corpore,
2220 2196 2309 2250 vel
2338 2197 2482 2250 male
2528 2211 2717 2251 suasus
2746 2213 2775 2251 a
2803 2199 3065 2267 conjuge,
3097 2200 3443 2273 maledictum

1857 2282 2056 2339 inferre
2100 2285 2382 2354 potuisset.
2413 2284 2519 2338 Sed
2566 2284 2695 2353 quid
2740 2294 2867 2342 tunc
2912 2276 3189 2358 respondit
3218 2290 3442 2359 agnovi~

1856 2392 1994 2429 mus.
2023 2376 2111 2430 Ait
2136 2392 2402 2445 namque:
2438 2375 2634 2430 Locum
2663 2394 2714 2431 es
2736 2380 2885 2449 quasi
2914 2396 3017 2433 una
3046 2396 3109 2433 ea:
3139 2380 3310 2433 stultis
3331 2398 3443 2433 mu-

1856 2463 2086 2518 lieribus.
2119 2465 2180 2520 Si
2224 2465 2361 2519 bona
2407 2467 2696 2533 accepimus
2738 2468 2802 2521 de
2842 2485 2998 2521 manu
3028 2469 3268 2536 Domini,
3300 2472 3442 2547 uiola

1856 2571 2014 2626 quare
2034 2572 2135 2609 non
2163 2557 2546 2609 sustineumus?
2575 2556 2714 2623 (Job.
2757 2574 2823 2620 ιι,
2858 2558 2969 2629 10.)
3000 2558 3127 2615 Post
3154 2546 3267 2615 hinc
3309 2546 3444 2629 vero.

1856 2643 2193 2711 describitur,
2222 2645 2347 2713 quia
2376 2646 2534 2700 amici
2564 2647 2808 2713 veniunt,
2838 2646 2986 2714 ﬂent,
3021 2632 3322 2716 consident,
3357 2661 3438 2726 ta-

1856 2742 2011 2800 cent;
2040 2750 2271 2804 moxque
2302 2736 2639 2805 subjungitur
2664 2739 2788 2805 hoc,
2820 2741 2968 2809 quod
3012 2742 3117 2795 diei
3146 2759 3244 2797 suo
3272 2745 3443 2797 male,-

1855 2827 2059 2882 dixisse
2100 2827 2434 2896 perhibetur.
2464 2827 2633 2884 Nimis
2676 2829 2855 2898 itaque
2898 2831 3250 2900 incongruum
3276 2842 3359 2888 est
3390 2843 3451 2907 ut

1856 2918 2193 2987 suspicemur
2218 2933 2359 2981 eum,
2394 2918 2539 2973 nullo
2563 2918 2871 2985 instigante,
2901 2922 3049 2977 nullo
3077 2924 3343 2992 pulsante,
3378 2908 3455 2995 ex:

1856 3007 2191 3076 impatientia
2220 3008 2287 3061 ad
2311 3023 2501 3062 vocem
2530 3009 2923 3065 maledictionis
2949 3027 3253 3083 erumpere,
3284 3030 3447 3083 quem

1860 3098 2110 3160 nimirum
2143 3098 2388 3152 novimus
2419 3100 2558 3155 inter
2585 3101 2779 3155 damna
2810 3120 2988 3158 rerum
3019 3114 3356 3178 mortemque
3389 3112 3452 3161 li-

1863 3188 2079 3255 liorum,
2107 3189 2247 3242 inter
2274 3189 2495 3263 vulnera
2523 3192 2788 3260 corporis,
2822 3192 2960 3247 inter
2980 3195 3141 3249 verba
3165 3197 3304 3250 male
3326 3214 3450 3251 sua-

1864 3278 2037 3333 dentis
2070 3278 2273 3345 ux0ris,
2304 3293 2495 3347 magna
2524 3282 2754 3335 creatori
2786 3284 3051 3351 praeconia
3083 3284 3269 3338 humili
3298 3302 3451 3341 men-

1865 3378 1918 3423 te
1946 3368 2260 3423 reddidisse.
2290 3367 2548 3424 Patefecit
2575 3384 2704 3437 ergo
2754 3386 2859 3440 qua
2891 3382 3071 3427 mente
3099 3374 3215 3428 hmc
3238 3376 3456 3445 quietus

1863 3456 2077 3524 dixerit,
2110 3459 2201 3528 qui
2224 3467 2302 3512 tot
2335 3458 2432 3512 Dei
2463 3459 2647 3515 laudes
2669 3460 2830 3514 etiam
2861 3477 3147 3531 percussus
3174 3464 3198 3500 α
3231 3480 3443 3519 emana-

1862 3550 1958 3603 vit.
1990 3550 2172 3618 Neque
2200 3550 2341 3605 enim
2370 3552 2710 3619 postmodum
2741 3568 2847 3607 non
2871 3568 3154 3623 percussus
3175 3558 3453 3624 superbire

1867 3640 2060 3709 potuit,
2078 3655 2243 3711 quem
2269 3650 2322 3693 et
2352 3640 2404 3693 in
2433 3640 2781 3708 percussione
2802 3642 2959 3695 dolor
2980 3643 3236 3698 humilem
3265 3655 3452 3699 ostent-

1865 3730 1962 3784 dit.
2000 3730 2103 3784 Sed
2132 3745 2254 3784 cum
2280 3739 2430 3785 certo
2476 3731 2721 3785 novimus
2749 3733 2892 3801 quod
2923 3733 3266 3787 maledictum
3298 3750 3452 3789 sacra

1865 3820 2140 3891 Scriptura
2171 3819 2438 3889 prohibet,
2470 3836 2568 3875 cur
2595 3830 2743 3875 recte
2772 3822 3061 3891 aliquando
3087 3822 3197 3877 ﬁeri
3221 3824 3451 3897 dicimus

1863 3913 2008 3980 quod
2031 3921 2054 3949 θ
2088 3912 2236 3965 vitari
2261 3911 2448 3966 eodem
2474 3927 2629 3965 sacro
2658 3913 2873 3982 eloquio
2900 3930 3006 3967 non
3036 3916 3381 3982 ignoramus?

1937 4000 2087 4074 (nec.
2139 4001 2261 4073 V1.1
2303 4001 2357 4055 2.
2401 4002 2737 4056 Maledictum
2766 4004 2909 4057 aliud
2936 4021 3002 4058 ea:
3023 4006 3262 4076 judicio,
3311 4009 3459 4062 aliud
3496 3994 3515 4007 '

1863 4109 1929 4146 ea:
1956 4092 2200 4146 vindicta.
2222 4125 2293 4135 —
2316 4092 2603 4147 Sciendum
2634 4108 2762 4149 vero
2791 4097 3030 4164 estquod
3061 4097 3336 4167 Scriptura
3365 4116 3457 4159 sae

1863 4200 1955 4239 cra
1984 4185 2192 4241 duobus
2222 4185 2396 4240 modis
2425 4185 2773 4240 maledictum
2812 4196 3098 4253 memorat,
3131 4189 3275 4243 aliud
3306 4191 3455 4245 vide-

1866 4276 1993 4330 licet
2020 4276 2163 4346 quod
2193 4276 2478 4345 approbat,
2505 4276 2647 4330 aliud
2674 4277 2817 4345 quod
2845 4277 3065 4332 damat
3092 4277 3203 4348 (24,
3236 4299 3286 4351 q.
3319 4281 3373 4346 5,
3404 4299 3451 4335 c-.

1864 4365 1917 4431 l,
1948 4383 2068 4420 can.
2101 4364 2228 4419 Cum
2257 4368 2472 4438 sancti).
2501 4366 2673 4421 Aliter
2698 4368 2839 4421 enim
2873 4370 3211 4424 maledictum
3245 4374 3455 4441 profer-

1866 4466 1954 4512 tur
1968 4458 2171 4526 judicio
2190 4458 2430 4526 justitiae,
2455 4458 2612 4512 aliter
2628 4458 2797 4512 livore
2819 4458 3081 4514 vindictae.
3108 4460 3453 4517 Maledictum

1793 4524 1842 4582 D
1866 4524 2064 4622 quippe
2088 4524 2291 4621 judicio
2313 4551 2552 4620 justitiae,
2584 4552 2685 4621 ipsi
2713 4549 2731 4590 ί
2760 4553 2936 4621 primo
2967 4552 3170 4606 homini
3204 4556 3453 4622 peccanti

1864 4642 2134 4711 prolatum
2165 4649 2268 4708 est,
2299 4656 2420 4695 cum
2462 4640 2663 4694 audivit
2693 4660 2703 4691 :
2728 4640 3013 4693 Maledicta
3057 4650 3191 4693 terra
3219 4643 3273 4695 in
3303 4659 3457 4712 opere
3510 4640 3527 4652 ⁶

1866 4742 1951 4786 tuo
1982 4730 2202 4800 (Cenes.
2235 4746 2311 4793 ιιι,
2349 4731 2469 4799 17).
2498 4730 2835 4783 Maledictum
2862 4729 3081 4797 justitize
3103 4728 3306 4798 judicio
3332 4747 3453 4800 pro-

1866 4822 2054 4886 fertur,
2084 4837 2207 4877 cum
2236 4821 2301 4875 ad
2332 4820 2612 4874 Abraham
2629 4820 2825 4875 dicitur
2849 4837 2864 4871 :
2888 4819 3203 4874 Maledicam
3232 4823 3454 4877 maledi-

1868 4977 2003 5029 male
2024 4976 2290 5029 suadenlis
2319 4976 2517 5028 uxoris.
2553 4973 2785 5035 Possunt
2813 4975 2975 5029 etiam
3000 4975 3295 5044 amicorqu
3324 4994 3453 5032 vcr-

1865 5046 1933 5099 ba
1965 5056 2018 5099 et
2050 5048 2244 5114 probra
2280 5046 2363 5098 hic
2398 5045 2594 5098 notari.

1943 5128 1963 5153 ε
1997 5114 2144 5168 Unus
2170 5130 2238 5168 ex
2270 5114 2461 5167 Rhein.
2494 5122 2549 5167 et
2575 5115 2712 5169 alter
2733 5114 3194 5182 Remig.,daturo,
3216 5132 3323 5184 quo
3342 5133 3458 5171 ver-

1828 5236 1837 5242 .
1866 5186 1935 5238 bo
1966 5186 2130 5237 utitur
2157 5185 2483 5249 Augustinus
2502 5224 2517 5245 ,
2550 5184 2583 5237 Ι.
2616 5200 2632 5238 ι
2659 5187 2727 5237 de
2756 5186 2929 5237 Serm.
2963 5185 3119 5239 Dom.
3151 5187 3204 5239 in
3235 5200 3417 5242 monte
3436 5225 3451 5252 ,

1866 5270 2024 5323 quem
2057 5255 2144 5307 hic
2175 5254 2414 5307 nonnihil
2447 5253 2683 5309 imitatur
2710 5252 3020 5320 Gregorius.

1939 5330 1961 5359 α
2003 5324 2080 5377 ita
2105 5339 2290 5377 omnes
2324 5324 2540 5388 Rhem.,
2563 5324 2793 5392 Remig.,
2825 5324 2989 5377 Corb.
3028 5323 3235 5387 Germ.,
3268 5323 3452 5389 Culb.,

1867 5394 2120 5457 Floriac.,
2136 5394 2385 5457 Vindoc.,
2402 5393 2766 5460 Norm.,etc.,
2790 5402 2843 5447 et
2862 5403 2971 5448 vet.
2998 5392 3142 5448 Edit.
3162 5394 3455 5449 Recentio-

1865 5481 1971 5528 res,
2005 5480 2275 5531 percussus
2307 5465 2587 5516 enarravit.

1942 5546 1964 5605 εξ
2002 5534 2078 5605 Ita
2106 5535 2267 5605 etiam
2290 5532 2497 5605 laudati
2536 5532 2664 5587 Mss.
2688 5604 2695 5605 ί
2715 5533 2850 5605 Editi
2881 5532 3081 5587 habent
3108 5534 3244 5605 quod
3271 5536 3451 5588 vetari.

1946 5603 1961 5641 τ
2008 5604 2257 5657 Nonnulli
2285 5601 2440 5675 Mss,
2464 5605 2575 5675 ipso
2616 5604 2783 5673 primo
2813 5604 3017 5657 homine
3045 5601 3310 5675 peccante.
3342 5606 3455 5659 Ali-

1868 5674 1976 5743 qui,
2010 5676 2064 5728 in
2090 5675 2200 5741 ipso
2228 5674 2393 5744 primo
2421 5674 2626 5728 homine
2656 5682 2912 5745 peccante.
