4030 6324
588 251 689 304 (λῦ)

1790 243 2035 301 SANCTI
2076 241 2407 297 GREGORII
2450 241 2675 297 MAGNL

3782 245 3896 298 ϐω

585 360 816 416 centibas
839 359 931 416 ttbi
961 361 1170 430 (Cenes.
1195 378 1287 428 xu,
1309 360 1388 432 ὅ).
1420 361 1650 416 Rursum
1679 359 1803 429 quia
1833 357 2175 413 maledictum
2206 364 2252 417 Α
2283 355 2410 423 ligi?
2448 355 2593 422 quod
2632 352 2865 424 quandiu
2898 368 2998 409 nos
3036 354 3090 407 in
3131 354 3232 410 hac
3270 363 3467 410 nostrae
3502 354 3895 415 mutabilitatis

587 470 697 508 non
726 454 927 522 judicio
952 453 1203 520 Justitize.
1244 452 1336 507 sed
1377 450 1548 505 livore
1589 449 1841 504 vindictae
1885 447 2177 516 promitur,

585 561 721 599 voce
745 544 893 596 Pauli
917 542 1148 611 apostoli
1177 539 1519 609 praedicantis
1546 538 1917 602 admonemur,
1949 535 2039 604 qui
2066 534 2141 586 ait
2164 549 2177 585 :

588 632 922 696 L’enedicite,
968 642 1017 684 et
1064 630 1222 683 nolite
1247 627 1557 682 maledicere
1608 625 1799 698 (Rom.
1830 640 1931 689 xu,
1965 622 2089 690 id).
2119 619 2181 673 Et

588 744 800 785 rursum
827 746 840 779 ί
866 725 1049 796 Neque
1090 723 1333 778 maledici
1378 739 1592 793 regnum
1623 721 1719 776 Dei
1751 718 2081 791 possidebunt
2121 716 2182 787 (I

591 818 711 871 Cor.
745 832 817 877 vt,
858 814 963 882 t0).
994 813 1137 868 Deus
1166 826 1294 880 ergo
1324 812 1647 865 maledicere
1675 811 1890 875 dicitur,
1921 818 1975 863 et
2005 817 2182 861 tamen

591 908 915 962 maledicere
945 906 1109 958 homo
1138 905 1495 974 prohibetur;
1545 905 1669 973 quia
1711 903 1854 971 quod
1886 903 2047 955 homo
2077 900 2186 967 agit

588 997 794 1051 malitia
822 995 1094 1058 vindictae,
1129 995 1269 1049 Deus
1301 1010 1408 1049 non
1437 993 1562 1049 facit
1587 995 1692 1048 nisi
1721 993 1971 1048 examine
1998 998 2052 1044 et
2072 991 2183 1044 vir-

592 1097 706 1142 tute
731 1088 970 1157 justitize.
1022 1087 1169 1160 [Vet.
1210 1084 1335 1156 VL]
1371 1085 1505 1141 Cum
1535 1101 1667 1139 vero
1696 1084 1868 1140 sancti
1896 1082 1997 1136 viri
2027 1080 2187 1134 male-

590 1182 844 1236 dictionis
890 1181 1215 1236 sententiam
1264 1179 1547 1249 proferunt
1593 1176 1716 1246 (9.5,
1759 1195 1809 1247 q.
1854 1176 1907 1240 5,
1940 1191 2057 1228 can.
2094 1172 2183 1235 l2,

590 1272 719 1327 Cum
747 1272 963 1339 sancti),
1003 1287 1111 1325 non
1141 1270 1207 1324 ad
1238 1270 1377 1325 hanc
1406 1285 1473 1324 ex
1502 1278 1631 1323 voto
1663 1267 1904 1330 ultionis,
1936 1266 2032 1320 sed
2066 1273 2091 1300 ει
2118 1279 2187 1318 ex

589 1364 815 1433 jusritia:
860 1362 1107 1417 examine
1155 1367 1462 1429 erumpunt.
1509 1359 1655 1412 Intus
1696 1357 1840 1410 enim
1869 1355 2064 1409 subtile
2091 1352 2188 1406 Dei

587 1454 851 1523 judicium
891 1452 1191 1521 aspiciunt,
1231 1458 1286 1503 et
1322 1449 1463 1502 mala
1494 1450 1638 1501 foras
1666 1445 2028 1513 exsurgentia,
2060 1445 2186 1512 quia

590 1543 884 1597 maledicto
905 1541 1136 1595 debeant
1164 1539 1347 1603 ferire,
1370 1544 1733 1604 cognoscunt;
1764 1543 1817 1589 et
1844 1550 1910 1589 eo
1936 1535 1991 1588 in
2018 1535 2186 1589 male-

591 1634 739 1686 dicto
786 1647 895 1685 non
940 1637 1189 1699 peccant,
1231 1644 1339 1697 quo
1371 1629 1437 1682 ab
1470 1628 1682 1683 interno
1707 1626 1909 1696 judicio
1939 1641 2049 1680 non
2079 1625 2187 1681 dis-

2286 440 2635 512 corruptione
2661 446 2877 501 retinet.
2901 445 3220 499 aeternitatis
3246 447 3401 500 nobis
3425 448 3897 505 incommutabili-

2230 547 2239 553 '
2287 547 2370 592 tas
2418 552 2529 591 non
2574 544 2818 606 apparet.
2871 536 2971 602 Qui
3020 538 3181 604 igitur
3227 537 3370 591 diem
3413 538 3525 606 jam
3564 541 3897 596 aeternitatis

2288 627 2453 692 videt,
2483 641 2628 694 aegre
2656 625 2798 679 diem
2823 641 2934 681 sum
2963 627 3306 680 mortalitatis
3333 629 3583 682 sustinet.
3610 627 3679 683 Et
3702 640 3897 686 notan-

2286 717 2414 771 dqu
2445 717 2567 786 quia
2599 732 2706 770 non
2732 717 2825 781 ait,
2860 715 3054 770 Pereat
3081 715 3197 771 dies
3228 717 3279 770 in
3308 733 3413 785 qua
3445 720 3700 774 conditus
3727 736 3741 774 :
3766 708 3890 788 sed,

2287 808 2477 862 Pereat
2504 809 2614 863 dies
2642 810 2697 861 in
2727 826 2826 877 qua
2857 816 3009 862 natus
3040 825 3175 862 sum.
3216 809 3273 862 ln
3314 811 3402 864 die
3439 812 3644 881 quippe
3667 811 3894 880 justitiaa

2286 900 2451 955 homo
2479 908 2561 954 est
2589 901 2868 967 conditus,
2899 900 2991 954 sed
3016 900 3127 968 jam
3158 900 3212 953 in
3244 909 3486 971 tempore
3509 904 3685 972 culpae
3710 913 3892 958 natus.

2287 987 2458 1041 Adam
2486 989 2628 1043 enim
2660 989 2952 1054 conditus,
3000 990 3094 1044 sed
3140 988 3271 1044 Cain
3322 993 3527 1060 primus
3575 1002 3739 1048 natus
3784 1006 3889 1049 est.

2288 1078 2426 1144 Quid
2466 1086 2547 1133 est
2577 1093 2705 1148 ergo
2729 1079 2833 1135 dici
2864 1080 3159 1134 nativitatis
3178 1081 3501 1137 maledicere
3520 1122 3536 1146 ,
3569 1085 3674 1139 nisi
3702 1094 3893 1152 aperte

2289 1170 2469 1225 dicere
2495 1188 2506 1223 :
2535 1171 2659 1225 Dies
2685 1173 3058 1227 mutabilitatis
3083 1182 3292 1243 pereat,
3324 1182 3380 1229 et
3408 1174 3592 1231 lumen
3620 1179 3891 1233 aeternita-

2289 1261 2359 1316 tis
2387 1271 2656 1331 erumpat.

2363 1350 2525 1424 [γει.
2578 1350 2749 1422 VII.]
2788 1352 2841 1406 5.
2887 1353 3108 1423 Tempus
3136 1355 3497 1410 mutabilitatis
3548 1367 3747 1414 nostra!
3793 1360 3891 1413 ali-

2289 1444 2497 1516 quando
2522 1446 2727 1514 penitus
2756 1447 3055 1513 periturum.
3092 1445 3214 1502 Dies
3244 1448 3330 1518 qui
3360 1448 3441 1501 hic
3467 1450 3542 1502 ita
3569 1458 3785 1518 optatur
3802 1467 3889 1519 pe-

2292 1538 2394 1589 rire
2421 1544 2474 1589 ut
2505 1538 2640 1589 male
2667 1537 2754 1601 sit,
2773 1547 2849 1591 est
2879 1545 3118 1607 apostata
3132 1539 3549 1608 spiritus.-—Sed
3567 1542 3695 1609 quia
3712 1543 3892 1611 perire

2293 1625 2507 1681 duobus
2535 1626 2713 1681 modis
2739 1626 2920 1681 dicere
2946 1627 3183 1683 solemus
3212 1629 3395 1697 (aliter
3422 1631 3567 1685 enim
3598 1633 3783 1702 perire
3811 1633 3892 1686 di-

592 1721 841 1776 cordant.
875 1718 1011 1774 Hinc
1040 1727 1124 1775 est
1150 1719 1294 1787 quod
1316 1717 1506 1772 Petrus
1537 1717 1590 1770 in
1622 1716 1935 1771 offerentem
1960 1716 2060 1771 sibi
2091 1732 2186 1785 pe-
2218 1731 2264 1790 Β
2294 1716 2485 1782 cimus,
2518 1716 2733 1785 quando
2765 1716 2968 1799 aliquid
2995 1726 3247 1787 optamus
3279 1728 3339 1774 ut
3367 1736 3474 1777 non
3502 1722 3604 1787 sit;
3648 1730 3703 1776 et
3732 1723 3891 1777 aliter

593 1812 807 1866 cuniam
839 1808 1145 1879 Simonem,
1176 1810 1499 1864 sententiam
1529 1808 1923 1863 maledictionis
1954 1808 2186 1872 intorsit,

593 1901 817 1955 dicens:
848 1899 1077 1953 Pecunia
1127 1909 1213 1952 tua
1256 1910 1418 1953 tecum
1463 1900 1529 1952 sit
1568 1900 1621 1953 in
1669 1898 2007 1968 perditionem
2050 1898 2189 1967 (Act.

591 2010 704 2058 vni,
740 1991 853 2053 20).
885 1991 987 2057 Qui
1015 1991 1157 2046 enim
1188 2006 1295 2045 non
1327 1991 1421 2056 ait,
1454 1999 1561 2055 est;
1606 1989 1699 2043 sed
1728 1991 1815 2054 sit,
1849 2005 1954 2042 non
1987 1988 2191 2042 indica-

592 2085 725 2148 tivo,
758 2083 853 2137 sed
886 2084 1132 2151 optativo
1162 2084 1325 2137 modo
1354 2097 1413 2136 se
1442 2082 1557 2137 lia-c
1586 2082 1785 2136 dixisse
1822 2082 1976 2150 103
2011 2081 2191 2148 signa—

592 2173 689 2226 vit.
722 2171 857 2226 Hinc
886 2171 1033 2226 Elias
1060 2171 1270 2225 duobus
1300 2172 1779 2241 quinquagenariis
1801 2171 1866 2224 ad
1890 2188 1948 2225 se
1972 2172 2192 2225 venien-

593 2264 738 2317 tibus
782 2262 919 2316 dixit
947 2280 959 2315 :
986 2263 1046 2317 Si
1095 2263 1251 2315 homo
1292 2261 1386 2315 Dei
1434 2279 1587 2329 sum,
1636 2263 1912 2315 descendat
1956 2264 2089 2333 ignis
2128 2263 2192 2314 de

594 2352 742 2416 cazlo,
771 2359 821 2405 et
850 2359 1118 2405 consumat
1145 2367 1230 2406 vos
1263 2350 1371 2421 (IV
1406 2350 1534 2421 Reg.
1567 2368 1605 2415 1,
1635 2351 1745 2418 10).
1776 2352 2013 2416 Quorum
2042 2360 2190 2406 utro-

595 2456 825 2511 rumque
873 2440 1144 2495 sententia
1190 2449 1391 2509 quanta
1425 2441 1449 2478 δ
1480 2441 1725 2495 veritatis
1753 2442 1965 2496 ratione
1995 2456 2190 2496 conva-

593 2531 733 2595 luit,
788 2532 1052 2585 terminus
1098 2546 1276 2586 causa:
1327 2532 1669 2585 monstravit.
1720 2532 1853 2585 Nam
1900 2541 1955 2586 et
2003 2532 2189 2587 Simon

593 2630 795 2675 mterna
828 2620 1134 2690 perditione
1165 2620 1388 2686 interiit,
1429 2629 1484 2675 et
1524 2622 1662 2676 duos
1703 2623 2190 2690 quinquagenarios

592 2713 826 2782 desuper
874 2713 1097 2768 veniens
1148 2710 1364 2767 ﬂamma
1417 2715 1773 2783 consumpsit.
1830 2715 2011 2769 Virtus
2058 2730 2189 2786 ergo

593 2807 931 2875 subsequens
979 2804 1331 2870 testiﬁcatur,
1394 2820 1499 2874 qua
1558 2815 1741 2861 mente
1795 2807 2189 2862 maledictiouis

591 2896 862 2950 sententia
890 2895 1177 2965 promitur.
1207 2892 1343 2949 Cum
1371 2895 1516 2949 enim
1560 2906 1582 2935 ε
1625 2904 1681 2951 ει
1706 2896 2073 2952 maledicentis
2104 2899 2187 2951 in-

592 2987 844 3041 nocentia
873 2993 1180 3057 permanet,
1227 2995 1284 3041 et
1331 2994 1509 3041 tamen
1538 3004 1660 3042 eum
1689 2989 1780 3057 qui
1810 2988 2146 3043 malcdicitur
2166 3025 2184 3052 ,

594 3092 766 3144 usque
791 3077 857 3130 ad
882 3077 1157 3131 interitum
1180 3076 1490 3132 maledictio
1516 3079 1788 3145 absorbet,
1812 3094 1879 3133 ex
1906 3080 2187 3149 utriusque

592 3170 761 3237 partis
788 3168 893 3222 ﬁne
921 3167 1212 3237 colligitur,
1244 3169 1368 3236 quia
1391 3169 1459 3224 ab
1489 3185 1596 3224 uno
1625 3179 1681 3224 et
1707 3171 1897 3227 intimo
1922 3172 2101 3241 judice
2128 3173 2183 3228 in

593 3275 745 3314 reum
774 3261 1043 3313 sententia
1073 3268 1285 3329 sumpta
1311 3259 1599 3328 jaculatur.

664 3352 717 3404 5.
759 3351 1062 3406 Maledictio
1089 3351 1190 3407 Iob
1222 3368 1286 3406 ea:
1326 3352 1635 3406 rectitudine
1653 3353 2110 3425 judicis.—-lgitur
2136 3357 2183 3411 si

594 3444 862 3498 subtiliter
908 3445 1051 3499 beati
1095 3443 1197 3499 Job
1234 3446 1399 3501 verba
1438 3460 1747 3515 pensamus,
1792 3463 1901 3501 non
1939 3458 2021 3503 est
2068 3451 2183 3519 ejus

594 3534 901 3589 maledictio
922 3551 989 3590 ex
1012 3536 1215 3591 malitia
1245 3536 1623 3605 delinquentis,
1654 3538 1749 3592 sed
1770 3554 1837 3593 ex
1862 3542 2184 3598 rectitudine

590 3625 819 3693 judicis;
853 3643 961 3681 non
983 3635 1067 3682 est
1092 3628 1169 3681 ira
1197 3628 1473 3692 commoti,
1498 3627 1591 3683 sed
1619 3629 1865 3683 doctrina
1888 3632 2180 3700 tranquilli.

593 3716 694 3783 Qui
725 3718 867 3771 enim
898 3728 1005 3771 tam
1033 3727 1183 3773 recta
1222 3717 1550 3773 maledicens
1580 3719 1778 3783 intulit,
1821 3736 1928 3774 non
1970 3729 2185 3789 pertur-

591 3807 828 3863 bationis
856 3808 987 3862 vitio
1017 3808 1337 3874 succubuit,
1380 3808 1478 3864 sed
1516 3808 1778 3864 doctrinm
1818 3810 2185 3879 magisterium

592 3900 874 3969 impendit.
908 3899 1049 3955 Vidit
1076 3900 1275 3969 quippe
1319 3900 1524 3955 amicos
1565 3914 1689 3955 cum
1737 3900 1975 3955 clamore
2020 3900 2182 3967 ﬁere,

590 3991 723 4045 vidit
748 3999 925 4045 vestes
951 3990 1196 4046 scindere
1218 4031 1233 4055 ,
1275 3990 1407 4044 vidit
1446 3990 1669 4060 pulvere
1704 3992 1882 4059 capita
1924 4007 2185 4061 consper-

590 4082 726 4137 sisse
749 4106 769 4147 ,
811 4082 947 4136 vidit
974 4081 1409 4137 consideratione
1450 4096 1561 4135 sua:
1600 4083 1962 4150 percussionis
1992 4084 2185 4138 obmu-

594 4180 835 4236 tescere;
867 4180 922 4225 et
949 4172 1031 4225 vir
1058 4179 1277 4225 sanctus
1302 4171 1557 4239 inspexit,
1579 4171 1706 4240 quia
1730 4171 1784 4224 hi
1809 4173 1902 4240 qui
1924 4188 2186 4243 prospera

595 4262 913 4330 temporalia
972 4262 1361 4330 requirebant,
1417 4277 1485 4315 ex
1533 4263 1945 4330 comparatione
1991 4265 2189 4320 mentis

594 4353 827 4421 propria:
856 4368 978 4405 eum
1024 4354 1306 4422 temporali
1336 4353 1561 4407 fractum
1591 4354 1915 4410 adversitate
1944 4357 2189 4412 credide-

2294 1806 2472 1876 perire
2502 1807 2760 1873 dicimus,
2792 1805 3009 1875 quando
3036 1816 3283 1877 optamus
3312 1817 3371 1864 ut
3396 1810 3539 1865 male
3577 1810 3717 1879 sit),
3754 1812 3888 1874 hoc,

2294 1895 2438 1961 quod
2477 1896 2544 1950 de
2586 1895 2691 1951 hoc
2728 1896 2814 1950 die
2859 1897 3123 1961 subditur,
3159 1897 3410 1954 Obscuret
3451 1917 3567 1953 eum
3610 1902 3811 1973 caligo,
3845 1913 3890 1954 et

2293 1987 2579 2040 involvatur
2616 1988 2996 2054 amaritudine,
3034 1990 3235 2057 liquido
3278 1992 3585 2047 ostenditur
3611 1994 3741 2063 quia
3779 1995 3890 2048 dies

2293 2076 2396 2131 istc
2422 2092 2527 2130 non
2553 2078 2626 2130 ita
2649 2086 2705 2131 ut
2727 2094 2832 2131 non
2856 2079 2944 2143 sit,
2975 2080 3068 2133 sed
3095 2080 3168 2133 ita
3192 2082 3371 2149 perire
3396 2091 3635 2152 optatur,
3662 2092 3725 2138 ut
3749 2085 3890 2139 male

2293 2166 2382 2220 sit.
2412 2167 2616 2221 lnvolvi
2645 2168 2786 2221 enim
2828 2169 3186 2224 amaritudine
3216 2187 3323 2225 non
3352 2182 3531 2242 potest
3558 2176 3709 2243 quod
3738 2177 3887 2230 omni

2292 2259 2454 2313 modo
2482 2259 2749 2328 perditum
2789 2277 2893 2316 non
2924 2270 3007 2317 est
3036 2264 3267 2332 penitus.
3300 2263 3416 2321 Hoc
3445 2276 3628 2323 autem
3674 2277 3887 2340 tempus

2292 2357 2493 2404 nostra:
2532 2350 2902 2406 mutabilitatis
2938 2369 3046 2407 non
3096 2355 3419 2426 quandoque
3448 2357 3521 2411 ita
3554 2360 3887 2427 periturum,

2292 2439 2347 2494 id
2376 2447 2479 2508 est,
2511 2441 2861 2495 transiturum
2891 2450 2994 2510 est,
3041 2452 3104 2498 ut
3144 2446 3287 2500 male
3328 2448 3427 2513 sit;
3458 2449 3554 2503 sed
3586 2458 3646 2502 ut
3673 2453 3888 2519 penitus

2294 2544 2401 2584 non
2431 2530 2520 2595 sit,
2553 2530 2744 2598 angelo
2773 2531 2828 2584 in
2856 2546 3012 2586 sacro
3041 2531 3255 2602 eloquio
3284 2542 3576 2589 attestante
3597 2576 3614 2600 ,
3644 2539 3739 2607 qui
3769 2541 3846 2593 ait
3873 2558 3883 2592 :

2290 2620 2400 2676 Per
2437 2624 2685 2676 viventem
2705 2624 2760 2676 in
2806 2623 3019 2690 saecula,
3064 2627 3185 2696 quia
3233 2634 3432 2696 tempus
3469 2628 3584 2699 jam
3631 2646 3739 2683 non
3792 2634 3888 2685 erit

2293 2712 2476 2783 (Apoc.
2514 2729 2570 2780 Χ,
2615 2713 2690 2782 6).
2725 2712 2858 2767 Nam
2887 2715 2987 2768 etsi
3017 2715 3287 2785 Propheta
3322 2716 3480 2784 dicit,
3523 2718 3645 2773 Erit
3689 2732 3886 2790 tempus

2290 2818 2469 2857 eorum
2498 2803 2552 2856 in
2582 2813 2828 2858 wternum
2857 2805 2874 2875 (
2900 2804 3050 2860 Psal.
3094 2822 3256 2872 Lxxx,
3302 2807 3406 2877 16)
3434 2846 3448 2871 ,
3480 2810 3607 2877 quia
3635 2826 3739 2880 per
3767 2828 3886 2866 mo-

2289 2900 2475 2948 menta
2504 2903 2713 2964 tempus
2738 2894 2939 2959 deﬁcit,
2974 2898 3192 2952 nomine
3221 2899 3481 2970 temporis
3509 2915 3703 2955 eorum
3732 2902 3885 2957 defe-

2290 2994 2435 3040 ctum
2476 2987 2710 3050 vocavit,
2754 2986 3044 3043 ostendens
3073 2988 3213 3057 quod
3246 2988 3265 3021 '3
3299 2990 3417 3044 sine
3444 2992 3763 3047 omnimodo
3794 2994 3888 3049 de-

2291 3076 2437 3131 fectu
2464 3076 2720 3132 deﬁciunt
2747 3078 2800 3134 1ιί
2829 3079 2920 3147 qui
2959 3093 2991 3133 a
3030 3080 3250 3135 visionis
3277 3081 3479 3136 intima}
3507 3084 3888 3140 consolatione

2289 3176 2629 3236 separantur.
2663 3168 2798 3235 Quia
2834 3170 2985 3239 107
3018 3184 3146 3239 ergo
3176 3178 3377 3225 nostra:
3405 3173 3753 3229 mortalitatis
3785 3176 3887 3229 hoc

2292 3265 2507 3327 tempus
2537 3275 2642 3313 non
2672 3259 2747 3312 ita
2776 3268 2836 3313 ut
2863 3260 3003 3314 male
3031 3261 3132 3325 sit,
3161 3261 3256 3315 sed
3286 3261 3358 3324 ita
3390 3263 3533 3331 perit
3560 3272 3619 3321 ut
3646 3280 3757 3319 non
3783 3266 3883 3331 sit;

2285 3350 2632 3417 quaerendum
2662 3359 2746 3405 cst
2771 3351 2897 3419 quid
2926 3352 2995 3406 sit
3019 3351 3163 3420 quod
3194 3366 3301 3406 non
3331 3352 3405 3407 ita
3436 3360 3497 3407 ut
3527 3370 3636 3409 non
3664 3357 3756 3421 sit,
3790 3358 3889 3411 sed

2285 3440 2360 3495 ita
2387 3442 2565 3509 perire
2593 3449 2811 3511 optatur
2839 3449 2896 3495 ut
2922 3442 3062 3497 male
3091 3442 3179 3498 sit.
3212 3442 3460 3499 Humana
3497 3446 3642 3500 enim
3672 3449 3882 3513 anima,
3908 3510 3911 3511 ν

2285 3545 2383 3588 seu
2437 3531 2711 3598 angelicus
2754 3533 2973 3602 spiritus
3018 3534 3091 3587 ita
3139 3534 3457 3591 immortalis
3485 3546 3588 3601 est,
3640 3546 3701 3593 ut
3743 3541 3885 3595 mori

2286 3623 2487 3692 possit;
2518 3623 2591 3677 ita
2620 3625 2882 3689 mortals,
2927 3632 2986 3679 ut
3012 3626 3149 3680 mori
3196 3642 3302 3681 non
3332 3628 3521 3696 possit.
3554 3627 3690 3683 Nam
3720 3630 3888 3687 beate

2285 3714 2489 3780 vivere,
2532 3714 2643 3768 sive
2671 3729 2767 3784 per
2792 3715 3018 3785 vitium,
3046 3715 3159 3771 sive
3189 3731 3285 3785 per
3313 3718 3639 3787 supplicium
3675 3720 3873 3789 perdit.

2286 3804 2660 3860 Essentialiter
2685 3814 2865 3860 autem
2893 3806 3093 3872 vivere,
3125 3822 3300 3875 neque
3326 3822 3425 3876 per
3450 3808 3665 3875 vitium,
3700 3825 3879 3878 neque

2287 3912 2387 3966 per
2414 3896 2738 3966 supplicium
2763 3896 2981 3951 amittit.
3012 3896 3057 3950 A
3086 3897 3347 3967 qualitate
3374 3899 3518 3953 enim
3546 3899 3764 3954 vivendi
3796 3901 3889 3955 de-

2288 3984 2420 4051 ﬁcit,
2458 3985 2555 4041 sed
2593 3986 2739 4041 omni
2768 3986 2930 4040 modo
2970 3985 3296 4041 subsistendi
3326 3986 3607 4042 interitum
3637 4003 3741 4043 nec
3769 4004 3889 4043 mo-

2289 4077 2435 4132 riens
2462 4076 2647 4131 sentit.
2684 4074 2755 4130 Ut
2785 4089 2914 4144 ergo
2944 4075 3181 4130 breviter
3206 4075 3453 4141 dixerim,
3486 4084 3543 4131 et
3567 4077 3890 4133 immortali-

2291 4176 2375 4221 ter
2421 4166 2668 4223 mortalis
2713 4174 2835 4231 est,
2884 4173 2941 4220 et
2988 4166 3292 4221 mortalitcr
3338 4166 3679 4223 immortalis.
3732 4168 3887 4241 [Rea

2300 4257 2493 4329 VIII.)
2541 4258 2675 4311 Dum
2705 4258 2865 4325 igitur
2894 4255 3013 4312 dies
3058 4264 3118 4312 ut
3154 4265 3343 4326 pereat
3369 4266 3610 4327 optatur,
3643 4267 3702 4314 et
3728 4260 3890 4329 paulo

2291 4358 2417 4420 post
2443 4349 2796 4403 involvendus
2838 4348 3193 4403 amaritudine
3238 4349 3473 4414 dicitur;
3506 4364 3672 4419 quem
3703 4352 3892 4406 creda-

594 4451 735 4497 rant.
783 4442 1067 4513 Perspcxit
1104 4444 1248 4512 quod
1290 4446 1597 4499 transitoria
1640 4445 1932 4502 alilictione
1958 4461 2182 4516 percus-
2210 4472 2262 4533 υ
2294 4457 2434 4507 mus,
2462 4440 2608 4511 quod
2637 4441 2719 4495 vir
2745 4448 2963 4496 sanctus
2986 4440 3093 4495 diei
3113 4441 3331 4496 nomine
3358 4441 3667 4511 exprimere
3695 4445 3888 4511 voluit,

594 4550 715 4588 sum
772 4535 1058 4605 desperate
1107 4553 1214 4591 non
1262 4535 1494 4602 ﬁerent,
1545 4537 1647 4592 nisi
1700 4538 1799 4606 ipsi
1846 4538 2185 4609 desperatam

597 4633 831 4679 mentem
861 4626 928 4679 ab
956 4643 1053 4696 spe
1093 4627 1475 4682 incolumitatis
1512 4627 1737 4682 interna:
1774 4630 2181 4697 subtraherent;

594 4722 651 4767 ct
690 4714 815 4768 dum
858 4718 1090 4788 erumpit
1118 4716 1263 4773 foras
1291 4720 1343 4773 in
1378 4735 1559 4775 vocem
1600 4720 1802 4774 doloris
1826 4761 1841 4784 ,
1892 4721 2183 4780 vulneratis

596 4806 741 4862 intus
762 4808 997 4863 ostendit
1020 4808 1273 4863 virtutem
1303 4808 1690 4878 medicaminis,
1721 4812 1943 4869 dicens:

668 4896 856 4951 Pereat
883 4898 995 4952 dies
1024 4899 1076 4952 in
1106 4915 1206 4970 qua
1235 4909 1389 4953 natus
1415 4916 1548 4953 sum.

668 4988 817 5060 (Rea.
871 4988 1032 5060 VII.]
1072 4990 1127 5043 4.
1167 4990 1435 5046 Maledicit
1468 4992 1569 5046 diei
1600 4994 1979 5058 mutalilitatis,
2022 5012 2086 5048 ea:
2117 4997 2193 5048 in-

597 5090 728 5132 tuitu
743 5080 1283 5147 wternitatis.—Quid
1306 5082 1451 5137 enim
1479 5082 1639 5136 debet
1662 5100 1757 5151 per
1777 5083 1917 5137 diem
1942 5084 2191 5137 nativita-

598 5168 689 5236 tis,
722 5168 823 5223 nisi
850 5184 1012 5224 omne
1036 5169 1145 5225 hoc
1174 5177 1384 5241 tempus
1413 5179 1613 5225 nostra:
1653 5172 2001 5227 mortalitatis
2028 5172 2189 5226 intel-

671 5330 699 5358 ι
738 5319 813 5375 [ta
845 5320 956 5375 fere
984 5335 1175 5375 omnes
1199 5322 1370 5377 nostri
1401 5321 1525 5376 Mss.
1562 5324 1677 5378 γει.
1707 5322 1847 5378 Edit.
1880 5332 1935 5378 et
1957 5324 2091 5379 alia).
2124 5342 2190 5378 ea:

600 5388 802 5451 iustitia
827 5391 1400 5446 eaaminis.Secundus
1418 5393 1608 5446 Rhem.
1639 5393 1805 5447 habet
1829 5412 1840 5446 :
1866 5395 1957 5448 sed
1984 5411 2050 5448 ea:
2077 5405 2191 5448 rato

596 5462 819 5534 justitia:
839 5463 1083 5534 ultionis,
1097 5462 1291 5534 scilicet
1315 5464 1553 5534 examine
1567 5464 1806 5534 justitite.

675 5530 699 5568 δ
738 5530 827 5586 Sic
857 5531 1049 5598 legitur
1073 5532 1127 5585 in
1154 5531 1316 5587 Corb.
1340 5533 1548 5596 Germ,
1568 5530 1627 5586 in
1652 5535 1899 5588 omnibus
1913 5532 2039 5588 Mss.
2061 5542 2115 5589 et
2137 5534 2191 5588 in

600 5597 723 5669 Yet.
756 5597 1104 5655 Edit.'Paris.
1138 5610 1195 5656 et
1223 5601 1383 5658 Basil.
1418 5602 1476 5657 ln
1506 5605 1624 5658 aliis
1656 5604 1775 5660 loco
1802 5606 2052 5669 veritatis,
2098 5605 2193 5659 lia-

602 5668 761 5722 betur
796 5671 1101 5723 severitatis.

679 5748 700 5774 ε
743 5734 885 5791 Unus
915 5737 1105 5792 Rhein.
1136 5748 1192 5794 et
1220 5739 1324 5797 duo
1354 5741 1585 5810 Rcmig.,
1620 5761 1730 5799 cum
1752 5748 1887 5800 enim
1927 5749 2192 5802 maledici-

2296 4532 2396 4586 nisi
2428 4540 2729 4601 apostatam
2752 4532 3021 4601 spiritum,
3044 4532 3137 4602 qui
3161 4532 3212 4587 in
3237 4532 3447 4587 vivendi
3470 4536 3703 4589 essentia
3728 4538 3893 4591 etiam

2293 4625 2575 4681 moriendo
2601 4626 2886 4680 subsistit?
2915 4640 3076 4694 quem
3106 4626 3340 4695 perditio
3370 4626 3493 4680 vita:
3523 4642 3632 4681 non
3677 4628 3895 4683 subtra-

2290 4720 2371 4774 hit
2393 4759 2408 4785 ,
2453 4719 2577 4788 quia
2608 4718 2661 4773 in
2693 4725 2896 4772 teterno
2924 4717 3112 4772 dolore
3140 4717 3374 4786 positum
3398 4758 3413 4782 ,
3446 4718 3717 4773 servando
3748 4734 3895 4774 mors

2286 4808 2607 4864 immortalis
2636 4808 2966 4875 exstinguit:
2991 4808 3080 4877 qui
3106 4807 3217 4877 jam
3259 4822 3290 4861 a
3329 4808 3680 4864 beatitudinis
3710 4810 3886 4877 gloria

2284 4900 2545 4967 deiectus,
2571 4900 2745 4953 adhuc
2772 4906 2989 4967 optatur
3018 4906 3076 4952 ut
3107 4906 3314 4969 pereat,
3347 4908 3405 4952 ut
3432 4898 3687 4954 videlicet
3710 4912 3890 4955 retru-

2297 5002 2388 5043 sus
2413 4988 2587 5057 dignis
2617 4987 2916 5057 suppliciis,
2958 4986 3121 5041 etiam
3155 4988 3394 5041 tentandi
3422 4988 3695 5043 licentiam
3738 4992 3895 5044 amit-

2296 5088 2393 5132 tat.

2369 5167 2511 5241 (Vel.
2559 5166 2723 5231 VIII,
2756 5167 2878 5221 Ilec.
2914 5166 3043 5239 IX].
3082 5169 3132 5223 6.
3178 5166 3292 5231 Qua
3330 5171 3533 5223 ratione
3560 5170 3691 5236 dies,
3736 5189 3899 5242 quare

2299 5332 2394 5394 tur
2407 5324 2536 5394 quis,
2564 5334 2612 5394 et
2638 5325 2991 5378 maledicentis
3020 5325 3319 5394 innocentia
3347 5334 3635 5391 permanet.

2371 5390 2397 5464 fl
2420 5390 2516 5446 'Ad
2546 5393 2700 5449 ﬁdem
2732 5395 3094 5462 antiquiorum
3130 5396 3251 5447 Mss.
3287 5390 3769 5464 hichcxpunximus
3798 5411 3902 5449 vo-

2300 5463 2473 5517 culam
2501 5464 2625 5531 ﬁne,
2656 5480 2773 5532 quae
2803 5465 2882 5519 sic
2912 5464 3104 5531 legitur
3132 5464 3185 5518 in
3215 5463 3335 5518 aliis
3363 5462 3570 5532 Edit'is:
3604 5462 3758 5527 Quod
3782 5468 3896 5519 sine

2299 5534 2403 5603 fine
2427 5531 2720 5587 omnimodo
2743 5535 2945 5603 defectu
2974 5533 3242 5603 deﬁciunt,
3268 5544 3373 5588 etc.
3405 5533 3461 5586 In
3494 5531 3735 5590 Uticensi
3766 5536 3895 5589 olim

2297 5604 2606 5675 legebatur,
2637 5606 2748 5675 sine
2772 5606 2910 5675 ﬁne,
2940 5605 3035 5662 sed
3065 5616 3168 5659 vox
3197 5605 3302 5673 ﬁne
3326 5614 3594 5674 cxpuncta
3627 5614 3729 5660 est.
3766 5604 3896 5659 Pcr-

2299 5682 2510 5729 severat
2536 5673 2586 5726 in
2616 5674 2770 5731 Colb.
