4030 6348
186 397 285 459 611

1082 389 1440 446 MORALIUM
1483 391 1609 446 LIB.
1652 391 1739 447 IV.
1776 420 1843 432 —
1884 391 1948 445 IN
1987 389 2136 446 CAP.
2182 391 2245 446 111
2290 392 2346 446 Β.
2391 393 2528 448 1011.

3348 391 3452 444 642

183 532 293 574 nos:
322 516 407 569 sit.
442 509 578 576 Quid
606 509 652 562 ei
680 513 881 578 optetur
905 548 918 570 ,
950 506 1072 559 dum
1099 514 1156 558 ut
1181 514 1358 575 pereat
1386 512 1612 572 optatur.
1635 536 1705 545 ——
1727 502 1773 557 ls
1803 508 1850 563 Α
1879 506 2038 558 etiam
2071 506 2276 574 perdita
2319 507 2457 560 bona
2501 505 2784 574 reparavit.
2819 503 2960 558 Duas
2989 518 3118 557 vero
3145 502 3210 556 ad
3252 503 3450 556 intelli-

188 604 441 660 nimirum
468 600 606 653 diem
635 612 693 651 se
722 595 961 660 exhibet,
985 595 1110 664 quia
1135 609 1231 663 per
1257 607 1516 663 prospera
1540 601 1564 628 η
1591 593 1772 658 illicit;

185 695 283 752 scd
313 694 364 748 in
391 690 566 746 noctis
596 687 846 742 tenebras
873 684 1100 750 desinit,
1133 685 1258 752 quia
1295 682 1374 757 ad.
1402 683 1627 736 adversa
1654 698 1776 753 per-

188 786 356 842 ducit.
387 784 536 838 Diem
569 793 801 848 namque
827 777 854 815 δ
883 776 1228 838 ostendebat,
1275 790 1396 828 cum
1427 774 1662 840 diceret,
1707 771 1777 826 In

187 892 482 950 quocunque
503 875 586 928 die
605 871 929 926 comederitis
952 884 1016 921 ea:
1038 884 1116 932 eo,
1143 867 1435 936 aperientur
1451 866 1583 918 oculi
1603 864 1775 926 vestri,

187 979 236 1024 et
268 969 410 1021 eritis
438 970 566 1020 sicut
596 964 668 1017 dii
699 961 910 1034 (Cenes.
940 975 1029 1026 ιιι,
1063 957 1145 1026 5);
1178 957 1270 1011 sed
1309 966 1520 1010 noctem
1563 955 1776 1020 intulit,

189 1074 311 1110 cum
356 1055 419 1108 ad
466 1051 812 1107 mortalitatis
855 1048 1106 1102 tenebras
1148 1044 1413 1115 perduxit.
1444 1043 1566 1098 Dies
1596 1042 1777 1109 itaque

186 1161 293 1215 es',
335 1148 480 1200 illata
525 1142 810 1214 promissio
840 1139 1155 1203 meliorum;
1204 1135 1297 1190 sed
1346 1148 1449 1187 nox
1481 1141 1582 1196 est,
1621 1132 1778 1186 exhi-

188 1240 299 1295 bita
347 1239 459 1309 ipsa
500 1235 830 1305 experientia
876 1231 1263 1286 calamitatum.
1314 1225 1580 1293 Antiquus
1606 1222 1777 1277 hostis

184 1329 306 1383 dies
335 1334 416 1382 est
446 1342 541 1396 per
570 1333 816 1378 naturam
847 1321 984 1374 bene
1012 1317 1285 1382 conditus;
1318 1314 1411 1370 sed
1441 1329 1548 1368 nox
1573 1321 1655 1368 est
1683 1328 1778 1384 per

186 1420 443 1472 meritum
471 1417 536 1470 ad
568 1414 821 1472 tenebras
845 1411 1116 1480 delapsus.
1165 1407 1289 1463 Dies
1318 1415 1419 1474 est,
1470 1421 1592 1461 cum
1623 1405 1778 1475 polli-

183 1513 363 1563 cendo
405 1507 570 1573 bona,
617 1502 863 1558 humanis
906 1499 1211 1569 aspectibus
1248 1496 1381 1551 lucis
1423 1511 1482 1550 se
1529 1495 1776 1564 angelum

181 1598 426 1661 simulat,
463 1595 626 1649 Paulo
653 1598 944 1647 attestante
970 1589 1063 1658 qui
1093 1589 1184 1650 ait,
1220 1586 1342 1657 Ipse
1367 1586 1501 1639 enim
1547 1585 1778 1639 Satanas

184 1688 538 1758 transfigurat
566 1701 624 1740 se
651 1685 704 1738 in
735 1681 974 1753 angelum
1005 1679 1130 1733 lucis
1161 1676 1252 1747 (II
1277 1676 1392 1730 Cor.
1424 1692 1508 1742 x1,
1538 1674 1624 1743 lli)
1643 1716 1658 1740 ,
1685 1675 1777 1728 sed

181 1793 301 1830 nos
329 1785 429 1841 est,
461 1790 580 1830 cum
611 1779 817 1826 mentes
838 1767 1288 1825 consentientium
1312 1772 1510 1820 erroris
1539 1764 1777 1818 tenebris

1877 598 2108 666 gendum
2137 614 2195 652 se
2222 607 2496 654 creaturas
2526 597 2747 663 fecerat,
2779 597 3073 664 angelicam
3102 597 3368 664 videlicet,
3399 605 3454 650 et.

1877 689 2164 743 humanam
2193 707 2204 741 :
2235 702 2512 758 Utramque
2544 704 2668 743 vero
2697 689 2946 758 superbia
2994 688 3247 756 perculit,
3294 699 3454 759 atque

1879 783 1946 834 ah
1977 791 2118 834 statu
2149 782 2395 848 ingenita:
2423 780 2753 835 rectitudinis
2781 779 2936 846 lregit
2985 777 3090 832 Sed
3116 795 3216 831 una
3244 789 3457 844 tegmen

1877 872 2054 925 carnis
2077 870 2282 934 habuit,
2316 871 2418 925 alia
2464 887 2591 925 vero
2617 871 2749 924 nihil
2779 869 3046 924 inﬁrmum
3074 868 3140 922 dc
3168 884 3330 923 carne
3361 883 3459 936 ge—

1877 962 2059 1015 stavit.
2102 960 2336 1029 Angelus
2376 978 2607 1031 namque
2648 961 2985 1016 solummodo
3013 962 3262 1031 spiritus,
3297 961 3463 1014 homo

1877 1070 2007 1108 vero
2029 1063 2083 1106 et
2111 1054 2328 1123 spiritus
2357 1063 2514 1108 estet
2543 1072 2690 1109 caro.
2724 1054 2974 1109 Misertus
3002 1069 3128 1123 ergo
3158 1064 3374 1109 creator
3404 1062 3463 1107 ut

1879 1144 2188 1211 redimeret,
2217 1145 2359 1196 illam
2388 1145 2453 1197 ad
2477 1160 2535 1197 se
2560 1144 2743 1197 debuit
2769 1146 3046 1212 reducere,
3074 1163 3232 1215 quam
3258 1146 3308 1199 in
3335 1163 3460 1216 per-

1879 1235 2183 1304 petratione
2213 1235 2382 1304 culpae
2411 1250 2476 1290 ex
2509 1235 2818 1290 inﬁrmitate
2866 1237 3063 1304 aliquid
3114 1245 3324 1290 constat
3363 1237 3459 1289 ha-

1879 1326 2093 1393 buisse;
2124 1335 2179 1381 et
2208 1342 2271 1381 eo
2305 1337 2327 1364 ο
2358 1326 2518 1380 altius
2547 1327 2728 1381 debuit
2766 1335 3069 1395 apostatam
3099 1327 3346 1393 angelum
3376 1342 3463 1379 re-

1879 1417 2082 1486 pellere
2105 1456 2120 1480 ,
2171 1432 2277 1485 quo
2325 1432 2447 1471 cum
2479 1433 2509 1472 a
2538 1417 2860 1486 persistcndi
2893 1416 3204 1479 fortitudine
3235 1416 3461 1482 corruit,

1881 1503 2014 1558 nihil
2052 1503 2320 1558 inlirmum
2359 1520 2425 1560 ex
2461 1520 2622 1560 carne
2660 1505 2906 1573 gestavit.
2952 1503 3103 1559 Unde
3138 1511 3286 1558 recte
3314 1501 3464 1555 Psal-

1879 1595 2059 1661 mista,
2091 1610 2213 1649 cum
2240 1595 2518 1650 misertum
2551 1595 2964 1664 Redemptorem
2994 1594 3298 1648 hominibus
3326 1593 3464 1647 dico-

1881 1694 1993 1751 ret,
2044 1687 2213 1758 ipsam
2241 1701 2457 1755 quoque
2488 1702 2704 1741 causam
2749 1686 3129 1741 misericordia:
3158 1686 3459 1754 expressit,

1880 1775 2195 1831 dicenszEt
2237 1786 2546 1830 memoratus
2593 1788 2708 1842 est,
2760 1779 2879 1850 quia
2927 1793 3047 1830 caro
3097 1785 3217 1830 sunt
3268 1775 3461 1848 (Psal.

181 1863 469 1918 obscurat.
501 1861 596 1915 Vir
621 1873 748 1927 ergo
771 1867 992 1914 sanctus
1017 1857 1069 1911 in
1097 1855 1280 1910 dolore
1311 1853 1531 1924 proprio
1561 1869 1776 1907 causam
1810 1862 1857 1920 Β
1884 1881 2060 1920 LXXV"
2085 1905 2101 1932 ν
2149 1864 2218 1918 59
2239 1867 2278 1936 ),
2336 1865 2483 1938 [ηερ.
2537 1865 2634 1937 Xq
2665 1868 2742 1921 Ac
2789 1867 2832 1920 si
2862 1867 3066 1921 diceret
3090 1884 3102 1919 ε
3129 1866 3245 1932 Quo
3275 1882 3462 1921 eorum

183 1953 362 2005 totius
391 1949 609 2003 humani
637 1947 848 2015 generis
875 1945 1095 2010 deﬂens,
1128 1950 1183 1998 et
1208 1943 1340 1996 nihil
1368 1943 1603 2012 speciale
1630 1942 1778 1996 omni

185 2041 354 2096 modo
382 2050 404 2079 ε
433 2040 486 2094 in
525 2037 746 2107 speciali
772 2035 994 2090 vulnere
1021 2035 1283 2103 cogitans,
1312 2033 1535 2088 reducat
1562 2032 1627 2086 ad
1658 2033 1778 2086 ani-

188 2147 341 2186 mum
389 2130 647 2198 originem
693 2127 902 2196 culpas;
949 2134 1004 2180 et
1047 2124 1480 2180 consideratione
1522 2122 1776 2191 justitim,

188 2222 436 2276 dolerent
485 2225 748 2287 temperet
788 2231 980 2286 puum.
1028 2215 1222 2268 Videat
1267 2214 1561 2268 humanum
1607 2227 1781 2281 genus

193 2311 340 2366 unde
378 2326 484 2380 quo
512 2309 737 2373 cecidit,
784 2314 839 2362 et
863 2306 1011 2361 dicat
1033 2321 1050 2359 :
1073 2304 1264 2359 Pereat
1292 2304 1399 2357 dies
1420 2306 1474 2356 in
1501 2320 1600 2374 qua
1627 2311 1781 2358 natus

192 2418 331 2464 sum,
355 2411 404 2455 et
423 2417 528 2454 nox
550 2401 604 2454 in
628 2415 727 2469 qua
751 2398 942 2450 dictum
963 2405 1058 2463 est,
1084 2393 1371 2464 Conceptus
1397 2402 1471 2448 est
1501 2394 1671 2447 homo.
1703 2393 1784 2449 Ac

189 2495 239 2548 si
288 2500 472 2563 aperte
515 2489 694 2544 dicat:
724 2487 916 2542 Pereat
957 2501 1082 2555 spes
1109 2486 1176 2540 ab
1206 2492 1453 2553 apoetata
1483 2483 1673 2552 angelo
1713 2484 1780 2537 il-

192 2583 328 2644 lata,
361 2581 450 2650 qui
481 2581 618 2634 diem
646 2594 706 2632 se
735 2577 1014 2640 simulans,
1045 2589 1112 2628 cx
1140 2574 1497 2644 promissione
1534 2573 1784 2627 divinita-

194 2674 272 2727 tis
293 2670 544 2734 emicuit;
564 2667 660 2723 sed
683 2675 896 2722 noctem
919 2681 980 2720 se
997 2664 1276 2727 exhibens,
1302 2662 1477 2716 lucem
1508 2662 1663 2716 nobis
1687 2678 1784 2717 no-

192 2771 328 2820 strae
355 2761 733 2816 immortalitas
755 2756 1082 2812 obscuravit.
1108 2753 1297 2807 Pereat
1323 2752 1573 2820 antiquus
1594 2751 1780 2814 hostis,

192 2857 293 2924 qui
319 2856 490 2909 lucem
521 2851 892 2924 promissionis
920 2848 1190 2914 ostendit,
1222 2854 1277 2901 et
1303 2846 1508 2915 peccati
1535 2846 1786 2900 tenebras

192 2945 461 3008 contulit;
489 2944 581 3013 qui
610 2941 764 3012 quasi
794 2941 935 2995 diem
965 2955 1024 2994 se
1054 2937 1376 2993 blandiendo
1405 2936 1656 3001 innotuit,
1689 2937 1787 2991 sed

193 3052 374 3105 usque
413 3035 481 3089 ad
530 3033 876 3088 tenebrosam
930 3037 1144 3084 noctem
1190 3045 1257 3084 ex
1305 3027 1561 3098 impressa
1607 3027 1787 3083 cordis

193 3129 445 3185 accitate
469 3125 741 3196 perduxit.
771 3122 1026 3192 Sequitur
1053 3140 1064 3173 :

826 3210 1054 3268 CAPUT
1095 3209 1160 3266 Il.

273 3309 448 3383 Vens.
470 3306 729 3361 L—Dies
756 3305 843 3359 ille
870 3313 1098 3358 vertatur
1122 3303 1178 3357 in
1205 3301 1464 3356 tenebras.

269 3403 327 3454 'i.
363 3398 596 3455 Vertitur
613 3398 668 3451 in
692 3393 950 3456 tenebras,
974 3409 1090 3446 cum
1109 3408 1223 3463 quia
1241 3392 1495 3462 promittit
1514 3407 1784 3461 prospera,

192 3492 557 3562 intelliguntur
585 3485 1060 3552 adversm—Quasi
1089 3484 1233 3540 lucet
1251 3483 1366 3538 dies
1395 3483 1496 3539 iste
1519 3483 1790 3538 mentibus

193 3585 480 3640 hominum
504 3623 518 3648 ,
565 3595 688 3636 cum
724 3579 1004 3649 pravitatis
1050 3577 1168 3647 ejus
1212 3576 1490 3646 persuasio
1529 3591 1787 3646 prospera

192 3679 442 3734 creditur
465 3717 479 3743 ,
522 3684 578 3730 et
621 3673 796 3744 qualis
823 3672 893 3726 sit
935 3671 1259 3726 intrinsecus
1284 3684 1390 3723 non
1421 3668 1650 3723 videtur.
1681 3667 1788 3723 Sed

196 3787 327 3826 cum
358 3769 610 3836 iniquitas
639 3765 799 3827 illius,
829 3764 970 3819 sicut
993 3769 1097 3827 est,
1137 3759 1467 3829 agnoscitur,
1499 3758 1617 3814 dies
1645 3758 1790 3813 falsas

197 3859 579 3934 promissionis
619 3856 774 3928 quasi
818 3853 1134 3926 quibusdam
1173 3858 1302 3906 ante
1328 3849 1355 3888 ἀ
1392 3849 1578 3920 judicii
1620 3849 1791 3905 nostri

197 3955 394 4012 oculos
424 3951 658 4007 tenebris
686 3949 1036 4012 obscuratur;
1077 3944 1203 4014 quia
1232 3943 1485 3999 videlicet
1509 3943 1682 4012 qualis
1709 3950 1794 3998 est

195 4065 270 4104 ex
303 4047 518 4108 merito,
553 4042 675 4098 talis
703 4039 1024 4111 perspicitur
1051 4037 1104 4091 in
1134 4035 1522 4093 blandimento.
1550 4033 1609 4088 In
1638 4041 1793 4088 tene-

195 4141 333 4196 bras
356 4152 486 4207 ergo
511 4135 628 4190 dies
651 4132 896 4196 vertitur,
926 4127 1142 4198 quando
1171 4126 1396 4183 adversa
1419 4125 1790 4194 intelligimus,

197 4235 372 4292 etiam
403 4245 521 4300 qua:
545 4240 803 4298 prospera
832 4221 1102 4280 suadendo
1130 4220 1431 4292 pollicetur.
1459 4217 1515 4272 In
1540 4218 1793 4274 tenebras

197 4324 325 4379 dies
355 4319 608 4380 vertitur,
646 4313 860 4384 quando
888 4311 1142 4381 antiquus
1167 4308 1339 4364 hostis
1363 4308 1539 4377 qualis
1579 4315 1663 4365 est
1693 4322 1792 4363 sa:-

197 4416 381 4476 viens,
413 4409 533 4465 talis
555 4423 586 4462 a
616 4406 771 4461 nobis
797 4402 1120 4475 perspicitur
1143 4401 1308 4456 etiam
1332 4401 1432 4455 Sub
1457 4399 1794 4454 blandimen-

203 4506 281 4561 tis
311 4503 513 4566 latens;
557 4513 625 4554 ne
654 4496 791 4552 lictis
829 4491 1271 4564 prosperitatibus
1297 4492 1450 4560 quasi
1477 4505 1546 4545 ex
1575 4489 1681 4545 diei
1710 4490 1793 4544 lu-

1881 1958 2092 2012 inlirma
2147 1957 2320 2023 vidit,
2371 1972 2438 2011 eo
2487 1957 2727 2012 districte
2774 1957 2959 2027 culpas
3017 1958 3207 2026 punire
3267 1957 3458 2011 noluit.

1880 2045 1978 2100 Est
2017 2046 2192 2101 adhuc
2239 2046 2419 2114 aliud,
2467 2061 2575 2116 quo
2625 2054 2680 2100 et
2729 2048 2971 2116 perditus
3018 2047 3179 2101 homo
3225 2048 3462 2118 reparari

1881 2137 2100 2202 debuit,
2148 2144 2204 2191 et
2231 2137 2547 2206 superbiens
2576 2138 2794 2207 spiritus
2825 2137 3061 2205 reparari
3092 2153 3199 2191 non
3254 2138 3420 2206 possit
3446 2179 3460 2204 ,

1881 2227 2322 2296 quia'nimirum
2378 2228 2600 2296 angelus
2661 2243 2757 2283 sua
2814 2229 3017 2283 malitia
3071 2229 3316 2294 cecidit,
3360 2229 3462 2281 ho-

1880 2319 2081 2373 minem
2128 2333 2260 2373 vero
2305 2318 2479 2372 aliena
2506 2319 2817 2387 prostravit.
2851 2319 2984 2384 Quia
3016 2332 3145 2385 ergo
3173 2319 3462 2372 humanum

1882 2423 2050 2477 genus
2097 2409 2164 2464 ad
2202 2409 2376 2465 lucem
2427 2409 2758 2479 poenitentia:
2809 2408 3185 2478 Redemptoris
3232 2412 3464 2464 adventu

1883 2501 2186 2566 reducitur,
2232 2509 2478 2569 apostata
2526 2516 2653 2554 vero
2699 2500 2921 2568 angelus
2957 2498 3026 2554 ad
3058 2501 3466 2554 restauratiouis

1884 2590 2059 2644 lucrm
2104 2591 2246 2644 nulla
2277 2606 2371 2660 spe
2398 2591 2605 2651 venias.
2650 2591 2796 2646 nulla
2830 2590 2845 2626 ί
2877 2591 3244 2645 conversionis
3283 2607 3464 2644 emen-

1883 2682 2101 2735 datione
2134 2690 2450 2747 revocatur;
2483 2682 2693 2735 dicatur
2729 2689 2877 2736 recte
2903 2698 2914 2732 :
2943 2678 3065 2734 Non
3097 2681 3321 2749 requirat
3351 2697 3466 2733 eum

1883 2770 2023 2825 Deus
2065 2772 2312 2843 desuper,
2350 2783 2398 2826 et
2432 2789 2535 2826 non
2575 2772 2792 2826 illustre!
2832 2771 3042 2826 lumine.
3084 2771 3162 2824 Ac
3199 2772 3243 2825 si
3281 2779 3468 2840 aperte

1884 2862 2352 2929 diceretur:Quia
2395 2864 2510 2932 ipse
2557 2863 2806 2918 tenebras
2854 2861 3070 2925 intulit,
3118 2861 3313 2916 toleret
3353 2863 3468 2916 sine

1886 2954 1991 3010 line
2017 2955 2160 3024 quod
2181 2955 2335 3020 fecit;
2373 2968 2717 3023 necunquam
2739 2953 2918 3008 lumen
2940 2953 3148 3023 pristini
3170 2961 3340 3006 status
3377 2970 3466 3008 rc—

1883 3048 2079 3116 cipiat,
2122 3047 2246 3116 quia
2277 3047 2383 3102 hoc
2411 3045 2571 3101 etiam
2600 3061 2707 3100 non
2737 3061 2925 3100 snasus
2952 3044 3149 3098 amisit.
3181 3042 3463 3114 Sequitur:

2497 3133 2725 3189 CAPUT
2765 3133 2856 3188 IV.
3063 3161 3100 3184 ο

1804 3226 1852 3290 C
1951 3227 2113 3282 Vens.
2145 3224 2557 3283 5.—Obscurent
2584 3241 2698 3278 eum
2728 3223 2946 3278 tenebrae
2971 3230 3021 3277 et
3049 3221 3229 3275 umbra
3268 3223 3467 3276 mortis.

1958 3317 2010 3371 9.
2052 3317 2330 3370 Diabolum
2360 3318 2548 3371 erroris
2579 3311 2784 3370 caecitas
2813 3315 2886 3368 sic
2916 3315 3106 3381 obruit,
3129 3323 3186 3367 ut
3214 3315 3284 3366 ad
3310 3315 3471 3384 paeni-

1887 3411 2061 3464 tentite
2101 3409 2268 3462 lucem
2304 3425 2407 3463 uou
2448 3409 2516 3462 sit
2559 3417 2956 3462 resurrecturus.
2986 3437 3056 3448 —
3081 3405 3180 3461 Per
3226 3407 3472 3461 umbram

1887 3501 2095 3565 mortis,
2129 3500 2330 3554 oblivio
2360 3499 2522 3554 debet
2551 3500 2805 3567 intelligi;
2836 3499 2960 3568 quia
2989 3498 3127 3554 sicut
3155 3514 3301 3554 mors
3331 3499 3470 3552 inte-

1887 3594 2034 3648 rimit
2062 3594 2248 3658 vitam,
2294 3593 2365 3646 ita
2401 3592 2600 3647 oblivio
2630 3592 2921 3660 exstinguit
2959 3591 3296 3646 memoriam.
3336 3588 3472 3656 Quia

1889 3699 2018 3754 ergo
2048 3691 2292 3754 apostata
2315 3683 2535 3752 angelus
2554 3691 2769 3737 :eternae
2795 3681 3050 3735 oblivioni
3079 3679 3321 3744 traditur,
3350 3695 3470 3732 um-

1889 3774 1986 3829 bra
2033 3774 2222 3828 mortis
2270 3775 2607 3828 obscuratur.
2671 3771 2892 3826 Dicatur
2950 3771 3151 3838 igitur:
3187 3768 3475 3822 Ubscurent

1889 3879 2004 3917 eum
2032 3862 2250 3918 tenebrae
2281 3871 2329 3916 et
2355 3861 2535 3915 umbra
2563 3860 2772 3924 mortis;
2801 3859 2851 3914 id
2882 3869 2983 3926 cst,
3013 3860 3091 3914 sic
3120 3875 3241 3913 eum
3271 3858 3476 3912 erroris

1891 3953 1974 4008 sui
2004 3953 2212 4007 cmcitas
2240 3951 2448 4015 obruat,
2484 3962 2541 4006 ut
2570 3966 2908 4020 nequaquam
2953 3949 3173 4004 ulterius
3199 3948 3265 4002 ad
3295 3947 3472 4002 lucem

1892 4045 2222 4116 pmnitentiae
2250 4059 2344 4114 per
2363 4043 2527 4099 divini
2557 4051 2834 4113 respectus
2865 4042 3178 4096 memoriam
3207 4051 3469 4108 resurgat.

1892 4136 2145 4208 Sequitur
2171 4154 2183 4189 :

2363 4223 2591 4281 CAPUT
2628 4223 2673 4279 v
2714 4223 2860 4296 [Vet.
2898 4221 2994 4293 X1.

1962 4321 2091 4377 lBlD.
2114 4349 2186 4363 —-
2207 4317 2431 4388 Occupet
2459 4333 2576 4371 eum
2601 4314 2788 4387 caligo,
2820 4322 2869 4370 et
2898 4313 3187 4369 involuatur
3219 4313 3474 4371 amarituv

1893 4414 2050 4555 durati.
2097 4499 2234 4567 Quid
2276 4513 2411 4552 nunc
2452 4496 2680 4567 patiatur
2703 4535 2717 4560 ,
2763 4504 2812 4549 et
2840 4495 2962 4566 quid
2991 4509 3237 4565 passurus
3267 4494 3335 4547 sit
3362 4498 3480 4563 post

203 4597 358 4650 mine
387 4591 593 4658 illudat,
623 4597 679 4644 et
703 4586 846 4642 veris
875 4583 1102 4640 miseriis
1127 4581 1196 4638 ad
1225 4583 1382 4654 103
1405 4580 1611 4652 peccati
1640 4586 1784 4636 tene-

1889 4589 2539 4668 judicium.—Antiquus
2586 4587 2757 4642 hostis
2805 4587 3056 4655 nequitia:
3102 4600 3212 4639 sua:
3257 4584 3480 4641 vinculis

206 4687 338 4742 bras
365 4681 663 4754 pertrahat.
704 4675 996 4746 Sequitur:

657 4785 886 4844 CAPUT
921 4784 985 4840 ιιι
1025 4781 1169 4858 [γει.
1221 4781 1346 4853 IX].

282 4879 616 4942 ltum—Non
648 4879 874 4951 requirat
901 4892 1016 4931 eum
1043 4873 1182 4929 Deus
1211 4874 1446 4942 desuper,
1471 4882 1520 4927 et
1548 4889 1651 4928 non
1671 4871 1802 4927 illu-

209 4987 341 5036 stret
378 4975 589 5029 lumine.

281 5068 338 5121 8.
379 5063 484 5120 Cur
512 5066 736 5117 humana
770 5069 959 5115 natura
987 5065 1262 5128 reparata,
1303 5073 1409 5110 non
1447 5055 1705 5126 angelica.
1727 5085 1800 5098 --

207 5158 570 5226 Omnipotens
595 5155 736 5208 Deus
762 5153 900 5208 sicut
921 5166 988 5206 ex
1018 5150 1186 5204 nihilo
1226 5150 1365 5203 bona
1395 5146 1572 5202 facere
1600 5147 1798 5216 potuit,

211 5251 322 5312 ita,
369 5261 490 5301 cum
535 5245 737 5311 voluit,
787 5259 886 5313 per
923 5239 1313 5296 incarnationis
1349 5253 1460 5295 suae
1487 5237 1800 5308 mysterium

216 5473 230 5486 .
294 5415 341 5486 nn
358 5402 439 5484 ita
459 5417 646 5458 omnes
677 5401 823 5466 Mss,
856 5412 985 5462 non,
1016 5411 1110 5465 per
1137 5405 1384 5463 prospera
1411 5390 1614 5460 incipit,
1637 5396 1696 5443 ut
1717 5394 1802 5442 est

216 5491 273 5528 ιη
291 5473 608 5604 ξᾚδῖῑιιιη
634 5556 687 5592 se
715 5539 780 5592 ah
811 5535 1140 5600 Editoribns,
1167 5529 1540 5599 espunximus,
1572 5540 1802 5581 consen-

215 5614 475 5670 tientibus
502 5611 626 5663 Mss.
661 5609 876 5663 nostris.

298 5662 546 5748 enititin
567 5662 768 5743 Rcm.,
805 5678 861 5729 in
893 5673 1105 5748 mortali
1132 5671 1355 5748 vulnere.
1383 5666 1564 5731 Colb.,
1592 5662 1800 5748 Germ”

212 5752 270 5805 in
305 5735 516 5823 speciali
539 5735 908 5823 mortaliased
938 5754 1203 5823 expuncta
1223 5747 1318 5823 est
1343 5752 1478 5823 vox,
1499 5735 1727 5823 meite/1‘.

297 5805 521 5884 d'Editi,
570 5819 751 5873 invitis
789 5815 939 5881 Mss.,
982 5805 1102 5866 aute
1135 5809 1326 5882 judicis
1365 5808 1546 5862 nostri.
1579 5805 1643 5858 ra
1674 5819 1803 5860 vero

1901 4686 2169 4750 astrictus,
2202 4679 2344 4736 aliud
2371 4688 2454 4734 est
2478 4679 2620 4748 quod
2650 4693 2792 4732 nunc
2815 4677 3037 4746 patitur,
3080 4675 3220 4728 aliud
3250 4673 3393 4744 quod
3425 4674 3476 4730 in

1902 4776 2008 4831 ﬁne
2034 4774 2284 4845 patietur.
2317 4769 2451 4837 Quia
2491 4769 2633 4825 enim
2661 4784 2691 4821 a
2723 4769 2854 4823 lucis
2895 4767 3094 4820 intinue
3122 4765 3310 4819 ordine
3337 4764 3479 4819 ccci-

1900 4864 2016 4924 dit.
2067 4878 2206 4916 nunc
2252 4859 2599 4928 semetipsum
2648 4857 2968 4911 intrinsecus
3009 4855 3208 4909 erroris
3257 4851 3480 4920 caligine

1901 4954 2199 5014 confundit.
2231 4952 2338 5008 Sed
2364 4960 2488 5022 post
2511 4949 2614 5005 hoc
2638 4946 2993 5002 amaritudine
3023 4945 3330 5007 involvitur,
3358 4941 3481 5012 quia

1903 5065 1972 5105 ex
2009 5049 2202 5104 merito
2241 5054 2551 5116 spontaneae
2584 5041 2826 5110 caliginis
2852 5049 3056 5094 azterno
3085 5039 3340 5107 gehennae
3372 5043 3482 5088 tor-

1905 5149 2088 5197 mcnto
2130 5139 2419 5194 cruciatur.
2463 5135 2682 5189 Dicatur
2726 5146 2893 5201 ergo:
2921 5131 2970 5186 ls
3011 5130 3102 5200 qui
3141 5127 3485 5184 serenitatem

1906 5232 2042 5290 lucis
2070 5232 2271 5289 intimae
2309 5227 2558 5300 perdidit,
2589 5225 2717 5296 quid
2745 5233 2830 5280 est
2855 5223 2999 5295 quod
3025 5231 3151 5277 ante
3188 5229 3490 5276 extremum

1906 5400 2014 5438 non
2057 5383 2125 5436 de
2164 5379 2409 5447 Domini,
2434 5378 2530 5434 sed
2552 5375 2619 5431 de
2647 5375 2907 5431 mentium
2936 5381 3238 5427 nostrarum
3263 5369 3486 5439 judicio,

1907 5454 1994 5507 hic
2021 5468 2200 5507 sermo
2230 5459 2331 5503 est.

1979 5533 2004 5560 ο
2045 5521 2102 5575 In
2160 5519 2398 5587 Vulgatis
2430 5561 2446 5585 ,
2502 5519 2765 5588 amplius.‘
2804 5512 3090 5588 Sequimur
3140 5508 3266 5588 Mss.
3325 5507 3482 5588 (ΖΨ-1».

1906 5593 2114 5655 Germ.,
2147 5578 2336 5645 omnes
2373 5578 2847 5650 Rhent.,'Remig.,
2880 5578 3159 5655 Normarn,
3207 5578 3492 5655 inquibus

1907 5649 2219 5718 constanter
2247 5661 2474 5713 habetur
2497 5659 2651 5712 altius
2673 5697 2688 5722 ,
2727 5649 2833 5710 hoc
2859 5661 2944 5706 est
2969 5667 3042 5722 es
3064 5649 3242 5722 altiori
3276 5649 3416 5703 loco.

1986 5731 2005 5770 ί
2049 5730 2188 5785 Edit.
2220 5729 2396 5784 Vatia.
2433 5736 2487 5783 et
2525 5720 2811 5790 Cussauv.,
2856 5738 2980 5780 cum.
3007 5720 3183 5782 Colb.,
3216 5734 3484 5773 conversa-

1909 5804 2085 5856 tionis.
