4030 6318
593 315 700 370 615

1802 304 2043 360 SANCTI
2085 303 2409 360 cnrcconu
2452 279 2662 357 usust

3770 274 3882 362 su

594 426 916 496 supplicium
945 425 1174 479 tolerat?
1205 421 1431 492 Occupet
1460 436 1576 473 eum
1603 418 1790 488 caligo.
1815 417 2180 483 Subjungatnr
2211 419 2253 474 Α
2285 415 2337 467 in
2369 413 2577 468 interna
2605 415 2724 468 luce
2750 423 3086 484 permanent,
3112 414 3341 484 angelici
3371 415 3627 484 spiritus;
3663 430 3887 472 menses

595 517 758 571 etiam
779 555 796 581 ,
840 531 958 584 quae
991 515 1136 567 illum
1169 528 1323 582 poena
1354 512 1686 578 subsequens
1714 508 1875 561 ctiam
1917 506 2033 559 sine
2073 514 2182 557 ter-

594 607 745 660 mino
773 605 1014 658 devastat
1041 623 1052 656 :
1083 603 1380 656 Involvatur
1402 592 1768 652 amaritudine.
1793 590 1963 650 Omne
1982 595 2181 664 quippe

593 696 738 764 quod
771 695 1068 748 involutum
1100 702 1182 746 est
1210 692 1366 744 linem
1398 706 1551 744 suum
1582 685 1730 757 Quasi
1763 703 2025 756 nusquam
2049 678 2182 739 indi-

592 794 711 848 cat;
744 785 867 853 quia
896 784 1031 836 sicut
1059 799 1161 836 non
1195 783 1430 836 ostendit
1466 799 1572 851 quo
1617 781 1822 850 incipit,
1851 780 1922 833 ita
1950 794 2056 833 non
2087 775 2183 833 de-

595 874 724 939 tegit
753 889 859 940 quo
891 872 1119 926 desistit.
1156 871 1357 924 lnvolvi
1389 886 1520 939 ergo
1549 870 1902 923 amaritudine
1931 864 2179 938 antiquus

593 961 763 1015 hostis
793 961 1006 1025 dicitur,
1031 963 1154 1030 quia
1177 963 1436 1033 superbia:
1457 956 1573 1030 ejus
1593 962 1852 1031 supplicia
1875 960 1983 1014 mn
2004 960 2178 1015 sOlum

590 1053 902 1107 omnimoda
923 1096 937 1120 ,
970 1054 1062 1108 sed
1095 1057 1255 1108 etiam
1289 1050 1490 1108 inﬁnita
1522 1050 1912 1125 prmparantur.
1942 1055 2070 1120 Qua:
2101 1055 2177 1106 vi-

589 1143 786 1198 delicet
807 1146 922 1212 ejus
952 1162 1108 1215 paula
1133 1155 1259 1200 tunc
1287 1143 1494 1199 initium
1525 1139 1736 1215 accipit,
1761 1161 1882 1198 cum
1905 1143 2178 1197 districtus

590 1235 659 1289 ad
697 1244 996 1290 extremum
1037 1235 1295 1306 judiCium
1334 1237 1499 1307 judex
1543 1239 1710 1293 venit.
1762 1236 1912 1291 Unde
1950 1243 2004 1290 et
2039 1232 2179 1290 bene

592 1326 836 1381 subditur
863 1346 874 1380 :
1703 1393 1716 1401 ᾖ

953 1403 1110 1487 109
1147 1415 1375 1470 CAPUT
1412 1416 1480 1470 v1
1509 1403 1655 1487 [ηερ.
1689 1410 1816 1484 XI].

664 1528 827 1582 Vens.
855 1511 1223 1582 6.-——Noctem
1242 1530 1388 1582 illam
1415 1527 1709 1581 tenebrosus
1733 1525 1878 1580 turbo
1893 1527 2172 1594 possideat.

663 1621 748 1673 ll.
795 1623 1001 1686 Quanta
1033 1629 1330 1687 tempestate
1358 1621 1426 1672 ad
1452 1629 1646 1674 aeterna
1691 1621 1946 1689 supplicia
1975 1629 2174 1690 raptus.

589 1742 656 1752 —
687 1710 952 1779 Scriptum
993 1713 1190 1781 quippe
1231 1721 1314 1766 est
1349 1731 1360 1764 :
1411 1711 1544 1764 Deus
1578 1723 1601 1748 ιι
1631 1713 1938 1782 manifestus
1989 1714 2175 1778 veniet;

2287 515 2485 571 autem,
2517 521 2704 561 eorum
2731 507 2947 561 ordines
2975 515 3029 561 et
3057 507 3342 576 dignitates
3372 497 3618 578 intelligi.
3646 498 3883 577 Singuli

2284 599 2426 651 cnim
2452 599 2650 667 quique
2674 599 2910 670 spiritus,
2937 600 3062 668 quia
3086 601 3288 664 lucent,
3313 599 3429 655 dies
3451 610 3594 655 sunt.
3619 600 3730 654 Sed
3753 590 3880 670 quia

2284 688 2448 760 certis
2486 689 2804 758 quibusdam
2851 689 3199 758 dignitatibus
3242 689 3666 758 distinguuntur,
3699 698 3758 744 ut
3785 679 3879 743 alii

2285 777 2484 841 throni,
2505 777 2597 830 alii
2626 777 3043 852 dominationes,
3068 779 3155 832 alii
3181 779 3533 849 principatus,
3563 779 3656 832 alii
3686 793 3879 848 pates-

2282 875 2422 923 tates
2441 868 2576 932 sint;
2605 884 2701 937 pro
2727 869 2827 923 hac
2848 871 2960 939 ipsa
2991 870 3370 924 distributione
3398 871 3690 938 agminum,
3724 885 3881 922 men-

2281 952 2368 1010 ses
2397 967 2674 1011 vocantur.
2721 955 2827 1011 Sed
2872 960 2995 1026 quia
3027 961 3279 1028 antiquus
3317 960 3488 1016 hostis
3528 952 3876 1030 nequaquam

2281 1046 2346 1099 ad
2380 1048 2628 1120 meritum
2658 1035 2812 1114 lucis,
2844 1042 3181 1119 néquarjuam
3201 1119 3207 1121 _
3228 1050 3293 1104 ad
3323 1051 3567 1121 ordinem
3597 1066 3874 1119 superno-

2282 1152 2397 1190 rum
2429 1139 2698 1205 agminum
2729 1139 3001 1194 reducitur
3027 1159 3039 1192 :
3068 1157 3169 1194 nec
3200 1134 3251 1194 in
3281 1133 3471 1196 diebus
3499 1135 3647 1208 anni,
3680 1157 3783 1196 nec
3818 1141 3874 1195 in

2282 1227 2554 1282 mensibus
2599 1239 2933 1283 numeratur.
2983 1214 3073 1284 Sic
3102 1225 3299 1299 quippe
3345 1231 3495 1284 illum
3544 1238 3875 1300 perpetratae

2281 1331 2368 1384 su;
2385 1310 2545 1372 erbire
2570 1319 2782 1373 caecitas
2810 1311 3015 1387 gravat,
3051 1329 3109 1374 ut
3131 1307 3270 1375 ultra
3296 1322 3362 1375 ad
3391 1322 3479 1374 illa
3509 1321 3775 1376 claritatis
3798 1321 3874 1375 iué

2284 1410 2425 1464 lima:
2462 1403 2674 1478 agmina
2720 1427 2951 1481 superna
2993 1409 3100 1468 non
3146 1403 3350 1484 redeat.
3383 1398 3731 1482 Nequaquam
3758 1406 3871 1481 jam

2280 1489 2545 1554 stantibus
2573 1501 2704 1556 lucis
2730 1485 3077 1569 dignitatibus
3103 1488 3446 1566 admiscetur,
3470 1497 3596 1572 quia
3620 1491 3871 1575 tenebraf

2279 1604 2399 1643 rum
2444 1606 2658 1645 suarum
2689 1593 2884 1646 merito
2912 1608 3124 1663 semper
3150 1592 3217 1646 ad
3259 1593 3365 1647 ima
3392 1594 3734 1663 deprimitur.
3766 1582 3871 1660 Qui

2281 1683 2404 1752 quia
2431 1683 2498 1738 ab
2540 1684 2627 1738 illa
2654 1686 2840 1754 patriae
2862 1686 3096 1740 cmlestis
3123 1668 3420 1754 frequentia
3446 1665 3633 1762 eisors
3661 1685 3716 1741 in
3746 1679 3870 1757 per-

589 1801 726 1854 Dens
757 1776 948 1866 noster,
981 1776 1029 1854 et
1072 1776 1174 1856 non
1221 1802 1412 1857 silebit.
1475 1802 1623 1873 Ignis
1666 1804 1716 1856 in
1749 1776 2021 1871 conspectu
2064 1776 2175 1872 ejus
2213 1789 2254 1848 Β
2281 1783 2500 1845 petum“
2529 1786 2829 1845 permanat
2856 1788 3002 1832 reae
3031 1776 3208 1833 adhuc
3231 1777 3610 1848 δυωυηείιυτδ

587 1892 822 1955 ardebit,
857 1903 906 1944 et
944 1894 999 1946 in
1037 1894 1256 1946 circuitu
1303 1893 1415 1964 ejus
1447 1903 1721 1962 tempestas
1761 1894 1933 1947 valida
1983 1893 2173 1964 (I’sal.

589 2001 733 2047 χιιι,
760 1983 837 2054 '5).
869 1984 1212 2038 Tenebrosus
1240 1998 1368 2052 ergo
1400 1986 1557 2039 turbo
1579 1985 1718 2039 hanc
1744 1993 1960 2050 noctem
2003 1986 2178 2054 possi-

587 2075 710 2141 det,
731 2077 852 2144 quia
870 2087 1168 2146 apostatam
1185 2077 1427 2146 spiritum
1446 2093 1474 2130 a
1489 2085 1778 2144 conspectu
1802 2077 2178 2144 districtijudié

587 2169 664 2224 cis
691 2169 757 2223 ad
777 2178 976 2224 aeterna
1016 2169 1294 2238 supplicia,
1321 2169 1563 2237 pavenda
1587 2169 1675 2222 illa
1705 2176 1996 2238 tempestas
2016 2168 2174 2237 rapit.

588 2262 826 2316 Turbine
848 2276 977 2331 ergo
1009 2277 1113 2315 nox
1147 2262 1247 2314 ista
1277 2259 1603 2329 possidetur,
1634 2259 1757 2328 quia
1789 2259 2016 2328 superba
2063 2260 2179 2326 ejus

593 2358 806 2411 accitas
818 2355 1058 2410 districta
1081 2353 1543 2408 animadversione
1559 2352 1873 2421 percutitur;
1891 2351 2172 2422 Sequitur:

1193 2463 1424 2518 CAPUT
1459 2464 1566 2518 Vll.

658 2555 786 2612 lam.
815 2590 887 2600 —
913 2557 1036 2612 Non
1067 2566 1384 2621 computetur
1405 2557 1458 2610 in
1487 2557 1666 2611 diebus
1696 2559 1843 2621 anni,
1877 2576 1968 2612 nec
1998 2568 2178 2615 nume-

586 2654 726 2703 r‘etur
754 2653 807 2704 in
827 2652 1103 2704 mensibus.

658 2741 746 2794 l2.
792 2739 928 2804 Quid
949 2741 1048 2795 diei
1081 2740 1271 2794 Mensis
1311 2749 1362 2794 et
1391 2742 1517 2795 anni
1546 2741 1772 2807 nomine,
1806 2742 1860 2796 in
1886 2740 2049 2796 verbis
2077 2741 2177 2796 Job

585 2830 996 2902 intelligendum.
1015 2860 1083 2872 —
1099 2830 1306 2884 Annuzn
1330 2831 1766 2899 praedicationem
1788 2845 2036 2900 supernae
2057 2844 2180 2900 gra-

588 2923 675 2976 tiae
697 2938 802 2975 non
828 2922 1270 2977 inconvenienter
1290 2921 1616 2992 accipimus;
1646 2922 1770 2993 quia
1797 2923 1937 2976 sicut
1959 2921 2011 2977 in
2034 2925 2178 2976 anno’

592 3013 859 3081 congemis
905 3012 1095 3067 diebus
1140 3020 1352 3082 tempus
1393 3013 1686 3081 perli'citur,
1728 3013 1802 3067 ita
1843 3012 1895 3066 in
1944 3013 2178 3082 superna

585 3107 756 3174 gratia
781 3105 1041 3158 virtutum
1071 3103 1349 3174 multiplex
1380 3094 1485 3157 vita
1517 3103 1834 3173 completur.
1870 3101 2054 3158 Potest
2082 3118 2180 3172 per

590 3209 788 3248 annum
819 3194 980 3248 etiam
1011 3192 1297 3248 multitudo
1327 3193 1550 3261 intelligi
1591 3184 2021 3264 redemptorum;
2051 3194 2176 3263 quia

587 3285 727 3339 sicut
764 3300 830 3337 ex
877 3284 1078 3338 dicrum
1123 3282 1465 3337 multitudine
1517 3299 1690 3338 annus
1735 3284 1968 3352 ducitur,
1998 3283 2072 3338 ita
2110 3299 2180 3338 ex

590 3375 913 3430 collectione
953 3375 1220 3428 bonorum
1253 3374 1516 3438 omnium,
1550 3375 1639 3429 illa
1679 3375 1974 3430 electorum
2020 3375 2180 3429 innu‘-"

591 3466 864 3519 morabilis
890 3465 1211 3519 universitas
1241 3464 1504 3533 expletur.
1537 3463 1692 3519 Hunc
1723 3479 1951 3533 namque
1979 3480 2178 3519 annum

591 3557 847 3626 perfecta:
894 3555 1253 3610 multitudinis
1281 3553 1447 3609 Isaias
1488 3555 1764 3623 praedicat,
1795 3555 2015 3611 dicens:
2049 3555 2177 3625 Spil

588 3651 719 3702 ritus
747 3647 954 3702 Domini
980 3663 1132 3717 super
1170 3663 1269 3714 me,
1299 3663 1357 3700 eo
1381 3646 1515 3717 quod
1543 3648 1752 3699 auxerit
1775 3663 1855 3699 me
1884 3646 2133 3702 Dominus
2155 3663 2174 3701 :

586 3741 657 3793 ad
684 3737 1098 3793 annuntiandum
1125 3739 1403 3791 mansuetis
1425 3738 1564 3790 misit
1588 3754 1685 3802 me,
1711 3745 1765 3789 ut
1791 3737 2020 3791 mederer
2054 3740 2177 3792 con;

589 3833 723 3885 tt'itis
763 3831 937 3895 corde,
971 3842 1018 3884 et
1059 3831 1402 3900 prtedicarem
1444 3830 1657 3900 captivis
1696 3831 2101 3901 indulgentiam,
2128 3836 2178 3884 el

586 3923 778 3977 clausis
800 3924 1139 3993 apertionem,
1163 3929 1219 3973 ut
1243 3920 1580 3991 praedicarem
1607 3936 1802 3974 annum
1825 3919 1850 3958 δ
1867 3921 2174 3990 placabilem

589 4015 800 4068 Domini
829 4013 985 4083 (Isai.
1012 4028 1120 4073 LXI,
1149 4011 1224 4080 ’l).
1267 4011 1452 4066 Annus
1477 4012 1621 4066 enim
1651 4011 1934 4080 placabilis
1964 4011 2176 4066 Domini

585 4105 924 4174 praedicatur,
949 4119 1070 4157 cum
1093 4102 1268 4156 futura
1290 4101 1442 4172 plebs
1465 4100 1700 4156 ﬁdelium
1718 4102 1958 4158 veritatis
1977 4102 2178 4158 lumine

589 4195 909 4248 illustranda
939 4193 1266 4263 praedicitur.
1300 4189 1442 4259 Quid
1473 4207 1602 4247 vero
1631 4191 1730 4262 per
1755 4192 1892 4257 dies,
1924 4192 2023 4248 nisi
2061 4193 2176 4248 sin-

587 4287 725 4352 gulae
772 4291 999 4355 qumque
1037 4283 1333 4338 eleCtorum
1380 4293 1620 4347 mentes;
1665 4283 1792 4361 quid
1821 4295 1919 4352 per
1943 4287 2175 4352 menses,

588 4375 690 4428 nisi
717 4373 1082 4444 multiplicata:
1108 4389 1293 4428 eorum
1323 4372 1602 4438 Ecclesiaa,
1649 4389 1768 4444 quae
1795 4390 1955 4428 unam
1985 4376 2178 4432 catho-

585 4463 746 4526 llca'm
775 4469 994 4533 faciunt,
1025 4469 1374 4536 designatur?
1394 4469 1487 4524 llla
1518 4483 1647 4538 ergo
1677 4485 1784 4524 nox
1813 4476 1923 4524 non
1945 4485 2172 4541 compu-

2875 1888 3103 1944 CAPUT
3142 1889 3272 1944 Vlll.

2351 1977 2576 2034 Vsnsfl.
2601 2006 2669 2020 -—
2699 1979 2782 2036 Sit
2807 1998 2910 2035 nos
2937 1982 3029 2034 illa
3058 1982 3318 2047 solitaria,
3349 1997 3442 2035 nec
3469 1976 3623 2037 laude
3646 1982 3830 2053 digna.‘

2351 2068 2439 2124 15.
2486 2069 2732 2124 Diabolus
2762 2071 3023 2142 redempta
3062 2072 3268 2126 homine
3309 2082 3356 2126 et
3383 2073 3541 2128 idolis
3581 2076 3868 2144 reprobatis

2279 2160 2341 2229 ﬁt
2371 2161 2637 2214 solitarius
2665 2171 2714 2215 et
2742 2163 2855 2215 sine
2894 2162 3068 2217 laude.
3098 2194 3170 2204 —
3197 2163 3315 2216 Nox
3361 2163 3451 2217 illa
3480 2165 3721 2218 solitaria
3753 2165 3868 2218 eiii-'-

2280 2252 2436 2314 citur,
2460 2253 2585 2320 quia
2605 2264 2626 2290 ο
2652 2253 2997 2309 distinctione
3026 2262 3283 2324 perpolita
3305 2271 3334 2309 a
3356 2255 3660 2324 frequentia
3684 2259 3871 2326 patria:

2279 2357 2524 2414 supernae
2546 2355 2842 2414 separatur.
2869 2345 3023 2411 Quod
3057 2355 3230 2401 tamen
3258 2347 3478 2416 intelligi
3504 2347 3560 2402 et
3589 2348 3750 2402 aliter
3773 2364 3873 2417 po-

2282 2443 2404 2499 test,
2425 2434 2744 2490 utvidelicet
2765 2435 3060 2498 hominem,
3077 2451 3237 2504 quem
3253 2436 3355 2490 sibi
3383 2435 3586 2491 socium
3610 2436 3682 2490 ad
3700 2437 3872 2506 perdi-

2280 2523 2480 2579 tionem
2507 2523 2727 2590 fecerat,
2759 2527 2916 2596 ιιο
2942 2527 3183 2592 amittat;
3208 2534 3264 2581 et
3287 2527 3434 2582 solus
3463 2539 3585 2582 cum
3612 2543 3714 2582 suo
3743 2527 3870 2583 cor?

2280 2629 2412 2683 pore
2442 2615 2616 2671 hostis
2659 2625 2865 2686 pereat,
2912 2615 3037 2670 dum
3069 2617 3268 2671 multos
3315 2631 3455 2686 quos
3499 2617 3868 2688 destruxerat;

2281 2704 2658 2775 Redemptoris
2684 2707 2854 2774 gratia
2877 2705 3154 2761 reformat.
3179 2706 3432 2761 Solitaria
3461 2720 3592 2775 ergo
3617 2723 3728 2762 nox
3753 2705 3871 2761 etii-

2279 2797 2438 2862 citur,
2469 2812 2591 2851 cum
2635 2796 2860 2853 sublatis
2888 2797 2968 2851 eis
2994 2796 3084 2866 qui
3115 2797 3273 2853 electi
3303 2805 3468 2865 sunt,
3507 2798 3658 2853 solus
3698 2797 3873 2852 hostis

2279 2890 2530 2959 antiquus
2558 2890 2773 2945 aeternis
2799 2889 3012 2959 ignibus
3033 2890 3291 2957 gehennae
3321 2890 3680 2959 mancipatur.
3723 2888 3872 2945 Bene

2281 2990 2460 3035 autem
2501 2980 2729 3034 dicitur:
2780 2979 2892 3033 Nec
2921 2979 3078 3034 laude.
3113 2980 3294 3050 digna;
3341 2978 3476 3034 Cum
3505 2979 3650 3034 enim
3677 2979 3872 3033 buma-

2280 3089 2406 3127 num
2435 3088 2603 3141 genus
2623 3113 2637 3138 ,
2679 3072 2880 3127 erroris
2929 3072 3165 3127 tenebris
3197 3087 3461 3141 pressum,-
3491 3071 3623 3126 deos
3661 3071 3874 3141 lapides

2204 3157 2250 3220 Cl
2281 3163 2546 3228 crederet,
2581 3177 2677 3231 per
2719 3163 2821 3216 hoc
2850 3161 2994 3232 quod
3042 3161 3201 3216 idolis
3237 3161 3525 3227 serviebat,
3557 3161 3688 3231 quid
3725 3161 3874 3214 aliud

2281 3267 2440 3321 quam
2469 3253 2772 3308 seductoris
2800 3253 2882 3308 sui
2923 3251 3061 3306 facta
3101 3251 3386 3306 laudabat?
3421 3249 3572 3305 Unde
3603 3251 3743 3330 bene
3774 3265 3872 3320 per

2282 3343 2505 3398 Paulum
2535 3343 2766 3398 dicitur:
2801 3343 3026 3406 Scimus,
3059 3344 3179 3415 quia
3217 3343 3347 3396 nihil
3381 3353 3458 3396 est
3507 3343 3742 3408 idolum;
3779 3343 3871 3396 sed

2279 3435 2394 3506 quis
2429 3434 2700 3488 immolant
2736 3443 2943 3506 gentes,
2999 3433 3271 3488 daemoniis
3309 3433 3584 3487 immolant
3632 3430 3708 3503 (1
3737 3430 3865 3486 Cor.

2279 3541 2390 3585 vnt,
2415 3523 2492 3593 4).
2523 3523 2622 3588 Qui
2646 3537 2774 3591 ergo
2796 3521 3063 3576 idolorum
3088 3522 3423 3576 venerationi
3443 3521 3701 3575 substrati
3721 3528 3865 3584 sunt,

2279 3613 2403 3684 quid
2434 3614 2580 3668 aliud
2618 3629 2778 3683 quam
2822 3614 2994 3668 noctis
3036 3613 3283 3668 tenebras
3328 3612 3720 3667 laudaverunt?
3747 3611 3863 3666 Sed

2279 3721 2409 3762 ecce
2431 3705 2540 3775 jam
2570 3705 2862 3770 cernimus,
2892 3705 3018 3774 quia
3047 3721 3156 3759 nox
3183 3705 3275 3758 illa
3303 3718 3411 3758 non
3440 3719 3564 3759 esse
3593 3704 3753 3758 laude
3783 3703 3866 3758 di-

2278 3805 2380 3864 gna
2409 3795 2785 3863 cognoscitur,-
2821 3810 2942 3850 cum
2967 3795 3078 3864 jam
3106 3809 3136 3848 a
3163 3791 3442 3862 redempto
3482 3794 3720 3848 humano
3768 3807 3865 3862 ge-

2279 3900 2410 3940 nere
2439 3884 2701 3940 idolorum
2721 3886 3000 3940 veneratio
3027 3885 3373 3954 reprobatur;
3403 3891 3459 3938 et
3487 3884 3726 3939 solitaria
3753 3899 3867 3950 nox

2277 3976 2617 4044 relinquitur,
2661 3976 2791 4045 quia
2823 3990 2945 4030 cum
2993 3975 3250 4030 damnato
3279 3982 3531 4046 apostata
3559 3974 3753 4044 spiritu
3796 3973 3870 4028 ad

2279 4075 2549 4123 tormenta
2579 4083 2689 4123 non
2718 4068 2846 4122 itur.
2877 4068 3133 4137 Sequitur
3171 4085 3187 4122 :

2890 4176 3118 4234 CAPUT
3154 4175 3243 4231 1X.
3388 4221 3394 4228 .

2351 4269 2514 4326 Veiis.
2555 4269 2608 4324 8.
2646 4274 2719 4316 —'—
2746 4268 3066 4324 Maledicant
3094 4268 3142 4323 ei
3167 4268 3252 4339 qui
3278 4265 3596 4321 maledicunt
3620 4266 3744 4334 diei,
3775 4269 3867 4339 qui

2279 4365 2450 4436 parati
2478 4372 2596 4418 sunt
2623 4363 2876 4416 suticitare
2903 4359 3208 4415 Leviathan.

2352 4456 2436 4510 14.
2480 4459 2523 4510 Α
2549 4455 2752 4510 Christo
2790 4456 2900 4526 ejus
2943 4455 3145 4508 malitia
3169 4455 3284 4524 jam
3323 4453 3633 4519 destruitur;
3675 4456 3731 4508 in
3757 4457 3866 4526 ﬁne

586 4574 732 4621 tetur
758 4566 809 4620 in
839 4563 1028 4618 diebus
1074 4563 1233 4627 anni,
1276 4574 1376 4617 nec
1417 4561 1728 4617 numeretur
1773 4561 1828 4617 in
1868 4564 2170 4630 mensibus;

2281 4549 2456 4604 mundi
2498 4548 2726 4618 patentia
2764 4547 3136 4616 exstinguetur.
3167 4577 3238 4587 -—
3278 4543 3334 4598 In
3385 4538 3737 4600 translatione
3764 4554 3865 4602 ve;

585 4660 711 4728 quia
743 4657 994 4726 antiquus
1022 4655 1191 4709 hostis
1220 4654 1486 4724 superbius
1523 4669 1632 4708 sua:
1671 4653 1908 4709 tenebris
1936 4669 2173 4724 pressus,

585 4751 873 4806 adventum
895 4749 1110 4818 quidem
1138 4747 1507 4816 Redemptoris
1535 4747 1827 4816 conspicit,
1850 4747 1945 4802 sed
1968 4763 2173 4816 nequa-

586 4859 744 4913 quam
787 4841 853 4895 ad
890 4840 1103 4894 veniam
1133 4855 1253 4894 cum
1283 4838 1472 4893 electis
1512 4837 1670 4892 redit.
1702 4837 1840 4893 Hinc
1869 4838 2012 4893 enim
2041 4838 2176 4892 scri-'

583 4945 733 5006 ptum
765 4943 847 4989 est
874 4952 885 4986 :
908 4931 1180 5005 Nusquam
1201 4933 1335 4985 enim
1354 4931 1565 5002 angelos
1591 4930 1950 5001 apprehendit,
1968 4930 2059 4983 sed
2087 4937 2172 4984 se-‘

582 5025 698 5079 men
719 5026 756 5077 Α
767 5023 942 5078 bra/ue
959 5023 1294 5093 apprehendit
1313 5020 1498 5092 (Hebr.
1513 5037 1570 5089 ιι,
1587 5020 1697 5090 16).
1732 5019 1878 5093 [Rea
1896 5019 1979 5073 XI
1989 5018 2062 5091 1
2099 5019 2177 5075 ld-‘-

583 5119 729 5174 circo
776 5129 1006 5184 namque
1040 5113 1373 5184 Redemptor
1420 5123 1604 5168 noster
1646 5128 1752 5167 non
1804 5113 2044 5181 angelus,
2078 5112 2174 5167 sed

580 5211 746 5267 homo
777 5207 950 5263 factus"
975 5214 1074 5272 est,
1100 5207 1226 5277 quia
1257 5206 1363 5261 hoc
1391 5204 1576 5274 procui
1608 5203 1771 5259 dubio
1814 5203 1930 5258 ﬁeri
1960 5204 2167 5269 debuit,

579 5299 725 5370 quod
745 5297 1004 5363 redemit;
1027 5304 1088 5351 ut
1107 5303 1162 5350 et
1179 5293 1448 5364 perditum
1469 5293 1717 5363 angelum
1741 5308 1846 5348 non
1870 5292 2173 5363 apprehen-

581 5389 758 5444 dendo
781 5388 1076 5455 desereret,
1100 5393 1154 5440 et
1179 5385 1454 5440 hominem
1482 5384 1534 5438 in
1557 5384 1846 5453 semetipso
1867 5377 2168 5454 appreh'enf

580 5480 758 5536 dendo
779 5485 1074 5550 repararet.
1100 5477 1172 5551 [ιν
1178 5486 1244 5530 et.
1270 5475 1320 5529 Χ
1327 5475 1355 5530 I
1362 5475 1402 5547 .j
1431 5473 1660 5530 Possunt
1682 5475 1843 5530 etiam
1865 5475 1979 5530 dies
1999 5474 2052 5528 hi
2074 5473 2166 5543 qui

653 5636 681 5665 ι
708 5629 785 5682 ita
813 5628 935 5682 Mss.
969 5627 1225 5696 potiores.
1252 5626 1309 5681 ln
1341 5627 1481 5682 Utic.
1519 5626 1585 5679 ad
1623 5626 1917 5696 marginem
1949 5632 2168 5696 notatur

584 5699 874 5822 maniéeste,
903 5695 1061 5757 quam
1087 5698 1370 5751 lectionem
1403 5696 1631 5765 an'uplexi
1679 5705 1802 5750 sunt
1828 5695 2057 5766 Vulgati.

657 5769 686 5808 δ
766 5782 864 5821 nus
893 5765 1108 5822 liberm.
1139 5767 1243 5822 duo
1271 5765 1476 5822 lletnig.
1505 5775 1560 5820 et
1591 5766 1703 5820 Val.
1735 5764 2168 5822 Cl..nlacabilcm'

657 5769 686 5808 δ
718 5764 864 5822 Unus
893 5765 1108 5830 Rhenu,
1139 5767 1243 5822 duo
1271 5765 1476 5836 lletnig.
1498 5764 1560 5820 et
1591 5766 1703 5820 Val.
1735 5764 2167 5835 Cl.,pla’rabilem‘

2279 4643 2380 4696 teri
2408 4642 2482 4695 ita
2513 4657 2620 4695 non
2650 4639 2882 4704 dicitur;
2933 4639 3047 4700 sed,
3079 4636 3365 4691 Maledicat
3393 4653 3507 4690 eam
3525 4654 3544 4705 ,·
3570 4639 3657 4708 qui
3697 4639 3863 4692 male-

2277 4734 2412 4787 dimit
2441 4733 2605 4793 diem,
2635 4732 2720 4801 qui
2747 4737 2990 4798 capturus
3019 4738 3094 4781 est
3134 4727 3384 4797 grandem
3426 4735 3615 4780 cetum.
3659 4726 3866 4793 Quibus

2278 4825 2455 4880 verbis
2498 4831 2686 4893 aperte
2713 4818 3014 4875 ostenditur
3050 4816 3194 4887 quod
3235 4835 3265 4869 a
3309 4825 3499 4872 sancto
3527 4817 3643 4871 viro
3673 4817 3729 4870 in
3761 4813 3868 4870 ﬁne

2276 4913 2462 4970 mundi
2488 4920 2716 4967 ventura
2745 4908 3058 4964 Antichristi
3106 4907 3334 4977 perditio
3376 4907 3720 4977 pmvidetm.
3750 4905 3869 4960 Ha-

2275 5008 2449 5076 lignus
2475 5019 2708 5074 namque
2746 5002 2984 5072 spiritus,
3015 5000 3104 5069 qui
3150 5015 3248 5069 per
3293 5000 3544 5054 meritum
3594 5015 3702 5054 nox
3757 5006 3864 5064 est,

2274 5097 2416 5153 (lien
2458 5111 2518 5152 se
2538 5096 2593 5150 in
2635 5093 2818 5148 mundi
2867 5091 2972 5146 line
3001 5091 3236 5154 simulat,
3267 5098 3390 5144 eum
3412 5105 3473 5145 se
3507 5091 3662 5157 quasi
3695 5089 3864 5142 Deum

2275 5188 2583 5244 hominibus
2611 5193 2873 5251 ostentat,
2899 5199 3022 5238 cum
3067 5183 3369 5237 claritatem
3411 5181 3514 5236 sibi
3558 5181 3866 5235 Divinitatis

2271 5279 2535 5334 fallaciter
2556 5277 2758 5344 tribuit,
2789 5279 2852 5331 et'
2869 5291 2928 5329 se
2955 5289 3114 5344 supra
3137 5289 3297 5328 omne
3324 5272 3468 5340 quod
3497 5271 3642 5326 Deus
3668 5271 3753 5326 vel
3779 5269 3870 5324 di-‘

2273 5370 2430 5434 citur,
2466 5367 2556 5422 vel
2579 5367 2793 5429 colitur,
2827 5364 3058 5420 extollit.
3098 5363 3324 5418 Noctem
3371 5362 3534 5431 igitur
3561 5361 3860 5425 maledicit,

2270 5461 2363 5530 qui
2408 5459 2681 5515 maledicit
2723 5458 2893 5524 diem;
2937 5456 3063 5526 quia
3114 5456 3205 5511 ille
3247 5469 3389 5510 nunc
3435 5453 3554 5523 ejus
3601 5453 3870 5548 malitipnt'

2273 5621 2581 5759 υοὲιληιῗίίιι.
2610 5667 2835 5759 Rhem._.
2868 5686 2987 5756 quia
3015 5661 3377 5759 destructione
3395 5674 3666 5759 perpetua.
3709 5687 3866 5744 Non;

2272 5763 2420 5832 nulli,
2450 5755 2577 5819 cum
2602 5759 2764 5817 Corb.
2797 5755 2978 5815 Germ.
2998 5771 3020 5825 ,ί
3061 5757 3184 5829 quia
3227 5755 3547 5811 districtione
3585 5765 3870 5831 perpetua:
