4030 6308
191 316 295 373 615

1083 308 1447 366 MORALIUM
1490 309 1618 362 Lm.
1665 309 1751 363 ιν.
1794 338 1864 350 -—
1900 307 1966 363 IN
2007 310 2160 367 CAP.
2208 309 2272 365 lll
2315 312 2374 365 Β.
2402 310 2556 377 ΙΟΠ.

3353 320 3456 373 tibi:

176 423 426 490 destruit,
449 424 540 493 qui
578 422 935 477 illustratione
982 421 1245 477 adVentus
1294 424 1376 477 sui
1428 432 1554 478 tunc
1602 421 1763 474 etiam
1798 427 1839 480 Α
1872 436 1983 472 sum
2009 421 2448 489 premunt.—Sed
2472 423 2612 477 bime
2641 421 2933 479 Leviathan
2956 424 3112 480 electi
3143 427 3455 495 angelorum

176 516 475 587 potentiam
505 513 621 581 ejus
650 512 976 567 fortitudinis
1006 513 1328 580 exstinguet.
1366 510 1516 565 Unde
1544 518 1598 565 et
1626 511 1765 564 bene

175 604 513 673 subjungitur
533 619 551 655 :
583 601 685 665 Qui
723 610 967 671 capturus
998 611 1074 655 est
1098 602 1347 672 grandem
1376 611 1560 654 cetum.
1596 600 1766 669 Hujus

180 696 321 748 enim
353 693 456 747 ceti
495 692 755 746 fortitudo
803 692 855 745 in
908 693 1063 760 aquis
1101 693 1333 761 capitur,
1386 693 1510 761 quia
1560 692 1766 761 antiqui

176 786 349 839 hostis
376 784 609 837 versutia
641 783 892 853 baptismi
923 792 1260 836 sacramento
1290 790 1592 851 superatur.

249 874 335 928 15.
364 874 530 928 Electi
554 874 729 942 angeli
758 874 869 943 ejus
909 873 1016 926 doli
1057 872 1292 926 tenebras
1324 872 1468 925 nobis
1506 871 1760 924 indicant.

177 995 249 1005 --
274 962 378 1019 Sed
408 962 552 1031 quod
583 963 933 1017 translatione
955 962 1123 1016 veteri
1153 962 1219 1015 de
1249 971 1472 1015 auctore
1523 961 1763 1014 omnium

176 1052 392 1115 dicitur,
406 1052 511 1106 hoc
528 1051 881 1105 translatione
896 1051 1013 1115 hac,
1030 1066 1147 1118 qua:
1159 1051 1222 1103 ad
1241 1066 1337 1104 nos
1360 1066 1426 1103 ex
1443 1050 1667 1103 Hebraeo
1682 1057 1764 1104 est

174 1140 518 1209 Arabicoque
543 1155 794 1195 sermone
822 1141 1080 1202 derivata,
1107 1142 1173 1194 de
1202 1141 1387 1195 electis
1417 1140 1530 1208 ejus
1560 1140 1764 1207 angelis

171 1239 510 1285 memoratur
538 1229 781 1301 (Consule
811 1247 925 1301 qua:
963 1231 1190 1284 diximus
1215 1230 1253 1284 l.
1290 1247 1458 1293 xxxv,
1484 1248 1601 1301 cap.
1635 1231 1760 1285 olim

174 1319 266 1384 15,
298 1307 366 1373 ad
387 1337 517 1374 vers.
551 1320 619 1372 M
663 1337 709 1374 c.
751 1321 846 1373 ult.
890 1320 927 1374 ι.
958 1320 1117 1388 Job.)
1158 1322 1230 1374 De
1260 1320 1342 1373 his
1372 1336 1602 1390 namque
1631 1320 1762 1375 dici-

168 1416 267 1462 tur
294 1427 306 1461 :
339 1409 658 1462 Maledieant
686 1410 731 1463 ei
757 1411 842 1480 qui
888 1409 1200 1462 maledicunt
1228 1410 1350 1464 diei.
1386 1409 1534 1481 [Rea
1557 1407 1759 1479 XIII.]

166 1496 329 1551 Diem
375 1513 435 1552 se
476 1499 676 1569 quippe
724 1498 825 1552 iste
865 1499 1179 1566 superbiens
1227 1498 1445 1567 spiritus
1485 1505 1761 1554 ostentare

163 1593 340 1646 etiam
366 1593 623 1663 angelicis
643 1592 997 1662 potestatibus
1016 1590 1201 1653 voluit,
1226 1606 1346 1645 cum
1376 1605 1435 1645 se
1463 1605 1625 1659 super
1653 1606 1759 1644 cae-

162 1689 324 1737 teros
354 1684 505 1753 quasi
537 1684 590 1736 in
619 1681 855 1753 potentia
872 1681 1166 1735 divinitatis
1192 1681 1486 1745 extollens;
1529 1687 1609 1734 tot
1638 1690 1759 1749 post

1868 511 2087 581 spiritus
2110 526 2252 566 nunc
2276 512 2329 565 in
2354 520 2519 581 puteo
2541 514 2718 583 abyssi
2741 514 2980 568 clausum
3011 525 3277 585 premunt.
3312 517 3459 574 Unde

1866 601 2125 669 scriptum
2171 610 2253 656 est
2291 620 2303 655 :
2361 603 2480 657 Vidi
2517 604 2760 674 angelum
2791 606 3179 661 descendentem
3216 609 3281 662 de
3310 613 3459 677 caelo,

1867 689 2137 744 habentem
2165 692 2354 746 clavem
2379 693 2573 764 abyssi,
2598 704 2646 748 et
2688 705 2925 749 catenam
2947 715 3191 768 magnam
3213 701 3266 753 in
3302 719 3459 756 manu

1867 795 2003 832 sua:
2034 790 2084 832 et
2126 782 2467 851 apprehendit
2514 783 2789 838 draconem
2829 797 3112 856 serpentem
3159 792 3457 861 antiquum,

1864 870 1951 938 qui
1980 879 2056 922 est
2084 870 2322 924 diabolus
2349 882 2397 925 et
2420 872 2681 939 Satanas,
2725 884 2772 928 et
2800 877 2975 946 ligavit
3015 895 3129 930 eum
3155 896 3247 945 per
3286 897 3457 935 annos

1865 959 2024 1023 mille,
2074 970 2123 1011 et
2154 962 2293 1014 misit
2335 979 2450 1015 eum
2493 965 2545 1015 in
2577 965 2817 1034 abyssum
2859 968 3113 1036 (Apocal.
3146 986 3237 1034 xx,
3275 970 3323 1036 1,
3349 971 3385 1023 2
3411 985 3460 1025 et

1863 1048 2027 1118 seq.).
2079 1048 2249 1114 Quem
2283 1060 2461 1104 tamen
2493 1054 2546 1105 in
2578 1056 2759 1107 mundi
2801 1056 2904 1110 line
2931 1058 2995 1110 ad
3022 1060 3289 1126 apertiora
3336 1078 3457 1116 eer-

1864 1139 2063 1191 tamina
2090 1150 2369 1201 revocant,
2404 1151 2459 1195 et
2492 1149 2662 1195 totum
2693 1153 2881 1198 contra
2914 1161 3011 1201 nos
3043 1149 3094 1200 in
3126 1149 3235 1203 suis
3262 1150 3459 1204 viribus

1861 1225 2125 1281 ralaxant.
2173 1226 2323 1282 Unde
2369 1237 2424 1282 et
2470 1229 2578 1283 illic
2621 1246 2829 1284 rursum
2878 1235 3136 1302 scriptum
3179 1250 3297 1289 eSt:
3328 1236 3456 1291 Cum

1862 1317 2102 1387 completi
2118 1320 2309 1389 fuerint
2337 1320 2477 1373 mille
2494 1322 2642 1389 anni,
2667 1321 2887 1375 solvetur
2910 1322 3142 1377 Satanas
3166 1324 3350 1395 (Ibid.,
3378 1328 3452 1398 7).

1863 1406 1957 1461 llle
1993 1408 2135 1462 enim
2163 1417 2409 1478 apostata
2440 1413 2682 1479 angelus,
2714 1414 2838 1480 quia
2870 1414 2939 1466 ita
2970 1416 3216 1468 conditus
3257 1415 3455 1484 fuerat,

1862 1503 1921 1548 ut
1951 1498 2260 1566 angelorum
2295 1500 2504 1553 caneris
2532 1501 2829 1569 legionibus
2858 1502 3141 1567 emineret,
3172 1504 3242 1557 ita
3266 1519 3455 1574 super-

1860 1585 2055 1640 biendo
2078 1588 2378 1652 succubuit,
2406 1597 2465 1642 ut
2487 1604 2625 1643 nunc
2651 1590 2906 1643 stantium
2931 1592 3242 1657 angelorum
3264 1594 3454 1648 ditioui

1860 1674 2161 1731 substratus
2222 1678 2344 1743 sit;
2402 1687 2666 1747 quatenus
2707 1680 2791 1733 vel
2854 1696 2997 1735 nunc
3050 1681 3114 1734 ad
3169 1682 3455 1739 utilitatem

155 1787 230 1828 se
264 1774 330 1827 ad
359 1773 629 1827 interitum
660 1772 897 1839 legiones
927 1771 1107 1824 traxit.
1140 1769 1245 1823 Sed
1277 1770 1333 1823 hi
1361 1770 1632 1836 nimirum,
1665 1771 1758 1841 qui
1794 1778 1834 1835 Β
1862 1775 2097 1820 nostram
2129 1768 2206 1823 eis
2234 1769 2658 1824 ministrantibus
2694 1771 2950 1838 religatus
2980 1770 3175 1835 lateat,
3208 1772 3291 1826 vel
3324 1782 3454 1829 tunc

157 1862 220 1916 in
258 1871 480 1916 auctore
501 1878 597 1915 suo
621 1859 807 1914 humili
835 1860 1003 1914 corde
1032 1860 1402 1928 perstiterunt,
1434 1876 1556 1914 cum
1586 1861 1759 1915 errori

158 1952 288 2018 ejus
319 1960 533 2005 noctem
564 1951 738 2005 inesse
773 1951 1174 2019 conspicerent,
1208 1950 1349 2004 diem
1397 1951 1657 2006 claritatis
1695 1952 1759 2006 il-

159 2032 277 2097 lius
297 2042 363 2095 de
383 2040 684 2108 semetipsis
708 2040 927 2093 humilia
950 2040 1232 2095 sentiendo
1256 2041 1600 2095 calcaverunt
1628 2059 1640 2093 :
1665 2042 1757 2110 qui

164 2150 316 2188 nunc
342 2133 494 2187 nobis
523 2132 630 2186 doli
672 2131 786 2200 ejus
831 2131 1081 2185 tenebras
1123 2131 1381 2199 indicant,
1410 2140 1464 2186 et
1498 2148 1658 2203 quam
1689 2134 1759 2187 sit

164 2222 316 2277 illius
346 2220 686 2290 despicienda
732 2221 851 2275 ﬁcta
882 2220 1127 2286 claritas,
1178 2221 1567 2276 demonstrant.
1588 2222 1757 2276 «Dicao

164 2326 261 2369 tur
283 2330 409 2385 ergo
437 2315 502 2368 de
531 2314 815 2369 tenebrosa
847 2322 1034 2377 nocte,
1076 2329 1195 2382 quae
1241 2314 1486 2367 humana:
1533 2312 1759 2369 inﬁrmi-

163 2406 302 2459 tatis
329 2405 513 2462 oculos
562 2402 796 2458 claudit:
829 2401 1148 2455 Maledicant
1194 2403 1274 2467 ei,
1315 2403 1400 2473 qui
1446 2403 1759 2456 maledicunt

164 2499 313 2563 diei,
348 2497 398 2551 id
423 2504 539 2563 est,
578 2496 651 2549 illi
679 2494 844 2550 electi
879 2493 1097 2563 spiritus
1127 2493 1327 2548 erroris
1354 2492 1470 2561 ejus
1508 2501 1530 2546 t
1564 2494 1759 2549 nebras

165 2596 193 2621 λ
217 2586 525 2641 damnando
558 2585 894 2651 denuntient,
916 2583 1006 2652 qui
1051 2582 1471 2651 magnitudinem
1501 2582 1760 2638 claritatis

167 2677 316 2733 illius
340 2676 449 2745 jam
477 2676 544 2731 ab
570 2675 792 2729 exordio
824 2672 1227 2749 ﬁctamjident.
1253 2672 1398 2726 Bene
1426 2680 1602 2737 autem
1633 2671 1758 2726 sub-

163 2749 348 2820 ditur:
381 2763 479 2829 Qui
506 2765 676 2835 parati
706 2770 823 2817 sunt
849 2763 1099 2817 suscitare
1122 2760 1429 2816 Leviatltan.
1461 2760 1756 2816 Leviathan

161 2857 371 2926 quippe
421 2856 800 2923 interpretatus
848 2853 1041 2907 dicitur
1082 2851 1501 2906 additamentum
1548 2866 1755 2906 eorum.

158 2946 410 3012 Quorum
436 2945 658 3010 scilicet,
691 2942 792 2996 nisi
820 2941 1133 2995 hominum?
1171 2940 1339 2995 Recte
1377 2950 1557 2995 autem
1604 2940 1756 2995 addi-

164 3043 469 3090 tamentum
514 3048 703 3089 cetum
749 3032 982 3095 dicitur,
1021 3031 1146 3100 quia
1193 3040 1475 3100 postquam
1528 3031 1755 3099 primam

161 3128 386 3198 culpam
416 3125 554 3179 mala
584 3123 925 3193 suggestione
973 3122 1172 3189 intulit,
1201 3123 1341 3176 hanc
1370 3122 1612 3190 quotidie
1659 3137 1755 3175 au-

161 3232 297 3289 gere
349 3214 686 3285 gravioribus
735 3211 1171 3283 persuasionibus
1219 3225 1325 3265 non
1376 3210 1602 3265 desistit.
1658 3198 1755 3265 Vel

161 3314 322 3362 certe
352 3321 447 3376 per
474 3304 946 3374 exprobrationem
979 3302 1269 3356 Leviathan
1299 3308 1524 3356 vocatus
1552 3309 1655 3368 est,
1703 3299 1756 3354 id

163 3407 275 3465 est,
304 3398 724 3452 additamentum
753 3396 1029 3450 hominum
1060 3396 1255 3449 dictus.
1293 3393 1400 3450 Eos
1439 3409 1673 3463 namque
1702 3394 1754 3448 in

162 3490 425 3561 paradiso
447 3488 778 3543 immortales
803 3487 1032 3556 reperit;
1058 3486 1151 3540 sed
1179 3485 1512 3539 divinitatem
1542 3484 1756 3539 immor-

164 3586 372 3641 talibus
416 3588 569 3654 111
602 3581 1002 3652 promittendo,
1053 3581 1205 3650 quasi
1253 3580 1331 3634 eis
1371 3578 1569 3649 aliquid
1616 3580 1757 3633 ultra

164 3690 335 3745 quam
384 3683 537 3729 erant
589 3688 649 3729 se
691 3672 888 3726 addere
930 3671 1238 3741 spopondit.
1271 3659 1377 3724 Sed
1408 3672 1536 3724 dum
1564 3670 1758 3725 blande

166 3783 282 3822 non
314 3764 494 3819 habita
541 3778 600 3818 se
642 3762 892 3817 daturum
940 3761 1229 3832 perhibuit,
1258 3760 1449 3815 callide
1486 3766 1541 3815 et
1576 3760 1757 3814 habita

164 3857 459 3914 subtraxit.
492 3856 514 3894 δ
536 3853 691 3910 Unde
712 3862 765 3910 et
794 3854 1040 3909 eumdem
1072 3852 1368 3908 Leviathan
1400 3854 1471 3906 ita
1497 3853 1758 3923 propheta

165 3950 434 4007 describit
457 3950 677 4003 dicens:
714 3948 885 4017 Super
920 3945 1201 4001 Leviathan
1232 3955 1519 4015 serpentem
1547 3953 1757 4009 vectem,

164 4058 327 4112 super
356 4039 641 4094 Leviathan
677 4046 963 4108 serpentem
995 4045 1276 4090 tortuosum
1302 4035 1457 4109 (Isai.
1489 4052 1653 4102 xxvu,
1682 4035 1755 4107 1).

168 4123 473 4187 Leviathan
499 4130 697 4199 quippe
726 4129 827 4184 iste
855 4117 909 4182 in
939 4143 1025 4194 eo,
1056 4126 1202 4198 quod
1246 4141 1304 4181 se
1333 4127 1531 4182 addere
1558 4126 1761 4180 homini

169 4220 489 4293 spopondit,
540 4221 799 4275 tortuosis
838 4218 909 4274 ad
952 4234 1075 4273 eum
1106 4218 1312 4272 sinibus
1342 4217 1586 4286 irrepsit;
1635 4217 1761 4287 quia

168 4308 305 4367 dum
350 4309 485 4367 falso
514 4310 861 4381 impossibilia
910 4309 1175 4380 promisit,
1214 4324 1342 4363 vere
1386 4318 1441 4363 et
1488 4308 1761 4377 possibilia

170 4402 413 4459 sustullt.
441 4400 600 4476 [Vet.
629 4397 797 4473 XII.]
827 4398 1184 4468 Quaarendum
1210 4414 1340 4454 vero
1372 4400 1527 4454 nobis
1557 4408 1640 4454 est
1666 4415 1763 4455 cur

1785 3146 1829 3206 C
1860 3149 2039 3209 aperto
2066 3156 2259 3193 errore.

1861 1857 1927 1911 ad
1968 1857 2342 1926 probationem
2387 1868 2627 1912 nostram
2675 1860 2753 1914 eis
2798 1862 3192 1928 relaxantibus,
3238 1863 3363 1917 totis
3391 1879 3454 1919 se

1860 1961 2050 2008 contra
2079 1970 2179 2008 nos
2202 1955 2314 2009 suis
2341 1955 2544 2008 viribus
2573 1955 2780 2010 solutus
2804 1964 3076 2009 exerceat.
3124 1956 3258 2021 Quia
3289 1956 3452 2024 igitur

1860 2048 1915 2101 hi
1945 2048 2103 2102 electi
2151 2048 2370 2118 spiritus
2415 2048 2703 2121 superbum
2734 2057 3034 2117 apostatam
3065 2049 3444 2117 comprimunt,

1860 2140 1951 2208 qui
1978 2140 2206 2195 humiles
2236 2141 2378 2194 hunc
2416 2141 2565 2209 sequi
2596 2140 2904 2205 noluerunt,
2939 2140 3171 2210 ipsisque
3214 2154 3243 2193 a
3265 2139 3445 2193 lmini-

1859 2232 2155 2284 strantibus
2174 2231 2496 2300 disponitur,
2524 2240 2580 2285 tit
2603 2232 2671 2284 ad
2702 2232 3054 2285 intentionem
3082 2232 3250 2299 aperti
3273 2239 3448 2284 certa-

1860 2324 2019 2377 minis
2062 2324 2419 2379 destruendus
2469 2324 2707 2378 funditus
2757 2323 3078 2391 quandoque
3132 2331 3450 2385 revocetur,

1860 2412 2070 2468 dicatur
2111 2422 2296 2468 recte:
2336 2413 2435 2478 Qui
2475 2414 2649 2483 parati
2692 2420 2811 2466 sunt
2853 2412 3102 2464 suscitare
3142 2410 3443 2465 Leviathan.

1860 2503 1994 2570 Quia
2044 2512 2225 2559 tamen
2259 2505 2429 2560 hostis
2465 2503 2692 2559 callidus
2730 2504 2796 2557 ad
2837 2513 3021 2571 aperta
3050 2502 3187 2557 bella
3217 2501 3445 2556 necdum

1860 2596 2145 2649 suscitatus
2174 2604 2287 2663 est,
2309 2594 2580 2664 quomodo
2600 2594 2959 2663 quorumdam
2982 2602 3189 2647 mentes
3216 2608 3323 2647 uox
3345 2592 3451 2647 ista

1860 2700 2001 2739 nunc
2030 2686 2260 2738 latenter
2284 2686 2553 2747 obscuret,
2586 2685 2835 2738 insinuet.
2866 2683 3118 2753 Sequitur
3142 2701 3156 2735 :

2104 2774 2334 2831 CAPUT
2375 2775 2424 2829 Χ
2475 2775 2619 2847 [γει.
2646 2774 2822 2840 xm,
2858 2775 2984 2828 Rec.
3016 2774 3203 2847 XIV].-

1932 2867 2095 2921 Vnns.
2124 2866 2176 2920 9.
2238 2898 2272 2908 -
2298 2866 2706 2920 Obtenebrentur
2724 2866 2887 2920 stellae
2923 2866 3146 2935 caligine
3166 2867 3299 2936 ejus.
3390 2924 3395 2929 η

1933 2959 2020 3013 17.
2065 2957 2245 3013 Stella:
2285 2957 2565 3029 aliquando
2601 2959 2805 3021 sancti,
2846 2958 3123 3026 aliquando
3163 2958 3445 3027 hypocrita;

1859 3054 1914 3106 in
1945 3052 2231 3121 Scripturis
2267 3051 2525 3104 dicuntur.
2552 3050 2955 3121 Hypocritarum
3002 3050 3092 3102 tua:
3141 3048 3446 3105 obscuratur

2336 3140 2420 3193 -ln
2449 3139 2720 3208 Scriptura
2750 3155 2901 3194 sacra
2924 3140 3199 3193 stellarum
3230 3142 3449 3198 nomine

1860 3230 2148 3297 aliquando
2191 3237 2501 3284 sanctorum
2527 3229 2763 3298 justitia,
2794 3244 2913 3298 quas
2940 3230 2993 3282 in
3025 3230 3182 3298 hujus
3210 3232 3331 3284 vitae
3361 3240 3445 3286 te-‘

1858 3320 2040 3376 nebris
2077 3319 2239 3385 lucet,
2272 3320 2559 3387 aliquando
2592 3335 2719 3374 vero
2749 3321 3147 3391 hypocritarum
3182 3320 3325 3376 lit-tio
3351 3323 3447 3377 de-

1857 3418 2208 3476 monstratur,
2240 3410 2333 3480 qui
2378 3409 2521 3464 bona
2563 3425 2683 3479 qua:
2712 3409 2933 3475 faciunt,
2966 3411 3032 3464 ad
3077 3411 3447 3480 percipiendas

1858 3500 2043 3556 laudes
2073 3500 2383 3555 hominibus
2408 3500 2718 3555 ostendunt.
2752 3499 2809 3555 Si
2839 3501 2981 3554 enim
3013 3509 3157 3555 recte
3179 3501 3447 3568 viventes,

1858 3591 2027 3646 stellae
2057 3606 2163 3644 non
2195 3598 2402 3655 essent,
2428 3604 2767 3657 nequaquam
2814 3587 3011 3642 Paulus
3056 3590 3331 3659 discipulis
3360 3591 3446 3645 (li-

1858 3690 2005 3735 ceret
2030 3698 2041 3732 :
2077 3679 2142 3733 In
2163 3680 2331 3734 medio
2356 3679 2581 3733 nationis
2605 3694 2777 3748 prava:
2798 3686 2847 3731 et
2875 3694 3140 3747 perversaz,
3166 3679 3300 3731 inter
3321 3695 3453 3747 quos

1858 3769 2038 3823 lucetis
2067 3770 2195 3821 sicut
2218 3768 2499 3822 luminaria
2532 3768 2587 3821 in
2613 3767 2802 3821 mundo
2827 3767 3046 3839 (Philip.
3078 3784 3135 3833 tt,
3161 3767 3271 3837 15).
3308 3768 3446 3822 Rur-

1860 3875 2000 3923 sum,
2036 3859 2081 3912 si
2122 3862 2262 3912 inter
2289 3872 2385 3912 eos
2413 3857 2506 3927 qui
2544 3866 2692 3912 recta
2724 3870 2883 3924 agere
2912 3858 3187 3923 videntur,»
3224 3859 3446 3928 quidam

1860 3949 1928 4004 de
1973 3950 2184 4003 actione
2228 3964 2324 4002 sua
2370 3946 2777 4002 retributionem
2825 3944 3024 4000 favoris
3072 3946 3292 4000 humani
3336 3932 3463 4001 non"

1862 4049 2184 4111 quaererent,
2216 4053 2556 4109 nequaquam
2589 4037 2771 4091 stellas
2817 4035 3049 4091 Joannes
3088 4052 3244 4091 ruere
3269 4038 3303 4094 τι
3333 4048 3447 4092 ca:-‘

1862 4132 2088 4186 lestibus
2108 4130 2334 4195 videret,
2360 4130 2576 4184 dicens:
2601 4127 2748 4182 Misit
2768 4128 2927 4181 draco
2948 4127 3190 4191 caudam,
3214 4138 3261 4180 et
3288 4132 3453 4181 traxit

1866 4224 2068 4277 tertiam
2114 4229 2313 4292 partem
2356 4219 2623 4274 stellarum
2666 4216 2866 4288 (Apoc.
2912 4232 3007 4281 xu,
3044 4213 3139 4284 4).
3190 4216 3450 4271 Draconis

1864 4316 2008 4371 enim
2047 4313 2216 4369 cauda
2257 4311 2537 4367 stellarum
2582 4324 2707 4378 pars
2753 4307 2999 4370 trahitur,
3043 4306 3168 4376 quia
3208 4314 3452 4359 extrema

1863 4406 2210 4478 persuasione
2230 4401 2544 4457 Antichristi
2564 4399 2778 4469 quidam
2800 4397 2891 4465 qui
2906 4397 3155 4451 videntur
3178 4396 3356 4450 lucere
3375 4410 3457 4448 ras

172 4496 271 4565 qui
299 4504 607 4565 serpentem
636 4495 875 4560 dixerat,
899 4502 1308 4564 tortuosumque
1351 4493 1494 4548 illico
1537 4479 1761 4561 subj'un-
1795 4511 1844 4570 ι)
1868 4492 2473 4569 pientur.112Stellas
2487 4503 2717 4558 namque
2739 4488 3001 4542 interram
3017 4481 3462 4552 trahere,est'eos'

174 4592 332 4652 gens,
357 4584 679 4654 interposuit
700 4592 929 4647 vectem,
954 4583 1053 4638 nisi
1084 4582 1222 4638 forte
1251 4572 1471 4652 quodin
1500 4583 1764 4653 serpentis

172 4676 500 4730 tortitudine
520 4672 662 4729 ﬂuxa
680 4675 952 4741 mollities,
972 4675 1023 4729 in
1044 4684 1200 4730 vecte
1217 4684 1393 4731 autem
1416 4684 1501 4731 est
1524 4686 1546 4714 ε
1570 4674 1765 4731 duritia

176 4768 487 4839 rigiditatis.
522 4767 590 4823 Ut
621 4783 751 4838 ergo
773 4768 918 4823 hunc
939 4776 993 4822 et
1021 4768 1212 4821 durum
1239 4768 1514 4837 signaret,
1547 4777 1601 4823 et
1627 4768 1765 4822 mol-

179 4854 289 4915 lem
309 4867 394 4925 ;et
411 4868 617 4915 vectem
635 4860 897 4926 nominat,
915 4858 936 4893 ίί
961 4866 1015 4913 et
1032 4860 1357 4928 serpentem.
1375 4859 1547 4913 Durus
1567 4858 1768 4928 quippe

182 4958 270 5003 est
291 4964 387 5019 per
407 4950 684 5015 malitiam,
709 4949 887 5005 moflis
909 4956 1006 5019 per
1031 4949 1412 5003 blandimenta.
1437 4948 1618 5004 Vectis
1639 4963 1768 5017 ergo

182 5036 406 5106 dicitur,
436 5040 562 5109 quia
588 5053 763 5108 usque
793 5039 859 5093 ad
887 5054 1070 5094 necem
1099 5041 1368 5109 percutit;
1415 5054 1638 5109 serpens
1673 5056 1771 5094 au-

185 5133 324 5195 tem,
357 5128 482 5196 quia
510 5143 570 5184 se
600 5144 694 5199 per
715 5128 933 5182 insidias
961 5128 1195 5183 molliter
1220 5138 1243 5165 θ
1272 5120 1519 5183 infundit.

258 5216 351 5273 16.
391 5216 668 5273 Diabolum
686 5217 833 5272 electi
854 5218 1156 5289 angelorum
1177 5219 1230 5271 in
1264 5226 1415 5288 puteo
1438 5218 1609 5289 abyssi
1635 5220 1774 5273 clau~

235 5400 291 5454 ,⁸
317 5390 393 5445 lta
423 5390 641 5460 Ehem,
667 5392 829 5447 Corb.
878 5390 1057 5447 Germ.
1081 5430 1097 5456 ,
1129 5392 1360 5462 Remig.,
1406 5395 1610 5460 Norm.,
1646 5396 1773 5451 Flo-

187 5462 515 5532 riac.,quos
538 5471 832 5532 sequuntur
862 5462 983 5516 Vet.
1011 5462 1150 5516 Edit.
1183 5463 1353 5517 Paris.
1385 5475 1438 5519 et
1458 5465 1618 5520 Basil.
1642 5466 1775 5523 Coc.

190 5528 296 5601 Alii
328 5528 593 5601 deinceps
613 5528 632 5597 ξ
653 5532 994 5586 damnandos.

267 5599 377 5672 bin
405 5599 546 5672 diss.
583 5601 839 5655 Norman.
862 5643 876 5667 ,
910 5601 1224 5672 Vindocin”
1263 5601 1444 5656 Germ.
1466 5643 1481 5667 ,
1531 5603 1727 5672 legitur
1760 5623 1774 5659 :

373 5680 421 5723 et
447 5669 700 5725 Dominus
727 5672 957 5725 eumdem
978 5671 1050 5723 ita
1081 5688 1170 5738 per
1191 5667 1488 5740 prophetam
1518 5667 1775 5729 describit.

195 5738 255 5793 in
288 5736 423 5795 Utic.
457 5742 600 5811 prius
629 5741 904 5811 legebatur
936 5749 992 5796 ut
1014 5736 1092 5797 cst
1121 5743 1173 5796 in
1191 5736 1245 5796 Ε
1262 5736 1389 5798 ..itis.

1870 4588 1961 4658 qui
1989 4586 2236 4641 videntur
2255 4582 2434 4638 studio
2461 4583 2583 4635 vitae
2612 4579 2847 4635 cmlcstis
2874 4578 3155 4640 inhaerere,
3182 4591 3244 4653 ex
3272 4574 3463 4628 amore

1870 4688 2087 4734 terreno
2112 4669 2391 4745 iniquitate
2412 4671 2585 4741 aperti
2607 4670 2806 4725 erroris
2827 4667 3118 4722 involvere.
3147 4664 3284 4718 Sunt
3306 4679 3457 4716 nam-

1871 4785 1976 4839 que
2006 4767 2245 4823 nonnulli
2273 4764 2365 4834 qui
2393 4772 2518 4817 ante
2546 4761 2810 4815 humanos
2862 4758 3045 4813 oculOs
3083 4756 3229 4811 velut
3254 4753 3465 4821 magnis

1873 4858 2128 4930 operibus
2171 4855 2386 4915 lucent;
2416 4851 2509 4905 sed
2543 4850 2668 4918 quia
2712 4849 2826 4902 huic
2864 4848 2977 4916 ipsa
3008 4860 3172 4914 opera
3198 4859 3229 4897 a
3257 4842 3461 4895 mundo

1875 4948 2039 5004 corde
2062 4961 2171 4999 non
2199 4942 2488 5013 prodeunt,
2514 4938 2655 5005 capti
2684 4938 2735 4990 in
2767 4935 2992 4990 occultis
3019 4931 3454 5001 cogitationibus,

1872 5037 2045 5094 noctis
2071 5035 2228 5103 hujus
2256 5031 2494 5086 tenebris
2516 5022 2908 5091 obscurantur;
2937 5024 3029 5094 qui
3079 5037 3220 5091 stupe
3248 5037 3310 5075 ea
3341 5037 3458 5088 qua:

1872 5126 2072 5183 mundo
2116 5122 2278 5179 corde
2326 5136 2433 5175 non
2476 5118 2720 5183 faciunt,
2759 5116 2923 5169 etiam
2968 5116 3131 5182 opera
3181 5103 3456 5165 amittunt.

1877 5218 2013 5286 Quia
2035 5229 2163 5285 ergo
2182 5228 2289 5268 nox
2309 5210 2601 5283 praevalere
2621 5207 2971 5279 permittitur,
3005 5204 3223 5273 quando
3245 5209 3301 5256 et
3323 5201 3461 5254 inter

1954 5403 1977 5435 ⁶
2009 5395 2067 5449 in
2090 5393 2292 5453 Editis,
2321 5391 2529 5445 duritia:
2558 5390 2815 5459 rigiditas.

1951 5464 1979 5539 (ξ
2009 5466 2065 5539 In
2095 5464 2219 5519 Mss.
2251 5462 2433 5516 Norm.
2468 5470 2523 5515 et
2548 5453 2816 5539 plurisque
2845 5455 3059 5537 legitur,
3088 5453 3461 5539 etutortuosum'.

1877 5533 1945 5588 Et
1967 5533 2100 5588 infra
2128 5552 2139 5586 :
2162 5542 2417 5586 tortuosus
2442 5523 2633 5595 autem,
2662 5523 2781 5599 quia
2805 5544 2858 5599 se
2885 5523 2978 5599 per
2998 5525 3225 5579 insidius‘
3245 5523 3468 5577 molliter

1876 5605 2125 5675 infundit.
2158 5602 2623 5675 Utic._utramque
2653 5597 2813 5675 habet
2832 5597 3176 5675 lectionem-1
3230 5664 3242 5675 .
3294 5661 3321 5675 Α

1958 5686 1979 5710 ι’
2010 5674 2093 5726 Se.
2115 5674 2286 5726 unius
2303 5661 2621 5740 Compend,
2644 5684 2741 5740 pro
2764 5667 3008 5739 infundit,
3025 5667 3202 5731 habet,
3225 5661 3468 5717 inﬂectit.-

1883 5745 1959 5800 lta
1989 5744 2149 5798 etiam
2194 5742 2494 5811 Longipont
