4144 6492
516 266 573 319 Η
1513 269 1570 324 S.
1613 268 1889 325 CYRllle
1936 270 2405 329 ALEXANDRIM
2444 272 2771 333 ARCHlEP.
3709 298 3779 347 lz

514 392 605 437 res
631 389 845 447 vestrae,
875 380 1000 451 quia
1041 380 1267 439 audiunt
1308 386 1344 440 ί.
1379 404 1397 438 ›
1432 385 1614 458 Neque
1650 400 1827 445 tamen
1866 403 2085 447 conatus

2194 393 2244 446 oi
2287 393 2593 466 ὀφθαλμοὶ,
2637 394 2720 450 ὅτι
2761 395 3052 466 βλέπουσι,
3098 399 3193 454 καὶ
3235 401 3302 455 τά
3333 396 3447 456 ὦτα
3496 402 3672 474 ὑμῶν,
3703 406 3787 459 ὅτι

515 473 901 526 detreCtandus
938 471 1092 527 nobis
1135 482 1260 541 est;
1308 474 1401 531 sed
1431 476 1483 531 in
1529 479 1647 549 ipso
1671 479 1891 535 Christo
1935 494 2088 549 spem

488 559 867 627 collocantes,
894 560 1109 616 labores
1136 564 1304 617 etiam
1330 563 1554 620 "viribus
1597 567 1799 621 nostris
1851 565 2087 636 majores

510 652 891 724 aggrediemur
914 693 929 718 ,
960 654 1263 710 certissima
1301 655 1496 711 fiducia
1523 657 1718 723 erecti,
1751 657 1901 710 illum
1932 657 2090 715 nobis

514 741 829 797 adfuturum
854 753 911 798 et
940 744 1180 814 Spiritus
1212 747 1387 801 sancti
1420 745 1859 815 prmlusrratione
1893 748 1961 803 ad
1996 763 2089 803 ve-

509 834 690 889 ritatis
720 834 1087 890 inventionem
1122 836 1433 891 ducturum.
1467 836 1676 907 Scopus
1709 839 1851 891 enim
1885 849 2088 893 nostra;

509 926 779 981 orationis
819 933 901 980 est
944 927 1127 981 dicere
1194 928 1337 996 quod
1370 925 1532 982 Jesus
1565 929 1638 982 sit
1678 927 1958 983 Dominus.
1996 928 2088 982 Di-

508 1033 694 1074 cemus
717 1025 896 1071 autem
930 1016 981 1071 id
1014 1017 1236 1071 omnino
1269 1018 1320 1071 in
1354 1017 1562 1087 Spiritu
1591 1029 1820 1085 sancto;
1848 1020 1921 1073 ita
1942 1020 2085 1073 enim

508 1106 708 1161 Paulus
760 1107 836 1159 ait
881 1123 894 1159 :
936 1123 954 1156 ι
988 1104 1158 1159 Nemo
1197 1114 1373 1175 potest
1424 1108 1627 1172 dicere,
1666 1109 1789 1177 quia
1826 1110 2085 1163 Dominus

506 1196 687 1263 Jesus,
724 1196 828 1251 nisi
852 1197 904 1251 in
935 1196 1139 1265 Spiritu
1177 1210 1368 1251 sancto
1390 1199 1431 1251 '.
1461 1218 1478 1248 ι
1509 1197 1644 1252 Cum
1674 1201 1815 1252 enim
1838 1199 2085 1253 nonnulli

507 1307 615 1347 non
649 1299 944 1345 vereantur
965 1290 1017 1343 in
1038 1289 1323 1345 Beelzehul
1357 1291 1540 1345 dicere
1565 1293 1856 1345 anathema
1880 1290 2086 1356 Jesum,

509 1384 845 1454 Scripturam
872 1398 1109 1447 sacram,
1151 1397 1259 1452 quo
1316 1383 1448 1453 ipsis
1480 1383 1691 1437 libitum
1733 1392 1838 1450 est,
1887 1383 2088 1438 distor-

507 1486 760 1545 quentcs,
780 1484 832 1532 et
859 1490 954 1528 sua
986 1476 1223 1544 ipsorum
1253 1473 1450 1541 placita
1472 1473 1725 1543 Spiritus
1756 1472 1933 1528 sancti
1964 1486 2089 1528 ora-

507 1566 644 1620 culis
668 1575 1082 1635 anteponentes,
1117 1581 1180 1619 ac
1215 1566 1498 1618 Dominum
1542 1564 1632 1632 qui
1671 1564 1819 1635 ipsos
1859 1564 2089 1619 redemit

507 1659 859 1725 abnegantes,
901 1666 958 1708 ut
996 1655 1277 1724 Scriptura
1332 1654 1577 1723 loquitur
1606 1654 1626 1685 ³
1660 1672 1672 1708 :
1712 1655 2083 1709 necessarium

505 1748 667 1817 plane
701 1745 942 1814 utileque
985 1754 1040 1799 et
1070 1745 1402 1800 conveniens
1444 1745 1783 1812 censuimus,
1817 1753 1911 1800 tuo
1949 1760 2085 1800 con-
2121 1732 2163 1790 Β

505 1837 627 1892 silio
658 1847 823 1906 atque
853 1836 1095 1900 hortatu,
1124 1835 1195 1889 mi
1228 1835 1414 1901 frater,
1449 1837 1594 1891 hanc
1623 1836 2084 1901 dissertationem,

506 1944 627 1999 qua:
666 1943 876 1997 magna:
906 1928 959 1980 in
990 1937 1266 1997 posterum
1303 1927 1556 1981 utilitatis
1585 1927 1803 1981 occasio
1830 1927 2088 1981 Ecclesiae

505 2021 687 2075 futura
737 2028 839 2085 est,
886 2028 1202 2084 contexere,
1257 2028 1311 2074 et
1364 2019 1431 2073 ad
1482 2019 1693 2086 singula
1741 2034 1860 2089 quae
1900 2020 1967 2072 ab
2008 2019 2088 2073 eis

506 2120 825 2184 quaeruntur
853 2120 908 2165 et
937 2110 1294 2179 objiciuntur,
1329 2112 1641 2165 summatim
1673 2127 1736 2166 ac
1782 2127 1880 2181 per
1908 2111 2086 2179 capita

504 2201 859 2272 respondere.
890 2199 1021 2266 Qua:
1046 2201 1263 2269 quidem
1297 2202 1591 2257 lectoribus
1626 2217 1731 2256 non
1766 2218 1947 2271 parvae
1980 2201 2089 2256 uti-

505 2291 645 2345 litati
665 2290 780 2345 fore
808 2291 1084 2349 existimo.
1112 2291 1390 2361 Multiplex
1419 2295 1563 2346 enim
1600 2308 1664 2347 ac
1694 2292 2046 2349 multiformis
2068 2334 2084 2360 ,

504 2394 565 2439 ut
607 2385 682 2439 ita
731 2385 932 2449 dicam,
980 2384 1148 2439 estin
1186 2384 1301 2437 Arii
1351 2392 1406 2437 et
1452 2383 1699 2438 Eunomii
1744 2384 2086 2454 dogmatibus

503 2492 680 2544 error,
728 2478 1005 2545 variisque
1036 2478 1212 2530 modis
1245 2476 1491 2530 veritatis
1518 2475 1745 2531 formam
1775 2475 1964 2531 fucant
2000 2487 2086 2532 at-

504 2583 611 2639 que
660 2568 991 2622 adulterant.
1027 2567 1494 2632 Quemadmodum
1534 2567 1676 2621 euim
1725 2568 2087 2623 meretriculae.

505 2662 583 2716 rei
618 2661 788 2731 ipsius
826 2661 1219 2728 turpitudinem
1256 2669 1375 2714 arte
1406 2659 1784 2729 industriaque
1811 2662 2087 2717 occultare

504 2761 785 2823 putantes,
827 2759 1026 2805 ornant
1075 2764 1215 2815 sese,
1266 2749 1500 2821 fucoque
1535 2751 1808 2817 oblinunt,
1855 2752 2086 2823 aliisque

503 2847 556 2902 id
580 2859 746 2917 genus
769 2843 1107 2899 ornamentis
1138 2842 1418 2909 adhibitis,
1449 2845 1760 2913 speciosum
1802 2845 2083 2900 interitum

503 2935 845 2993 cernentium
897 2933 1069 2988 oculis
1096 2932 1408 3002 objiciunt:
1450 2935 1641 2989 eadem
1677 2935 1838 3004 plane
1874 2937 2085 2990 ratione

502 3028 879 3083 haereticorum
941 3040 1225 3081 sermones
1271 3025 1531 3080 exitiosos
1580 3024 1817 3080 fucatam
1862 3027 2081 3098 pietatis

502 3120 732 3174 formam
761 3134 870 3189 pra:
898 3134 955 3173 se
983 3118 1127 3172 ferre
1152 3116 1361 3186 judico,
1391 3133 1552 3187 quam
1584 3120 1802 3188 quidem
1830 3121 2081 3177 veritatis

502 3210 686 3266 verbis
720 3223 994 3264 exornare
1027 3216 1321 3273 conantur,
1355 3223 1478 3261 cum
1505 3206 1655 3262 nullo
1687 3208 1847 3262 modo
1878 3207 2084 3263 verita-

503 3313 611 3357 tem
644 3300 951 3375 proferant,
979 3300 1073 3354 sed
1103 3315 1323 3354 exosam
1354 3299 1462 3353 Deo
1493 3299 1828 3366 impietatem
1860 3300 2084 3353 menda.

502 3394 572 3448 cii
621 3394 837 3463 plenam
870 3393 921 3445 in
962 3399 1183 3462 pectore
1217 3402 1429 3461 gerant.
1463 3392 1732 3447 Caeterum
1767 3390 1858 3460 qui
1900 3390 2083 3446 solerti

501 3484 731 3539 rationis
762 3484 1033 3537 industria
1057 3490 1290 3537 mentem
1319 3483 1717 3546 communiunt,
1740 3496 2082 3551 nequaquam

500 3575 718 3631 illorum
765 3574 1112 3629 sermonibus
1147 3577 1457 3642 capiuntur,
1502 3574 1596 3628 sed
1643 3588 1786 3627 verae
1826 3574 2083 3627 sincera-

501 3684 607 3738 que
650 3666 771 3722 fidei
810 3666 1086 3720 mordicus
1128 3665 1497 3732 adhaerentes,
1546 3665 1617 3720 de
1671 3667 1866 3735 seipsis
1899 3666 2084 3720 conci-

502 3766 660 3825 nunt,
690 3757 935 3812 dicentes
968 3774 981 3809 :
1014 3775 1031 3806 ι
1064 3755 1396 3810 Benedictus
1432 3756 1695 3811 Dominus
1718 3758 1814 3827 qui
1845 3772 1953 3812 non
1985 3758 2082 3812 de-

502 3848 582 3904 dit
607 3862 707 3903 nos
734 3847 787 3902 in
820 3846 1129 3916 captionem
1160 3847 1412 3903 dentibus
1435 3861 1622 3902 eorum
1642 3848 1684 3903 ⁸.
1724 3867 1741 3901 ι
1767 3848 1951 3904 Visum
1982 3849 2085 3905 ita-

502 3955 606 4009 que
652 3939 809 3995 nobis
859 3946 943 3993 est
982 3953 1104 4008 quae
1149 3952 1351 4009 magno
1394 3939 1577 3995 studio
1621 3941 2079 4011 comparavimus,

502 4044 819 4100 congerere,
871 4044 1048 4098 neque
1074 4044 1205 4085 vero
1230 4030 1340 4085 ulla
1369 4031 1584 4086 ratione
1613 4046 1922 4087 sermonem
1949 4047 2083 4088 con-

503 4120 755 4185 fundere,
780 4120 875 4175 sed
902 4120 1083 4190 potius
1105 4120 1394 4176 distinctas
1422 4121 1475 4176 in
1499 4120 1715 4193 singula
1748 4126 1927 4193 capita
1956 4138 2083 4192 pro-

500 4212 752 4267 bationes
786 4211 1155 4267 continentem
1189 4228 1483 4282 exponere.
1508 4214 1565 4284 3
1594 4214 1667 4269 Ita
1698 4215 1845 4269 enim
1883 4214 1997 4280 flet,
2026 4226 2083 4271 ut

500 4318 691 4359 eorum
732 4318 851 4372 quae
872 4303 923 4357 in
959 4304 1061 4359 hoc
1082 4319 1253 4374 opere
1288 4315 1614 4371 tractantur,
1646 4307 1883 4376 cognitio
1912 4309 2084 4378 magis

500 4396 788 4469 perspicua
820 4395 1221 4467 manifestaque
1255 4398 1499 4454 studioso
1542 4400 1777 4454 auditori
1817 4402 1891 4454 slt
1928 4397 2079 4454 futu-

502 4502 585 4541 ra.
617 4485 829 4542 Titulus
865 4501 994 4542 vero
1030 4487 1191 4554 hujus
1229 4488 1412 4557 operis
1443 4497 1544 4553 est,
1582 4487 1901 4553 Thesaurus,
1940 4490 2081 4558 quod

502 4580 779 4650 ingentem
812 4580 866 4635 in
901 4594 961 4635 se
989 4580 1297 4635 divinarum
1321 4581 1840 4652 contemplationum
1865 4582 2085 4636 thesau-

501 4688 622 4728 rum
663 4673 1100 4744 complectatur:
1142 4674 1354 4730 tametsi
1379 4689 1480 4743 ego
1527 4683 1581 4729 et
1609 4674 1919 4729 doctrinam
1970 4688 2083 4727 τηου

503 4764 745 4819 diocrem
801 4775 858 4820 et
898 4765 1174 4836 ingenium
1210 4766 1278 4822 ad
1325 4765 1799 4835 contemplandum
1832 4781 1938 4821 non
1982 4766 2081 4819 ad-

505 4857 731 4912 modum
758 4872 887 4913 acre
923 4859 975 4912 in
1003 4873 1088 4912 me
1124 4871 1433 4928 agnoscam.
1466 4856 1669 4912 Gratiae
1701 4870 1832 4913 vero
1862 4860 2083 4929 agendae

504 4955 631 5002 sunt
668 4948 913 5011 Christo,
951 4949 1042 5016 qui
1084 4948 1264 5002 omnia
1304 4946 1555 5002 omnibus
1588 4947 1802 5003 abunde
1832 4950 2082 5018 suppedi-

504 5049 603 5097 tat.
656 5038 912 5093 Monendi
952 5049 1130 5093 autem
1160 5046 1283 5093 sunt
1320 5038 1576 5103 lectores,
1622 5038 1799 5107 capita
1844 5038 1970 5095 libri
2014 5040 2078 5093 ad

502 5146 753 5185 normam
795 5130 957 5198 hujus
998 5128 1196 5184 tabula:
1230 5129 1344 5183 sive
1375 5128 1593 5195 indicis,
1631 5131 1723 5200 qui
1770 5132 2077 5201 subjicitur,

504 5235 625 5275 esse
669 5219 991 5287 composita.
1038 5218 1488 5288 Complectuntur
1522 5234 1650 5275 vero
1698 5219 1907 5291 singula
1943 5236 2083 5291 quae-

504 5326 612 5381 que
635 5310 817 5381 capita
850 5310 1014 5365 etiam
1064 5325 1126 5365 ea
1154 5326 1275 5381 qua:
1302 5312 1367 5367 ad
1397 5313 1647 5368 eumdem
1679 5314 2083 5386 contemplatio-

504 5388 593 5457 nis
625 5417 850 5471 scopum
872 5402 1178 5481 pertinent,
1207 5413 1262 5458 et
1286 5420 1378 5481 per
1408 5405 1675 5465 circuitus
1701 5417 1868 5477 atque
1892 5407 2083 5463 anfra-

508 5502 627 5547 ctus
657 5492 723 5547 ad
755 5492 1007 5547 eumdem
1043 5494 1203 5565 tituli,
1234 5496 1332 5553 sub
1361 5512 1471 5568 quo
1499 5501 1898 5570 comprehensa
1932 5512 2081 5568 sunt,

579 5670 604 5749 ξ
635 5669 822 5729 Matth.
858 5688 978 5738 xui,
1011 5674 1098 5730 lG.
1148 5680 1191 5759 ἦ
1220 5675 1239 5731 Ι
1270 5675 1393 5735 Cor.
1430 5692 1529 5749 xu,
1568 5678 1621 5735 5.

2193 484 2504 553 ἀκούουσιν.
2532 507 2551 539 ›
2598 488 2713 573 Οὐκ
2762 488 3019 561 ὀκνητέον
3066 491 3113 545 δ’
3157 487 3252 548 οὖν
3298 495 3450 567 ὅμως
3504 497 3641 569 πρὸς
3685 498 3787 571 τὴν

2192 576 2535 649 ἐγχείρησιν⁶
2580 574 2695 632 ἀλλ’
2725 580 2814 634 ἐπ’
2846 580 2995 652 αύτῷ
3027 581 3126 653 τὴν
3168 584 3357 639 ἐλπίδα
3400 586 3677 657 τιθέμενοι
3708 589 3787 662 τῷ

2199 667 2442 738 Χριστῷ,
2473 668 2568 722 καὶ
2596 669 2702 723 τῶν
2737 671 2877 743 ὑπὲρ
2905 672 3139 745 δύναμιν
3172 676 3425 746 ἀψόμεθα
3463 680 3662 747 πόνων,
3704 682 3785 736 ὅτι

2196 758 2583 829 συμπαρέσται
2628 760 2723 815 καὶ
2763 767 3171 835 χειραγωγήσει
3204 770 3325 830 ταῖς
3353 769 3446 822 τοῦ
3477 770 3787 842 πνεύματος

2192 848 2499 919 δᾳδουχίαις
2537 851 2631 903 ἐπὶ
2673 852 2772 923 τὴν
2817 855 2918 923 τῆς
2951 856 3210 926 ἀληθείας
3261 858 3480 931 εὕρεσιν
3512 862 3787 918 ἁνενδοιά-

2195 959 2335 1005 στως
2373 943 2743 1008 πιστεύοντες.
2791 946 3002 1009 Σκοπὸς
3047 948 3157 1019 γὰρ
3223 951 3399 1005 εἰπεῖν
3449 953 3532 1006 ὅτι
3580 953 3787 1025 Κύριος

2205 1034 2433 1103 Ἰησοῦς.
2476 1034 2632 1105 Ἔροῦ
2642 1053 2743 1103 μεν
2768 1036 2825 1089 δὲ
2854 1037 3076 1102 πάντως
3103 1041 3182 1093 ὅτι
3214 1042 3272 1094 ἐν
3303 1042 3441 1113 ἁγίῳ
3469 1044 3748 1115 Πνεύματι
3768 1063 3782 1077 ·

2191 1128 2334 1180 οὓτω
2373 1128 2480 1200 γὰρ
2520 1131 2548 1181 ό
2582 1130 2795 1193 Παῦλός
2826 1148 3022 1201 φησιν·
3065 1152 3085 1184 ι
3120 1135 3309 1199 Οὐδεὶς
3350 1136 3570 1192 δύναται
3609 1141 3786 1193 εἰπεῖν

2186 1218 2271 1307 ,ὅτι
2306 1219 2510 1289 Κύριος
2566 1220 2811 1290 Ἰησοῦς,
2864 1225 2913 1274 εί
2995 1224 3069 1296 μὴ
3121 1227 3178 1278 ὲν
3227 1228 3507 1299 Πνεύματι
3561 1232 3723 1302 ἁγίῳ.
3760 1252 3779 1283 ι

2206 1306 2423 1380 Ἐπειδὴ
2465 1311 2573 1381 γάρ
2626 1328 2770 1373 τινες
2817 1314 2874 1364 ἐν
2907 1313 3243 1378 Βεελζεϐοὺλ
3277 1318 3377 1371 οὑκ
3430 1321 3783 1391 αἰσχύνονται

2190 1397 2371 1465 λέγειν
2406 1398 2656 1469 ἀνάθεμα
2692 1400 2921 1470 Ἰησοῦν,
2951 1401 3051 1465 τὰς
3096 1404 3194 1473 μὲν
3244 1406 3422 1473 θείας,
3469 1408 3606 1477 πρὸς
3646 1410 3784 1483 ὅπερ

2192 1486 2261 1540 ἂν
2294 1489 2477 1553 αὐτοῖς
2500 1486 2692 1556 δόξειε,
2728 1492 3179 1563 παρατρέποντες
3206 1496 3449 1567 Γραφὰς,
3476 1500 3585 1554 τῶν
3611 1501 3666 1555 δὲ
3688 1501 3783 1556 τοῦ

2193 1580 2332 1633 Πνεύ
2342 1597 2509 1651 ματος
2538 1581 2754 1649 λογίων,
2780 1582 2837 1635 τὸ
2868 1583 2925 1649 ἐξ
2954 1585 3169 1639 οἰκείων
3203 1586 3521 1658 θελημάτων
3550 1592 3785 1663 προτάτο

2192 1687 2374 1733 τοντες
2408 1670 2637 1741 κίνημα,
2668 1673 2762 1725 καὶ
2787 1673 2878 1726 τὸν
2907 1674 3255 1743 ἀγοράσαντα
3284 1679 3481 1743 αὐτοὺς
3508 1682 3785 1754 Δεσπότην

2190 1761 2538 1833 ἀρνούμενοι,
2578 1762 2725 1817 καθά
2759 1764 3107 1836 γέγραπται⁹
3139 1768 3437 1837 ἀναγκαῖον
3483 1773 3619 1843 ὁμοῦ
3655 1777 3784 1847 χρή-

2194 1854 2353 1923 σιμόν
2409 1871 2467 1906 τε
2512 1854 2610 1907 καὶ
2659 1855 2871 1926 πρέπον
2924 1849 3293 1928 ἐλογισάμεθα
3343 1864 3485 1915 κατὰ
3540 1864 3637 1935 τὴν
3684 1866 3782 1936 σὴν

2192 1943 2499 2014 ὑπόμνησίν
2528 1961 2588 1996 τε
2629 1944 2724 1997 καὶ
2754 1947 3091 2016 προτροπὴν,
3123 1948 3340 2017 ἁδελφὲ,
3372 1954 3484 2015 τοῖς
3524 1954 3623 2022 τῆς
3657 1955 3780 2007 Ἐκ·-

2190 2033 2420 2105 κλησίας
2445 2035 2675 2099 τέκνοις,
2708 2036 2808 2105 τῆς
2832 2036 2911 2099 είς
2935 2036 2996 2089 τὸ
3025 2038 3215 2108 μέλλον
3241 2040 3506 2109 ὠφελείας
3528 2044 3782 2098 ὑπόθεσιν

2189 2120 2452 2191 ὲξυφῆναι
2500 2122 2590 2175 τὸν
2621 2123 2806 2191 λόγον·
2839 2124 2935 2177 καὶ
2967 2126 3046 2188 είς
3088 2126 3294 2181 ἕκαστα
3322 2129 3429 2182 τῶν
3478 2136 3611 2202 παρ’
3639 2133 3783 2187 ἐκεί-

2187 2227 2301 2273 νοις
2353 2212 2702 2283 ζητουμένων
2747 2229 2806 2265 τε
2843 2212 2938 2266 καὶ
2986 2216 3361 2286 κεκινημένων
3398 2221 3783 2289 κεφαλαιωδῶς

2190 2300 2449 2364 ἐξειπεῖν,
2484 2302 2625 2375 ἅπερ
2658 2298 2812 2373 οἶμαι
2855 2303 2991 2375 πρὸς
3037 2304 3372 2373 λυσιτελείας
3402 2310 3619 2368 ἔσεσθαι
3670 2317 3783 2379 τοῖς

2189 2392 2594 2464 ἐντευξομένοις
2634 2395 2694 2448 ού
2733 2398 2955 2467 μικρᾶς.
3005 2399 3350 2473 Πολυσχιδὴς
3390 2406 3490 2474 μέν
3538 2407 3646 2477 γὰρ
3685 2407 3782 2461 καὶ

2190 2486 2657 2558 πολυπρόσωπος,
2708 2489 2775 2541 ἵν’
2821 2489 2995 2555 οὕτως
3044 2495 3310 2563 εἴπωμεν,
3355 2498 3389 2568 ἡ
3422 2498 3532 2552 τῶν
3571 2501 3781 2571 Ἀρείου

2187 2579 2285 2631 καὶ
2319 2580 2584 2649 Εὐνομίου
2616 2580 2904 2651 δογμάτων
2932 2584 3050 2637 ἐστὶ
3084 2587 3281 2658 πλάνη,
3316 2590 3409 2642 καὶ
3435 2592 3694 2657 ποικίλως
3724 2594 3782 2647 τὸ

2186 2671 2285 2741 τῆς
2326 2670 2587 2741 ἀληθείας
2621 2671 2917 2725 πλάττεται
2969 2677 3175 2745 σχῆμα.
3206 2680 3417 2750 ’Ὠσπερ
3455 2683 3562 2752 γάρ
3607 2684 3677 2737 τά
3722 2685 3781 2739 ἐν

2184 2764 2298 2824 τοῖς
2350 2764 2590 2830 γυναίοις
2622 2767 3042 2839 ἑταιριζόμενα,
3090 2769 3151 2821 τὸ
3197 2771 3261 2823 ἐκ
3308 2772 3403 2824 τοῦ
3454 2775 3779 2845 πράγματος

2186 2847 2375 2923 αἶσχος
2416 2857 2535 2917 ταῖς
2576 2856 2635 2922 ἐξ
2680 2859 2923 2922 ἐπινοίας
2954 2861 3237 2929 ἀφανίζειν
3275 2863 3497 2933 οἰόμενα
3538 2865 3777 2936 τέχναις,

2184 2942 2478 3015 ὡραΐζεταί
2521 2963 2580 2998 τε
2621 2948 2717 3001 καὶ
2757 2951 3132 3020 χρισιάζεται,
3175 2953 3267 3006 καὶ
3314 2956 3431 3017 ταῖς
3472 2955 3656 3021 ἄλλαις
3684 2958 3780 3011 τοῦ

2187 3035 2393 3105 κόσμου
2425 3036 2766 3107 προσθήκαις
2805 3041 3256 3115 εὐπρεπεστάτην
3287 3048 3400 3109 τοῖς
3430 3049 3628 3117 ὁρῶσιν
3662 3050 3754 3103 ἐπι

2185 3126 2420 3179 δεικνύει
2450 3127 2551 3199 τὴν
2588 3127 2864 3185 ἀπώλειαν
2885 3150 2898 3163 ο
2931 3134 3025 3187 τὸν
3066 3135 3227 3189 αὑτὸν
3270 3132 3423 3207 οἶμαι
3453 3138 3655 3208 τρόπον
3684 3140 3781 3193 καὶ

2181 3217 2279 3281 τὰς
2308 3217 2581 3290 ὀλεθρίους
2614 3221 2724 3273 τῶν
2752 3223 3203 3294 ἐτεροδοξούντων
3250 3229 3434 3301 φωνάς
3463 3230 3525 3282 τὸ
3553 3230 3651 3301 τῆς
3691 3230 3782 3283 εύτ

2185 3310 2400 3375 σεϐείας
2447 3314 2876 3384 σχηματίζεσθαι
2934 3318 3162 3385 κάλλος,
3209 3321 3301 3373 καὶ
3344 3298 3456 3384 τοῖς
3501 3298 3617 3392 τῆς-
3644 3321 3780 3393 ἀλη-

2186 3401 2334 3465 θείας
2366 3404 2659 3475 πειρᾶσθαι
2691 3406 3136 3478 περιανθίζεσθαι
3166 3411 3376 3480 λόγοιςο
3412 3412 3650 3483 οὐδαμοῦ
3682 3415 3782 3484 μὲν

2184 3490 2371 3544 ὠδῖνον
2418 3492 2517 3563 τὴν
2546 3494 2826 3565 ἀλήθειαν,
2860 3496 3063 3550 ἔσωθεν
3108 3499 3166 3551 δὲ
3217 3503 3609 3573 κεκρυμμένην
3659 3503 3783 3574 ἔχον

2182 3583 2283 3655 τὴν
2311 3584 2420 3637 ἀπὸ
2448 3585 2542 3638 τοῦ
2570 3584 2800 3656 ψεύδους
2829 3587 3296 3661 θεοστυγεστάτην
3323 3594 3597 3648 ἀσέϐειαν.
3636 3594 3764 3649 Ἀλλ

2182 3675 2233 3727 oi
2261 3676 2419 3746 νήψει
2448 3680 2515 3749 τῇ
2551 3681 2669 3733 κατ’
2698 3681 3012 3753 ἐντρέχειαν
3044 3682 3267 3753 λογικὴν
3296 3683 3389 3738 τὸν
3419 3688 3617 3739 οίκείον
3650 3688 3781 3742 ἀνα-

2184 3770 2513 3840 τειχίζοντες
2537 3772 2684 3838 νοῦν,
2709 3775 2823 3837 τοῖς
2861 3774 2960 3844 μὲν
2995 3774 3127 3844 παρ’
3150 3776 3380 3829 ἐκείνων
3398 3778 3504 3848 ὀὐχ
3532 3779 3781 3834 ἁλίσκονο

2182 3878 2275 3915 ται
2307 3862 2508 3931 λόγοις,
2539 3864 2638 3934 τῆς
2670 3864 2728 3916 δέ
2765 3865 2937 3929 ὅντως
2974 3865 3160 3933 ὑγιοῦς
3192 3867 3363 3936 ἀπρὶξ
3395 3869 3641 3940 ἐχόμενοι
3690 3873 3782 3926 πί-

2187 3968 2395 4016 στεως,
2443 3954 2533 4021 ἐφ’
2577 3954 2793 4016 ἑαυτοῖς
2837 3954 3210 4025 ἀναμέλπουσι
3242 3955 3525 4025 λέγοντες·
3567 3978 3585 4011 ε
3614 3960 3783 4016 Εύλοο

2182 4043 2349 4115 γητδς
2387 4043 2594 4114 Κύριος
2636 4046 2694 4108 ὃς
2738 4045 2839 4097 οὐκ
2888 4043 3088 4099 ἔδωκεν
3120 4049 3270 4117 ἡμᾶς
3317 4051 3398 4112 είς
3447 4050 3621 4123 θήραν
3666 4057 3783 4117 τοῖς

2184 4135 2396 4190 ὀδοῦσιν
2438 4135 2638 4190 αὐτῶν.
2671 4154 2690 4188 ι
2720 4134 2906 4202 Ἔδοξε
2950 4136 3131 4190 τοίνυν
3177 4140 3309 4209 ἡμῖν
3352 4140 3419 4194 τὰ
3450 4141 3512 4195 ἐκ
3544 4142 3779 4215 φιλομα-

2186 4228 2338 4292 θείας
2382 4231 2727 4297 συνενεγκεῖν
2760 4229 3070 4301 εύρήματα,
3114 4230 3208 4284 καὶ
3240 4235 3645 4304 συγκεχυμένον
3680 4237 3782 4307 μὲν

2186 4320 2439 4391 οὐδαμῶς
2475 4320 2749 4375 συνθεῖναι
2779 4321 2869 4376 τὸν
2904 4322 3083 4391 λόγον,
3115 4324 3534 4397 εύκρινεστέραν
3562 4328 3619 4381 δέ
3650 4331 3780 4399 μᾶλ-

2187 4410 2278 4463 λον
2306 4410 2385 4474 εἰς
2416 4411 2646 4466 ἕκαστον
2674 4412 2782 4465 τῶν
2829 4412 3138 4481 κεφαλαίων
3172 4414 3268 4485 τὴν
3309 4415 3541 4486 βάσανον
3588 4419 3781 4489 ἔχοντα

2189 4501 2563 4571 διεξαγαγεῖν·
2593 4504 2739 4559 οὕτω
2763 4503 2871 4575 γὰρ
2894 4504 2959 4558 ἂν
2976 4505 3305 4572 εύσύνοπτός
3336 4504 3396 4561 τὲ
3427 4509 3521 4563 καὶ
3552 4511 3780 4582 εἰλικρι-

2194 4594 2423 4664 νεστέρα
2447 4597 2561 4658 τοῖς
2606 4586 3043 4667 φιλακροάμοσιν
3082 4600 3115 4666 ὴ
3163 4599 3272 4653 τῶν
3316 4600 3654 4672 ἐγκειμένων
3684 4606 3777 4673 γέο

2192 4702 2337 4739 νοιτο
2371 4685 2590 4754 γνῶσις.
2635 4689 2920 4760 Θησαυρὸς
2948 4689 3003 4741 δὲ
3032 4689 3109 4759 τῷ
3145 4689 3333 4762 βιϐλίῳ
3364 4693 3555 4763 ὄνομα,
3581 4693 3782 4766 πολλὴν

2194 4774 2371 4846 ἔχοντι
2402 4776 2510 4829 τῶν
2551 4776 2709 4832 θείων
2753 4778 3128 4851 θεωρημάτων
3170 4783 3677 4856 τεθησαυρισμένην
3724 4788 3782 4840 ὲν

2193 4867 2372 4938 ἐαυτῷ
2411 4867 2506 4938 τὴν
2542 4869 2781 4938 πληθύν·
2820 4873 2868 4924 εί
2913 4873 3009 4925 καὶ
3044 4872 3257 4944 μέτριοί
3294 4893 3438 4940 τινες
3486 4879 3543 4941 ἐς
3591 4877 3780 4946 λόγους

2189 4959 2371 5028 ἡμεῖς,
2405 4960 2500 5011 καὶ
2526 4959 2663 5031 πρὸς
2694 4960 2756 5013 τὸ
2781 4961 3043 5017 δύνασθαί
3075 4981 3129 5018 τι
3157 4968 3297 5020 νοεῖν
3332 4968 3392 5021 οὐ
3425 4968 3630 5039 σφόδρα
3660 4985 3782 5041 γορ-

2187 5050 2295 5116 γοί.
2339 5051 2671 5105 Ἀνακείσθω
2699 5053 2756 5106 δὲ
2795 5055 2956 5127 χάρις
3003 5055 3080 5127 τῷ
3126 5059 3303 5113 πάντα
3335 5062 3472 5113 πᾶσι
3508 5061 3779 5125 πλουσίως

2186 5158 2513 5212 χορηγουντι
2545 5144 2787 5215 Χριστῷ.
2830 5147 3039 5201 Εἰδέναι
3070 5149 3126 5202 δὲ
3162 5151 3266 5222 χρὴ
3296 5150 3425 5215 τοὺς
3456 5151 3779 5224 ἐντευξομέ-

2183 5248 2329 5297 νους,
2367 5234 2449 5286 ὅτι
2482 5236 2821 5293 συντέθειται
2858 5239 2978 5307 μὲν,
3022 5242 3163 5295 κατά
3192 5243 3291 5312 τὴν
3327 5244 3777 5316 ὑποτεταγμένην

2191 5325 2540 5397 προγραφὴν,
2570 5329 2640 5383 τὰ
2682 5332 2741 5385 ἐν
2771 5331 2849 5403 τῷ
2899 5332 3088 5406 βιϐλίῳ
3121 5336 3413 5405 κεφάλαια.
3455 5338 3779 5409 Περιέχεται

2184 5414 2242 5467 δέ
2290 5416 2503 5489 ἐκάστῳ
2551 5421 2722 5476 πολλά
2762 5426 2903 5496 πρὸς
2938 5427 3030 5481 τὸν
3073 5428 3235 5483 αὑτὸν
3283 5429 3625 5484 συντείνοντα
3656 5430 3780 5485 τῶν

2191 5502 2561 5579 θεωρημάτων
2591 5515 2814 5581 σκοπὸν,
2850 5519 2942 5571 καὶ
2967 5518 3052 5573 διά
3086 5520 3285 5575 κύκλου
3324 5523 3414 5579 καὶ
3441 5520 3777 5595 περιδρομῆς

1701 5680 1720 5711 ³
1758 5678 1801 5735 ll
1830 5679 1975 5737 Petr.
2010 5698 2072 5751 ιι,
2113 5684 2163 5740 l.
2242 5686 2261 5717 ⁸
2290 5686 2434 5746 Psal.
2466 5705 2659 5762 cum,
2692 5696 2744 5748 6.
