4144 6570
344 447 426 508 πι
874 456 876 459 ’
1772 445 1954 502 THES

2060 446 2213 503 RUS.
3540 442 3609 496 Ν

328 566 531 631 κίςτὸν
552 566 647 620 τοῦ
663 566 1000 637 περιέχοντος
1022 564 1378 621 ἀναϐαίνοντα
1393 563 1536 619 νοῦν.
1554 564 1934 636 Παραπὲπηγε

2060 579 2258 621 sensum
2306 561 2640 634 pertingunt.
2696 560 2767 617 lis
2794 572 2973 615 autem
3006 559 3275 631 capitibus
3315 558 3466 627 solis,
3493 575 3614 633 quo

341 658 401 712 δὲ
435 657 617 729 μόνοις
636 659 749 720 τοῖς
779 656 888 711 τῶν
914 656 1228 726 κεφαλαίων
1265 658 1653 728 περιεκτικοῖς,
1676 656 1786 711 τῶν
1817 658 1935 728 ἀρι-

2039 655 2147 712 alia
2171 654 2413 726 ejusdem
2439 654 2744 725 argumenti
2766 653 2867 708 sub
2905 668 2964 709 se
3009 654 3310 719 continent,
3348 669 3612 712 numero-

343 746 501 818 θμῶν
525 749 559 819 ἠ
589 746 773 815 τάξις
799 746 871 802 τὰ
907 748 964 802 δὲ
996 748 1356 820 παρεπόμενα
1381 748 1615 813 τούτοις,
1654 748 1929 821 στοιχηδὸν

2060 763 2159 804 ὐιιι
2214 748 2349 805 ordo
2393 756 2478 803 est
2508 746 2772 816 adjectus.
2814 744 2946 813 Quae
2996 760 3126 802 vero
3162 746 3353 817 primis
3399 748 3510 805 iiiis
3548 763 3615 805 ac

338 838 451 910 μιν
498 838 813 892 ιντέτακται
850 841 975 903 ταῖς
1013 840 1403 911 Δι’)τιογριιιιριϊίις,
1438 840 1710 912 ἀριθμοὺς
1743 840 1800 894 δὲ
1830 841 1930 895 οὐκ

2060 839 2322 909 praecipuis
2364 837 2634 909 capitibus
2672 838 2789 894 sive
2828 836 3002 893 titulis
3041 852 3253 892 annexa
3283 847 3429 903 sunt,
3462 847 3519 895 et
3545 854 3616 895 ex

336 929 483 1002 εχει,
507 928 585 994 ὡς
616 933 685 1003 τῇ
715 929 827 985 τῶν
853 931 1224 1002 περιεκτικῶν
1246 932 1458 1004 διανοίᾳ
1486 932 1926 1004 χρεωστούμενα,

339 1021 445 1075 καὶ
470 1023 551 1086 εἰς
574 1022 667 1076 τὸν
697 1022 924 1077 ἐκείνων
955 1023 1217 1094 τρέχοντα
1243 1023 1465 1078 σκοπόν.

2033 930 2103 987 iis
2121 931 2447 1002 dependent,
2467 930 2583 987 suis
2604 930 2766 985 etiam
2792 930 2942 985 notis
2961 927 3252 985 ordinatim
3272 928 3617 999 distinguun-

2035 1030 2167 1079 tur:
2195 1037 2452 1079 numeros
2489 1030 2669 1078 tamen
2716 1022 2983 1091 ascriptos
3021 1035 3124 1075 non
3160 1020 3382 1084 habent,
3420 1021 3620 1091 quippe

336 1130 472 1186 «qua
512 1117 583 1174 ab
617 1132 806 1175 eorum
848 1117 1129 1176 titulorum
1164 1118 1265 1174 sub
1303 1119 1501 1188 quibus
1551 1119 1900 1173 continentur
1931 1131 2095 1175 sensu
2128 1117 2486 1188 dependeant,
2508 1125 2574 1173 et
2611 1117 2677 1171 ad
2720 1116 2972 1171 eumdem
3017 1128 3243 1185 scopum
3288 1112 3615 1184 pertineant.

933 1488 1221 1579 ΤΑΔΕ
1297 1489 1772 1579 ΕΝΕΣΤΙΝ
1848 1493 1994 1577 ΕΝ
2066 1490 2360 1578 ΤΩΔΕ
2419 1492 2567 1577 ΤΩ
2635 1490 3032 1579 ΒΙΒΛΙΩ.

1519 1889 1913 1980 INDEX
1994 1888 2417 1982 EORUM

1295 2096 1472 2165 QUE
1508 2096 1579 2154 1N
1610 2097 1753 2155 HOC
1794 2098 2000 2156 LIBRO
2026 2099 2559 2159 CONTINENTUB.

1030 2468 1249 2524 ΛΟΓΟΣ
1283 2472 1361 2524 A'.

1030 2470 1249 2524 ΛΟΓΟΣ
1283 2472 1361 2524 A'.

431 2562 571 2632 Περὶ
604 2560 900 2633 ἀγενῆ-του
932 2470 1029 2613 aenei!
1062 2559 1335 2629 γενητοῦ,
1362 2559 1431 2613 ἐν
1461 2551 1529 2625 ᾧ,
1557 2560 1647 2613 ὅτι
1680 2559 1952 2628 κρεῖττόν

359 2654 493 2709 ἔστι
524 2654 623 2709 καὶ
674 2648 1146 2721 ἀξιολογώτερον
1190 2650 1423 2720 Πατέρα
1474 2649 1793 2706 καλεῖσθαι
1839 2649 1949 2703 τόν

362 2746 532 2812 Θεὸν,
564 2747 604 2813 ἣ
633 2745 949 2816 ἀγένητον.

1056 2834 1208 2891 ΛΟΓ.
1248 2835 1303 2886 B'

432 2926 555 2980 Ὅτι
584 2926 652 2980 τὸ
692 2926 990 2995 ἀγένητον
1024 2925 1136 2979 οὐκ
1169 2925 1374 2990 οὐσία,
1408 2925 1547 2980 ἀλλ’
1579 2925 1797 2991 οὐσίας
1838 2942 1951 2993 ση-

358 3019 667 3092 μαντικόν.

1035 3110 1187 3163 ΛυΓ.
1229 3110 1303 3162 Γ¹.

436 3205 559 3258 Ὅτι
594 3204 683 3274 μὴ
723 3204 792 3258 τὸ
820 3203 1117 3274 ἀγένητον
1160 3201 1362 3266 οὐσία,
1388 3201 1584 3269 μόνον
1613 3199 1679 3253 δὲ
1724 3199 1830 3253 τοῦ
1869 3200 1956 3269 μὴ

260 3306 287 3317 ⁹
366 3296 676 3368 γεγονέναι
702 3297 810 3350 τὸν
840 3295 989 3350 θεὸν
1016 3293 1416 3363 σημαντικόν.

1037 3385 1187 3438 ΛΟΓ.
1228 3384 1301 3436 Δ¹.

437 3478 595 3549 Πρὸς
636 3478 780 3543 τοὺς
824 3475 1170 3545 τολμῶντας
1200 3474 1424 3542 λέγειν,
1460 3472 1547 3525 ὅτι
1587 3491 1603 3521 ι
1637 3467 1748 3528 Ἦν
1792 3485 1957 3537 ποτε,

366 3567 470 3623 ὅτε
494 3569 606 3622 οὐκ
635 3562 714 3637 ἦν
759 3568 793 3620 ό
828 3566 980 3631 Υἱός.
1007 3584 1026 3616 ι
1062 3562 1332 3630 Ἐκλογαὶ
1386 3561 1823 3629 συλλογισμῶν
1860 3562 1963 3615 καὶ

366 3656 686 3728 νοημάτων
746 3653 1117 3710 κατασκευαί
1179 3653 1302 3707 σὺν
1361 3654 1716 3722 μαρτυρίαις
1737 3670 1749 3683 ·
1773 3654 1842 3707 τὸ
1894 3650 1964 3707 δὲ

368 3747 791 3818 συναγόμενον
827 3746 900 3800 ἐκ
939 3744 1200 3811 πάντων,
1235 3744 1327 3796 ὅτι
1363 3742 1552 3810 ἀΐδιος
1591 3747 1624 3798 ό
1661 3742 1770 3797 τοῦ
1809 3744 1958 3798 Θεοῦ

369 3839 582 3907 Ao'roc.

441 3932 545 3996 Εἰς
591 3929 658 3983 τὸ
695 3928 841 3983 αὐτὸ
876 3929 1226 3997 κατασκευὴ
1257 3927 1502 3995 πιθανὴ,
1544 3928 1635 3982 ὅτι
1667 3929 1734 3981 τὸ
1767 3929 1958 3997 ῥητὸν

370 4023 438 4077 τὸ
490 4021 707 4091 λέγον·
746 4019 883 4075 (Τὰ
918 4020 1142 4089 ἀόρατα
1175 4021 1364 4076 αὐτοῦ
1398 4021 1520 4075 ἀπὸ
1559 4023 1813 4085 κτίσεως
1859 4020 1960 4073 κό-

368 4130 553 4184 σμου,
605 4113 729 4180 τοῖς
764 4112 1055 4182 ποιήμασι
1105 4113 1405 4181 νοούμενα
1444 4111 1784 4182 καθορᾶταν
1831 4111 1866 4179 ἦ
1898 4128 1961 4164 τε

371 4204 573 4271 ἀΐδιος
620 4204 810 4259 αὐτοῦ
846 4203 1099 4274 δύναμις
1142 4202 1243 4258 καὶ
1291 4206 1543 4271 θειότης,
1583 4225 1602 4259 ι
1657 4205 1765 4259 τὸν
1825 4202 1962 4257 Υίὸν

371 4296 675 4365 σημαίνει.

446 4387 678 4455 Ἕτεραι
709 4385 1045 4456 μαρτυρίαι,
1074 4384 1166 4439 ὅτι
1197 4384 1389 4450 ἀΐδιος
1417 4388 1451 4440 ό
1490 4387 1639 4451 Υίός.

457 4476 814 4541 Ἀποδείξεις
856 4474 953 4529 διὰ
996 4474 1358 4544 μαρτυριῶν,
1395 4472 1484 4527 ὅτι
1523 4475 1582 4526 ai
1615 4472 1759 4526 θεῖαι
1812 4474 1963 4540 Γρα-

374 4568 503 4638 goat,
528 4567 596 4622 τὸ
622 4586 641 4621 ι
664 4564 762 4639 ἧν,
790 4587 808 4619 ι
840 4566 939 4621 καὶ
966 4565 1033 4619 τὸ
1059 4585 1077 4618 ι
1103 4569 1135 4621 ό
1160 4566 1264 4631 ὢν,
1292 4586 1310 4617 ι
1343 4565 1441 4619 καὶ
1471 4563 1536 4618 τὸ
1566 4584 1584 4615 ι
1606 4563 1912 4633 ὑπάρχων,
1939 4582 1959 4614 ι

375 4662 475 4714 καὶ
506 4660 572 4715 τὸ
608 4680 625 4713 ι
655 4660 835 4730 ἥμην,
862 4679 881 4712 s
916 4660 1015 4714 καὶ
1045 4658 1112 4713 τὸ
1156 4676 1175 4712 ι
1202 4658 1341 4729 ειμι,
1365 4676 1385 4709 ι
1433 4656 1534 4711 καὶ
1568 4656 1635 4710 τὸ
1672 4676 1689 4709 ‹
1718 4657 1909 4721 ἐστιν,
1939 4675 1957 4706 ι

374 4750 476 4803 ἐπὶ
517 4749 622 4805 τοῦ
651 4751 848 4818 Λόγου
882 4748 1110 4804 τιθέασι
1140 4748 1359 4817 μόνου,
1402 4746 1503 4800 ἐπὶ
1536 4746 1604 4799 δὲ
1643 4745 1760 4799 τῶν
1793 4763 1965 4815 γενη-

374 4842 498 4897 τῶν
529 4842 774 4911 ίούκέτι,
826 4841 989 4898 ἀλλὰ
1042 4838 1287 4910 μᾶλλον
1320 4838 1388 4893 τὸ
1445 4857 1463 4890 ι
1492 4837 1697 4902 crate,»
1748 4836 1847 4893 καὶ
1897 4836 1962 4889 τὸ

379 4951 402 4986 s
432 4934 596 5002 πρὶν,
623 4952 642 4987 s
686 4932 787 4988 καὶ
830 4933 898 4987 τὸ
942 4950 962 4984 s
997 4931 1113 5001 πρὸ
1150 4930 1280 4994 τοῦ,
1302 4947 1320 4981 ι
1365 4928 1467 4983 καὶ
1500 4928 1567 4982 τὸ
1620 4946 1639 4980 ι
1670 4927 1903 4998 γέγονεο
1939 4946 1957 4978 s

374 5026 476 5081 καὶ
510 5025 631 5081 ὅσα
659 5026 893 5091 τούτοις
919 5023 1112 5093 ὅμοια.

453 5120 577 5173 Ἕτι
614 5117 748 5186 περὶ
782 5116 888 5171 τοῦ
919 5115 1118 5171 ἀΐδιον
1144 5110 1299 5170 εἶναι
1325 5111 1432 5167 τὸν
1465 5111 1622 5178 Υίόν,
1648 5110 1730 5177 ὡς
1763 5109 1832 5176 ἐξ
1861 5110 1965 5163 ἀν-

375 5209 680 5276 τιθέσεως,
710 5207 1080 5275 κατασκευή.

452 5304 579 5357 Ἔτι
606 5301 742 5371 περὶ
784 5300 1123 5369 ἁτδιότητος
1154 5297 1590 5367 συλλογισμὸς,
1628 5293 1779 5364 μετά
1806 5308 1969 5357 τινος

376 5392 811 5464 ἐπαπορήσεως
877 5389 1314 5461 πεπλεγμένος,
1380 5387 1479 5441 καὶ
1542 5383 1829 5452 συνάγων
1879 5383 1967 5446 είς

378 5485 711 5555 ὁμολογίαν
744 5483 853 5538 τοῦ
894 5481 1023 5537 δεῖν
1049 5480 1119 5535 ἐκ
1161 5478 1272 5549 τῆς
1300 5479 1517 5544 οὐσίας
1557 5475 1666 5531 τοῦ
1712 5472 1963 5541 Πατρός,

379 5577 497 5630 οὐκ
545 5575 765 5641 ἔξωθεν
821 5573 1208 5645 ἑπιγεγονότα
1263 5571 1371 5626 τὸν
1424 5569 1563 5626 Υίὸν
1622 5564 1966 5636 ὑπολαμϐά-

376 5682 546 5722 νειν·
588 5669 638 5720 ει
669 5666 739 5720 δὲ
770 5665 968 5734 τοῦτο,
1002 5664 1198 5735 δῆλον
1224 5665 1314 5719 ὅτι
1352 5664 1451 5719 καὶ
1488 5661 1569 5729 τῷ
1604 5661 1787 5731 Harp!
1818 5676 1966 5714 συνο

372 5754 598 5811 uideor.

461 5849 611 5917 "Est,
651 5849 1157 5923 uepiﬁtdso’znzoc
1197 5848 1351 5903 Υίοῦ.

2632 2472 2972 2530 ᾺΞΞΕΒΤΙΟ
3012 2474 3057 2530 1.

2132 2562 2203 2614 De
2236 2564 2410 2631 genito
2468 2572 2516 2617 et
2557 2566 2813 2635 ingenito,
2867 2574 2919 2619 et
2972 2566 3110 2636 quod
3154 2566 3340 2620 melius
3376 2568 3441 2620 sit
3477 2578 3632 2640 atque

2056 2652 2266 2721 dignius
2321 2651 2488 2705 Deum
2535 2651 2750 2707 Patrem
2780 2655 2980 2721 vocari,
3010 2671 3166 2725 quam
3207 2657 3519 2728 ingenitum.

2647 2830 2938 2889 ASSERT.
2986 2832 3050 2886 ll.

2130 2920 2285 2987 Quod
2310 2921 2599 2989 ingenitum
2621 2936 2724 2975 non
2751 2923 2818 2977 sit
2842 2924 3166 2992 substantia,
3190 2928 3282 2981 sed
3322 2928 3637 2984 substantia:

2058 3008 2457 3080 signiﬁcativum

2631 3102 2924 3160 ASSERT.
2958 3103 3045 3162 lli.

2128 3194 2286 3260 Quod
2326 3195 2613 3265 ingenitum
2665 3213 2768 3250 non
2803 3198 2869 3250 sit
2917 3198 3234 3264 substantia,
3285 3202 3376 3255 sed
3423 3211 3631 3257 tantum

2062 3286 2323 3356 signiﬁcet
2345 3286 2515 3341 Deum
2535 3285 2769 3356 genitum
2800 3304 2904 3342 non
2926 3306 3059 3346 esse.

2634 3377 2926 3435 ASSEBT.
2964 3379 3050 3435 IV.

2135 3471 2399 3525 Aduersus
2422 3487 2511 3525 eos
2541 3472 2631 3540 qui
2652 3471 2824 3524 dicere
2852 3487 2955 3524 non
2999 3483 3277 3541 verentur,
3322 3494 3341 3528 s
3368 3474 3501 3532 Erat
3537 3480 3643 3535 ali-

2064 3565 2433 3635 quando,cum
2463 3579 2567 3617 non
2586 3572 2698 3617 erat
2722 3561 2917 3616 Filius.
2951 3581 2969 3615 ›
3004 3565 3318 3634 ΑῙῙενιιηιιιν
3345 3570 3641 3641 syllogismi

2068 3665 2117 3711 et
2165 3666 2597 3726 argumentorum
2626 3655 2961 3724 probationes
3005 3672 3124 3710 cum
3152 3660 3464 3715 testimoniis
3494 3662 3644 3718 Scri-

2062 3756 2279 3814 ptum:
2314 3761 2378 3799 ea:
2436 3746 2627 3815 quibus
2676 3747 2917 3800 omnibus
2969 3747 3194 3815 edicitur
3234 3751 3373 3819 quod
3420 3751 3643 3808 Verbum

2064 3835 2160 3890 Dei
2196 3837 2263 3889 sit
2305 3847 2579 3892 internum.

2132 3927 2391 3998 Ejusdem
2435 3930 2511 3983 rei
2557 3929 2801 3998 probatio
2833 3931 3043 3984 veritati
3088 3939 3461 3998 consentanea,
3501 3937 3642 4005 quod

2061 4022 2261 4075 dictum
2309 4019 2467 4087 illud,
2502 4039 2520 4072 ι
2569 4020 2872 4075 lnvisibilia
2918 4022 3034 4089 eius
3083 4038 3116 4077 a
3161 4024 3427 4078 creatione
3458 4025 3643 4079 mundi

2061 4132 2153 4182 per
2199 4130 2262 4167 ea
2313 4129 2428 4184 quia
2478 4112 2625 4184 [acta
2681 4124 2801 4167 sunt
2853 4113 3158 4183 intellecta,
3201 4115 3644 4184 conspiciuntur,

2062 4180 2383 4275 sempiterna
2416 4180 2619 4276 quo/que
2651 4205 2767 4274 ejus
2807 4180 2971 4258 virtus
3004 4215 3051 4258 et
3077 4180 3348 4272 divinitas,
3381 4223 3401 4258 ι
3435 4180 3641 4261 Filium

2062 4302 2347 4373 significat.

2134 4393 2260 4447 Alia
2292 4393 2615 4457 testimonia,
2654 4389 2795 4459 quod
2822 4396 3049 4445 atomus
3075 4389 3145 4445 sit
3174 4388 3371 4443 Filius.

2122 4485 2601 4540 Demonstrationes
2615 4482 3040 4553 pertestimonia,
3056 4481 3196 4552 quod
3212 4496 3380 4535 sacra
3398 4479 3643 4550 Scriptu-

2066 4594 2139 4632 rte
2149 4593 2294 4631 uoces
2310 4577 2426 4641 has,
2448 4595 2467 4629 ι
2486 4584 2622 4641 erat,
2644 4575 2917 4639 exsistens,
2936 4589 3047 4639 ens,
3064 4589 3228 4640 eram,
3246 4588 3393 4626 sums
3413 4580 3641 4642 αμα..

2066 4669 2132 4722 de
2166 4666 2334 4721 Verbo
2361 4667 2531 4722 solum
2553 4668 2771 4731 dicunt;
2803 4668 2869 4721 de
2892 4666 3151 4721 creaturis
3188 4681 3307 4720 vero
3351 4681 3454 4721 non
3499 4668 3645 4732 item,

2067 4759 2156 4812 sed
2189 4758 2410 4822 «Olim,»
2427 4760 2533 4813 sive
2559 4758 2895 4828 «aliquando,
2914 4756 3137 4826 pridem,
3156 4765 3297 4822 ante,
3328 4755 3432 4826 fuit
3460 4774 3478 4808 ι
3505 4754 3648 4811 alia-

2066 4867 2164 4916 que
2191 4851 2270 4903 his
2293 4852 2511 4904 similia.

2141 5118 2401 5187 Amplius,
2437 5115 2577 5187 quod
2612 5124 2840 5170 internus
2872 5114 2939 5167 sit
2984 5110 3159 5165 Filius
3186 5126 3204 5163 :
3240 5125 3359 5162 cum
3390 5109 3648 5165 solutions

2071 5207 2417 5275 objectionum
2428 5244 2440 5257 .

2144 5297 2307 5349 Aliud
2340 5335 2355 5359 ,
2399 5296 2812 5356 de‘teternitate,
2851 5290 3184 5359 syllogismus
3242 5304 3360 5343 cum
3419 5289 3649 5359 quadam

2072 5388 2359 5458 quastione
2388 5398 2673 5448 connexus,
2695 5381 2834 5435 unde
2856 5378 3122 5449 colligitur
3140 5377 3493 5448 confitendum
3516 5394 3649 5446 esse,

2078 5477 2279 5533 Filium
2325 5492 2391 5533 ea:
2432 5475 2657 5531 essentia
2698 5471 2878 5527 Patris
2916 5486 3048 5539 esse,
3096 5479 3144 5525 et
3180 5485 3284 5525 non
3310 5469 3650 5525 extrinsecus

2073 5570 2357 5625 accessisse
2381 5582 2401 5622 :
2433 5568 2477 5622 si
2507 5575 2679 5621 autem
2716 5564 2790 5619 ita
2820 5572 2917 5631 est,
2946 5570 3265 5618 cowternum
3296 5561 3454 5618 etiam
3492 5556 3651 5618 Patri

2071 5678 2201 5716 8888.

2151 5838 2202 5909 5
2239 5836 2420 5902 Aliud,
2452 5834 2515 5889 de
2549 5834 2842 5889 ανηνιιίιοϐε
2876 5828 3029 5882 Filii.
