4144 6514
557 404 627 457 ιε
1042 352 1045 355 ἀ
1552 383 1610 439 s.
1652 378 1925 438 CYRILLI
1965 372 2441 432 ALEXANDRINI
2481 367 2805 425 ARCHIEP.
3750 361 3813 415 ιο

624 507 978 577 Interrogatio
1034 503 1354 558 Arianorum
1407 498 1754 553 absurditatis
1833 492 2132 565 plena;cui

554 603 663 657 alia
692 616 793 654 non
829 594 1086 651 absimilis
1112 589 1451 659 interrogatio
1480 588 1778 657 opponitur,
1803 586 1994 638 docens
2028 597 2131 635 non

551 709 661 749 esse
678 690 879 759 aliquid
910 687 1070 743 stulte
1104 682 1552 753 interrogandum.

628 784 887 840 Adversus
922 781 1327 848 interrogantes,
1357 794 1377 827 ι
1407 777 1486 827 Αη
1509 773 1740 827 habuisti
1777 772 1945 834 ﬁlium
1983 776 2132 821 ante-

550 892 708 946 quam
739 871 1017 944 gigneres?
1039 889 1057 923 ι
1083 878 1132 924 et
1155 870 1401 931 dicentes,
1434 864 1562 918 «Ita
1593 879 1754 932 neque
1790 862 1926 915 Deus
1950 859 2131 913 habuit

555 968 758 1022 Filium
788 966 1100 1033 priusquam
1134 977 1248 1015 eum
1276 961 1527 1029 gigneret.
1571 974 1590 1006 ι

1144 1048 1438 1105 ASSERT.
1508 1048 1574 1102 ν.

627 1150 779 1218 Quod
804 1150 963 1202 Pater
1004 1163 1103 1199 non
1129 1144 1327 1198 exstitit
1355 1151 1474 1196 ante
1504 1139 1730 1203 Filium,
1758 1137 1965 1191 tametsi
1988 1135 2129 1203 inge-

555 1245 699 1297 nitus
768 1241 859 1306 sit,
906 1238 998 1292 sed
1040 1243 1331 1288 coarternus
1410 1234 1512 1302 ipsi
1566 1226 1669 1301 fuit
1736 1227 1929 1282 Filius
1984 1227 2129 1296 geni~

554 1345 656 1386 m8.
1177 1412 1468 1468 ASSERT.
1502 1413 1585 1466 VI.

626 1509 778 1576 Quod
803 1507 966 1561 Pater
987 1506 1121 1559 citra
1150 1505 1455 1559 divisionem
1490 1513 1536 1556 et
1582 1502 1715 1555 citra
1746 1499 2133 1568 corruptionem

552 1616 619 1655 ex
647 1602 815 1670 seipso
855 1598 1087 1669 genuerit
1109 1594 1332 1649 Filium.

1121 1706 1409 1764 ASSEBT.
1454 1707 1563 1763 VII.

622 1804 883 1858 Adversus
912 1817 1000 1857 eos
1038 1801 1128 1872 qui
1157 1800 1433 1868 objiciunt,
1463 1816 1480 1850 ι
1512 1796 1673 1850 Pater
1691 1804 1866 1849 utrum
1912 1792 2130 1860 fortuito

550 1898 723 1966 genuit
753 1891 976 1956 Filium,
1007 1907 1075 1943 an
1115 1888 1419 1943 voluntate?
1439 1908 1457 1939 s

1140 1977 1432 2033 ASSERT.
1474 1976 1608 2033 Vlll.

627 2076 887 2128 Adversus
938 2074 1185 2137 dicentes,
1222 2088 1324 2124 non
1362 2069 1539 2133 Patri,
1568 2069 1657 2123 sed
1702 2066 1956 2122 voluntati
2018 2065 2129 2135 ejus

548 2167 770 2219 similem
789 2181 897 2218 esse
936 2162 1156 2216 Filium.

1148 2269 1442 2326 ASSERT.
1474 2268 1567 2323 1X.

626 2390 783 2455 Quod
804 2386 1268 2442 consubstantialis
1330 2386 1398 2438 sit
1450 2382 1623 2435 Filius
1647 2379 1822 2445 Patri,
1865 2391 1930 2434 ex
1952 2381 2129 2445 dictis,

555 2483 726 2550 «Quid
746 2498 824 2535 me
851 2482 982 2533 dicis
1005 2476 1232 2532 bonum?
1258 2474 1425 2529 Nemo
1460 2476 1621 2528 bonus
1647 2474 1746 2527 nisi
1779 2489 1915 2527 unus
1930 2472 2124 2526 Deus.»

551 2574 643 2640 Et,
685 2593 701 2625 ι
747 2572 891 2625 Vada
930 2572 998 2623 ad
1036 2570 1246 2622 Patrem
1281 2582 1449 2621 meum
1476 2576 1524 2619 et
1570 2563 1783 2618 Patrem
1806 2574 2053 2626 vestrum,
2083 2572 2130 2616 et

551 2666 717 2719 Deum
739 2680 906 2717 meum
927 2672 977 2717 et
1008 2660 1176 2715 Deum
1202 2668 1448 2712 vestrum.
1476 2677 1494 2710 ι
1525 2656 1684 2720 Item,
1722 2674 1739 2706 ι
1768 2655 1929 2709 Pater
1956 2656 2132 2724 major

550 2774 632 2813 me
672 2764 767 2812 est.
808 2774 826 2807 ι

1150 2950 1439 3007 ASSERT.
1488 2950 1563 3004 Χ.

622 3074 775 3141 Quod
806 3067 1269 3124 consubstantialis
1315 3064 1473 3118 Patri
1530 3062 1597 3118 sit
1644 3060 1843 3115 Filius.
1881 3059 2128 3129 Defensio

549 3168 693 3221 illius
718 3163 865 3225 dicti,
898 3181 916 3213 ι
964 3161 1073 3215 Cur
1095 3175 1176 3212 me
1197 3158 1331 3212 dicis
1356 3155 1592 3211 bonum?
1626 3173 1646 3207 ι
1678 3162 1727 3209 et
1772 3153 1917 3207 illius
1970 3167 2130 3219 expo-

548 3260 694 3313 sitio.

1129 3360 1422 3419 ASSERT.
1464 3360 1558 3416 XI.

623 3480 985 3549 Quodb’ilius
1003 3479 1067 3532 sit
1116 3477 1271 3531 Patri
1319 3473 1809 3539 consubstantialis,
1852 3484 1916 3527 ex
1965 3471 2129 3536 dicto,

556 3595 573 3626 ι
610 3571 773 3627 Pater
799 3588 942 3625 meus
983 3568 1159 3638 major
1183 3584 1263 3622 me
1293 3577 1389 3623 est.
1431 3583 1451 3618 ι

620 3666 781 3718 Aliud
813 3665 1021 3725 docens,
1040 3660 1177 3731 quod
1208 3659 1474 3729 proposito
1494 3657 1692 3727 majore
1711 3665 1758 3710 et
1782 3655 2003 3719 minore,
2028 3654 2130 3707 im-

549 3757 712 3825 perite
734 3753 1020 3807 admodum
1054 3748 1391 3821 ianualitas
1437 3748 1703 3818 inferatur
1730 3762 1749 3800 :
1781 3745 1945 3817 quod,
1972 3743 2128 3814 juxta

552 3846 855 3901 Aristotelis
881 3843 1237 3913 disciplinam,
1271 3842 1493 3896 alterius
1527 3840 1593 3894 sit
1616 3839 1842 3910 generis.

629 4022 780 4080 Aliud
834 4022 1198 4076 demonstrans
1253 4034 1343 4088 per
1391 4018 1449 4070 id
1502 4018 1642 4088 quod
1706 4016 1906 4068 dicitur
1964 4012 2129 4069 Pater

552 4114 746 4185 major,
776 4114 931 4168 simul
957 4113 1113 4168 etiam
1140 4111 1323 4180 inferri
1374 4109 1599 4163 Filium.
1638 4106 1730 4162 Est
1789 4116 1962 4162 autem
2024 4122 2126 4159 non

549 4204 724 4259 minor
743 4206 874 4271 ipso.

627 4294 779 4359 Quod
823 4292 867 4345 F
872 4292 994 4346 ilius
1023 4290 1213 4344 similis
1252 4289 1319 4343 sit
1347 4286 1522 4353 Patri,
1555 4286 1821 4357 proposito
1867 4284 2007 4338 dicto
2063 4282 2128 4335 il-

552 4380 624 4447 lo,
665 4398 685 4431 ι
720 4380 880 4433 Amen
908 4379 1024 4432 dico
1054 4378 1217 4437 vobis,
1240 4391 1341 4429 non
1362 4376 1587 4430 surrexit
1626 4376 1761 4429 inter
1812 4382 1965 4428 natos
2013 4387 2130 4425 mu-

552 4472 739 4525 lierum
769 4471 945 4541 major
966 4468 1172 4523 Joanne
1196 4467 1461 4537 Baptista,
1486 4486 1506 4520 ›
1542 4475 1651 4523 etc.

1082 4667 1138 4737 θ
1171 4662 1465 4719 ASSERT.
1505 4661 1620 4717 xu.

634 4777 690 4834 In
716 4778 869 4845 illud,
894 4778 1038 4849 «Ego
1069 4778 1122 4830 in
1148 4774 1331 4841 Patre,
1363 4787 1409 4830 et
1438 4775 1665 4831 Paterin
1692 4790 1805 4840 me;
1830 4795 1847 4827 ι
1874 4784 1942 4841 et,
1973 4794 1991 4827 ι
2016 4775 2127 4848 Ego

550 4881 598 4927 et
643 4868 800 4923 Pater
840 4885 1001 4923 unum
1035 4884 1251 4931 sumus;
1278 4887 1295 4919 ι
1333 4869 1420 4921 ubi
1448 4869 1688 4936 deinceps
1738 4869 2128 4922 demonstratur

555 4960 719 5013 Deum
738 4960 901 5029 fuisse
937 4960 1024 5028 qui
1060 4958 1297 5012 liberavit
1353 4959 1710 5027 patriarcham
1734 4958 1897 5013 Iacob
1928 4976 1992 5014 ex
2018 4978 2129 5015 om-

554 5050 705 5105 nibus
736 5052 908 5105 malis.

637 5140 1062 5204 Demonstratur,
1118 5140 1258 5206 quod
1321 5137 1547 5191 Verbum
1586 5139 1684 5195 Dei
1730 5143 1922 5211 species
1963 5144 2127 5212 ipsius

551 5233 620 5287 sit
658 5233 835 5302 :quod
882 5229 1107 5284 Verbum
1135 5242 1341 5283 vocetur
1364 5233 1557 5300 species
1589 5232 1703 5289 Dei.

630 5422 913 5477 Vehemens
951 5424 1329 5479 demonstratio
1375 5427 1564 5483 docens
1590 5430 1729 5498 quod
1778 5446 1896 5500 qua:
1930 5432 2125 5499 aliqui-

552 5514 646 5566 bus
687 5511 1072 5579 assimilantur,
1099 5517 1271 5569 nonin
1306 5518 1605 5571 universum
1630 5529 1677 5574 et
1705 5521 2022 5575 naturaliter
2047 5525 2125 5577 in-

552 5612 669 5656 sunt
704 5603 767 5656 iis
803 5601 989 5673 quibus
1043 5606 1445 5661 assimilantur:
1495 5609 1585 5661 sed
1636 5626 1752 5679 quae
1810 5612 2126 5665 naturaliter

553 5690 811 5760 aliquibus
844 5692 1041 5759 insunt,
1072 5696 1206 5749 velut
1231 5697 1479 5766 imagines
1508 5700 1747 5769 quautam
1787 5710 1907 5757 sunt
1946 5719 2122 5757 eorum

552 5784 622 5836 ad
650 5800 764 5853 qua:
795 5796 973 5841 nostra
994 5788 1229 5844 voluntas
1270 5790 1576 5861 impellitur.

2325 482 2644 552 Ἐρώτησις
2684 474 2990 547 Ἀρειανῶν
3016 475 3270 540 ἀτοπίας
3288 472 3483 543 μεστή
3507 490 3517 501 ·
3568 472 3717 540 πρὸς
3746 471 3828 540 ῆν

2238 572 2717 643 ἀντεπεριὶπησις
2749 566 3112 635 ἀτοπωτέρα,
3139 565 3227 618 ὅτι
3266 563 3383 634 χρὴ
3430 562 3514 633 μὴ
3548 561 3827 617 ἀπαιδεύ-
3860 590 3867 619 ς

2238 685 2352 734 τως
2388 661 2615 735 ἐρωτᾷν
2652 661 3126 716 ἐκδιδάσκουσα.

2309 756 2467 824 Πρὸς
2495 754 2632 821 τοὺς
2663 751 3025 823 ἐρωτῶντας,
3070 770 3087 801 ι
3124 744 3364 815 Εἱεῒχες
3398 746 3529 801 Υίὸν
3561 746 3703 817 πρὶν
3737 750 3824 801 τέ-

2237 865 2390 918 κῃς;
2425 867 2443 900 s
2491 846 2591 900 καὶ
2622 845 2936 915 λέγοντας,
2979 864 2996 894 ι
3029 843 3193 896 Οὕτω
3233 841 3333 895 καὶ
3364 844 3395 894 ό
3427 841 3571 907 Θεὸς
3603 844 3714 896 οὐκ
3743 837 3825 895 εἵ-

2238 957 2347 1009 χεν
2394 939 2533 992 Υίὸν
2569 937 2712 1006 πρὶν
2748 935 3052 1006 γεννήσει.
3084 955 3101 987 ι

2894 1027 3046 1080 AOD.
3093 1024 3166 1079 E'.

2312 1122 2429 1173 ’Ὁτι
2485 1122 2557 1174 οὺ
2605 1119 2975 1189 προϋπάρχει
3020 1118 3125 1173 τοῦ
3172 1117 3312 1172 Υίοῦ
3361 1120 3395 1172 ό
3436 1117 3661 1185 Πατὴρ,
3710 1116 3824 1168 κᾶν

2236 1213 2568 1283 ἀγέννητος
2740 1214 2879 1269 ἀλλ’
2904 1209 2983 1283 ἦν
3038 1210 3199 1277 αὑτῷ
3247 1210 3559 1276 συναΐδιος
3604 1212 3637 1263 ό
3692 1209 3822 1273 Υἱὸς

2237 1304 2546 1375 γεννητός.

2894 1393 3044 1447 ΑοΓ.
3092 1395 3181 1459 ς’.

2311 1484 2441 1538 ’Ότι
2473 1488 2506 1538 ὁ
2534 1484 2739 1552 Πατὴρ
2767 1484 3102 1553 ἀμερίστως
3133 1483 3230 1537 καὶ
3256 1483 3562 1551 ἀρεύστως
3581 1480 3823 1551 ἐγέννη-

2236 1590 2351 1628 σεν
2390 1574 2461 1639 ἐξ
2500 1574 2690 1629 αὐτοῦ
2729 1576 2840 1628 τὸν
2888 1576 3047 1629 Υίόν.

2895 1687 3047 1740 ΛΟΓ.
3092 1689 3167 1741 Ζ’.

2304 1779 2467 1847 Πρὸς
2486 1779 2628 1845 τοὺς
2645 1780 3070 1848 προτείνοντας
3088 1778 3207 1843 τὸ,‹
3233 1776 3655 1847 Ἀὄουλήτωςῆ
3674 1781 3823 1831 κατά

2231 1871 2543 1939 ,βούλησιν
2581 1871 2875 1939 ἐγέννησε
2916 1870 3023 1924 τὸν
3055 1870 3214 1923 -Υίὸν
3247 1870 3280 1922 ὸ
3320 1868 3556 1937 Πατήρ;
3588 1887 3608 1920 ι

2890 1966 3043 2017 ΛΟΓ.
3088 1966 3171 2017 Η’.
3518 1958 3522 1961 ’

2304 2056 2463 2125 Πρὸς
2489 2056 2634 2123 τοὺς
2666 2056 2959 2126 λέγοντας
2992 2056 3080 2111 ὅτι
3112 2058 3184 2109 οὐ
3215 2053 3295 2120 τῷ
3327 2054 3531 2123 Πατρὶ,
3560 2053 3721 2109 ἀλλὰ
3748 2052 3821 2122 τῇ

2229 2148 2534 2215 βουλήσει
2572 2148 2783 2217 αὑτοῦ,
2821 2148 3025 2217 ὅμοιός
3062 2147 3234 2201 ἐστιν
3272 2150 3304 2200 ό
3354 2147 3507 2211 Υἱός.

2891 2261 3044 2315 ΛΟΓ.
3080 2258 3158 2315 Θ’.

2307 2377 2436 2430 Ὅτι
2467 2377 2791 2445 ὀμοούσιος
2820 2376 2900 2441 τῷ
2930 2375 3113 2443 Πατρὶ
3143 2378 3175 2429 ό
3207 2376 3356 2442 Υἱὸς,
3376 2371 3824 2442 παρατεθέντων

2232 2469 2331 2521 καὶ
2382 2468 2503 2523 τῶν
2541 2467 2765 2537 ῥητῶν,
2817 2486 2835 2519 ‹
2875 2469 2936 2523 Τί
2964 2485 3041 2537 με
3069 2468 3268 2538 λέγεις
3306 2468 3569 2537 ἁγαθόν;
3612 2464 3821 2530 Οὐδεὶς

2233 2559 2474 2631 ἀγαθὸς,
2515 2562 2568 2614 ει
2609 2559 2696 2629 μὴ
2730 2554 2818 2626 εἷς
2851 2562 2884 2613 ὁ
2912 2561 3091 2625 Θεός·
3126 2578 3144 2610 ι
3198 2559 3297 2612 καὶ
3332 2557 3459 2624 τοῦ,
3518 2574 3537 2609 ι
3566 2558 3820 2625 Πορεύο-

2227 2670 2334 2721 μαι
2364 2654 2520 2722 πρὸς
2552 2656 2659 2707 τὸν
2684 2653 2916 2723 Πατέρα
2938 2671 3081 2724 μου,
3117 2654 3215 2707 καὶ
3246 2651 3478 2720 Πατέρα
3505 2650 3691 2721 ὑμῶν,
3724 2650 3820 2705 καὶ

2234 2744 2382 2799 Θεόν
2406 2762 2550 2814 μου,
2581 2747 2681 2801 καὶ
2710 2747 2858 2801 Θεὸν
2886 2744 3054 2815 ὑμῶν
3074 2762 3086 2775 ·
3123 2764 3142 2797 ι
3182 2746 3279 2799 καὶ
3315 2745 3550 2813 ὁμοίως,
3586 2763 3603 2795 ι
3626 2744 3677 2796 '0
3704 2746 3821 2797 Ha-

2213 2832 2342 2902 ντὴρ
2373 2833 2587 2904 μείζων
2617 2836 2737 2903 μού
2775 2835 2997 2890 ἐστιν.)

2905 2949 3059 3005 ΛΟΓ,
3085 2949 3142 3002 1'.

2305 3058 2425 3111 Ὅτι
2455 3058 2781 3126 ὁμοούσιος
2809 3056 2889 3124 τῷ
2919 3060 3103 3130 Harp!
3131 3064 3171 3115 ’ό
3213 3064 3342 3128 Υἱός
3366 3076 3380 3095 ο
3421 3063 3491 3115 ἐν
3520 3054 3568 3129 ᾦ
3594 3062 3819 3117 ἀπολο-

2234 3150 2337 3219 γία
2368 3148 2591 3217 πιθανὴ
2637 3149 2789 3218 πρὸς
2826 3150 2933 3204 τὸν
2954 3152 3361 3220 ἐρωτήσαντα,
3398 3172 3417 3205 ι
3452 3155 3511 3207 Τί
3528 3170 3603 3223 με
3624 3152 3819 3223 λέγεις

2234 3241 2462 3313 ἀγαθόν
2474 3257 2494 3306 ;
2526 3261 2545 3295 s
2591 3241 2690 3296 καὶ
2727 3242 3019 3314 ἐξήγησις
3056 3245 3165 3299 τοῦ
3196 3245 3410 3316 ῥητοῦ.

2871 3356 3023 3410 ΛΟΓ.
3070 3359 3173 3413 lA'.

2308 3468 2438 3519 Ὅτι
2473 3468 2792 3536 ὀμοούσιος
2827 3471 2859 3521 ὀ
2899 3470 3033 3536 Υίὸς
3076 3470 3158 3537 τῷ
3185 3474 3391 3542 Πατρὶ,
3425 3474 3818 3543 προκειμένου

2225 3557 2436 3627 ῥητοῦ,
2483 3574 2502 3608 ι
2526 3557 2588 3610 '0
2625 3557 2828 3627 Πατήρ
2861 3575 2982 3627 μου
3016 3559 3228 3629 μείζων
3258 3564 3376 3630 μού
3415 3564 3639 3617 ἐστιν.»

2308 3650 2509 3713 Ἄλλο,
2540 3648 2834 3703 διδάσκον
2864 3648 2954 3703 ὅτι
2998 3652 3392 3720 προκειμένου
3422 3653 3527 3707 τοῦ
3549 3653 3821 3724 μείζονος

2233 3739 2332 3794 καὶ
2358 3738 2465 3795 τοῦ
2495 3739 2838 3805 ἐλάττονος,
2876 3738 3248 3805 ἀπαιδεύτως
3278 3742 3345 3794 τὸ
3378 3742 3664 3813 ἀνόμοιον
3694 3748 3817 3799 εισ-

2232 3831 2494 3901 ερέρεται,
2539 3830 2879 3899 ἐτερογενὲς
2927 3830 3000 3883 ὂν
3037 3832 3187 3885 κατὰ
3216 3831 3329 3899 τὴν
3364 3834 3819 3905 Ἀριστοτέλους

2230 3922 2472 3993 τέχνην.

2307 4015 2487 4068 Ἄλλο
2541 4010 2856 4075 ἀπόδειξιν
2904 4011 3069 4081 ἕχον,
3100 4009 3189 4065 ὅτι
3239 4010 3337 4065 διὰ
3386 4014 3493 4069 τοῦ
3536 4018 3816 4087 λέγεσθαι

2227 4103 2468 4175 μείζονα
2506 4102 2616 4157 τὸν
2638 4103 2891 4171 Πατέρα,
2920 4101 3376 4173 συνεισφέρεται
3417 4104 3534 4176 μὲν
3579 4107 3817 4177 πάντως

2233 4199 2267 4249 ό
2304 4198 2455 4262 Υἱός.
2481 4197 2656 4250 Ἐστι
2694 4195 2763 4248 δὲ
2799 4197 2910 4249 οὐκ
2946 4195 3211 4250 ἐλάττων
3245 4197 3453 4253 αὐτοῦ.

2306 4289 2510 4352 Ἄλλο,
2541 4287 2631 4340 ὅτι
2666 4283 2801 4355 ἴσος
2829 4291 2861 4342 ὁ
2898 4291 3033 4354 Υἱὸς
3064 4289 3143 4355 τῷ
3170 4290 3372 4361 Πατρὶ,
3419 4293 3814 4363 προκειμένου

2222 4379 2432 4448 ῥητοῦ,
2468 4397 2488 4431 ι
2510 4377 2690 4449 Ἀμὴν
2720 4379 2876 4449 λέγω
2918 4379 3079 4450 ὑμῖν,
3108 4383 3218 4435 οὐκ
3250 4381 3555 4453 ἐγήγερται
3587 4384 3657 4438 ἐν
3684 4403 3815 4456 τεν-

2228 4466 2434 4536 νητοῒς
2452 4465 2757 4537 γυναικῶν
2770 4468 2981 4538 μείζων
2995 4469 3273 4525 Ἰωάννου
3294 4470 3400 4525 τοῦ
3413 4474 3774 4539 Βαπτιστοῦ,
3788 4495 3809 4528 s

2231 4559 2328 4613 καὶ
2366 4559 2441 4613 τὰ
2478 4554 2645 4627 ἑξῆς.

2891 4673 3045 4727 ΛΟΓ.
3077 4673 3177 4727 IB'.

2304 4789 2408 4852 Εἰς
2454 4786 2541 4851 τὸ,
2580 4804 2598 4838 ι
2622 4782 2770 4855 Ἐγὼ
2803 4785 2873 4839 ἐν
2915 4784 2996 4851 τῷ
3041 4785 3244 4854 Πατρὶ,
3281 4787 3377 4840 καὶ
3428 4790 3461 4841 ό
3500 4788 3703 4856 Πατὴρ
3744 4789 3814 4841 ἐν

2229 4881 2362 4950 ἐμοί
2382 4897 2394 4910 ·
2420 4898 2440 4931 ι
2476 4880 2597 4945 καὶ,
2622 4898 2641 4930 ι
2666 4875 2813 4943 Ἐγὼ
2844 4878 2942 4933 καὶ
2971 4881 3004 4932 ό
3033 4877 3239 4947 Πατὴρ
3266 4878 3334 4931 ἐν
3359 4879 3547 4947 ἐσμεν
3567 4896 3580 4908 ·
3620 4898 3639 4931 ι
3672 4878 3743 4932 ἐν
3765 4872 3813 4943 ᾧ

2228 4970 2535 5036 ἀπόδειξις
2564 4968 2806 5040 ἐφεξῆς,
2840 4968 2929 5023 ὅτι
2976 4973 3009 5023 ό
3058 4970 3201 5035 Θεὸς
3230 4966 3310 5040 ἦν
3345 4973 3379 5024 ὁ
3419 4972 3716 5040 ῥυόμενος
3742 4973 3810 5025 ἐκ

2229 5062 2473 5117 πάντων
2510 5060 2713 5115 κακῶν
2750 5060 2857 5115 τὸν
2896 5060 3269 5130 πατριάρχην
3302 5060 3524 5115 Ἰακώϐ.

2305 5155 2483 5206 Ἄλλο
2522 5151 2960 5216 ἀποδεικτικὸν,
2993 5152 3083 5205 ὅτι
3114 5154 3147 5205 ό
3175 5152 3366 5220 Λόγος
3408 5152 3512 5207 τοῦ
3541 5153 3709 5216 Θεοῦ,
3746 5155 3809 5207 τὸ

2227 5244 2386 5314 εἶδος
2402 5246 2601 5303 αὑτοῦ
2622 5248 3022 5311 ἐστιν.Ἅλλο,
3042 5245 3340 5316 σημαῖνον
3364 5245 3451 5298 ὅτι
3479 5240 3638 5311 εἶδος
3664 5247 3810 5301 Θεοῦ

2229 5336 2495 5392 καλεῖται
2535 5341 2567 5390 ὀ
2603 5338 2814 5405 Λόγος.

2307 5433 2484 5484 Ἀλλο
2491 5429 2641 5497 μετὰ
2658 5428 2877 5499 γοργῆς
2899 5428 3261 5495 ἀποδείξεως
3288 5429 3600 5494 διδάσκον,
3626 5430 3715 5482 ὄτι
3741 5429 3812 5481 τὰ

2227 5518 2658 5588 ἐξομοιούμενά
2693 5533 2876 5583 τισιν,
2906 5522 2979 5572 οὺ
3018 5519 3256 5585 πάντως
3290 5520 3387 5574 καὶ
3428 5520 3579 5575 κατὰ
3622 5522 3812 5588 φύσιν

2228 5606 2319 5677 οἷς
2347 5610 2589 5664 ἔνεστιν
2620 5610 2991 5679 ἐξομοιοῦται
3018 5629 3031 5643 ο
3062 5612 3200 5666 ἀλλ’
3224 5611 3426 5680 ὥσπερ
3472 5612 3632 5677 τινὲς
3659 5613 3811 5665 εἰκό-

2226 5718 2329 5767 νες
2357 5703 2429 5755 τὰ
2463 5703 2642 5771 φύσει
2684 5704 2990 5770 προσόντα
3038 5703 3157 5755 τισὶ
3208 5705 3470 5773 γίνονται
3520 5704 3636 5757 τῶν
3664 5706 3811 5758 κατὰ

2227 5794 2576 5861 προαίρεσιν
2612 5792 2780 5863 ήμῶν
2821 5795 3177 5863 κινημάτων.
