4144 6560
363 363 428 421 Π
1781 366 1918 423 THE

2025 366 2219 425 UBUS.
3529 380 3595 436 18

433 479 627 535 ’Δλλο
652 480 950 549 δεικνύον,
976 482 1063 537 ὅτι
1090 485 1155 537 τὸ
1190 484 1259 539 ἐν
1294 487 1373 551 τῷ
1405 485 1526 551 Θεῷ
1554 484 1823 555 γίνεσθαί
1849 500 1924 546 τι,

363 572 436 625 οὐ
463 570 699 639 φύσεως
725 572 1001 640 σημαίνει
1042 574 1405 643 μεταϐολὴν,
1433 574 1572 629 ἀλλ’
1603 573 1692 629 ὅτι
1718 572 1795 627 δι’
1822 575 1931 628 αὺ-

366 662 495 729 τοῦ,
530 662 571 731 ἢ
607 664 741 732 παρ’
772 661 977 723 αὐτοῦ.

435 753 635 819 Ἄλλο,
664 752 736 806 δι’
761 750 833 809 οὗ
862 754 1242 824 μανθάνομεν
1265 755 1425 823 ὅπως
1453 757 1745 825 προσήκει
1768 756 1939 811 νοεῖν.

363 842 429 898 τὸ
449 843 656 910 ῥητὸν,
683 843 1014 909 τουτέστιν,
1051 846 1220 901 «Ἵνα
1255 846 1457 915 ὥσπερ
1487 848 1602 916 ἐγὼ
1628 847 1726 903 και
1750 847 1831 901 σὺ
1864 848 1934 900 ἓν

362 932 563 1000 ἐσμεν,
597 933 747 986 οὕτω
779 934 875 988 καὶ
904 936 1073 989 αὐτοὶ
1121 936 1191 988 ὲν
1230 937 1375 1005 ἡμῖν
1401 936 1470 990 ἐν
1493 934 1646 991 ὦσιν
1670 954 1683 966 ·
1726 937 1839 1005 ἐγὼ
1863 938 1933 990 ἐν

358 1021 582 1163 ἕῠτοῗς,
616 1022 711 1075 καὶ
742 1023 823 1077 σὺ
842 1024 911 1076 ἐν
939 1025 1097 1094 ἐμοί’
1127 1027 1227 1080 ἵνα
1257 1023 1371 1081 ὦσι
1389 1025 1824 1096 τετελειωμένοι
1844 1028 1931 1091 είς

390 1126 479 1163 ν.»

390 1126 479 1164 ν.»

435 1203 612 1261 Ἄλλο
641 1203 919 1265 δεικνύων
943 1206 1217 1274 ἀκριϐῶς,
1246 1206 1445 1276 ὅτιπερ
1469 1210 1539 1262 οὐ
1569 1206 1683 1276 τὴν
1701 1208 1931 1263 ἑαυτῶν

357 1292 607 1362 ἀφέντες
640 1295 831 1363 φύσιν
878 1296 1027 1365 πρὸς
1066 1297 1183 1365 τὴν
1229 1298 1395 1352 θείαν
1430 1301 1926 1368 μεταποιούμεθα,

356 1386 501 1441 ὅταν
544 1385 614 1439 ἐν
649 1387 918 1456 γίνεσθαι
955 1389 1106 1457 πρὸς
1143 1390 1288 1453 Θεὸν
1316 1390 1641 1459 λεγώμεθα,
1677 1391 1929 1446 ἀλλ’ὅτι

349 1474 591 1544 μέτοχοι
628 1477 935 1546 γεγονότες
971 1478 1159 1535 αὑτοῦ
1195 1478 1371 1532 τοῦτο
1408 1478 1764 1549 καλούμεθα.
1882 1518 1927 1548 ,α

738 1556 741 1559 ’
976 1571 1127 1624 ΛΟΓ.
1160 1567 1259 1623 II".

419 1657 559 1726 Περὶ
612 1659 953 1727 ὁμοιότητος
1005 1660 1113 1727 τῆς
1146 1662 1283 1715 Υίοῦ
1327 1664 1477 1730 πρὸς
1522 1662 1630 1715 τὸν
1672 1661 1925 1729 Πατέρα,

351 1749 448 1802 καὶ
484 1749 572 1801 ὅτι
606 1751 717 1802 οὐκ
742 1750 875 1804 ἔστι
902 1752 1159 1819 τρεπτῆς
1190 1754 1431 1820 φύσεως
1460 1756 1493 1807 ό
1526 1754 1679 1819 Υἱὸς,
1712 1754 1750 1821 ἣ
1782 1753 1925 1818 ἔξω·

351 1842 455 1891 θεν
482 1838 758 1904 ὑποστάς
777 1854 790 1869 ⁸
827 1840 965 1894 ἀλλ’
990 1840 1057 1894 ἐκ
1102 1840 1211 1911 τῆς
1251 1843 1466 1909 οὐσίας
1498 1843 1684 1897 αὑτοῦ
1712 1848 1926 1911 προελ-

349 1929 470 1984 θὼν
506 1932 586 1999 ὡς
634 1934 783 1998 Υἱός.

423 2021 601 2074 Ἄλλο
651 2020 740 2073 ὅτι
763 2023 875 2075 οὐκ
897 2022 966 2086 ἐξ
980 2022 1360 2088 ἀλλοιώσεως
1394 2023 1504 2092 τῆς
1539 2025 1655 2079 ἀπό
1680 2026 1787 2080 τοῦ
1804 2028 1926 2094 χείο

341 2128 521 2177 ρονος
547 2111 644 2164 ἐπὶ
677 2113 739 2165 τὸ
770 2112 1016 2180 ἄμεινον
1043 2112 1245 2183 ὅμοιός
1269 2116 1440 2169 ἐστιν
1473 2118 1505 2169 ό
1544 2116 1674 2181 Υἱὸς
1695 2114 1774 2181 τῷ
1803 2120 1924 2171 Πα-

346 2204 457 2269 τρὶ,
498 2203 657 2258 ἀλλὰ
693 2204 984 2272 φυσικῶς.

418 2295 622 2357 Ἄλλο,
654 2296 957 2364 σημαῖνον
981 2296 1071 2351 ὅτι
1100 2297 1167 2352 ἐκ
1197 2296 1545 2367 τῆςοῠσίας
1564 2299 1670 2355 τοῦ
1694 2302 1923 2370 Πατρός

342 2382 514 2444 ἐστιν
555 2388 587 2439 ό
642 2386 792 2453 Υἱὸς,
827 2389 925 2441 καὶ
967 2391 1078 2443 οὐκ
1125 2389 1366 2455 ἔξωθεν,
1395 2391 1661 2460 καθάπερ
1699 2398 1753 2447 οἱ
1790 2396 1922 2461 Χρι-

345 2471 636 2539 στομάχοι
676 2474 897 2542 ςρασίν⁸
946 2475 1154 2544 ἐπειδὴ
1196 2477 1264 2531 δὲ
1302 2481 1413 2532 οὐκ
1450 2479 1688 2546 ἔξωθεν,
1726 2481 1928 2550 ὅμοιος

343 2559 482 2628 ἄρα.

429 2654 751 2721 Ἀπόδειξις
799 2657 919 2711 ἀπὸ
969 2657 1081 2727 τῆς
1120 2658 1284 2725 θείας
1312 2658 1582 2728 Γραφῆς,
1619 2659 1819 2729 ὅτιπερ
1858 2660 1925 2714 ἐκ

340 2742 604 2812 μετοχῆς
625 2745 733 2811 τῆς
761 2746 911 2811 πρὸς
946 2747 1009 2799 τὸ
1045 2747 1216 2801 Θεῖον
1242 2749 1370 2802 κατ’
1395 2750 1600 2801 εἰκόνα
1636 2747 1751 2815 τὴν
1777 2748 1925 2817 πρὸς

340 2834 489 2897 αὐτὸ
528 2839 935 2906 μορφούμεθα.
960 2838 1043 2891 Οὐ
1091 2840 1202 2907 γὰρ
1245 2840 1537 2907 ἐξήρκεσε
1580 2840 1654 2909 τῇ
1690 2842 1795 2894 τοῦ
1822 2843 1925 2895 ἀν-

343 2924 577 2994 θρώπου
622 2927 971 2994 κατασκευῇ
1004 2927 1155 2997 πρὸς
1195 2929 1262 2983 τὸ
1300 2930 1618 2998 φαίνεσθαι
1641 2931 1743 2984 καί
1770 2928 1924 2985 εἶναι

341 3017 544 3069 εέκόνα
581 3016 685 3069 τοῦ
729 3018 1153 3085 πεποιηκότος,
1192 3017 1257 3072 τὸ
1307 3020 1376 3073 ἐν
1406 3021 1638 3088 μόναιςξ
1664 3022 1924 3088 ἐννοίαις

344 3107 450 3162 τὸν
484 3107 616 3177 περὶ
652 3109 836 3167 αὑτοῦ
874 3109 1103 3163 κεῖσθαι
1140 3111 1327 3176 λόγον
1364 3111 1656 3168 τοιοῦτον.

989 3199 1141 3259 ΔΟΓ.
1182 3200 1278 3252 ΙΔ’.

417 3288 577 3354 Ἔτι,
623 3288 757 3357 περὶ
801 3289 1186 3357 ὁμοιότητος,
1238 3289 1630 3360 προκειμένου
1687 3292 1916 3359 ῥητοῦ,

351 3378 609 3446 (Ὥσπερ
638 3378 747 3447 γὰρ
775 3382 807 3432 ό
834 3379 1036 3447 Πατὴρ
1072 3382 1197 3447 ἔχει
1232 3379 1387 3449 ζωὴν
1422 3381 1492 3434 ἐν
1528 3380 1738 3446 ἐαυτῷ,
1766 3382 1918 3435 οὕτω

344 3470 442 3533 καὶ
469 3469 549 3535 τῷ
582 3468 690 3534 Υίῷ
720 3468 938 3527 δέδωκε
980 3469 1131 3537 ζωὴν
1170 3466 1335 3539 ἔχειν
1357 3472 1425 3526 ἐν
1447 3472 1664 3537 ἐαυτῷ⁰
1703 3492 1721 3523 ι
1756 3472 1823 3526 τὸ
1851 3473 1920 3525 δὲ

343 3562 760 3631 συναγόμενον
791 3561 859 3614 ἐκ
888 3560 1007 3614 τῶν
1031 3563 1482 3631 συλλογισμῶν,
1510 3563 1599 3616 ὅτι
1632 3562 1743 3631 ζωὴ
1771 3564 1919 3617 κατὰ

344 3656 534 3723 φύσιν
569 3654 741 3708 ἐστὶν
778 3654 812 3708 ὁ
858 3653 903 3705 Υ
902 3652 1011 3716 ἰὸς,
1050 3650 1257 3721 ὥσπερ
1292 3653 1392 3707 καὶ
1430 3657 1462 3709 ό
1497 3654 1722 3723 Πατήρ.

982 3744 1137 3799 ΛΟΓ.
1180 3745 1281 3798 1Ε¹.

420 3835 519 3900 Εἰς
546 3834 611 3889 τὸ
635 3835 705 3889 ἐν
747 3834 877 3903 ταῖς
913 3834 1278 3904 Παροιμίαις,
1317 3834 1577 3902 «Κύριος
1614 3834 1818 3892 ἔκτισέ
1840 3855 1917 3907 με

342 3926 540 3995 ἀρχὴν
586 3926 742 3981 ὁδῶν
784 3928 991 3991 αὐτοῦ,
1038 3931 1126 3995 εις
1170 3930 1316 3999 ἔργα
1366 3910 1586 3983 αὐτοῦ’
1623 3948 1640 3980 ι
1690 3929 1781 3983 ὅτι
1825 3931 1913 3994 τὸ,

350 4036 365 4068 ι
395 4017 655 4080 ἔκτισεν,
687 4036 704 4068 ι
731 4020 801 4071 οὺ
835 4019 985 4071 κατὰ
1014 4018 1125 4085 τῆς
1150 4020 1364 4085 οὐσίας
1405 4017 1511 4073 τοῦ
1558 4019 1751 4088 Λόγου
1797 4020 1916 4074 κεῖ-

344 4124 455 4172 ται,
497 4106 640 4161 οὐδὲ
676 4107 899 4176 κτίσμα
935 4107 972 4175 ἣ
1010 4109 1237 4178 ποίημα
1276 4113 1308 4163 ό
1356 4111 1509 4174 Υἱός.

429 4286 753 4352 Ἀπόδειξις
789 4286 858 4351 ἐξ
889 4286 1298 4356 ἐπιτηρήσεων
1316 4291 1657 4360 Γραφικῶν,
1698 4294 1789 4349 ὅτι
1835 4296 1916 4362 ὡς

346 4382 489 4449 Θεὸς
528 4382 709 4438 οὐδὲν
753 4381 1177 4449 προσκυνεῖται
1223 4382 1340 4436 τῶν
1374 4385 1746 4452 κτισμάτων’
1779 4388 1916 4441 οὔτε

337 4474 465 4544 μὴν
508 4474 1008 4543 προσκυνούμενα
1055 4471 1330 4541 ἀνέχεται
1371 4477 1843 4544 προσκυνεῖσθαι
1874 4478 1911 4546 ἢ

344 4566 815 4637 ἀοξολογεῐσθαι.

428 4660 753 4727 Ἀντίθεσις
774 4661 888 4716 ἀπὸ
925 4662 1043 4714 τῶν
1084 4662 1309 4729 Ἀρείου
1354 4660 1681 4730 δογμάτων,
1717 4663 1914 4717 αἰτίαν

344 4754 571 4821 ἐχουσα
594 4753 701 4806 τοῦ
727 4753 1090 4821 πεποιῆσθαι
1120 4753 1226 4807 τὸν
1256 4753 1409 4818 Υίὸν,
1443 4753 1523 4819 ὡς
1548 4752 1716 4807 αὐτοὶ
1750 4755 1914 4823 νομί-

345 4844 566 4909 ζουσιν,
603 4843 822 4911 ἀληθῆ,
848 4845 944 4897 καὶ
981 4846 1161 4911 λύσις
1192 4842 1409 4913 ἐφεξῆς
1430 4843 1580 4913 μετὰ
1602 4847 1915 4913 πιθανότη-

345 4950 445 5001 τος
481 4934 928 5005 συλλογισμῶν.

418 5026 546 5078 Ἔτι
565 5026 650 5090 εὶς
673 5024 760 5089 τὸ,
793 5043 811 5076 ι
831 5025 1045 5093 Κύριος
1067 5026 1267 5079 ἔκτισέ
1284 5041 1379 5094 με.
1404 5046 1422 5076 ι
1448 5027 1577 5082 Ὅτι
1599 5031 1669 5082 ού
1692 5033 1915 5101 κτίσμα

346 5118 378 5169 ό
424 5118 576 5181 Υἱός.

418 5208 605 5260 Ἀλλο
651 5206 771 5259 τῶν
814 5206 1146 5273 όρθοδόξων
1196 5212 1513 5277 λεγόντων,
1552 5229 1570 5261 ι
1600 5214 1667 5265 El
1694 5215 1913 5283 κτίσμα

344 5296 515 5352 ἐστὶν
542 5300 575 5351 ό
602 5298 752 5363 Υἱὸς,
794 5296 919 5363 πῶς
944 5298 1069 5367 ἔχει
1104 5300 1253 5352 κατὰ
1288 5302 1478 5368 φύσιν
1520 5302 1585 5355 τὸ
1623 5299 1775 5358 εἷναι
1817 5304 1917 5373 δη-

342 5391 654 5459 μιουργός;
676 5391 759 5443 Οὐ
776 5390 885 5458 γὰρ
916 5389 1069 5444 ἴδιον
1093 5391 1209 5446 τῶν
1225 5393 1561 5462 κτισμάτων
1586 5395 1763 5448 τοῦτό
1788 5414 1874 5465 γε.
1891 5415 1908 5448 ι

365 5477 847 5548 Ἀνθυπήνεγ-καν
878 5482 930 5533 οἱ
953 5480 1229 5548 αἱρετικοὶ
1258 5482 1328 5535 τὰ
1347 5483 1812 5552 ὑποτεταγμένα,
1830 5480 1915 5540 ὧν

350 5571 407 5620 αἱ
446 5570 654 5635 λύσεις
689 5571 857 5624 εἰσὶν
884 5569 1124 5639 ἐφεξῆς.

434 5657 813 5727 Ἐπιτήρησις
838 5660 1070 5727 ὁμοίως,
1100 5659 1167 5723 ἐξ
1198 5654 1271 5729 ἧς
1296 5662 1676 5730 μανθάνομεν
1700 5662 1789 5716 ὅτι
1821 5665 1921 5717 καί

347 5746 623 5817 ἀγγέλοις
668 5748 765 5801 καὶ
815 5748 1007 5827 ἁγίοις
1055 5747 1385 5818 προφήταις
1423 5749 1557 5817 ἔθος
1594 5751 1913 5809 ἐστι’νέπι-

2111 482 2261 537 Fieri
2295 484 2495 555 aliquid
2520 485 2574 539 in
2599 486 2730 554 Deo,
2767 504 2869 543 non
2929 502 3131 547 natura:
3188 494 3603 549 immutationem

2034 576 2317 645 signiﬁcat,
2342 580 2432 632 sed
2457 595 2549 647 per
2568 580 2759 649 ipsum,
2792 584 2865 635 vel
2893 583 2955 635 ab
2982 585 3112 651 ipso.

2106 758 2221 822 Quo
2262 769 2417 826 pacto
2467 760 2864 830 intelligendum
2932 771 2998 814 sit
3054 762 3253 815 dictum
3295 763 3449 827 illud,
3477 782 3496 815 ι
3533 762 3601 818 Ut

2034 853 2477 923 quemadmodum
2526 869 2620 922 ego
2645 863 2691 906 et
2718 862 2773 905 tu
2796 867 2956 905 unum
2983 868 3185 916 sumus,
3206 853 3279 905 ita
3309 864 3355 906 et
3388 855 3487 920 ipsi
3548 855 3604 908 in

2034 943 2182 998 nobis
2223 961 2382 998 unum
2409 945 2550 1009 sint;
2577 960 2668 1014 ego
2701 945 2755 998 in
2799 944 2925 1013 ipsis
2946 954 2991 997 et
3028 952 3083 996 tu
3130 943 3186 996 in
3240 959 3339 1008 me,
3390 954 3445 997 ut
3498 945 3601 1009 sint

2030 1034 2251 1101 perfecti
2288 1035 2343 1088 in
2376 1050 2561 1087 unum.
2592 1052 2612 1086 ι

2102 1208 2261 1262 Aliud
2288 1209 2559 1263 ostendens
2588 1217 2855 1275 accurate,
2894 1210 3033 1279 quod
3062 1225 3156 1263 nos
3182 1209 3401 1277 propria
3425 1217 3601 1262 nostra

2031 1310 2219 1355 natura
2259 1317 2362 1355 non
2391 1301 2585 1354 amissa
2615 1300 2672 1353 in
2695 1300 2925 1353 divinam
2982 1310 3225 1361 naturam
3276 1306 3602 1353 transmuta-

2030 1408 2167 1457 mur,
2194 1393 2401 1463 quando
2439 1408 2599 1447 unum
2633 1408 2749 1445 cum
2790 1391 2896 1444 Deo
2927 1391 3053 1460 eﬁici
3081 1391 3325 1456 dicimur,
3350 1391 3439 1445 sed
3463 1390 3602 1461 quod
3631 1454 3638 1461 ι

2025 1488 2305 1557 participes
2322 1488 2485 1557 ipsius
2513 1485 2662 1555 facti,
2690 1486 2765 1539 ita
2793 1498 3059 1538 vocamur.

2564 1574 2858 1635 ASSERT,
2896 1574 3037 1629 XIII.

2103 1668 2175 1722 De
2203 1668 2555 1722 similitudine
2595 1666 2728 1719 Filii
2758 1683 2876 1720 cum
2916 1665 3097 1729 Patre,
3125 1677 3173 1720 et
3199 1665 3336 1731 quod
3392 1680 3495 1719 non
3522 1674 3599 1719 est
3630 1706 3643 1727 ,

2029 1770 2235 1814 natura:
2256 1758 2524 1813 mutabilis
2554 1756 2747 1823 Filius,
2776 1767 2865 1813 aut
2923 1758 3241 1811 extrinsecus
3288 1754 3617 1823 subsistens,

2027 1852 2117 1906 sed
2134 1868 2197 1905 ea:
2213 1852 2324 1920 ejus
2352 1850 2575 1905 essentia
2602 1851 2909 1919 procedens,
2942 1860 3000 1903 ut
3033 1846 3228 1902 Filius.

2098 2027 2249 2092 Quod
2310 2044 2411 2081 non
2467 2044 2559 2096 per
2625 2026 2990 2081 alterationem
3042 2043 3075 2080 a
3131 2024 3386 2078 deteriore
3450 2032 3633 2085 status

2024 2120 2080 2172 in
2104 2119 2517 2188 prwstantiorem
2542 2116 2727 2172 similis
2758 2119 2825 2171 sit
2848 2115 3001 2171 Patri
3034 2114 3251 2179 Filius,
3292 2117 3382 2171 sed
3447 2124 3613 2187 natus,

2024 2211 2227 2265 raliter.

2096 2305 2256 2359 Aliud
2284 2302 2558 2357 declarans
2592 2300 2789 2355 Filium
2818 2315 2928 2354 esse
2951 2316 3017 2354 ex
3048 2300 3342 2353 substantia
3382 2298 3589 2362 Patris,
3621 2365 3625 2369 ς

2024 2404 2072 2450 ει
2112 2410 2215 2449 non
2244 2393 2560 2450 extrinsecus
2580 2390 2910 2459 productum,
2940 2387 3373 2457 quemadmodum
3422 2383 3595 2437 hostes

2027 2485 2224 2539 Christi
2252 2481 2605 2545 contendunt;
2638 2490 2707 2545 et,
2741 2480 2988 2549 quoniam
3040 2478 3361 2533 extrinsecus
3402 2476 3596 2543 produ-

2026 2583 2142 2630 ctus
2167 2580 2385 2636 nonest,
2402 2572 2589 2625 similis
2615 2570 2694 2623 illi
2719 2580 2815 2624 est.

2102 2663 2483 2717 Demonstratio
2516 2676 2581 2714 ex
2604 2676 2754 2715 sacra
2780 2658 3076 2726 Scriptura,
3103 2657 3239 2728 quod
3306 2672 3397 2723 per
3428 2654 3595 2721 parti-

2027 2756 2337 2823 cipationem
2354 2751 2645 2806 divinitatis
2675 2751 2743 2804 ad
2774 2750 3049 2819 imaginem
3099 2749 3261 2816 ipsius
3285 2746 3589 2814 formemur.

2029 2846 2213 2916 Neque
2260 2845 2400 2899 enim
2452 2844 2580 2898 satis
2628 2843 2725 2911 fuit
2782 2841 2850 2895 ad
2911 2840 2966 2893 id
2995 2849 3049 2893 ut
3080 2840 3339 2893 videretur
3368 2846 3414 2892 et
3445 2835 3591 2904 ﬁeret

2026 2938 2181 2989 homo
2239 2935 2413 3005 imago
2475 2933 2758 2997 Creatoris,
2816 2931 2985 2987 solam
3059 2930 3425 2997 cogitationem
3499 2941 3592 2982 exe

2024 3042 2204 3096 prims.

2556 3196 2845 3252 ASSERT.
2890 3195 3029 3250 XIV.

2092 3287 2168 3343 De
2195 3288 2541 3342 similitudine
2579 3286 2756 3340 Patris
2785 3296 2831 3339 et
2881 3284 3033 3350 Filii,
3060 3283 3323 3353 proposito
3353 3282 3402 3352 7
3450 3280 3593 3337 dicto

2024 3381 2145 3443 hoc,
2178 3398 2196 3431 ι
2241 3379 2392 3434 Sicut
2418 3379 2554 3433 enim
2578 3377 2741 3438 Pater
2759 3378 2909 3441 habet
2934 3376 3092 3430 vitam
3127 3375 3180 3428 in
3202 3374 3393 3447 seipso,
3424 3374 3502 3426 ita
3540 3381 3591 3425 et

2023 3468 2167 3524 Filio
2199 3470 2341 3523 dedit
2364 3470 2523 3523 vitam
2542 3471 2732 3523 habere
2767 3470 2822 3521 in
2851 3470 3077 3537 seipso.»
3113 3468 3197 3522 Ea:
3240 3484 3341 3537 quo
3366 3465 3607 3534 infertur.

2022 3558 2555 3630 syllogisticeFilium
2588 3577 2698 3615 esse
2758 3562 3072 3615 naturaliter
3122 3562 3301 3624 vitam,
3355 3558 3488 3610 sicut
3541 3565 3607 3621 et.

2025 3651 2204 3707 Pater.

2573 3741 2868 3800 ASSER‘T.
2911 3742 3030 3799 XV.

2099 3835 2168 3890 In
2200 3835 2333 3889 illud
2356 3836 2495 3903 quod
2515 3836 2570 3899 iu
2617 3835 2707 3890 lib.
2746 3834 2994 3890 I’roverb.
3029 3833 3239 3897 dicitur,
3276 3852 3294 3885 ι
3336 3832 3602 3886 Dominus

2023 3929 2214 3982 creavit
2233 3944 2312 3991 me
2335 3928 2648 3995 principium
2674 3928 2870 3980 viarum
2897 3943 3139 3992 suarum,
3172 3926 3225 3979 in
3248 3941 3401 3993 Opera
3432 3941 3603 3987 suam

2026 4020 2178 4085 Quod
2198 4018 2407 4073 verbum
2444 4017 2601 4083 illud,
2625 4036 2645 4069 ι
2666 4020 2879 4085 creavit,
2902 4037 2919 4071 ι
2953 4034 3055 4072 non
3082 4018 3145 4072 de
3175 4020 3397 4072 essentia
3443 4014 3590 4069 Verbi

2021 4112 2250 4176 dicatur,
2336 4117 2388 4167 et
2426 4111 2564 4181 quod
2629 4108 2804 4171 Filius
2894 4126 3013 4169 non
3074 4110 3140 4163 sit
3194 4116 3439 4163 creatura
3511 4104 3595 4161 iui

2021 4220 2171 4271 opus.

2088 4295 2499 4349 Demonstratur
2553 4292 2959 4347 auctoritatibus
3031 4305 3197 4347 sacra:
3270 4289 3585 4358 Scriptum,

2019 4384 2156 4457 quod
2184 4384 2329 4438 nulla
2358 4393 2718 4438 creaturarum
2753 4384 3002 4437 adoretur
3055 4382 3206 4452 quasi
3236 4380 3398 4445 Deus,
3423 4379 3590 4449 quod--

2021 4495 2119 4550 que
2142 4493 2205 4532 ea
2218 4492 2335 4547 qua:
2356 4477 2598 4542 adorant,
2635 4476 2851 4529 adorari
2879 4473 3297 4543 autglori/icari
3337 4488 3439 4526 non
3471 4486 3591 4525 sus‘

2019 4568 2241 4619 tineant.
3568 4628 3573 4633 ,

2089 4654 2326 4725 Objectio
2364 4670 2427 4709 ex
2455 4654 2786 4723 dogmatibus
2816 4654 2953 4717 Arii,
2988 4670 3105 4723 qua:
3159 4668 3350 4716 veram,
3396 4660 3449 4704 ut
3488 4652 3587 4720 ipsi

2020 4753 2229 4815 putant,
2264 4761 2479 4797 causam
2507 4746 2753 4809 continet,
2789 4752 3001 4811 propter
3068 4757 3225 4811 quam
3260 4742 3435 4810 factus
3521 4741 3588 4794 sit

2023 4832 2217 4901 Filius,
2267 4846 2319 4887 et
2352 4832 2583 4902 ejusdem
2621 4847 2713 4901 per
2762 4832 2957 4886 solidos
3003 4830 3331 4900 syllogismos
3389 4829 3588 4897 refuta-

2020 4929 2112 4983 tio.

2084 5015 2245 5068 Aliud
2274 5016 2329 5068 in
2349 5015 2501 5081 illud,
2537 5016 2705 5070 «Deus
2737 5015 3119 5085 formavit,me,
3157 5032 3175 5063 ι
3219 5020 3327 5066 etc.
3359 5009 3423 5063 Et
3452 5008 3588 5078 quod

2022 5105 2198 5161 Filius
2225 5125 2325 5162 non
2350 5110 2416 5162 sit
2454 5120 2718 5163 creatura.

2090 5199 2249 5252 Aliud
2278 5201 2709 5265 orthodoxorum,
2744 5199 2834 5253 (Si
2870 5206 3111 5251 creatura
3138 5204 3211 5248 est
3244 5192 3434 5259 Filius,
3456 5209 3587 5263 quo-

2022 5291 2177 5342 modo
2202 5302 2391 5342 natura
2440 5290 2663 5345 Creator
2717 5306 2827 5343 esse
2885 5287 3094 5355 potest?
3146 5285 3269 5340 Νοιι
3307 5288 3442 5339 enim
3495 5282 3587 5338 hoc

2021 5391 2382 5433 creaturarum
2414 5382 2681 5447 proprium
2714 5389 2843 5434 εει.)
2870 5377 2968 5433 Cui
3002 5378 3351 5448 subjiciuntur
3380 5377 3589 5432 licereli-

2026 5488 2205 5525 corum
2229 5472 2542 5542 objectiones
2580 5483 2626 5527 et
2654 5473 3013 5541 refutationes.
3609 5458 3645 5487 θλ

2062 5649 2075 5661 ’
2093 5651 2422 5713 Observatio,
2450 5666 2513 5704 ea:
2542 5665 2646 5717 qua
2669 5649 2919 5703 discimus
2944 5647 3144 5717 angelis
3167 5653 3217 5698 et
3248 5642 3444 5697 sanctis
3466 5657 3592 5709 pro-

2035 5748 2202 5816 phetis
2233 5742 2657 5802 consuetudinem
2688 5757 2794 5796 esse
2818 5740 2984 5809 jussis
3018 5755 3047 5792 a
3085 5736 3192 5794 Deo
3232 5736 3387 5789 etiam
3430 5734 3591 5786 inter-
