4144 6558
352 374 420 433 91
1786 383 2230 445 THESA‘URUS.
3519 394 3592 449 ‘32

354 492 575 546 δέδωκε
606 492 674 546 ἐν
700 491 775 561 τῇ
808 494 955 562 χειρὶ
985 496 1169 551 αὐτοῦ
1193 513 1207 529 ο
1244 517 1262 551 s
1304 500 1401 553 καὶ
1428 503 1514 567 είς
1540 502 1627 567 τὸ,
1675 522 1692 556 ι
1725 504 1925 557 Πάντα

350 598 451 652 μοι
482 582 770 651 παρεδόθη
809 584 927 638 ὑπὸ
953 584 1059 639 τοῦ
1094 589 1323 656 Πατρός
1341 607 1459 659 μου
1486 609 1498 623 ·
1535 612 1553 643 ι
1587 594 1684 647 καὶ
1712 597 1798 659 εις
1834 598 1922 661 τὸ,

363 690 380 723 ι
409 673 491 726 οὐ
520 672 771 741 δύναμαι
792 671 905 743 ἐγὼ
929 674 1027 728 ἀπ’
1043 676 1302 745 ἐμαυτοῦ
1323 681 1515 737 ποιεῖν
1543 683 1743 749 οὐδὲν,
1765 685 1927 739 ἀλλὰ

358 761 549 829 καθὼς
588 763 800 829 ἀκούω,
851 766 1059 834 κρίνω’
1098 786 1116 818 ι
1165 770 1264 825 καὶ
1308 771 1437 826 ὅσα
1475 774 1708 840 τούτοις
1757 774 1927 844 ὅμοιὰ

357 850 485 902 ἐστι
512 850 687 918 ῥητά.

997 948 1147 1002 ΛΟΓ.
1190 951 1313 1005 ΚΔ⁹⁸

426 1039 528 1104 Εἰς
572 1036 644 1091 τὰ
692 1041 985 1108 λεγόμενα
1031 1041 1166 1108 περὶ
1198 1042 1304 1095 τοῦ
1340 1043 1605 1113 Σωτῆρος
1637 1045 1927 1113 ἀνθρωπί-

354 1144 469 1193 νως
501 1128 659 1195 παρὰ
689 1129 813 1195 τοῖς
849 1131 1301 1199 εὐαγγελισταῖς
1325 1174 1340 1197 ,
1383 1136 1468 1199 εῑς
1509 1134 1594 1200 τὸ,
1640 1137 1925 1192 «Ἕκλαυ-

352 1232 446 1281 σε,
478 1236 497 1270 ι
532 1219 631 1272 καὶ
656 1221 742 1285 εις
771 1219 859 1285 τὸ,
892 1239 912 1272 ι
940 1221 1070 1275 Νῦν
1094 1223 1133 1289 ἡ
1164 1223 1333 1291 ψυχή
1354 1242 1474 1293 μου
1504 1226 1870 1295 τετάρακται,
1902 1248 1919 1280 ι

356 1306 454 1359 καὶ
496 1308 583 1373 εις
607 1307 695 1372 τὸ,
734 1327 752 1359 ι
786 1308 855 1363 Ei
881 1308 1162 1376 δυνατὸν,
1193 1312 1537 1379 παρελθέτω
1561 1314 1663 1368 ἀπ’
1688 1314 1834 1385 ἐμοῦ
1860 1317 1927 1369 τὸ

355 1396 638 1466 ποτήριον
664 1398 856 1465 τοῦτο,
881 1419 900 1453 ι
933 1400 1029 1455 καὶ
1053 1403 1141 1468 είς
1166 1403 1251 1465 τὸ,
1291 1422 1309 1455 ι
1336 1406 1673 1473 Περίλυπός
1698 1407 1868 1461 ἐστιν
1884 1408 1923 1475 ἡ

354 1487 523 1557 ψυχή
556 1506 698 1557 μου,
728 1507 746 1541 s
784 1492 883 1545 καὶ
930 1491 1044 1544 ὅσα
1076 1497 1306 1559 τούτοις
1338 1494 1508 1564 ὅμοια
1529 1496 1703 1563 ῥητά.
1734 1501 1926 1566 Παρα-

355 1575 550 1644 θέσεις
578 1578 978 1635 ἀποδεικτικαὶ
1024 1584 1142 1637 ἀπὸ
1183 1583 1290 1652 τῆς
1315 1586 1491 1655 ,θείας
1515 1587 1782 1657 Γραφῆς,
1825 1590 1924 1645 καὶ

355 1668 777 1739 Χριστομάχων
803 1671 1249 1741 ἀποτρέπουσαι
1272 1676 1386 1744 τὴν
1409 1678 1750 1732 κακόνοιαν.

975 1765 1127 1819 ΛΟΓ.
1167 1767 1294 1822 KE'.

427 1852 529 1917 Εἰς
550 1852 637 1916 τὸ,
673 1872 692 1905 ι
716 1856 1094 1922 Πρωτότοκος
1124 1855 1327 1926 πάσης
1356 1859 1606 1923 κτίσεως
1631 1876 1645 1890 ο
1681 1878 1699 1913 ι
1740 1860 1825 1913 ὅτι
1848 1862 1919 1915 οὐ

354 1946 573 2012 κτίσμα
611 1946 644 1998 ό
688 1945 837 2011 Υίός.

966 2034 1117 2087 ΔΟΙΤ.
1159 2036 1313 2102 KG’;

424 2123 526 2188 Είς
550 2122 614 2176 τὸ
639 2123 950 2192 εἰρημένον
976 2124 1074 2183 ἐπὶ
1102 2126 1401 2195 τοῖςυίοῖς
1424 2128 1758 2193 Ζεϐεδαίου,
1800 2147 1818 2180 ι
1853 2131 1919 2183 Τὸ

353 2211 589 2266 καθίσαι
612 2212 681 2266 ἐκ
705 2211 916 2278 δεξιιῗη·
936 2231 1067 2281 μου,
1090 2214 1128 2283 ἣ
1153 2216 1222 2281 ἐξ
1255 2217 1591 2288 εὐωνύμων,
1618 2221 1727 2274 οὐκ
1752 2218 1923 2274 ἔστιν

352 2303 495 2373 ἐμὸν
522 2302 750 2357 δοῦναι.

979 2396 1129 2451 ΛΟΓ.
1170 2398 1295 2450 ΚΖ⁹.

428 2488 528 2551 Εις
550 2488 635 2548 τὸ,
665 2486 828 2540 «Ἵνα
847 2485 1185 2555 γινώσκωσι
1206 2502 1280 2540 σε
1301 2488 1407 2541 τὸν
1425 2489 1616 2555 μόνον
1637 2489 1924 2556 ἀληθινὸν

357 2578 527 2641 Θεὸν,
559 2579 657 2633 καὶ
686 2576 757 2633 ὃν
783 2578 1148 2644 ἀπέστειλας
1181 2578 1415 2645 Ἰησοῦν
1436 2580 1743 2649 Χριστόν.»

971 2669 1121 2723 ΛΟΓ.
1162 2670 1300 2723 κη’.

421 2762 525 2826 Εἰς
563 2761 627 2813 τὸ
672 2762 831 2830 παρὰ
872 2761 951 2825 τῷ
978 2760 1181 2828 Λουκᾷ
1208 2762 1481 2831 κείμενον
1500 2778 1514 2793 ·
1549 2780 1567 2813 ι
1592 2762 1831 2829 Ἰησοῦς
1862 2762 1928 2818 δὲ

351 2851 680 2921 προέκοπτε
698 2852 883 2920 σοφίᾳ
907 2852 1003 2904 καὶ
1027 2851 1231 2918 ἡλικίᾳ
1265 2852 1361 2905 καὶ
1390 2850 1579 2922 χάριτι
1617 2852 1776 2919 παρὰ
1808 2850 1927 2917 Θεῷ

352 2946 447 3001 καὶ
475 2944 820 3013 ἀνθρώποις.
860 2963 879 2997 s

978 3035 1126 3089 AOI‘.
1160 3035 1290 3090 KB'.

418 3130 518 3195 Εις
538 3128 620 3191 τὸ,
655 3128 871 3181 ι”οταν
895 3127 963 3181 δὲ
988 3126 1261 3196 ὑποταγῇ
1284 3126 1444 3192 αὐτῷ
1466 3128 1537 3179 τὰ
1558 3126 1773 3187 πάντα,
1798 3125 1929 3178 τότε

355 3216 453 3273 καὶ
478 3217 658 3284 αὐτὸς
686 3219 719 3271 ὁ
748 3215 879 3284 Υίὸς
926 3216 1367 3286 ὑποταγήσεται
1403 3214 1925 3292 [τῷ]⁴ὑποτάξαντι

354 3310 511 3376 αὐτῷ
532 3311 601 3364 τὰ
638 3308 853 3364 πάντα.
879 3327 896 3360 ι

1002 3400 1152 3452 ΛΟΓ.
1195 3399 1272 3453 A'.

431 3492 533 3557 Εις
561 3490 648 3555 τὸ,
697 3507 717 3541 ι
741 3490 951 3559 Πάτερ,
975 3490 1241 3555 δόξασόν
1267 3507 1344 3559 με
1385 3489 1457 3559 τῇ
1492 3490 1640 3560 δόξῃ
1684 3483 1725 3564 ᾗ
1762 3486 1928 3559 εἶχον

358 3582 469 3651 πρὸ
508 3582 616 3636 τοῦ
654 3582 759 3636 τὸν
793 3584 1025 3652 κόσμον
1061 3578 1212 3636 εἶναι
1251 3582 1412 3651 παρὰ
1451 3584 1571 3637 σοί.
1596 3601 1613 3633 ι

977 3674 1127 3728 ΛΟΓ.
1170 3672 1295 3729 AA'.

429 3763 583 3831 Πρὸς
612 3764 753 3830 τοὺς
783 3763 1091 3833 λέγοντας,
1127 3765 1215 3818 ὅτι
1252 3767 1285 3818 ὀ
1318 3765 1459 3829 Θεὸς
1490 3763 1624 3832 περὶ
1648 3763 1758 3832 τῆς
1795 3763 1929 3817 ἐαυ-

361 3856 467 3910 τοῦ
497 3858 709 3921 οὐσίας
750 3855 930 3911 οὺδὲν
971 3856 1139 3924 ἡμῶν
1187 3856 1377 3910 πλέον
1412 3857 1748 3920 ἐπίσταται,
1783 3856 1929 3910 ἀλλ’

360 3947 502 4015 ἅπερ
525 3947 602 4001 ἂν
621 3947 802 4011 αὐτὸς
824 3947 1005 4016 εἰδείη
1028 3946 1160 4015 περὶ
1188 3946 1423 4011 ἑαυτοῦ,
1443 3947 1615 4000 τοῦτο
1641 3946 1739 3999 καὶ
1762 3945 1929 4015 ἡμεῖς

359 4037 848 4108 ἀπαραλλάκτως.

983 4130 1131 4183 ΛΟΓ.
1170 4129 1291 4183 ΛΒ’.

443 4218 718 4289 Ἐκλογαὶ
760 4220 958 4287 ῥητῶν
1015 4221 1163 4290 μετὰ
1226 4217 1656 4290 συλλογισμῶν
1700 4218 1769 4271 ἐκ
1822 4216 1932 4285 τῆς

363 4307 583 4376 Καινῆς
625 4308 949 4379 Διαθήκης,
987 4310 1075 4363 ὅτι
1115 4310 1257 4377 Θεὸς
1290 4311 1437 4364 κατὰ
1477 4310 1666 4379 φύσιν
1696 4311 1729 4363 d
1777 4309 1930 4375 Υἱός.

365 4398 435 4457 El
459 4398 526 4453 δὲ
556 4400 750 4467 τοῦτο,
778 4402 851 4459 οὑ
874 4401 1098 4472 ποίημα
1135 4401 1277 4457 οὐδὲ
1302 4401 1544 4470 κτίσμα.

988 4578 1138 4631 ΛΟΓ.
1168 4578 1290 4634 Al".

434 4668 565 4721 Ὂτι
598 4668 742 4735 Θεὸς
773 4668 925 4723 κατὰ
952 4671 1141 4738 φύσιν
1166 4669 1232 4723 τὸ
1258 4670 1531 4739 Πνεῦμα,
1564 4668 1661 4723 καὶ
1704 4669 1773 4722 ἐκ
1820 4667 1935 4737 τῆς

364 4756 577 4824 οὐσίας
588 4758 691 4812 τοῦ
710 4759 959 4827 Πατρὸς,
976 4758 1049 4812 δι’
1081 4759 1216 4814 Υἱοῦ
1238 4759 1305 4812 δὲ
1331 4759 1405 4827 τῇ
1429 4760 1620 4814 κτίσει
1647 4760 1931 4828 χορηγοῦ-

360 4864 565 4915 μενον.

988 4943 1138 4997 ΛΟΓ.
1180 4945 1297 4998 ΛΔθ.

436 5030 812 5098 Παραθέσεις⁵
824 5031 1023 5101 ῥητῶν
1050 5033 1292 5103 ἐφεξῆς,
1317 5036 1384 5088 ἐν
1411 5033 1500 5100 οἷς
1521 5035 1653 5090 ἔστι
1690 5036 1793 5088 τὸν
1813 5034 1934 5087 ἑπι-

370 5120 660 5187 τηροῦντα
702 5123 959 5192 θεωρεῖν,
990 5123 1079 5178 ὅτι
1116 5125 1278 5191 Θεὸς,
1304 5126 1371 5178 τὸ
1404 5125 1664 5195 Πνεῦμα,
1697 5125 1793 5179 καὶ
1821 5123 1933 5191 τὴν

366 5207 559 5276 αὐτὴν
590 5211 893 5281 ἐνέργειαν
920 5212 1064 5283 ἕχον
1090 5213 1170 5279 τῷ
1201 5213 1310 5281 Υίῷ
1330 5214 1661 5285 πανταχοῦ,
1693 5216 1787 5267 κιιὶ
1821 5214 1932 5265 οὐκ

365 5299 818 5371 ἀπεξενωμένον
839 5302 949 5372 τῆς
982 5306 1198 5373 οὐσίας
1226 5306 1431 5364 αὐτοῦ.
1449 5306 1626 5376 Ὁμοῦ
1664 5304 1732 5359 δὲ
1770 5302 1933 5356 διδά-

368 5403 647 5459 σκουσιν,
678 5392 766 5447 ὅτι
807 5394 955 5449 Θεοῦ
985 5397 1314 5468 λεγομένου
1351 5396 1645 5454 κατοικεῖν
1675 5397 1742 5450 ἐν
1772 5394 1933 5465 ἡμῖν,

374 5484 438 5538 τὸ
470 5482 709 5552 Πνεῦμά
735 5483 874 5541 ἐστι,
892 5486 956 5540 τὸ
986 5488 1283 5544 ἐνοικοῦν.

990 5580 1143 5636 ΛΟΓ.
1184 5581 1308 5635 AE'.

441 5666 763 5733 Μαρτυρίαι
787 5666 907 5723 ἀπὸ
942 5667 1045 5737 τῆς
1080 5671 1242 5737 θείας
1264 5671 1530 5741 Γραφῆς,
1554 5671 1625 5725 δι’
1654 5663 1739 5723 ὧν
1770 5668 1938 5722 ἐστιν

371 5753 537 5819 ὶδεῖν,
566 5752 653 5807 ὅτι
700 5758 943 5825 γενητὸς
986 5759 1051 5814 ἐκ
1098 5762 1323 5830 Πατρός
1370 5764 1536 5817 ἐστιν
1584 5766 1614 5816 o’
1661 5760 1809 5828 Υἱὸς,
1840 5756 1934 5811 καὶ

370 5845 501 5917 οὐχ)
540 5848 952 5918 πεποιημένος.

2028 508 2082 559 in
2106 522 2263 559 manu
2284 508 2463 577 ejus,»
2495 520 2543 561 et
2574 510 2624 562 in
2652 510 2802 575 illud,
2836 529 2855 561 ι
2892 513 3079 567 Omnia
3112 513 3239 567 mihi
3260 514 3453 566 tradita
3472 525 3592 567 sunt

2027 613 2058 650 a
2089 595 2273 665 Patre,
2316 617 2334 650 ι
2379 608 2427 654 et
2460 600 2513 653 in
2546 600 2697 666 illud,
2734 620 2753 653 ‹
2785 600 2907 655 Non
2929 620 3137 670 possum
3189 622 3220 659 a
3276 622 3355 659 me
3422 605 3592 674 facere

2024 682 2328 753 quidquam,
2360 687 2450 741 sed
2476 688 2609 741 sicut
2641 688 2821 755 audio,
2834 690 3022 757 judico
3041 707 3059 753 ;
3096 710 3112 741 ι
3141 700 3187 745 et
3237 695 3291 746 in
3316 695 3421 747 alia
3454 695 3591 746 dicta

2026 771 2107 826 his
2134 774 2354 829 similia.

2522 954 2578 1023 9
2606 954 2899 1013 ASSEH'I’.
2943 955 3133 1015 XXIV.

2100 1041 2163 1095 In
2194 1058 2254 1097 ea
2287 1060 2403 1113 qute
2431 1046 2661 1100 humano
2690 1062 2829 1101 more
2853 1048 3106 1100 dicuntur
3149 1047 3213 1101 ab
3262 1038 3617 1117 evangelistis.

2027 1130 2090 1182 de
2119 1129 2415 1198 Servatore,
2444 1133 2694 1187 nimirum
2717 1136 2771 1188 in
2800 1135 2956 1199 illud,
2994 1154 3012 1186 ‹
3055 1134 3243 1200 Flevit,
3288 1155 3307 1189 ι
3345 1145 3393 1191 et
3444 1137 3498 1190 in
3524 1138 3591 1191 il-

2027 1218 2139 1284 lud,
2174 1240 2192 1272 ι
2228 1219 2384 1275 Nunc
2414 1224 2588 1278 anima
2626 1241 2737 1278 mea
2764 1226 2970 1278 turbata
2992 1238 3088 1291 est,
3133 1247 3149 1276 ι
3191 1237 3258 1293 et,
3292 1244 3312 1277 ι
3369 1225 3428 1281 Si
3471 1244 3591 1296 pos—

2026 1310 2173 1365 sibile
2210 1322 2305 1377 est,
2343 1324 2575 1369 transeat
2608 1334 2637 1369 a
2664 1333 2743 1371 me
2772 1320 2914 1371 calix
2947 1319 3059 1386 iste,
3090 1338 3107 1369 ι
3145 1330 3218 1383 et,
3246 1338 3264 1371 ι
3310 1301 3491 1373 Tristis
3518 1329 3591 1373 est

2027 1401 2365 1470 anima.mea,
2399 1420 2419 1454 ι
2450 1403 2657 1473 aliaque
2683 1406 2838 1475 hujus
2866 1409 3071 1477 generis
3099 1408 3258 1462 dicta.
3289 1408 3589 1461 Auctorita-

2029 1498 2103 1544 tes
2146 1508 2314 1546 sacra
2364 1492 2650 1563 Scriptum
2689 1497 2855 1565 falsas
2907 1499 3269 1552 haretieorum
3325 1498 3591 1566 opiniones
3620 1540 3633 1547 ,

2025 1583 2391 1645 subvertentes.

2558 1760 2849 1815 ASSEIIT.
2888 1760 3047 1817 XXV.

2100 1849 2165 1903 ln
2188 1851 2342 1916 illud,
2376 1868 2395 1902 ι
2436 1848 2826 1920 Primogenitus
2864 1853 3029 1905 omnis
3060 1859 3336 1905 creatum.
3382 1868 3399 1898 ι
3438 1848 3589 1913 Quod

2028 1940 2201 1996 Filius
2227 1958 2329 1997 non
2349 1942 2418 1994 sit
2440 1954 2699 1995 creatura.

2552 2032 2843 2088 ASSERT.
2883 2033 3081 2089 XXVI."

2093 2124 2159 2176 In
2200 2123 2333 2175 illud
2360 2123 2492 2191 ﬁliis
2529 2120 2766 2176 Zebedtei
2790 2121 3011 2185 dictum,
3044 2140 3061 2173 ι
3121 2120 3310 2176 Sedere
3341 2139 3369 2172 a
3394 2120 3593 2173 dextris
3614 2156 3629 2171 ς

2022 2213 2145 2266 meis
2181 2223 2269 2267 aut
2298 2231 2328 2267 a
2356 2214 2584 2267 sinistris
2614 2230 2715 2267 non
2743 2223 2818 2268 est
2846 2230 3015 2267 meum
3031 2214 3175 2266 dare.
3212 2232 3228 2263 ι

2550 2390 2842 2445 ASSER'I‘.
2912 2389 3126 2446 XXVII.

2096 2481 2161 2535 In
2190 2481 2342 2547 illud,
2378 2501 2395 2533 ι
2441 2481 2843 2551 Utcognoscant
2901 2493 2948 2536 te
2982 2482 3151 2536 solum
3192 2498 3365 2537 verum
3403 2482 3589 2549 Deum,

2027 2583 2073 2624 et
2101 2587 2250 2640 quem
2286 2572 2475 2625 misisti
2513 2571 2693 2626 Iesum
2726 2574 3013 2628 Christum.
3057 2594 3074 2625 ι

2531 2663 2821 2722 ASSERT.
2860 2666 3099 2720 XXVIII.

2100 2754 2165 2808 In
2187 2755 2320 2809 illud
2357 2756 2514 2810 Luca:
2536 2758 2755 2820 dictum,
2807 2776 2825 2808 ι
2867 2758 3023 2812 Jesus
3072 2768 3244 2812 autem
3294 2760 3595 2828 proﬁciebat

2029 2847 2287 2914 sapientia
2338 2856 2385 2900 et
2427 2857 2580 2902 aetate
2654 2865 2715 2901 ac
2762 2849 2936 2917 gratia
2983 2849 3124 2918 apud
3157 2849 3331 2909 Deum,
3352 2860 3397 2903 et
3426 2851 3593 2905 homi-

2032 2952 2138 2990 ﬂ88.
2184 2956 2202 2988 ι
2974 2952 2977 2955 ⁷

2551 3028 2845 3084 ASSER’I‘.
2882 3030 3074 3086 XXIX’.

2102 3116 2169 3170 In
2227 3117 2380 3183 illud,
2420 3137 2437 3169 ι
2480 3118 2611 3172 Cum
2642 3136 2758 3175 vero
2810 3121 3045 3189 subjecta
3088 3121 3134 3175 ei
3178 3122 3368 3189 fuerint
3398 3122 3593 3182 omnia.

2032 3217 2153 3261 tunc
2181 3218 2227 3260 et
2248 3207 2355 3273 ipse
2376 3222 2577 3276 quoque
2605 3208 2778 3263 Filius
2798 3211 3107 3279 subjicietur
3143 3211 3190 3264 ei
3218 3211 3308 3279 qui
3340 3210 3437 3265 sibi
3471 3227 3598 3264 cun-

2026 3307 2110 3352 cta
2128 3296 2364 3365 subjecit.
2379 3316 2398 3348 ι

2575 3388 2864 3445 ASSERT.
2906 3391 3071 3446 XXX.

2099 3473 2164 3528 In
2191 3474 2347 3541 illud,
2392 3496 2410 3528 ι
2455 3477 2634 3543 Pater,
2667 3478 2906 3547 glori/ica
2955 3496 3036 3533 me
3105 3480 3198 3533 illa
3234 3481 3401 3549 gloria
3440 3496 3613 3548 quam.

2028 3565 2187 3618 habui
2217 3568 2356 3635 apud
2385 3578 2451 3633 te,
2486 3579 2767 3637 antequam
2802 3572 3027 3624 mundus
3063 3580 3214 3625 esset.
3256 3590 3275 3622 ο

2551 3657 2838 3713 ASSERT.
2880 3659 3071 3715 XXXI.

2100 3749 2358 3802 Adversus
2397 3750 2648 3813 dicentes,
2684 3750 2823 3819 quod
2856 3749 2994 3804 Deus
3043 3751 3208 3805 nihilo
3253 3753 3364 3820 plus
3386 3753 3597 3813 sciatde

2029 3859 2128 3896 sua
2157 3843 2399 3906 essentia,
2423 3858 2579 3910 quam
2629 3858 2743 3908 nos,
2798 3844 2888 3895 sed
2950 3842 3201 3913 quidquid
3250 3845 3355 3910 ipse
3406 3844 3501 3895 scit
3536 3845 3597 3896 de

2029 3936 2230 4000 seipso,
2256 3934 2483 4001 idipsum
2507 3943 2554 3987 et
2587 3950 2678 3987 nos
2712 3951 2913 4005 quoque
2945 3935 3086 3989 circa
3132 3934 3296 3989 ullam
3351 3934 3595 4001 diﬁ'eren-

2032 4026 2154 4078 tiam
2177 4024 2324 4079 scire.

2522 4113 2815 4171 ASSERT.
2890 4113 3104 4170 XXXII.

2105 4206 2422 4262 Testimonia
2440 4223 2504 4262 ex
2527 4206 2577 4260 Ν
2584 4224 2676 4261 ovo
2717 4211 3063 4275 Testamento,
3101 4224 3377 4277 eorumque
3394 4210 3593 4276 exposi-

2033 4298 2221 4361 tiones,
2249 4314 2365 4352 curn
2394 4297 2725 4375 syllogismis,
2754 4298 2890 4367 quod
2922 4295 3095 4350 Filius
3151 4297 3220 4350 sit
3281 4298 3440 4363 Deus,
3520 4314 3595 4350 se.

2032 4392 2258 4443 cundum
2298 4399 2540 4445 naturam
2554 4406 2659 4454 με
2679 4406 2780 4459 quo
2800 4390 3030 4458 infertur
3061 4404 3163 4449 non
3211 4405 3319 4444 esse
3362 4406 3489 4459 opus
3526 4398 3596 4442 ret

2037 4492 2351 4537 creaturam.

2533 4574 2817 4633 ASSERT.
2860 4575 2951 4631 XX
2962 4574 3098 4631 XIII.

2104 4666 2254 4732 Quod
2287 4666 2513 4737 Spiritus
2537 4679 2750 4724 sanctus
2792 4671 2858 4723 sit
2899 4669 3037 4723 Deus
3106 4672 3393 4725 secundum
3442 4677 3605 4720 natu-.

2037 4773 2147 4809 ram
2173 4770 2217 4811 et
2254 4775 2318 4813 ea:
2350 4761 2574 4815 essentia
2604 4758 2802 4814 Patris.
2834 4759 2898 4814 Et
2953 4761 3092 4826 quod
3111 4777 3201 4831 per
3232 4758 3429 4813 Filium
3454 4774 3588 4812 crea-

2034 4851 2164 4904 turis
2188 4851 2426 4907 donetur.

2468 4944 2571 5011 ιο
2604 4942 2891 4999 ASSERT.
2933 4942 3171 5000 xxxuv.

2112 5035 2422 5089 Testimonia
2456 5033 2747 5102 Scriptum
2786 5034 2975 5104 quibus
3006 5034 3239 5097 docetur,
3307 5035 3445 5103 quod
3481 5035 3592 5105 Spi-

2038 5124 2168 5178 ritus
2194 5126 2257 5177 sit
2285 5124 2447 5189 Deus,
2465 5134 2510 5178 et
2531 5128 2763 5179 eamdem
2788 5128 2998 5179 omnino
3021 5141 3136 5177 cum
3172 5123 3315 5177 Filio
3345 5129 3591 5193 operatio-

2038 5231 2153 5268 nem
2181 5216 2388 5278 habeat,
2417 5215 2653 5283 quodque
2695 5231 2797 5267 non
2824 5216 2888 5268 sit
2920 5214 3123 5267 alienus
3154 5215 3217 5268 ab
3248 5216 3409 5285 ipsius
3433 5234 3587 5273 essen.

2039 5304 2132 5358 tia.
2154 5303 2268 5358 Hoc
2287 5306 2445 5358 etiam
2475 5305 2628 5357 exiis
2656 5305 2889 5369 docetur,
2929 5306 3067 5374 quod
3089 5322 3206 5360 cum
3240 5308 3379 5363 Deus
3429 5311 3482 5365 in
3513 5328 3590 5365 no-

2041 5395 2117 5450 bis
2146 5395 2380 5449 habitare
2409 5394 2625 5459 dicitur,
2652 5395 2882 5465 Spiritus
2909 5398 2976 5450 sit
3001 5399 3087 5467 qui
3115 5399 3392 5454 inhabitat.

2534 5573 2826 5631 ASSERT.
2864 5574 3076 5632 XXXV.

2112 5667 2427 5724 Testimonia
2487 5684 2651 5723 sacra:
2727 5667 3014 5735 Scriptura:
3090 5669 3273 5738 quibus
3338 5669 3585 5735 probatur

2043 5760 2178 5828 quod
2238 5758 2410 5815 Filius
2467 5762 2534 5814 sit
2588 5762 2786 5830 genitus
2835 5776 2895 5812 ea:
2952 5758 3134 5829 I‘atrc,
3184 5770 3230 5815 et
3289 5776 3386 5813 non
3463 5776 3589 5813 creat

2036 5866 2136 5909 th.
