4144 6514
555 323 625 377 ‘25
1540 326 1596 379 S.
1638 325 1924 380 CYRILLF
1947 326 2409 391 ALEXANDRINI
2443 331 2760 387 ARCHIEP.
3721 347 3801 399 ειη

1075 658 1196 785 Η
1276 654 1862 790 ΒΙΒΛΟΣ
1938 663 2277 805 ΤΩΝ
2354 663 3269 802 ΘΗΣΑΥΡΩΝ

927 934 1183 1021 ΠΕΡΙ
1254 937 1468 1035 ΤΗΣ
1539 931 1854 1043 ΑΓΙΑΣ
1926 936 2120 1026 ΚΑΙ
2192 946 2849 1056 ΟΜΟΟΥΣΙΟΥ
2919 950 3403 1048 ΤΡΙΑΔΟΣ.

1739 1266 2580 1471 THESAURUS

1269 1606 1379 1683 DE,
1409 1610 1699 1673 SANCTA
1736 1613 1833 1691 ET
1876 1602 2565 1698 CONSUBSTANTIALI
2606 1625 3067 1687 TRINITATE.‘

960 1988 1533 2083 ASSERTIO
1607 1997 1694 2094 Ι..

1022 2138 1102 2205 De
1125 2140 1366 2210 genitore:
1389 2143 1638 2213 ingenito.

615 2250 710 2332 ιι
763 2249 819 2305 Si
872 2250 1061 2309 Ariani
1114 2267 1212 2307 nos
1250 2256 1669 2324 aggrediantur,
1718 2260 2122 2334 interrogantes

544 2328 906 2400 utrumcunum
927 2341 1303 2410 sitingenitum
1326 2360 1393 2398 an
1410 2346 1537 2413 duo,
1559 2356 1617 2401 ut
1640 2364 1759 2404 cum
1782 2328 1951 2408 unum
1966 2365 2113 2411 certe

545 2445 665 2485 esse
694 2430 1009 2498 dixerimus,
1028 2433 1093 2487 ad
1112 2431 1327 2488 Patrem
1351 2435 1404 2490 id
1426 2436 1736 2505 referentes,
1756 2442 1947 2497 Filium
1972 2444 2111 2504 inter

546 2530 825 2583 creaturas
841 2522 1162 2579 collocemus
1181 2524 1283 2579 :ita
1302 2529 1621 2595 respondere
1631 2543 1841 2601 oportet
1862 2534 2108 2593 frivolam

548 2620 603 2666 et
624 2613 856 2681 ineptam
877 2612 1352 2683 interrogationem
1373 2631 1523 2673 esse:
1557 2622 1734 2676 varias
1766 2624 1905 2678 enim
1939 2626 2107 2695 signi-

549 2701 832 2769 ficationes
864 2702 1026 2758 habet
1056 2705 1360 2774 ingenitum.
1385 2706 1519 2769 Nam
1546 2710 1829 2779 ingenitum
1857 2717 2104 2785 estquod

541 2791 781 2847 nondum
812 2794 1027 2863 quidem
1055 2795 1254 2861 factum
1288 2804 1389 2863 est,
1427 2808 1480 2853 et
1509 2809 1686 2857 tamen
1732 2805 1846 2858 fleri
1881 2816 2058 2875 potest
2087 2824 2103 2862 :

540 2883 685 2937 sicut
717 2897 747 2936 e
779 2882 922 2953 ligno
950 2888 1172 2954 scapha,
1202 2900 1255 2943 et
1285 2903 1355 2947 ex
1394 2905 1504 2945 aere
1546 2901 1743 2947 statua.
1782 2893 1988 2960 Rursus
2018 2900 2109 2957 in:

541 2972 773 3038 genitum
805 2973 1022 3041 dicitur,
1063 2977 1207 3045 quod
1241 2993 1515 3048 nunquam
1551 2979 1750 3036 factum
1798 2994 1901 3048 est,
1935 3001 2106 3054 neque

540 3059 657 3112 fieri
692 3070 865 3128 potest
900 3079 913 3115 :
943 3073 1020 3129 ut,
1045 3065 1277 3133 exempli
1309 3069 1505 3135 gratia,
1527 3069 1825 3139 triangulus
1851 3086 1950 3128 nec
1976 3072 2102 3139 fuit,

540 3164 640 3207 nec
668 3151 772 3206 erit
801 3168 1035 3221 unquam
1068 3154 1492 3222 quadrangulus.
1546 3159 1718 3214 Simul
1770 3163 1913 3217 enim
1968 3165 2106 3234 perit

541 3240 793 3307 trianguli
830 3242 1023 3310 figura,
1067 3244 1171 3297 alia
1217 3246 1461 3313 quardam
1511 3265 1672 3318 quam
1713 3262 1849 3318 erat,
1887 3253 1965 3308 fit.
2022 3255 2105 3310 Ad

540 3328 654 3387 haec
685 3331 972 3399 ingenitum
1015 3332 1229 3398 dicitur,
1276 3338 1417 3405 quod
1448 3341 1695 3407 quamvis
1726 3342 1796 3396 sit
1845 3352 1897 3397 et
1928 3343 2104 3399 subsi-

2128 2006 2185 2077 tt

2539 2003 2903 2091 ΛΟΓΟΣ
2978 2008 3443 2097 ΠΡΩΤΟΣ.

2548 2143 2689 2211 Περὶ
2725 2146 2977 2214 γενητσῦ
3014 2149 3112 2203 καὶ
3151 2150 3466 2220 ἀγενήτου.

2285 2252 2347 2304 Εί
2394 2251 2653 2326 διερωτᾷν
2699 2257 2849 2328 ἡμᾶς
2892 2262 3216 2332 ἐπιχειροῖεν
3253 2265 3520 2336 Ἀρειανοι
3547 2307 3562 2330 ,
3610 2268 3670 2322 ἓν
3718 2268 3802 2339 τὰ,

2212 2341 2526 2415 ἀγένητονῆ
2557 2347 2669 2414 δύο,
2708 2349 2796 2404 ἵνα
2832 2350 2988 2422 δῆθεν
3018 2353 3076 2406 ἓν
3106 2354 3349 2419 εἰπόντες
3393 2357 3541 2423 αὐτὸ,
3578 2361 3671 2412 καὶ
3700 2363 3799 2437 sic:

2211 2434 2301 2488 τὸν
2322 2437 2540 2511 Πατέρα
2569 2441 2844 2511 φέροντες,
2871 2444 2929 2496 ὲν
2956 2447 3068 2508 τοῖς
3088 2450 3331 2517 γενητοῖς
3357 2450 3775 2522 καταριθμῆσαι.)⁶

2212 2544 2311 2596 μεν
2354 2526 2443 2582 τὸν
2475 2529 2623 2595 Υίὸν,
2653 2533 3053 2604 ἀποκρίνασθαι
3102 2537 3207 2608 χρὴ
3249 2538 3507 2592 τοιῶσδε’
3558 2541 3774 2609 πρῶτον

2211 2615 2309 2685 μὲν
2358 2613 2450 2671 οὖν
2497 2620 2714 2693 ἀμαθὴς
2762 2624 2857 2676 καὶ
2896 2626 3278 2697 ἀπαίδευτοςὴ
3310 2629 3609 2699 ὲρώτησις’
3638 2630 3778 2685 κατὰ

2208 2702 2376 2757 πολλὰ
2402 2705 2509 2777 γὰρ
2533 2711 2901 2780 σημαινόμενα
2954 2713 3014 2765 τὸ
3041 2713 3335 2781 ἀγέννητον
3356 2716 3771 2785 ὲκλαμόάνεται.

2220 2794 2533 2865 Ἀγένητόν
2564 2799 2679 2853 ἐστι
2705 2801 2766 2853 τὸ
2806 2805 2972 2872 μήπω
3013 2805 3113 2872 μὲν
3153 2806 3461 2875 γενόμενον,
3497 2808 3797 2879 ἐνδεχόμεη,

2206 2903 2294 2939 νον
2320 2888 2376 2940 δὲ
2401 2890 2672 2956 γενέσθαι,
2703 2890 2779 2955 ὡς
2802 2893 2908 2945 ἀπὸ
2946 2893 3103 2957 ξύλου
3136 2896 3361 2964 σκάφος,
3394 2899 3426 2967 ἢ
3467 2900 3530 2951 ὲκ
3571 2899 3772 2969 χαλκοῦ

2204 2977 2442 3049 ἀνδριάς.
2476 2982 2585 3033 Καὶ
2618 2981 2776 3035 πάλιν
2808 2984 3098 3050 ἀγένητον
3120 2985 3336 3054 λέγεται
3368 2989 3427 3041 τὸ
3462 2991 3598 3059 μήτε
3630 2991 3791 3059 γενότ

2207 3084 2365 3136 μενον
2393 3069 2631 3131 πώποτε,
2671 3074 2809 3141 μήτε
2839 3072 2944 3143 μὴν
2993 3074 3244 3140 γενέσθαι
3273 3077 3568 3147 δυνάμενον
3592 3093 3605 3107 ·
3640 3079 3771 3150 φέρε

2202 3161 2395 3224 εἰπεῖν,
2433 3162 2492 3214 τὸ
2528 3163 2789 3234 τρίγωνον
2822 3167 3005 3236 σχῆμα
3031 3170 3093 3220 ού
3130 3169 3317 3237 γέγονέ
3353 3188 3482 3224 ποτε
3505 3174 3774 3243 τετράγω-

2202 3264 2316 3327 νον,
2355 3247 2463 3302 οὔτ’
2498 3250 2562 3303 ἂν
2596 3253 2804 3318 γένοιτό
2838 3270 2969 3307 ποτε
2990 3271 3003 3284 ο
3036 3255 3289 3327 ἂμανγὰρ
3329 3258 3648 3326 ἀφανίζεται
3677 3260 3770 3313 τοῦ

2202 3312 2467 3404 ἴτριγώνου
2500 3338 2559 3389 τὸ
2584 3312 2801 3413 σχῆμα,
2824 3340 3009 3412 ἕτερόν
3037 3312 3088 3395 τί
3122 3312 3415 3415 πα’ρ’.δπε.ρ
3541 3348 3770 3415 γίνεται.

538 3429 663 3485 stat,
687 3436 960 3491 nunquam
1008 3432 1180 3478 tamen
1215 3439 1279 3479 ex
1316 3426 1496 3495 aliquo
1535 3430 1734 3483 factum
1806 3431 1927 3487 fuit.
1963 3435 2097 3491 Cum

2204 3427 2436 3494 Λέγεται
2474 3429 2633 3483 πάλιν
2676 3410 2993 3499 ἀγένητον,
3024 3432 3085 3486 τὸ
3116 3410 3358 3507 ὑπάρχον
3525 3410 3618 3491 καὶ
3653 3440 3767 3507 ὑφ-

538 3524 666 3579 ergo
696 3511 877 3565 multis
915 3512 1016 3582 12
1063 3514 1237 3569 modis
1271 3516 1555 3585 ingenitum
1602 3521 1881 3588 capiatur,
1920 3523 2102 3578 dicant

536 3602 668 3671 quid
700 3602 862 3657 velint
888 3604 1175 3673 ingenitum
1213 3608 1265 3660 in
1306 3609 1412 3662 Deo
1449 3610 1777 3679 significare.
1806 3614 1881 3666 Ac
1925 3614 2103 3669 dicent

538 3690 790 3762 fortasse,
826 3697 968 3765 quod
994 3713 1266 3766 nunquam
1299 3701 1538 3768 genitum
1576 3705 1648 3758 sit
1679 3723 1692 3758 :
1728 3706 1959 3761 confessi
1986 3707 2098 3775 pri-

512 3799 683 3845 mum
713 3801 834 3841 sese
865 3786 1080 3845 indocte
1130 3791 1516 3860 interrogasse.
1562 3795 1870 3852 Statuamus
1917 3799 2101 3868 itaque

536 3874 699 3932 etiam
730 3891 895 3941 unum
922 3894 1042 3935 esse
1072 3882 1388 3952 ingenitum.
1426 3887 1579 3950 Quod
1610 3888 1654 3940 si
1698 3904 1763 3941 cx
1807 3889 1908 3942 hoc
1957 3889 2100 3944 infe-

536 3976 687 4037 rant,
713 3982 933 4026 necesse
962 3971 1182 4026 omnino
1224 3988 1342 4029 esse
1373 3984 1431 4028 ut
1464 3976 1663 4035 factum
1689 3977 1883 4031 Filium
1922 3982 2098 4034 confi-

536 4063 767 4120 teamur,
802 4060 1055 4127 quoniam
1104 4077 1241 4117 unus
1287 4063 1624 4121 solummodo
1679 4067 1949 4137 ingenitus
1993 4078 2097 4133 est,

534 4145 799 4210 nimirum,
824 4147 1020 4215 Pater;
1053 4151 1165 4205 haec
1206 4162 1393 4207 contra
1419 4156 1640 4210 audient
1671 4174 1684 4211 :
1719 4156 1776 4211 Si
1809 4158 2095 4227 sapientia,

534 4247 590 4292 et
617 4240 885 4305 virtus,et
912 4250 1129 4300 verbum
1159 4244 1337 4304 Patris
1366 4258 1450 4303 est
1471 4249 1669 4318 Filius;
1700 4262 1927 4323 eratque
1954 4269 2099 4310 sem-

534 4344 629 4398 per
660 4332 711 4385 in
739 4332 895 4390 Patre
930 4334 1195 4404 Verbum,
1226 4348 1279 4394 ει
1299 4342 1587 4408 sapientia.
1646 4351 1702 4398 et
1742 4345 1915 4401 virtus
1948 4364 1963 4400 :
1991 4362 2094 4401 non

535 4419 699 4489 igitur
726 4432 810 4477 est
836 4426 1101 4492 posterior
1131 4437 1252 4480 ortu
1283 4428 1475 4497 Filius,
1506 4431 1597 4499 qui
1625 4432 1738 4486 haec
1774 4432 1885 4501 ipsa
1931 4443 1985 4488 et
2015 4444 2096 4488 est

529 4520 584 4566 et
614 4525 839 4567 vocatur
870 4532 884 4569 :
918 4518 1010 4569 sed
1048 4520 1495 4583 quemadmodum
1520 4538 1585 4575 ex
1618 4521 1728 4576 Deo
1753 4522 1914 4589 Deus,
1947 4536 2001 4578 et
2031 4526 2096 4579 de

530 4599 733 4656 lumine
760 4602 938 4659 lumen
969 4605 1189 4671 etfulsit,
1221 4608 1301 4663 sic
1324 4625 1389 4663 ex
1420 4626 1536 4675 non,
1569 4610 1715 4683 facto
1746 4629 1849 4668 non
1885 4612 2087 4669 factus.

528 4686 657 4745 Tale
686 4708 916 4764 namque
946 4707 1156 4766 oportet
1179 4714 1298 4754 esse
1320 4697 1575 4765 Verbum,
1605 4701 1784 4770 qualis
1818 4703 1980 4757 etiam
2011 4713 2093 4759 est

528 4783 622 4850 qui
653 4783 828 4850 ipsum
868 4765 1073 4854 genuit.
1104 4788 1181 4843 Ita
1207 4791 1351 4845 enim
1387 4792 1440 4847 id
1466 4765 1808 4861 quod-Patris
1835 4796 2088 4849 substan-
2120 4765 2161 4823 Ο

529 4872 615 4924 tiae
645 4875 919 4943 proprium
949 4885 1051 4943 est,
1102 4896 1228 4935 vere
1256 4882 1466 4937 dicetur
1510 4884 1571 4943 in
1617 4898 1681 4941 eo
1718 4899 1860 4948 esse,
1896 4885 1986 4954 qui
2026 4900 2095 4948 ex,
2142 4906 2145 4909 ·

526 4961 644 5030 ipso
674 4966 887 5033 genitus
914 4978 1016 5022 est.
1060 4968 1201 5025 Nihil
1234 4972 1590 5042 igiturobstat
1639 4976 1927 5044 quominus
1967 4992 2089 5030 cum

528 5070 664 5109 unus
698 5057 769 5111 sit
812 5057 974 5115 Pater
1006 5078 1110 5116 non
1160 5064 1355 5130 factus,
1386 5065 1619 5121 Verbum
1654 5069 1817 5122 etiam
1848 5070 1991 5138 quod
2023 5086 2091 5132 ex

527 5146 641 5211 ipso
668 5157 773 5213 est,
802 5165 906 5204 non
938 5153 1008 5206 sit
1035 5153 1235 5209 factum
1296 5174 1310 5210 :
1340 5158 1537 5227 quippe
1562 5159 1704 5228 quod
1760 5175 1923 5213 unum
1958 5175 2081 5214 cum

529 5236 686 5293 Patre
716 5249 771 5295 et
800 5241 853 5296 in
882 5243 1042 5302 Patre
1073 5258 1294 5318 pr0pter
1334 5258 1542 5305 naturae
1578 5252 2085 5307 incommutabilita-

528 5338 632 5382 tem
663 5345 780 5397 esse
809 5333 1144 5406 intelligitur.
1165 5340 1315 5407 Quod
1338 5342 1552 5410 quidem
1593 5345 1751 5397 etiam
1791 5344 1904 5413 ipse
1926 5346 1991 5399 de
2029 5360 2087 5400 se

525 5419 599 5472 ait
638 5438 650 5473 :
687 5439 706 5474 ι
746 5423 858 5494 Ego
911 5428 965 5481 et
1014 5426 1175 5484 Pater
1219 5448 1381 5486 unum
1426 5448 1611 5488 sumus
1642 5435 1683 5487 ⁸.
1716 5452 1735 5485 ι
1774 5432 1904 5487 Nam
1964 5448 2082 5500 per:

527 5524 725 5579 unum,
778 5512 1108 5573 identitatem
1160 5519 1472 5578 substantia:
1528 5521 1890 5594 significavit;
1953 5535 2081 5592 Ρετν

587 5690 607 5723 ¹
634 5688 785 5746 Joan.
825 5708 883 5753 x,‘
906 5690 999 5745 30.

2200 3517 2448 3587 εστηκὺς,
2472 3518 2545 3590 μὴ
2573 3519 2678 3591 μὴν
2696 3524 3057 3595 γεγενημένον
3075 3526 3178 3577 ὑπό
3200 3527 3523 3589 τινος.Κατά
3544 3526 3770 3590 πολλοὺς

2198 3609 2499 3680 τοιγαροῦν,
2533 3612 2817 3682 νοουμένου
2852 3615 3083 3684 τρόπους
3115 3616 3210 3670 τοῦ
3244 3618 3556 3686 ἀγενήτου,
3581 3618 3634 3671 τί
3664 3621 3769 3686 ἄρα

2204 3699 2488 3768 σημαίνειν
2520 3702 2613 3755 ἐπὶ
2634 3702 2768 3756 Θεοῦ
2802 3703 3079 3774 βούλονται
3110 3707 3189 3769 τὸ,
3231 3707 3563 3776 ἀγένητον;
3617 3708 3767 3761 Ἀλλ’

2202 3789 2331 3854 ἴσως
2381 3790 2442 3843 τὸ
2494 3792 2569 3863 μὴ
2609 3795 2935 3866 γεγενῆσθαι
2986 3797 3287 3867 φήσουσιν,
3341 3800 3785 3877 ὁμολογήσαντες,

2201 3883 2466 3955 πρότερον
2507 3886 2841 3951 ἀπαιδεύτως
2886 3890 3214 3959 πεποιῆσθαι
3259 3891 3356 3961 τὴν
3408 3892 3779 3969 ὲπερώνησιν,

2199 3972 2455 4040 Λεγὲσθω
2478 3974 2654 4027 τοίνυν
2689 3977 2782 4030 καὶ
2829 3980 2957 4047 παρ’
2992 3980 3147 4047 ἡμῶν
3180 3980 3261 4032 ὅτι
3295 3978 3352 4031 ἓν
3396 3979 3456 4033 τὸ
3485 3980 3766 4052 ἀγένητον.

2199 4062 2260 4114 El
2307 4062 2364 4115 δὲ
2408 4063 2544 4134 πρὸς
2573 4065 2729 4119 τοῦτο
2758 4068 3173 4141 φαῖεν,λοὑκοῦν
3208 4068 3422 4141 ἀνάγκη
3464 4075 3611 4125 πᾶσα
3647 4090 3787 4134 συνο,

2198 4153 2475 4222 ομολογεῖν
2507 4155 2831 4225 γεγενῆσθαι
2870 4157 2958 4209 τὸν
3002 4158 3148 4221 Υίὸν,
3180 4160 3369 4229 ἐπειδὴ
3413 4161 3472 4213 τὸ
3502 4161 3767 4231 ἀγένητον

2200 4246 2277 4309 ἓν,
2304 4246 2439 4317 ὅπερ
2480 4248 2624 4299 ἐστὶν
2670 4250 2698 4299 6
2745 4248 2950 4319 Πατὴρ,
2982 4249 3405 4305 ἁντακούσονται
3455 4251 3651 4305 πάλινσ
3702 4254 3763 4305 Εἰ

2201 4335 2359 4403 σοφία
2392 4335 2486 4388 καὶ
2521 4335 2764 4405 δύναμις,
2809 4339 2902 4388 καὶ
2948 4338 3102 4404 λόγος
3146 4337 3237 4391 τοῦ
3285 4338 3496 4409 Πατρός
3543 4340 3689 4392 ἐστιν
3737 4340 3765 4391 6

2197 4424 2354 4487 Υἱός’
2387 4421 2455 4495 ἦν
2494 4424 2551 4479 δὲ
2580 4425 2667 4477 ἀεὶ
2705 4425 2763 4477 ὲν
2800 4426 2975 4496 Πατρὶ
3006 4426 3180 4495 λόγος,
3225 4429 3319 4482 καὶ
3350 4429 3526 4497 σοφία,
3557 4428 3650 4480 καὶ
3676 4428 3764 4480 δύ·-

2196 4533 2379 4585 ναμις,
2403 4516 2502 4567 οὐκ
2532 4514 2845 4583 ἐπιγέγονεν
2875 4512 2973 4569 οῦν.
2999 4519 3026 4570 6
3058 4518 3204 4581 Υἱὸς,
3235 4519 3293 4581 ὃς
3326 4517 3497 4571 ταῦτά
3525 4519 3640 4569 ἐστι
3670 4518 3762 4569 καὶ

2196 4603 2612 4658 καλεῖται.Ἀλλ’
2641 4605 2830 4674 ὥσπερ
2875 4605 2939 4658 ὲκ
2974 4605 3106 4658 Θεοῦ
3154 4606 3305 4667 Θεὸς,
3338 4607 3429 4657 καὶ
3475 4607 3538 4657 ὲκ
3588 4604 3763 4673 φωτὸς

2197 4692 2466 4764 ἐξέλαμψε
2500 4692 2635 4761 φῶς,
2669 4691 2811 4746 οὕτω
2840 4693 2933 4747 καὶ
2972 4694 3031 4759 ea
3066 4693 3327 4762 ἁγενὴτου
3357 4692 3635 4762 ἀγένητος.
3671 4694 3761 4745 Δεῖ

2197 4787 2303 4855 γὰρ
2327 4780 2464 4837 εἶναι
2492 4782 2729 4838 τοιοῦτον
2766 4784 2858 4838 τὸν
2881 4784 3070 4853 Λόγον,
3101 4783 3281 4846 ὁποῖός
3308 4785 3428 4835 ’ἐστι
3462 4783 3555 4834 καὶ
3582 4785 3610 4835 6
3641 4798 3759 4851 γεν-

2197 4880 2365 4949 νήσας
2396 4878 2575 4931 αὑτόν.
2606 4876 2759 4930 Οὕτω
2784 4878 2891 4947 γὰρ
2920 4877 2984 4930 ἂν
3010 4877 3069 4929 τὸ
3088 4877 3186 4946 τῆς
3215 4875 3307 4928 τοῦ
3337 4874 3547 4944 Πατρὸς
3575 4873 3758 4933 οὐσίας

2197 4970 2416 5040 γνήσιον
2444 4968 2828 5037 ὲπαληθεύοιτο
2859 4968 2932 5037 τῷ
2971 4966 3030 5031 ὲξ
3067 4966 3228 5020 αὑτοῦ
3257 4964 3596 5035 γεννωμένῳ.
3638 4964 3775 5031 Κω-Δ

2196 5061 2311 5129 λύει
2357 5060 2534 5113 τοίνυν
2580 5060 2730 5113 οὐδὲν
2763 5061 2877 5122 ὲνδς
2902 5059 3051 5122 ὄντος
3096 5058 3188 5111 τοῦ
3234 5059 3493 5126 ὰγενήτου
3525 5054 3754 5125 Πατρὺς,

2194 5153 2457 5223 ἀγένητον
2484 5147 2617 5204 εῖναι
2644 5151 2736 5205 καὶ
2770 5151 2859 5203 τὸν
2880 5149 2939 5214 ἐξ
2965 5148 3127 5203 αὑτοῦ
3149 5149 3337 5217 Λόγον,
3353 5148 3425 5210 ὡς
3456 5148 3512 5199 ἓν
3540 5164 3591 5198 τι
3621 5145 3758 5216 μετὰ

2194 5248 2404 5317 Πατρδς
2454 5247 2545 5299 καὶ
2577 5245 2634 5297 ὲν
2666 5246 2839 5314 Πατρὶ
2881 5241 3166 5311 νοούμενον
3195 5240 3282 5292 διὰ
3308 5240 3367 5291 τὸ
3406 5240 3501 5308 τῆς
3542 5236 3756 5307 φύσεως

2192 5336 2641 5406 ἀπαράλλακτον·
2670 5334 2699 5385 ὃ
2743 5334 2806 5399 δὴ
2855 5332 2945 5384 καὶ
2990 5330 3149 5393 αὐτὸς
3178 5331 3303 5400 περὶ
3339 5326 3528 5381 ἑαυτοῦ
3560 5341 3751 5396 φησιν·

2201 5448 2217 5479 ι
2242 5427 2382 5496 Ἐγὼ
2414 5426 2507 5480 καὶ
2530 5428 2557 5479 ό
2582 5427 2768 5496 Πατὴρ
2803 5424 2859 5477 ἓν
2892 5425 3075 5495 ὲσμεν,
3104 5441 3122 5473 ι
3153 5421 3241 5475 διὰ
3281 5421 3376 5490 μὲν
3404 5419 3519 5483 τοῦ,
3546 5416 3636 5480 ἐν,
3657 5418 3755 5486 τὴν

2192 5519 2493 5589 ταυτότητα
2525 5517 2622 5589 τῆς
2652 5517 2837 5579 οὐσίας
2869 5514 3143 5585 σημαίνων
3162 5531 3173 5543 ·
3202 5512 3287 5567 διὰ
3320 5512 3374 5564 δὲ
3404 5510 3516 5577 τοῦ,
3542 5508 3755 5578 ἐσμὲν,
