4144 6540
301 385 374 430 ea
1733 353 2191 426 THESAURUS.
3504 348 3578 408 26

301 486 383 551 εἰς
404 483 577 540 δυάδα
615 482 830 555 τέμνων
857 483 920 547 τὸ
944 481 1258 552 νοούμενον,
1301 481 1397 534 καὶ·
1426 479 1588 535 πάλιν
1633 481 1713 542 εἰς
1766 478 1892 548 μίαν

2000 492 2204 540 runtur,
2237 474 2290 528 in
2312 473 2420 528 duo
2443 469 2718 532 scindens,
2747 467 2799 520 id
2825 466 2966 537 quod
2989 463 3307 536 intelligitur
3333 465 3385 518 iu
3418 478 3595 526 unam.

301 575 687 648 περισφίγγων
714 572 978 642 Θεότητα.

993 664 1194 718 ΑΛΛΟ.

370 762 436 817 Ei
475 762 570 816 τοῦ
615 760 830 833 Πατρὸς
862 757 1027 824 εἰκὼν
1057 757 1475 830 ἀπαράλλακτός
1501 756 1649 808 ἐστιν
1682 757 1710 808 6
1741 753 1887 816 Υίὸς,

299 857 376 921 ὡς
402 857 608 910 ἐκεῖνον
639 857 696 908 ὲν
730 853 882 925 αύτῷ
911 851 1218 922 φαίνεσθαι,
1251 850 1394 905 κατὰ
1436 849 1515 912 τὸ,
1564 868 1581 900 ι
1604 849 1663 900 Ὀ
1715 849 1890 916 ἑωρα-

301 949 413 1019 κὼς
442 949 565 1019 ὲμὲ,
603 947 818 1019 ἑώρακε
853 947 949 1000 καὶ
976 945 1068 1000 τὸν
1096 945 1341 1016 Πατέρα,
1377 962 1396 996 ι
1447 943 1661 1013 ἀνάγκη
1688 941 1889 1008 λέγειν,

298 1042 560 1111 ἀγένητον
595 1035 734 1110 εἶναι
761 1041 855 1096 τὸν
885 1038 945 1103 ἐξ
972 1039 1238 1108 ἀγενήτου
1270 1034 1603 1108 προελθόντα
1635 1032 1848 1102 Πατρός
1873 1047 1886 1061 ο

296 1134 418 1187 ἐπεὶ
448 1134 568 1196 πῶς
600 1132 666 1186 ἂν
697 1133 756 1185 ὲν
774 1127 852 1202 τῷ
879 1129 1097 1201 γενητῷ
1125 1128 1314 1200 ὀφθείη
1349 1128 1479 1181 ποτὲ
1507 1126 1566 1180 τὸ
1595 1125 1889 1194 ἀγένητον;

297 1227 362 1280 Εί
387 1225 498 1297 γὰρ
529 1224 592 1278 τὸ
621 1224 931 1295 ἀρχέτυπον
953 1225 1010 1276 ὲν
1035 1221 1113 1293 τῷ
1143 1221 1419 1293 μιμήματι
1451 1218 1714 1290 φαίνοιτο,
1739 1215 1891 1269 ἔσται

298 1319 516 1381 πάντως
541 1317 684 1370 κατὰ
715 1315 871 1369 τοῦτο
903 1314 1296 1385 κάκεῖνο.Ὦρα
1330 1311 1509 1380 λέγειν
1539 1307 1631 1364 οὖν
1665 1307 1892 1377 γενητὸν

297 1407 441 1464 εἶναι
478 1412 571 1465 καὶ⁵
599 1411 690 1464 τὸν
717 1409 961 1480 Πατέρα,
994 1408 1118 1462 καθ’
1146 1408 1206 1461 ὃν
1232 1409 1265 1477 ὴ
1296 1404 1459 1458 εἰκὼν
1484 1399 1802 1474 ἐμορφώθη.
1826 1400 1891 1452 Et

296 1505 354 1558 δὲ
379 1503 536 1558 τοῦτο
565 1505 784 1568 ἄτοπον,
818 1503 971 1556 ἔσται
999 1503 1219 1564 πάντως
1250 1497 1520 1568 ἀγενήτου
1545 1495 1604 1549 τὸ
1627 1493 1892 1562 ἀγένητον

298 1615 486 1652 εικων.

994 1770 1198 1825 ΑΛΛΟ.

1997 581 2190 621 rursus
2229 563 2485 620 deitatem
2521 558 2862 626 constringit.

2687 648 2916 705 ALIUD.

2071 749 2127 804 Si
2153 748 2331 804 Filius
2366 756 2451 806 est
2497 740 2959 800 incommutabilis
2990 737 3166 792 Patris
3206 738 3406 808 imago,
3448 740 3603 794 adeo.

1999 855 2058 899 ut
2084 843 2243 899 Pater
2271 843 2324 896 in
2357 840 2494 895 Filio
2529 845 2808 907 appareat,
2830 835 2970 889 sicut
3002 831 3266 899 scriptum
3294 843 3404 886 est:
3429 850 3448 884 ι
3477 831 3602 898 Qui,-

1997 939 2143 993 videt
2174 952 2280 1000 me,
2314 934 2460 990 videt
2500 942 2555 987 et
2585 932 2796 985 Patrem
2827 928 2887 999 ⁵,,
2913 947 2930 979 ι
2962 938 3188 981 necesse
3218 924 3441 978 omnino
3469 923 3584 978 l‘ue—

2002 1033 2074 1086 rit
2103 1028 2375 1090 conﬁteri,
2413 1042 2518 1080 non
2550 1037 2672 1079 esse
2693 1021 2892 1079 factum
2924 1034 3046 1080 eum
3079 1017 3171 1086 qui
3201 1031 3271 1071 ex
3298 1029 3405 1071 non
3438 1014 3584 1068 facto

1998 1123 2158 1178 Patre
2179 1120 2440 1190 procedit.
2467 1118 2582 1185 Quo
2616 1125 2772 1185 pacto
2802 1114 2945 1168 enim
2976 1117 3026 1165 iu
3069 1110 3215 1165 facto
3251 1116 3509 1178 appareat
3534 1107 3605 1161 id.

1999 1218 2143 1289 quod
2178 1215 2377 1268 factum
2413 1227 2517 1265 non
2548 1207 2674 1264 est?
2709 1207 2843 1261 Nam
2870 1207 2915 1262 si
2956 1205 3310 1274 archetypum
3359 1201 3413 1254 in
3451 1201 3586 1253 ima-

1999 1311 2126 1382 gine
2153 1315 2434 1377 appareat,
2479 1309 2693 1372 oportet
2731 1309 2788 1353 ut
2817 1299 2935 1354 haec
2980 1295 3177 1352 similis
3217 1294 3288 1348 sit
3326 1292 3421 1346 illi.
3473 1289 3585 1360 0p-

1997 1412 2230 1474 portune
2274 1400 2459 1469 itaque
2502 1397 2607 1451 dici
2659 1401 2837 1464 posset
2884 1390 3048 1446 etiam
3103 1387 3318 1442 Patrem
3377 1386 3580 1438 factum

1999 1473 2146 1557 esse,
2180 1492 2243 1546 ad
2267 1504 2428 1560 quem
2467 1488 2644 1554 imago
2675 1486 2909 1538 formata
2940 1488 3042 1535 est.
3079 1479 3149 1532 At
3189 1493 3310 1532 cum
3347 1477 3451 1530 hoc
3492 1473 3587 1528 ab.

2000 1589 2224 1644 surdum
2261 1587 2351 1651 sit,
2397 1584 2502 1639 erit
2536 1582 2762 1636 omnino
2810 1577 2988 1647 imago
3017 1589 3120 1630 non
3163 1572 3290 1628 l'act'i
3333 1569 3588 1626 similiter

2002 1699 2107 1738 non
2142 1681 2304 1735 facta.

2682 1761 2912 1820 ALIUD.

380 1869 439 1922 '0
465 1865 734 1938 μακάριος
757 1863 964 1934 Μωσῆς
983 1862 1083 1933 τὴν
1103 1859 1199 1914 τοῦ
1225 1857 1517 1930 ἀνθρώπου
1543 1853 1891 1926 κατασκευὴν

2067 1862 2265 1918 Beatus
2294 1861 2385 1916 ille
2415 1859 2627 1931 Moyses
2663 1856 2999 1911 creationem
3048 1849 3284 1907 hominis
3323 1861 3588 1903 enarrans

297 1957 682 2030 ἐξηγούμενος,
718 1955 966 2026 εἰσφέρει
1011 1952 1240 2018 λέγοντα
1290 1947 1459 2001 Θεόν·
1520 1966 1539 1998 ι
1571 1947 1892 2015 Ποιήσωμεν

1999 1959 2196 2013 inducit
2226 1955 2389 2009 Deum
2419 1951 2687 2007 dicentem
2719 1965 2734 2000 :
2773 1967 2791 1999 ι
2833 1945 3119 2000 Faciamus
3168 1940 3444 1996 hominem
3497 1951 3588 1991 ae-

296 2054 584 2128 ἄνθρωπον
609 2051 729 2106 κατ’
748 2050 933 2104 είκόνα
961 2047 1244 2117 ἡμετέραν
1275 2043 1370 2097 καὶ
1402 2039 1523 2095 καθ’
1545 2038 1803 2110 ὁμοίωσιν
1823 2054 1837 2069 ο
1866 2055 1886 2089 ι

1994 2051 2232 2106 cundum
2292 2045 2584 2114 imaginem
2621 2050 2673 2095 et
2730 2037 3140 2094 similitudinem
3203 2041 3442 2086 nostram
3476 2037 3518 2081 ⁷.

3476 2028 3580 2078 ⁷.)

297 2124 357 2204 ἔν
387 2118 446 2201 δὲ
491 2143 568 2215 τῷ
609 2143 812 2212 λέγειν,
845 2138 1164 2209 ἡμετέραν,
1199 2133 1362 2190 πάλιν
1391 2134 1424 2200 ἡ
1459 2129 1593 2194 δυὰς
1629 2127 1891 2198 σημαίνε-

1999 2144 2129 2200 Cum
2191 2155 2321 2196 vero
2353 2137 2782 2201 dicit,nortram,
2823 2145 3012 2185 rursus
3045 2125 3279 2181 dualitas
3314 2118 3590 2193 signiﬁca-

297 2253 423 2295 ται·
479 2238 728 2299 συνόντος
777 2232 1021 2304 δηλονότι
1072 2230 1167 2284 καὶ
1220 2223 1746 2293 συνθεολογουμένου
1794 2218 1890 2272 τοῦ

300 2333 457 2402 ἁγίου
500 2329 838 2399 Πνεύματος.
867 2327 930 2379 Ei
975 2323 1032 2377 δὲ
1078 2326 1134 2376 ὲν
1170 2321 1253 2374 ἐνὶ
1282 2320 1359 2390 τῷ
1387 2317 1721 2388 ἀνθρώπῳὴ
1755 2312 1892 2386 αὑτὴ

301 2423 395 2479 τοῦ
428 2423 641 2494 Πατρὸς
671 2421 764 2474 καὶ
795 2417 890 2470 τοῦ
928 2415 1060 2469 Υἱοῦ
1090 2414 1338 2483 φαίνεται
1369 2409 1554 2473 εἰκὼν,
1589 2409 1713 2462 κατ’
1743 2407 1893 2460 οὐδὲν

303 2517 415 2587 ἄρα
468 2517 567 2584 τῆς
614 2510 749 2581 πρὸς
794 2506 1060 2576 ἀλλήλους
1102 2500 1512 2555 διαλλάττουσιν
1557 2495 1893 2564 ὁμοιότητος,

315 2583 596 2675 ’Ᾱνόμοιον
629 2600 687 2653 δὲ
730 2596 943 2668 γενητῷ
983 2595 1043 2648 τὸ
1079 2591 1372 2661 ἀγένητον·
1405 2588 1506 2649 οὐκ
1533 2586 1642 2656 ἄρα
1669 2583 1898 2654 γενητὸς

302 2701 330 2762 ῤ
361 2696 502 2760 Υἱὸς,
537 2695 625 2749 ἵνα
659 2692 732 2763 μὴ
763 2692 1017 2760 ἀνόμοιος
1048 2685 1334 2756 φαίνηται.

997 2778 1199 2830 ΑΛΛΟ.

373 2877 610 2948 Λέγεται
653 2869 806 2943 παρὰ
831 2871 954 2932 ταῖς
985 2865 1161 2927 θείαις
1195 2865 1442 2934 Γραφαῖς
1497 2857 1898 2929 παντοκράτωρ

302 2971 397 3046 καί
426 2969 630 3041 Κύριος
662 2969 690 3020 6
722 2964 947 3034 Πατήρο
979 2962 1094 3016 ἀλλ’
1126 2960 1232 3030 οὐχ·
1261 2958 1337 3021 ὼς
1375 2956 1433 3008 ’ἐν
1457 2971 1508 3006 τι
1534 2951 1642 3005 τῶν
1669 2966 1900 3020 κρατουρ

309 3041 484 3137 μένων
518 3060 552 3132 ἢ
584 3055 987 3132 κυριευομὲνων
1031 3055 1231 3107 νοεῖται
1284 3049 1379 3102 καὶ
1427 3050 1454 3101 6
1508 3044 1656 3107 Υἱὸς,
1702 3041 1792 3095 διὰ
1837 3043 1898 3095 τὸ

304 3158 523 3212 πάντων
550 3153 769 3225 κρατεῖν
798 3167 858 3202 τε
889 3149 982 3202 καὶ
1005 3144 1280 3218 κυριεύειν
1305 3143 1510 3196 ἐκεῖνον
1531 3155 1543 3169 ο
1575 3138 1769 3209 κρατεῖ
1787 3134 1897 3204 γὰρ

305 3250 524 3304 πάντων
558 3247 653 3301 καὶ
684 3242 930 3316 κυριεύει
962 3241 1098 3310 μετὰ
1128 3229 1783 3308 Πατρὸς,παντοκρὰτωρ
1802 3227 1896 3279 καὶ

304 3341 466 3411 αὐτὸς
508 3339 769 3410 ὑπάρχων
819 3334 914 3388 καὶ
944 3331 1389 3403 Κύριος.”Ωσπερ
1441 3320 1531 3378 οὗν
1581 3323 1639 3375 ὲν
1684 3318 1897 3380 τούτοις

303 3431 402 3502 οὐχ
435 3429 511 3494 ὡς
547 3428 606 3483 ἓν
633 3427 741 3482 τῶν
775 3427 994 3479 πάντων
1047 3422 1195 3475 ἐστὶν
1242 3421 1270 3473 6
1318 3417 1466 3482 Υἱὸς,
1513 3413 1628 3468 ἀλλ’
1656 3412 1751 3466 ἐπὶ
1797 3410 1896 3481 τὴν

301 3520 412 3590 τῶν
462 3518 708 3590 γενητῶν
757 3516 918 3586 φύσιν
954 3516 988 3585 ἠ
1020 3513 1129 3576 τῶν
1158 3511 1364 3577 λέξεων,
1387 3509 1616 3578 δύναμις
1645 3505 1896 3576 φέρεται,

304 3613 448 3677 οὕτω
469 3612 564 3664 καὶ
597 3609 690 3663 ἐπὶ
721 3610 1007 3679 ἀγενήτου,
1039 3607 1101 3660 ού
1135 3606 1266 3675 πρὸς
1298 3605 1389 3656 τὸν
1422 3601 1568 3664 Υίὸν,
1593 3599 1728 3653 ἀλλὰ
1759 3597 1896 3669 πρὸς

302 3704 404 3776 τὴν
432 3703 663 3772 κτίσινὴ
697 3700 1006 3771 σύγκρισις,
1043 3698 1146 3752 κᾶν
1172 3695 1228 3749 ἓν
1262 3690 1402 3749 εἶναι
1436 3694 1659 3763 λέγηται
1680 3693 1740 3744 τὸ
1765 3691 1895 3760 ἀγέη

304 3814 463 3868 νητον
483 3813 496 3826 ο
528 3794 615 3849 διὰ
636 3794 696 3847 τὸ
728 3793 906 3862 πάντα
934 3790 1218 3861 γεγονέναι
1253 3787 1430 3860 παρὲξ
1451 3784 1609 3839 Θεοῦ.

341 3999 464 4052 Ὅτι
505 3997 774 4066 κρεῖττόν
811 3993 1080 4066 ἐστικαὶ
1119 3991 1591 4066 ἀξιολογώτερον
1629 3985 1865 4056 Πατέρα,

545 4063 863 4121 καλεῖσθαι
900 4065 1010 4119 τόν
1049 4065 1219 4128 Θεὸν,
1260 4064 1298 4132 ἢ
1338 4063 1652 4134 ἀγένητον.

371 4184 447 4237 Τὸ
473 4181 670 4250 πατὴρ
706 4178 1010 4250 δνομα,τὴν
1038 4196 1103 4232 πε
1114 4178 1166 4248 ρὶ
1193 4177 1310 4232 υἱοῦ
1339 4176 1559 4239 πάντως
1590 4174 1799 4230 ἔννοιαν
1834 4175 1894 4229 ἐν

302 4273 480 4345 ἑαυτῷ
527 4272 893 4340 συνεισφέρειο
918 4271 986 4322 τὰ
1023 4268 1131 4340 γὰρ
1158 4266 1385 4322 τοιαῦτα
1417 4268 1485 4321 δι’
1515 4267 1760 4339 ἀλλήλων
1797 4284 1895 4337 σηέ

305 4367 574 4436 μαίνεται.
604 4362 679 4415 Τὸ
711 4361 769 4414 δὲ
795 4359 1080 4430 ἀγένητος
1113 4359 1307 4430 δνομα,
1340 4357 1418 4428 τῷ
1453 4357 1527 4427 μὴ
1563 4355 1892 4427 γεγενῆσθαι

299 4460 471 4522 Θεὸν,
517 4457 617 4529 τὴν
675 4453 785 4508 τῶν
830 4453 1073 4524 γενητῶν
1132 4447 1590 4521 ἀντιπαρατίθησι
1647 4450 1900 4519 μνήμην..

2000 2248 2275 2292 turzcum
2342 2229 2544 2300 alioqui
2587 2229 2753 2282 etiam
2785 2225 2946 2287 adsit,
2982 2230 3038 2276 et
3082 2217 3268 2274 deitati
3325 2227 3586 2269 annume-

1998 2340 2146 2385 retur
2174 2325 2414 2397 Spiritus
2443 2331 2690 2377 sanctus.
2720 2319 2779 2374 Si
2810 2331 2939 2385 ergo
2977 2315 3030 2368 in
3062 2326 3168 2366 uno
3221 2308 3442 2364 homine
3480 2320 3585 2358 una

1996 2435 2157 2490 atque
2187 2420 2374 2474 eadem
2403 2415 2586 2469 Patris
2616 2421 2670 2467 et
2698 2409 2817 2465 Filii
2857 2409 3036 2476 imago
3073 2410 3320 2473 apparet,
3355 2400 3408 2454 in
3440 2397 3588 2452 nullo

1997 2523 2146 2568 certe
2180 2510 2321 2562 inter
2347 2520 2405 2560 se
2430 2503 2721 2558 dissimiles
2762 2507 2905 2554 sunt.
2949 2492 3225 2551 Dissimile
3267 2502 3450 2545 autem
3506 2495 3590 2540 est

2001 2603 2147 2657 facto
2180 2600 2231 2652 id
2259 2596 2402 2667 quod
2436 2594 2538 2669 ιθ
2575 2593 2778 2645 factum
2813 2605 2919 2644 non
2956 2598 3060 2643 est.
3096 2585 3211 2641 Non
3238 2592 3322 2640 est
3345 2596 3476 2653 ergo
3503 2581 3589 2634 fa-

2000 2703 2119 2750 ctus
2141 2689 2333 2752 Filius,
2367 2703 2434 2741 ne
2456 2682 2738 2740 dissimilis
2761 2682 2908 2735 Patri
2941 2678 3268 2734 inveniatur.

2677 2773 2908 2829 ALIUD.

2071 2878 2236 2932 Pater
2283 2876 2336 2928 in
2369 2887 2526 2926 sacra
2575 2868 2862 2937 Scriptura
2910 2864 3152 2918 omnium
3191 2863 3494 2930 imperator
3537 2867 3595 2913 et

2005 2970 2260 3022 Dominus
2284 2964 2514 3028 dicitur;
2549 2960 2644 3016 sed
2680 2974 2786 3013 non
2810 2958 2883 3012 ita
2902 2966 2961 3011 ut
2983 2955 3154 3010 Filius
3177 2968 3339 3007 unum
3359 2949 3488 3021 quid
3521 2948 3594 3001 sit

2000 3075 2210 3126 eorum,
2241 3070 2361 3127 quae
2393 3053 2565 3124 ipsius
2593 3049 2824 3120 imperio
2859 3057 2914 3102 et
2935 3043 3288 3102 dominationi
3347 3039 3598 3108 subjecta

2004 3160 2158 3214 sunt,
2190 3164 2312 3205 eam
2346 3144 2416 3200 ob
2445 3157 2667 3199 causam
2711 3143 2854 3210 quod
2886 3139 3049 3194 Pater
3074 3135 3329 3194 omnibus
3364 3134 3598 3201 imperet.

2000 3256 2054 3301 et
2076 3243 2418 3307 dominetur;
2450 3240 2682 3308 imperat
2713 3232 2855 3288 enim
2898 3240 2954 3284 et
2981 3229 3298 3283 dominatur
3331 3223 3586 3279 erunibus

1997 3355 2118 3396 cum
2140 3339 2316 3400 Patre,
2337 3337 2557 3404 ipseque
2574 3331 2739 3386 etiam
2762 3323 3108 3393 omnipotens
3132 3330 3214 3375 est
3235 3330 3286 3374 et
3313 3317 3592 3373 Dominus.

1998 3428 2461 3500 Quemadmodum
2499 3425 2663 3496 igitur
2700 3423 2754 3476 in
2814 3419 2935 3474 istis
2976 3431 3081 3470 non
3111 3412 3276 3468 veluti
3320 3425 3460 3464 unus
3489 3405 3595 3462 ali-

1997 3522 2118 3592 quis
2145 3536 2210 3575 ex
2262 3517 2532 3573 universis
2562 3522 2820 3568 censetur
2868 3507 3061 3571 Filius,
3104 3506 3200 3558 sed
3248 3503 3444 3557 horum
3472 3513 3603 3554 ver-

1999 3616 2195 3670 horum
2250 3612 2333 3665 vis
2382 3618 2590 3663 tantum
2643 3619 2731 3659 res
2780 3610 2996 3657 creatas
3059 3594 3462 3666 complectitur,
3517 3591 3599 3644 ita.

1996 3703 2232 3760 etiamin
2265 3716 2372 3756 non
2413 3699 2578 3761 facto,
2614 3709 2719 3750 uou
2753 3693 2819 3746 ad
2846 3690 3066 3752 Filium,
3096 3688 3188 3742 sed
3223 3687 3287 3740 ad
3307 3692 3594 3739 creaturas

1997 3793 2326 3864 comparatio
2355 3790 2551 3852 fertur,
2589 3784 2805 3841 tametsi
2880 3795 3048 3836 unum
3092 3779 3309 3833 dicatur
3342 3790 3451 3828 non
3517 3773 3596 3826 l'a-

1996 3898 2176 3944 ctum:
2204 3883 2458 3956 quoniam
2478 3888 2671 3952 praeter
2694 3891 2860 3932 unum
2893 3873 3059 3928 Deum
3077 3870 3257 3924 omnia
3285 3867 3424 3923 facta
3447 3874 3591 3921 sunt.

1998 3997 2151 4072 Quod
2179 3995 2364 4052 melius
2389 4005 2543 4066 atque
2569 3991 2785 4072 dignius
2819 3987 3087 4070 sipDeum
3125 3983 3300 4039 vocari
3350 3979 3588 4039 Patrem,

2543 4059 2702 4135 quam
2732 4059 3044 4132 ingenitum.

2067 4183 2246 4238 Patris
2278 4195 2474 4235 nomen
2522 4175 2770 4232 notitiam
2823 4173 2917 4228 ﬁlii
2954 4168 3269 4226 necessario
3301 4179 3484 4220 secum
3510 4164 3599 4217 in-

1996 4279 2168 4335 ducit.
2201 4274 2432 4330 Nomina
2467 4271 2614 4326 euim
2657 4265 2967 4340 huiusmodi
3017 4279 3139 4318 sese
3183 4269 3368 4313 mutuo
3407 4255 3593 4310 decla-

1997 4379 2141 4427 rant.
2197 4364 2431 4436 Ingeniti
2458 4379 2587 4419 vero
2613 4376 2808 4416 nomen
2842 4373 2911 4414 ex
2939 4373 3004 4410 eo
3048 4353 3191 4425 quod
3227 4355 3370 4407 Deus
3412 4348 3609 4403 laetus.

1997 4480 2102 4519 non
2127 4471 2232 4527 est,
2264 4475 2362 4515 nos
2390 4459 2444 4513 in
2478 4471 2663 4511 eorum
2701 4468 2820 4520 quae
2867 4451 3004 4503 facta
3039 4455 3168 4503 sunt
3208 4485 3223 4510 ,
3257 4441 3594 4497 recordatio-

312 4551 614 4621 Ἀναγκαία
657 4548 713 4602 δὲ
759 4549 872 4610 τοῖς
923 4545 1198 4598 πιστεύειν
1246 4543 1520 4596 ἐθέλουσιν
1561 4541 1761 4610 ὀρθῶς,
1797 4542 1892 4611 τῆς

2000 4572 2123 4610 nem
2155 4552 2395 4608 vicissim
2433 4547 2675 4604 adducit.
2708 4542 3028 4599 Necessaria
3055 4547 3234 4593 autem
3272 4545 3356 4590 est
3401 4533 3467 4587 iis
3497 4533 3590 4602 qui

300 4645 463 4717 ἁγίας
489 4641 718 4714 Τριάδος
745 4641 778 4710 ἡ
810 4636 1030 4708 γνῶσις.
1063 4637 1124 4689 Ei
1151 4635 1328 4689 τοίνυν
1360 4636 1388 4687 6
1418 4632 1517 4703 μὲν
1552 4634 1772 4702 Πατέρα
1805 4632 1892 4684 λέ-

300 4755 414 4807 γων
459 4738 564 4808 ὁρᾷ
606 4733 699 4786 τὸν
740 4730 861 4784 Υίὸν
892 4730 957 4783 δι’
990 4731 1047 4783 ὃν
1076 4731 1192 4789 ἐστι
1219 4727 1450 4798 Πατήργο
1483 4725 1511 4777 6
1540 4725 1597 4779 δὲ
1631 4726 1905 4795 ἀγένητον.

298 4828 580 4901 ὀνομάζων
619 4825 803 4886 αὐτὸν,
835 4824 938 4894 ὁρᾷ
961 4821 1028 4875 τὰ
1060 4821 1350 4890 γενόμενα,
1374 4812 1455 4882 οἷς
1496 4818 1731 4887 εὐλόγως
1758 4819 1785 4870 6
1818 4816 1893 4888 μὴ

299 4919 539 4993 γεγονὼς
569 4915 1059 4970 ἀντιδιαστέλλεται
1079 4930 1092 4943 ³
1137 4913 1272 4966 πολὺ
1302 4912 1365 4983 δὴ
1395 4914 1662 4984 κρεῖττον,
1697 4912 1790 4982 ἀφ’
1819 4904 1894 4966 ὧν

299 5015 332 5083 ἡ
374 5010 504 5082 περ)⁸
534 5006 632 5061 τοῦ
663 5005 794 5060 Υἱοῦ
833 5007 1074 5060 τίκτεται
1119 5004 1342 5073 γνῶσις,
1395 5002 1758 5073 σημαίνεσθαι
1803 5001 1896 5056 τὸν

299 5106 456 5165 Θεὸν,
487 5103 520 5172 ἢ
551 5101 610 5165 ἐξ
634 5093 708 5154 ὧν
741 5103 774 5170 ἡ
817 5098 926 5152 τῶν
951 5097 1269 5168 ποιημάτων
1292 5096 1646 5165 ἀναφαίνεται
1681 5097 1892 5166 μνήμη,

301 5193 632 5248 συντελοῦσα
663 5192 798 5262 πρὸς
838 5189 935 5260 τὴν
965 5188 1166 5257 γνῶσιν
1209 5188 1310 5256 τῆς
1353 5186 1515 5256 ἁγίας
1545 5186 1772 5259 Τριάδος
1803 5187 1892 5239 ού-

297 5287 406 5341 δέν.
439 5285 550 5339 Καὶ
577 5287 606 5338 6
641 5284 738 5355 μὲν
785 5281 1005 5353 Πατέρα
1035 5280 1231 5350 λέγων,
1265 5281 1357 5350 ἀφ’
1383 5274 1458 5333 ὦν
1486 5279 1602 5333 ἐστι
1635 5279 1892 5350 σημαίνει

298 5379 459 5432 Θεὸν·
505 5379 534 5430 6
566 5377 622 5430 δὲ
661 5376 924 5446 ἀγένητον
964 5374 1154 5437 εἰπὼν,
1193 5373 1284 5443 ἀφ’
1315 5370 1388 5427 ὧν
1415 5374 1516 5427 οὐκ
1553 5373 1700 5427 ἔστιν
1726 5390 1738 5402 ⁵
1777 5372 1890 5425 ἔστι

301 5472 401 5542 μὲν
445 5471 552 5540 γὰρ
604 5467 732 5524 Υίοῦ
780 5469 994 5539 Πατὴρ,
1029 5468 1254 5540 γενητὸς
1287 5467 1342 5520 δὲ
1374 5467 1475 5520 οὐκ
1531 5467 1799 5520 ἔσταὍτι
1833 5465 1888 5518 δὲ

300 5560 500 5632 μᾶλλον
544 5562 600 5628 εξ
642 5554 716 5614 ὧν
747 5559 914 5627 ἐστιν,
947 5561 980 5631 ἢ
1020 5561 1080 5628 ἐξ
1105 5555 1178 5614 ὧν
1212 5561 1312 5615 ούκ
1358 5560 1526 5626 ἔστιν,
1557 5560 1886 5632 οἰκειότερον

299 5654 622 5724 σημαίνεται
644 5655 795 5721 Θεὸς,
824 5657 888 5708 ἐκ
907 5654 1061 5708 τοῦδε
1085 5654 1279 5723 γένοιτ’
1301 5655 1365 5710 ἂν
1393 5656 1551 5709 παντί
1574 5673 1650 5724 τῳ
1692 5652 1879 5724 σαφές.

367 5835 384 5863 ⁸
417 5832 570 5891 Joau.
608 5851 717 5903 xn',
759 5838 808 5892 9.
887 5838 904 5867 ⁷
941 5837 1077 5894 Geu.
1113 5853 1170 5906 ll,
1198 5837 1285 5893 26.

2006 4657 2152 4701 recta
2179 4645 2282 4698 title
2331 4640 2539 4712 prmditi
2574 4653 2696 4693 esse
2723 4636 2890 4690 velint
2920 4641 3122 4687 sancta:
3172 4626 3458 4682 Trinitatis
3498 4639 3590 4678 co-

2005 4734 2195 4806 gnitio.
2230 4733 2285 4787 Si
2321 4747 2450 4802 ergo
2481 4730 2526 4784 is
2553 4728 2648 4799 qui
2695 4729 2909 4782 Patrem
2944 4722 3189 4777 nominat
3243 4718 3462 4787 respicit
3498 4716 3592 4772 Fi-

2004 4828 2133 4881 lium
2165 4840 2264 4895 per
2293 4840 2450 4894 quem
2477 4823 2634 4877 Pater
2667 4830 2780 4886 est;
2813 4819 2905 4889 qui
2940 4830 3069 4870 vero
3122 4813 3422 4884 ingenitum
3475 4810 3600 4864 sive
3653 4825 3672 4841 ·

2006 4915 2307 4971 increatum
2342 4913 2594 4984 appellat,
2629 4921 2811 4967 creata
2837 4909 3004 4973 videt,
3046 4906 3244 4975 quibus
3283 4903 3477 4958 merito
3508 4900 3592 4953 in-

2003 5018 2220 5064 creatus
2236 5009 2567 5078 opponitur:
2595 5014 2745 5060 certe
2779 5002 2945 5058 multo
2976 5003 3146 5055 satius
3167 5006 3250 5052 est
3279 4997 3466 5050 Patris
3495 5007 3590 5061 ap-

2001 5101 2350 5170 pellationem
2377 5100 2504 5154 inde
2535 5097 2700 5163 sumi,
2720 5097 2861 5150 unde
2884 5094 3008 5149 Filii
3043 5090 3282 5160 cognitio
3307 5087 3591 5158 gignatur,

2001 5210 2163 5265 quam
2207 5194 2351 5257 inde,
2395 5191 2536 5246 unde
2578 5198 2954 5245 creaturarum
3018 5183 3208 5236 notitia
3274 5179 3594 5240 inducatur,

1998 5301 2118 5355 qua:
2176 5285 2244 5338 ad
2301 5283 2666 5352 cognitionem
2732 5275 3016 5332 Trinitatis
3056 5272 3188 5326 nilul
3247 5271 3406 5342 plane
3457 5283 3591 5324 con-

1998 5377 2166 5432 ducit.
2202 5373 2268 5428 Et
2324 5374 2541 5443 quidem
2575 5372 2664 5440 qui
2702 5370 2916 5424 Patrem
2956 5366 3105 5427 dicit,
3137 5379 3288 5418 exeo
3324 5361 3470 5434 quod
3504 5368 3594 5416 est

1996 5469 2242 5526 nominat
2292 5468 2498 5524 Deum:
2549 5464 2641 5536 qui
2683 5478 2810 5517 vero
2855 5460 3170 5532 ingenitum,
3227 5457 3295 5511 ab
3346 5470 3410 5510 eo
3441 5454 3592 5524 quod

1997 5580 2101 5620 non
2133 5569 2257 5621 est:
2292 5570 2378 5619 est
2410 5559 2554 5616 enim
2587 5558 2746 5614 Pater
2761 5553 2906 5621 Filii,
2949 5561 3168 5609 creatus
3190 5565 3317 5606 vero
3347 5553 3584 5603 nonest.

1996 5658 2151 5724 Quod
2184 5667 2361 5716 autem
2391 5655 2568 5726 potius
2591 5669 2654 5710 ex
2683 5667 2746 5709 eo
2783 5649 2926 5724 quod
2961 5655 3064 5716 est,
3102 5660 3264 5715 quam
3297 5641 3438 5712 quod
3471 5653 3579 5695 non
