4144 6524
351 317 447 383 29"
1771 327 2039 386 THESAU
2051 326 2206 386 nos.
2982 398 2987 403 ι
3518 326 3592 378 se

347 432 652 505 διαστολὴν,
686 434 817 504 μηδὲ
843 434 1090 504 ἀλλήλοις
1126 435 1355 505 μάχεται
1385 438 1524 491 κατὰ
1552 439 1612 492 τὸ
1631 439 1689 504 ἑξ
1718 442 1910 511 appoti

2025 442 2244 506 habent,
2306 454 2478 508 neque
2509 438 2650 492 inter
2689 451 2747 491 se
2807 446 3066 508 pugnant;
3110 435 3261 505 juxta
3311 434 3591 501 utriusque

349 526 769 595 σημαινόμενον,
796 525 945 577 οὐδὲν
971 525 1202 578 κωλύσει
1223 528 1344 579 κατ’
1364 528 1549 581 οὐσίαν
1574 530 1757 599 ὅμοιον
1780 528 1920 585 εἶναι

347 614 427 687 τῷ
456 604 632 687 Πατρῖ
677 615 766 670 τὸν
800 616 928 669 Υίόν
953 633 966 646 ·
1007 617 1102 669 καὶ
1146 618 1241 671 τοῦ
1294 619 1559 688 ἁγενήτου
1609 622 1689 684 είς
1733 622 1922 675 οὐσίαν

348 704 778 774 λαμϐανομένου,
818 706 1018 774 ὁμοίως
1066 707 1123 759 δὲ
1174 708 1266 761 καὶ
1314 710 1407 761 τοῦ
1458 710 1705 781 γεννητοῦ.
1753 713 1923 767 Οὐσία

348 796 458 867 γὰρ
489 796 564 858 ὡς
592 794 728 865 πρὸς
759 794 968 862 οὐσίαν,
995 796 1095 850 οὐκ
1125 796 1277 850 ἔσται
1312 799 1551 867 ἐναντία,
1590 801 1720 855 καθὸ
1745 803 1925 857 οὐσίαι

350 887 699 957 ἀμφότεραι.ξ

1030 1002 1237 1054 ΔΑΛΟ.

414 1111 480 1168 Ei
509 1115 618 1169 πᾶν
647 1114 910 1186 ἀγένητον
940 1116 1106 1169 παντὶ
1142 1117 1357 1188 γενητῷ
1396 1117 1667 1188 ἀνόμοιον,
1697 1118 1924 1189 ἀληθεύ-

347 1221 429 1260 σει
472 1222 556 1269 τις
597 1204 794 1275 λέγων,
833 1206 913 1259 ὃτι
944 1208 1039 1260 καὶ
1066 1210 1172 1260 πᾶν
1200 1209 1424 1280 γενητὸν
1477 1212 1639 1263 παντὶ
1681 1211 1923 1281 γεννητῷ

344 1296 547 1366 ὅμοιον.
595 1296 857 1367 Γεννητὸς
886 1298 942 1351 δὲ
980 1298 1241 1369 ὑπάρχων
1270 1303 1298 1353 ὁ
1324 1300 1472 1367 Υἱὸς,
1510 1302 1764 1371 οὐδεμίαν
1809 1303 1920 1373 ἔχει

345 1387 440 1458 τὴν
466 1388 759 1460 ὁμοιότητα
782 1389 916 1460 πρὸς
937 1377 1158 1444 τὰίὸντα
1185 1392 1485 1463 γεννητῶς·
1516 1394 1629 1447 ἔστι
1651 1394 1759 1463 γὰρ
1784 1395 1922 1465 ὑπὲρ

344 1481 525 1533 πᾶσαν
560 1480 658 1551 τὴν
691 1482 885 1534 κτίσιν.
915 1482 1026 1535 Οὐκ
1050 1482 1158 1554 ἄρα
1185 1483 1272 1537 διὰ
1299 1485 1361 1537 τὸ
1388 1486 1650 1556 ἀγένητον
1674 1482 1818 1539 εἶναι
1832 1486 1921 1541 τὸν

343 1566 585 1638 Πατέρα,
615 1570 865 1640 ἀνόμοιος
901 1570 1052 1624 ἔσται
1100 1573 1241 1626 κατὰ
1268 1573 1429 1647 φύσιν
1453 1576 1623 1647 αὐτῷ,
1650 1576 1924 1646 γεννητῶς

344 1654 605 1723 ὗπάρχων
658 1653 717 1719 ἐξ
763 1657 928 1709 αὐτοῦ
968 1646 1336 1731 Υἱός.Ὦσπερ
1379 1662 1489 1733 γὰρ
1530 1646 1628 1735 τὴν
1676 1664 1809 1734 πρὸς
1853 1664 1923 1717 τὰ

2023 530 2473 601 signiﬁcationem
2503 528 2637 582 nihil
2656 526 2893 582 obstabit
2946 528 3233 595 quominus
3262 524 3456 580 similis
3487 524 3589 594 15

2025 622 2316 677 secundum
2342 619 2698 675 substantiam
2731 616 2881 671 Patri
2908 618 2979 671 sit
3014 617 3203 672 Filius.
3231 616 3318 681 Et,
3353 616 3397 670 si
3435 614 3589 684 inge-

2024 714 2193 767 nitum
2229 727 2326 782 pro
2355 710 2662 766 substantia
2692 710 2926 777 capitur,
2962 708 3209 762 similiter
3250 719 3304 761 et
3325 707 3587 777 genitum.

2024 801 2156 857 Nam
2183 802 2509 865 substantia,
2544 810 2601 853 ut
2637 801 2701 854 ad
2735 799 3093 854 substantiam
3127 798 3482 859 collata,non
3506 806 3590 853 est

2024 896 2321 959 contraria,
2356 896 2405 949 in
2435 903 2695 965 quantum
2723 901 2953 960 utraque
2987 892 3291 944 substantia
3318 899 3425 944 est.

2714 1002 2940 1059 ALIUD.

2096 1118 2157 1172 Si
2187 1131 2347 1172 omne
2392 1116 2689 1187 ingenitum
2736 1114 2881 1169 omni
2944 1114 3125 1184 genito
3180 1111 3445 1167 dissimile
3484 1119 3590 1181 est,

2024 1221 2151 1263 vere
2183 1206 2454 1275 quispiam
2486 1205 2706 1272 dixerit,
2756 1204 2923 1259 etiam
2963 1216 3122 1257 omne
3156 1202 3393 1271 genitum
3446 1203 3591 1258 omni

2025 1297 2206 1368 genito
2236 1296 2411 1351 simile
2431 1311 2574 1351 esse.
2609 1296 2741 1351 Cum
2764 1309 2892 1349 vero
2916 1294 3086 1349 Filius
3119 1293 3333 1364 genitus
3358 1294 3448 1360 sit,
3477 1292 3595 1348 nul-

2026 1388 2131 1442 iam
2158 1398 2333 1443 tamen
2376 1387 2541 1442 habet
2603 1386 3011 1441 similitudinem
3067 1400 3190 1440 cum
3247 1384 3595 1440 creatis:est

2024 1480 2166 1534 enim
2198 1480 2341 1533 omni
2372 1488 2624 1534 creatura
2678 1478 2953 1549 superior.
2989 1476 3106 1532 Non
3144 1477 3307 1546 igitur
3355 1476 3477 1547 quia
3512 1476 3593 1529 inv

2024 1570 2236 1640 genitus
2254 1580 2337 1625 est
2367 1568 2551 1633 Pater,
2587 1570 2872 1624 dissimilis
2904 1571 2951 1624 ei
2994 1569 3296 1624 secundum
3344 1577 3590 1621 naturam

2023 1661 2144 1722 erit.
2169 1662 2260 1728 qui
2284 1674 2349 1715 ex
2385 1662 2500 1729 ipso
2530 1661 2741 1729 genitus
2770 1669 2854 1715 est
2897 1660 3085 1715 Filius.
3117 1658 3585 1725 Quemadmodum

342 1745 544 1843 γενητὰ
610 1747 864 1818 γεννητὸς
916 1748 1178 1820 ὑπάρχων
1230 1753 1565 1825 ἀναΰέὸηκεν
1616 1756 1910 1828 ὁμοίωσιν·

2024 1752 2164 1807 enim
2190 1752 2327 1821 ipsc,
2360 1753 2573 1821 genitus
2604 1765 2724 1804 cum
2757 1750 2849 1814 sit,
2874 1765 3089 1804 onmem
3137 1764 3257 1803 cum
3287 1749 3482 1803 creatis
3511 1747 3592 1801 si-

342 1834 485 1890 οὕτω
508 1841 609 1909 τῆς
634 1839 771 1909 πρὸς
799 1838 861 1894 τὸ
893 1840 1157 1918 ᾲγένητον
1189 1846 1327 1915 ὲμφε
1339 1846 1488 1918 ρείας
1520 1849 1580 1902 οὐ
1610 1850 1917 1922 καταϐήσε-

341 1944 455 1994 ται,
485 1929 591 1984 κᾶν
615 1931 833 2004 ὑπάρχῃ
868 1935 1147 2004 γεννητός.

616 2044 1017 2114 Ἁνθυποφορὰ
1049 2045 1129 2112 ὡς
1153 2046 1221 2099 ἐκ
1248 2046 1367 2101 τῶν
1393 2049 1723 2118 αἶρε-πικῶν.

410 2148 484 2202 Τὸ
514 2150 802 2221 ἀγένητον,
823 2154 1009 2221 φασὶν,
1037 2155 1132 2208 ἐπὶ
1164 2155 1321 2223 Θεοῦ,
1340 2158 1525 2212 οὐσίαν
1554 2155 1692 2213 εἶναί
1716 2178 1916 2231 φαμενο

339 2242 433 2295 καὶ
462 2242 610 2296 ἔσται
647 2244 708 2297 τὸ
745 2245 914 2315 ὄνομα
947 2248 1151 2316 ὁρικὸν,
1174 2248 1362 2319 ὥσπερ
1392 2250 1457 2303 ἂν
1488 2251 1642 2315 εἴτις
1674 2253 1918 2322 ὁρίσαιτο

339 2334 431 2385 καὶ
455 2333 552 2405 τὴν
583 2335 770 2389 οὐσίαν
813 2336 908 2389 τοῦ
933 2337 1220 2409 ἀνθρώπου
1254 2340 1449 2408 λέγων’
1486 2343 1633 2395 Ζῶον
1666 2341 1909 2410 λογικὸν,

342 2422 553 2493 θνητὸν,
588 2424 679 2479 νοῦ
714 2426 807 2480 καὶ
842 2430 1152 2500 ἐπιστήμης
1175 2430 1437 2484 δεκτικόν

828 2625 983 2692 Πρὸς
1014 2624 1190 2679 τοῦτο
1226 2625 1429 2690 λύσις.

421 2752 671 2823 Ἀμαθῶς
715 2755 809 2807 καὶ
855 2754 1014 2808 τοῦτο
1046 2757 1420 2826 προτείνοντες
1458 2757 1877 2828 ἐλεγχθήσονται
1901 2775 1917 2790 ο

2025 1842 2384 1898 tnilitudinem
2439 1842 2657 1895 excedit
2693 1859 2707 1894 :
2744 1841 2814 1894 ita
2874 1840 3036 1894 etiam
3087 1856 3192 1893 non
3246 1839 3350 1892 erit
3400 1852 3593 1907 expers

2023 1934 2391 1990 similitudinis
2419 1948 2540 1988 cum
2566 1931 2828 2002 ingenito,
2865 1931 3079 1985 tametsi
3114 1930 3328 1999 genitus
3358 1929 3449 1984 sit.

2200 2045 2434 2116 Objectio
2462 2055 2712 2113 tanquam
2751 2060 2814 2099 ea:
2846 2044 3005 2098 dictis
3050 2042 3438 2097 haereticorum.

2088 2162 2157 2215 At
2182 2160 2499 2230 ingenitum,
2532 2159 2801 2228 inquiunt,
2840 2159 2893 2211 in
2918 2158 3049 2221 Deo,
3087 2155 3445 2212 substantiam
3471 2169 3593 2211 esse

2017 2252 2330 2306 asserinms.
2368 2250 2434 2303 Et
2474 2250 2580 2303 erit
2636 2264 2830 2303 nomen
2890 2248 3273 2312 deﬁnitivum;
3341 2246 3505 2300 veluti
3544 2246 3593 2302 si

2018 2342 2141 2410 quis
2176 2340 2398 2393 deﬁniat
2443 2340 2607 2394 etiam
2663 2340 3026 2394 substantiam
3078 2337 3313 2393 hominis
3359 2336 3590 2392 dicens:

2016 2432 2229 2484 Animal
2258 2430 2540 2496 rationale,
2564 2431 2813 2496 mortale,
2839 2429 3205 2499 intelligentiae
3230 2437 3393 2498 atque
3414 2428 3595 2485 sciens-

2020 2524 2104 2575 tiae
2138 2538 2326 2589 capax.

2706 2636 2931 2690 Salutio.

2084 2765 2264 2835 inepte
2307 2768 2468 2822 etiam
2527 2769 2627 2824 hoc
2671 2768 2906 2838 objicere
2951 2770 3325 2825 ostendentur.
3380 2768 3514 2823 Nam
3545 2769 3599 2824 si-

337 2845 385 2895 εἰ
424 2841 534 2914 γὰρ
557 2843 740 2910 ὁρικὸν
768 2839 913 2899 εἶναι
935 2844 1186 2914 βούλεσθε
1219 2846 1280 2898 τὸ
1307 2847 1596 2915 ἀγένητος
1620 2846 1813 2917 ὄνομα,
1851 2850 1910 2900 ὲκ

2016 2871 2198 2911 vocem
2236 2858 2396 2923 hanc,
2435 2861 2742 2930 ingenitum,
2779 2860 3110 2914 deﬁnitivam
3153 2874 3275 2915 esse
3301 2858 3484 2924 vultis,
3524 2874 3592 2914 ex

337 2935 526 3002 γένους
573 2935 711 2987 ἔστω
756 2936 849 2989 καὶ
889 2936 1174 3008 διαφορᾶς,
1228 2937 1347 3008 ἦτοι
1390 2937 1693 3007 διαφορῶνο
1746 2939 1910 3008 χωρὶς

2016 2960 2213 3011 genere
2256 2948 2358 3001 erit
2388 2957 2550 3018 atque
2577 2949 2880 3004 differentia
2909 2950 2993 3004 vel
3018 2948 3334 3003 diﬁ'erentiis
3368 2966 3382 3003 :
3417 2963 3593 3019 neque

337 3027 445 3098 γὰρ
472 3026 675 3081 τούτων
703 3029 826 3099 ὅρος
853 3029 952 3082 οὐκ
979 3028 1046 3082 ἂν
1078 3029 1288 3097 γένοιτὸ
1318 3047 1469 3083 ποτε.
1494 3030 1566 3082 Τὸ
1590 3029 1647 3083 δὲ
1671 3030 1910 3083 τοιοῦτον

2017 3036 2160 3089 enim
2193 3037 2311 3091 sine
2361 3039 2446 3092 his
2501 3040 2744 3094 deﬁnitio
2804 3056 3038 3109 unquam
3096 3049 3345 3095 constare
3395 3046 3589 3109 potest.

337 3116 618 3187 ἀγένητον,
654 3119 734 3181 είς
753 3117 905 3171 οὐδὲν
938 3118 1126 3182 οὐσίας
1167 3120 1411 3191 ὑπάρχον
1452 3121 1630 3188 γένος,
1658 3121 1783 3191 ὄρος
1808 3122 1909 3175 οὐκ

2014 3126 2310 3194 Ingenitum
2343 3129 2527 3201 itaque
2582 3147 2701 3184 cum
2742 3133 2794 3184 iu
2838 3131 2984 3185 nullo
3018 3132 3332 3186 substantia:
3392 3142 3593 3199 genere

336 3208 401 3261 ἂν
430 3204 568 3262 εἶναι
596 3207 838 3262 δύναιτο*
867 3209 1003 3280 πρὸς
1027 3210 1085 3262 δέ
1115 3227 1180 3279 γε
1209 3210 1407 3281 τούτῳ,
1437 3210 1506 3265 τὰ
1529 3212 1662 3282 γένη
1710 3211 1916 3281 φιλοσό-

337 3315 453 3369 φως
499 3298 790 3371 ὁριζόμενα
841 3303 970 3372 παρ’
1010 3302 1233 3356 ἐκείνων
1277 3302 1513 3373 ὁρῶμεν,
1552 3304 1656 3356 οὐκ
1704 3305 1761 3356 ὲν
1815 3305 1915 3375 μιᾷ

336 3391 475 3456 λέξει
501 3395 596 3445 καὶ
625 3393 780 3464 μόνῃ,
813 3393 929 3447 ἀλλ’
959 3396 1017 3447 ὲν
1046 3394 1285 3447 πλείοσιν
1306 3411 1320 3426 ο
1345 3394 1419 3459 ὡς
1452 3395 1514 3447 τὸ
1544 3394 1701 3449 οὐσία
1738 3394 1913 3464 ἔμψυ-

334 3500 425 3553 χος
453 3484 761 3555 αἰσθητικὴ,
791 3486 825 3557 ἢ
875 3484 1013 3547 ζῶον
1062 3485 1275 3554 λογικὸν
1326 3485 1540 3556 θνητόν.
1572 3486 1684 3540 Καὶ
1720 3487 1767 3537 εί
1797 3486 1914 3550 ἐνὸς

334 3568 595 3638 ὀνόματος
632 3572 903 3640 ἀπόφασις
932 3573 1032 3626 οὐκ
1056 3570 1340 3644 ἐξαρκέσει
1363 3574 1497 3645 πρὸς
1519 3576 1709 3639 οὐσίας
1739 3574 1911 3646 δήλω-

338 3673 441 3722 σιν,
474 3658 574 3711 οὐκ
595 3659 701 3731 ἄρα
737 3661 919 3730 ὁρικὸν
944 3662 1004 3715 τὸ
1033 3663 1382 3733 ἀγέννητος.

1011 3857 1220 3911 AAAO.

402 3963 464 4016 Ei
493 3965 598 4027 πᾶς
627 3964 752 4033 ὅρος
775 3965 836 4018 τὸ
861 3966 915 4019 τί
940 3968 1055 4020 ἐστι
1086 3969 1225 4023 κατὰ
1252 3969 1413 4039 φύσιν
1446 3972 1552 4026 τῶν
1580 3974 1910 4045 σημαινομέ-

330 4071 434 4107 νων
481 4056 710 4110 ἕκαστον
755 4058 1015 4129 εἰσφέρει,
1052 4061 1145 4113 καὶ
1193 4062 1313 4132 οὐχὶ
1357 4063 1409 4115 τί
1438 4065 1537 4116 οὐκ
1567 4063 1712 4117 ἔστιν
1739 4081 1752 4095 ⁸
1790 4068 1822 4135 ἡ
1851 4066 1907 4119 δὲ

329 4143 659 4213 ἀγέννητος
690 4148 862 4218 φωνὴ,
882 4148 942 4202 οὐ
962 4149 1217 4203 τίὲστινὸ
1242 4150 1395 4215 Θεὸς,
1420 4151 1555 4205 ἀλλὰ
1582 4153 1635 4206 τί
1660 4155 1760 4207 οὐκ
1784 4154 1900 4208 ἔστι

327 4236 477 4306 δηλοῖ
510 4236 627 4307 (ὅτι
669 4237 775 4309 γὰρ
818 4238 918 4293 οὐκ
961 4242 1212 4312 ἐγενήθη,
1244 4242 1332 4296 διὰ
1366 4243 1523 4297 τοῦτο
1557 4244 1858 4317 ἀγένητος)
1887 4263 1901 4276 ·

328 4330 427 4384 οὐκ
454 4328 519 4384 ἂν
551 4330 633 4400 εἴη
660 4330 785 4401 ὄρος
814 4331 873 4384 τὸ
905 4331 1192 4401 ἀγένητος
1225 4334 1414 4404 ὄνομα.

1019 4444 1222 4496 ᾹΛΛο.

398 4553 517 4607 Τῶν
544 4554 739 4608 οὐσιῶν
765 4555 890 4619 τοὺς
918 4556 1073 4624 ὄρους
1112 4557 1144 4626 ἢ
1188 4557 1319 4625 φέρε
1351 4559 1526 4613 εἰπεῖν
1555 4560 1662 4614 τῶν
1693 4562 1899 4632 συμϐεο

327 4644 591 4716 ὄηκὸτων,
608 4648 657 4698 οἱ
687 4646 814 4713 περὶ
843 4645 1016 4700 ταῦτα
1054 4649 1224 4715 σοφοὶ,
1243 4650 1342 4702 οὐκ
1368 4652 1431 4703 ὲκ
1454 4650 1563 4704 τῶν
1588 4654 1899 4724 ἀντικειμέ-

326 4751 431 4789 νων
466 4735 710 4804 γίνεσθαι
741 4736 1038 4805 βούλονται,
1071 4738 1184 4792 ἀλλ’
1223 4738 1280 4805 ἐξ
1318 4733 1391 4793 ὧν
1421 4744 1559 4796 εἰσιν
1590 4744 1899 4812 ὁμολογου-

327 4824 503 4896 μένως
520 4841 535 4856 °
559 4823 669 4880 οἷον
696 4827 885 4899 ὥσπερ
913 4831 963 4881 εί
991 4847 1073 4893 τις
1100 4832 1272 4885 εἰπεῖν
1294 4831 1689 4902 ἀπαιτούμενος
1708 4835 1760 4888 τί
1780 4837 1897 4889 ἐστι

325 4918 536 4986 λευκὸν,
564 4920 919 4993 ἀποκρίναιτο
951 4921 1011 4975 τὸ
1061 4922 1134 4995 μὴ
1182 4924 1371 4993 μέλαν.
1407 4924 1577 4978 Τοῦτο
1613 4926 1722 4999 γὰρ
1755 4928 1814 4980 οὐ
1842 4928 1896 4981 τί

325 5013 440 5065 ἐστι
467 5011 529 5065 τὸ
555 5012 891 5084 ὁριζόμενον,
921 5012 1056 5067 ἀλλὰ
1084 5014 1136 5066 τί
1167 5016 1266 5069 οὐκ
1294 5015 1408 5069 ἔστι
1434 5015 1604 5087 δηλοῖ.
1631 5018 1693 5071 Εἰ
1716 5019 1895 5072 τοίνυν

330 5103 681 5175 ἢάτένητος
727 5106 878 5178 φωνὴ
923 5106 984 5159 τὸ
1034 5106 1108 5178 μὴ
1154 5107 1481 5178 γεγενῆσθαι
1527 5110 1801 5179 σημαίνει,
1830 5111 1895 5164 ἐκ

332 5196 431 5250 τῶν
472 5198 858 5269 ἀντικειμένων
905 5198 1018 5270 ἔχει
1066 5199 1162 5270 τὴν
1197 5200 1446 5271 δήλωσιν,
1478 5201 1635 5269 ὐγιὴς
1674 5202 1730 5255 δὲ
1772 5204 1897 5272 ὅρος

324 5287 421 5340 οὐκ
454 5287 521 5341 ἂν
554 5288 763 5357 γένοιτο
795 5288 880 5344 διὰ
918 5289 1027 5343 τῶν
1061 5291 1337 5347 τοιούτων,
1366 5292 1479 5345 (ιύκ
1521 5292 1631 5362 ἄρα
1676 5293 1801 5363 ὅρος
1832 5291 1893 5345 τὸ

326 5379 635 5451 ἀγέννητον.

286 5500 291 5548 l
1006 5495 1207 5548 AAAU.

406 5606 471 5659 Ἡ
526 5607 813 5679 ἀγένητος
867 5610 1017 5680 φωνὴ
1080 5612 1187 5664 τῶν
1245 5608 1525 5681 πολλαχῶς
1581 5610 1891 5683 λεγομένων

328 5698 489 5752 mito
542 5701 762 5767 κυρίως,
798 5704 891 5759 καὶ
938 5704 994 5756 ὲν
1038 5704 1149 5767 τοῖς
1198 5702 1506 5772 ὁμωνύμως
1558 5704 1791 5773 εὐλόγως
1830 5708 1891 5759 ἂν

2016 3219 2480 3290 collocaripossit,
2520 3222 2766 3276 deﬁnitio
2803 3236 2925 3277 esse
2960 3238 3064 3275 non
3092 3230 3287 3291 potest.
3331 3221 3412 3275 Ad
3451 3221 3589 3288 hinc,

2014 3326 2211 3379 genera
2240 3328 2269 3365 a
2298 3313 2633 3382 phil050phis
2685 3328 2790 3367 non
2824 3314 2876 3366 in
2909 3328 3016 3366 una
3050 3326 3114 3366 ac
3161 3310 3274 3366 sola
3322 3310 3582 3374 dictione.

2012 3400 2105 3452 sed
2137 3400 2188 3453 in
2244 3400 2489 3469 pluribus
2556 3400 2773 3454 deﬁnita
2830 3401 3094 3467 videmus,
3152 3412 3213 3455 ut
3281 3400 3594 3455 substantia

2013 3486 2250 3541 animata
2279 3489 2560 3553 sensitiva,
2612 3487 2694 3542 vel
2744 3489 2940 3542 animal
2974 3488 3255 3553 rationale,
3335 3488 3585 3544 mortale.

2012 3574 2078 3627 Et
2104 3575 2147 3628 si
2189 3577 2349 3631 unius
2396 3578 2630 3633 nominis
2671 3578 2885 3646 negatio
2932 3594 3038 3632 non
3070 3578 3270 3634 suﬁicit
3337 3579 3406 3633 ad
3447 3581 3586 3635 θυι»-

2011 3666 2223 3720 stantiae
2250 3668 2667 3736 explicationem
2688 3710 2703 3735 ,
2746 3684 2854 3726 non
2908 3670 3014 3725 erit
3046 3680 3197 3726 certe
3225 3670 3449 3742 ingeniti
3481 3683 3585 3727 no-

2013 3770 2133 3809 men
2169 3756 2432 3812 deﬁnitio.

2663 3872 2896 3928 ALIUD.

2082 3982 2137 4037 Si
2174 3982 2352 4037 omnis
2385 3982 2625 4038 deﬁnitio
2664 3981 3034 4051 cujuscunque
3076 3984 3225 4039 vocis
3299 3984 3426 4053 quid
3468 3986 3574 4050 sit.

2008 4074 2149 4143 quod
2175 4076 2514 4145 proponitur,
2550 4090 2657 4129 non
2696 4076 2827 4144 quid
2856 4090 2963 4129 non
2996 4076 3086 4143 sit,
3120 4076 3373 4146 explicat,
3419 4077 3576 4148 inge-

2009 4168 2106 4220 niti
2137 4176 2317 4223 autem
2348 4182 2449 4223 vox
2480 4182 2583 4222 non
2619 4168 2748 4237 quid
2782 4168 2855 4222 sit
2910 4168 3071 4231 Deus,
3106 4169 3200 4223 sed
3223 4168 3352 4237 quid
3381 4184 3484 4223 non
3507 4168 3580 4224 sit

2007 4258 2245 4328 explicat
2272 4260 2430 4329 (quia
2461 4260 2601 4313 enim
2630 4260 2845 4330 genitus
2870 4274 2976 4313 non
3010 4270 3115 4322 est,
3149 4260 3269 4314 ideo
3304 4241 3578 4326 ingenitus

2007 4351 2230 4419 dicitur)
2284 4368 2298 4405 :
2333 4351 2551 4419 ingeniti
2588 4364 2784 4407 nomen
2822 4350 3067 4405 deﬁnitio
3095 4364 3216 4406 esse
3245 4364 3348 4405 non
3380 4358 3575 4419 potest.
3658 4420 3663 4425 ι

2678 4464 2909 4520 ALIUD.

2079 4576 2510 4632 Substanliarum
2548 4586 2714 4648 atque
2743 4578 2878 4632 adeo
2912 4577 3271 4632 accidentium
3297 4576 3575 4634 deﬁnitio—

2002 4682 2097 4721 nes
2126 4667 2423 4737 philosophi
2448 4684 2553 4723 non
2577 4686 2607 4723 a
2634 4670 2923 4723 contrariis
2950 4669 3056 4739 peti
3080 4669 3288 4737 volunt,
3306 4668 3402 4726 sed
3424 4669 3583 4728 exiis

2000 4774 2030 4814 e
2052 4759 2243 4827 quibus
2265 4773 2452 4815 revera
2483 4768 2737 4815 constant
2769 4777 2785 4816 :
2819 4762 2923 4832 ιθ
2952 4761 3111 4817 veluti
3137 4763 3182 4818 si
3219 4762 3340 4831 quis
3361 4771 3580 4831 rogatus

2001 4851 2126 4919 quid
2148 4851 2217 4905 sit
2247 4851 2450 4917 album,
2497 4853 2842 4922 respondeat,
2901 4852 2955 4906 id
3008 4854 3152 4922 quod
3202 4854 3417 4922 nigrum
3464 4867 3577 4907 non

1998 4950 2099 4997 est.
2140 4941 2195 4996 Id
2225 4942 2369 4997 enim
2420 4958 2527 4997 non
2567 4945 2694 5012 quid
2766 4953 2870 5011 est,
2924 4944 3017 4999 sed
3072 4945 3201 5015 quid
3251 4958 3357 4999 non
3398 4952 3483 4998 est
3521 4940 3577 4997 id

2000 5033 2141 5101 quod
2170 5031 2425 5086 deﬁnitur
2465 5033 2722 5087 ostendit.
2757 5033 2814 5087 Si
2859 5046 2986 5103 ergo
3027 5047 3129 5086 vox
3175 5032 3416 5100 ingeniti,
3468 5044 3576 5084 non

1998 5139 2120 5180 esse
2153 5125 2393 5194 genitum
2424 5124 2683 5191 declarat,
2714 5140 2778 5179 ex
2823 5122 3112 5179 contrariis
3143 5136 3292 5176 suam
3327 5119 3575 5177 declara-

2005 5218 2203 5272 tionem
2254 5216 2422 5271 sumit
2459 5234 2474 5270 :
2510 5225 2656 5271 recta
2696 5230 2823 5270 vero
2876 5213 3118 5268 deﬁnitio
3172 5227 3445 5281 nunquam
3503 5227 3573 5267 ex

2002 5307 2068 5361 iis
2095 5314 2328 5361 constat.
2356 5304 2474 5359 Non
2499 5314 2584 5360 est
2611 5321 2739 5375 ergo
2784 5318 2980 5360 nomen
3028 5303 3252 5373 ingeniti
3300 5302 3569 5360 deﬁnitio.

2663 5499 2891 5558 ALIUD.

2066 5612 2177 5667 Vox
2210 5615 2425 5684 iugeniti
2469 5630 2531 5669 ex
2559 5614 2623 5670 iis
2672 5623 2755 5671 est
2809 5631 2929 5686 qua:
2977 5616 3140 5670 variis
3198 5615 3372 5670 modis
3408 5616 3568 5670 intel-

1997 5706 2082 5773 “Si
2114 5716 2355 5775 ttossuut,
2395 5707 2695 5773 meritoque
2757 5709 2897 5764 inter
2948 5706 3249 5772 mquivocas
3293 5705 3569 5761 numerari
