4144 6524
541 325 604 378 ει
1563 321 1621 376 s.
1664 316 1944 374 cvnlLLt
1983 314 2457 371 ALEXANDlthl
2497 315 2817 376 ARCHIEP.
3745 325 3816 380 se

543 444 720 502 debet.
760 442 814 497 Si
847 457 974 512 ergo
999 443 1428 498 substantiarum
1467 438 1812 494 deﬁnitiones
1855 452 1959 492 non
1992 451 2125 492 cono

2249 435 2637 489 ιατατόιττοιτο.
2677 437 2739 489 Εἰ
2785 436 2961 491 τοίνυν
3008 440 3074 491 0i.
3101 437 3210 490 τῶν
3251 437 3449 490 οὐσιῶν
3484 438 3598 510 δροι
3626 435 3726 492 οὐκ
3753 439 3819 494 ὲκ

543 542 691 592 stant
712 549 777 589 ex
799 533 1116 604 teqnivocis,
1149 548 1326 603 neque
1348 547 1416 587 ex
1449 531 1702 586 terminis
1732 531 1925 584 varias.
1956 529 2127 598 signi-

547 628 824 682 liCationes
851 626 1174 682 habentibus
1201 629 1414 695 (neque
1442 624 1588 678 enim
1624 623 1674 676 id
1698 622 1841 691 quod
1871 621 2128 676 delinitur

545 717 921 787 explicabitur,
953 717 998 770 si
1026 733 1092 772 ex
1128 717 1193 770 iis
1238 715 1502 784 constet),
1536 715 1756 784 ξηραιιὶιὶ
1819 729 1950 769 vero
2000 729 2125 779 vos,

548 818 606 864 ut
641 810 800 862 modo
829 809 1086 871 diximus,
1128 809 1403 877 :equivoca
1445 817 1528 866 est
1569 826 1585 862 :
1622 814 1772 863 certe
1823 807 2127 876 ingenitum

549 899 790 964 deﬁnitio
817 914 938 954 esse
969 915 1073 953 non
1106 907 1301 969 potest.
1397 961 1404 963 _

1225 1009 1457 1065 ALIUD.

623 1123 679 1180 Si
713 1140 909 1179 nomen
937 1124 1054 1178 sive
1083 1139 1194 1183 vox
1234 1125 1475 1194 ingeniti,
1517 1125 1764 1186 deﬁnitio
1797 1134 1902 1188 est,
1952 1126 2141 1180 susci-.

550 1218 663 1287 piet
695 1217 936 1286 proiecto
959 1217 1114 1286 juxta
1166 1217 1433 1270 rationem
1464 1217 1866 1280 deﬁnitionum,
1900 1231 2128 1271 conver-

551 1309 778 1364 sionem.
809 1309 983 1363 Veluti
1013 1310 1055 1362 si
1085 1309 1208 1379 quis
1239 1309 1513 1366 hominem
1533 1309 1814 1371 deﬁniens,
1839 1310 1984 1363 dicat
2012 1324 2133 1363 esse

554 1398 754 1460 animal
787 1398 1068 1462 rationale,
1098 1401 1348 1464 mortale,
1414 1400 1784 1469 intelligentiae
1852 1408 1908 1457 et
1958 1400 2132 1454 scicn-

555 1491 644 1543 tiae
673 1505 875 1560 capax;
925 1492 1127 1561 poterit
1172 1493 1275 1547 hoc
1333 1493 1506 1560 ipsum
1557 1506 1746 1546 rursus
1788 1499 2129 1559 convertere,

554 1581 780 1638 dicens:
815 1582 870 1636 Si
905 1584 1048 1652 quod
1088 1584 1286 1637 animal
1317 1594 1401 1639 est
1443 1583 1727 1650 rationale,
1762 1585 2016 1648 mortale,
2051 1585 2133 1636 in-

557 1671 863 1741 telligentia:
885 1684 938 1726 et
963 1674 1204 1728 scientia:
1231 1691 1422 1745 capax,
1455 1677 1507 1728 id
1530 1674 1750 1728 omnino
1781 1675 1943 1729 etiam
1974 1675 2157 1730 homo.

2229 526 2338 579 τῶν
2387 526 2716 597 ὁμωνύμων,
2765 527 2881 587 οὐδ’,
2910 531 2974 583 ἐκ
3026 530 3136 582 τῶν
3182 529 3467 601 πολλαχῶς
3513 529 3818 601 νοουμένων

2229 619 2612 688 λαμϐάνονται,
2641 619 2780 689 (οὐδὲ
2813 619 2946 691 γὰρ,
2973 619 3129 682 ἔσται
3179 622 3348 691 σαφὲς
3379 621 3441 674 τὸ
3481 619 3816 692 ὁριζόμενον,

2231 712 2278 764 εί
2325 714 2389 763 ἐκ
2435 711 2642 765 τούτων
2689 712 3063 782 λαμϐάνοιτο),
3117 714 3150 784 ἡ
3204 712 3260 766 δὲ
3307 711 3594 783 ἀγένητος
3646 712 3818 783 φωνὴ,

2231 803 2481 876 καθάπερ
2508 805 2607 876 ἤδη
2638 804 2992 875 προείπομεν,
3032 806 3142 858 τῶν
3173 804 3483 877 ὁμωνύμων
3521 805 3692 871 ἐστὶν,
3721 805 3829 870 οὐκ,

2233 896 2298 958 ἂν
2329 897 2412 967 εἴη
2440 897 2571 967 ὅρος¹
2599 897 2659 949 τὸ
2686 898 2975 969 ἀγένητον.

2928 1013 3131 1066 ΛΛᾹΟ.

2305 1123 2364 1176 Εἰ
2392 1124 2513 1196 ὅρος
2543 1123 2658 1177 ἐστὶ
2689 1125 2751 1177 τὸ
2773 1123 3100 1193 ἀγέννητος
3128 1124 3298 1196 ὄνομα
3327 1125 3644 1196 ἧτοιφωνὴ,
3681 1125 3826 1191 δέξε-

2231 1233 2323 1279 ται
2349 1215 2592 1286 δηλονότι
2621 1217 2765 1271 κατά
2792 1217 2853 1270 τὸ
2884 1217 2992 1270 τῶν
3017 1219 3158 1289 ὅρων
3195 1219 3379 1289 σχῆμα
3409 1218 3510 1288 τὴν
3543 1219 3825 1289 ἀντιστρο-

2235 1310 2370 1378 φήν’
2407 1307 2596 1380 ὥσπερ
2645 1310 2697 1364 ετ
2743 1327 2848 1372 τιςν
2876 1309 2968 1363 τὸν
3016 1309 3300 1380 ἄνθρωπον
3346 1308 3564 1378 ὁρίζων,
3611 1310 3685 1369 ὡς
3739 1307 3824 1378 εἴη

2237 1399 2374 1464 ζῶον
2420 1400 2658 1468 λογικὸν,
2693 1401 2903 1472 Θνητὸν,
2940 1402 3032 1456 νοῦ
3071 1402 3164 1455 καὶ
3199 1403 3513 1472 ἐπιστήμης
3553 1400 3821 1464 δεκτικὸν,

2236 1492 2609 1561 ἀντιστρὲφων
2644 1493 2806 1546 πάλιν
2845 1494 2975 1547 αὐτὸ
3002 1494 3151 1562 λέγοι
3171 1509 3184 1522 ’
3216 1495 3293 1549 Εἴ.
3317 1511 3401 1557 τις
3425 1493 3562 1556 ζῶον
3588 1492 3824 1560 λογικὸν,

2237 1583 2449 1653 θνητὸν,
2487 1585 2578 1638 νοῦ
2630 1587 2724 1639 καὶ
2760 1588 3076 1656 ἐπιστήμης
3109 1586 3379 1649 δεκτικὸν,
3417 1585 3576 1638 τοῦτο
3609 1585 3828 1648 πάντως

2241 1677 2342 1729 καὶ·
2372 1675 2676 1745 ἄνθρωπος.
2707 1678 2770 1729 Et
2796 1677 2988 1732 τοίνυν,
3008 1678 3064 1730 τὸ
3093 1677 3379 1749 ἀγένητον,
3431 1678 3685 1747 καθάπερ
3713 1677 3823 1747 ἤδη

554 1772 659 1820 εει.
693 1763 1026 1834 Quapropter
1053 1767 1098 1823 si
1136 1767 1435 1838 ingenitum
1466 1769 1648 1839 (sicut
1678 1769 1835 1824 modo
1863 1769 2132 1839 diximus)

2249 1767 2595 1839 προείπομεν,
2621 1770 2744 1838 ὅρος
2769 1770 2903 1832 ἐστὶ,
2933 1767 3009 1839 μὴ
3031 1768 3406 1839 παραιτείσθω
3423 1769 3521 1839 τὴν
3551 1769 3830 1838 ἀντιστρο-

555 1855 798 1909 deﬁnitio
867 1865 972 1922 est,
1023 1875 1092 1912 ne
1140 1872 1356 1914 recuset
1390 1863 1821 1922 conversionem.
1875 1860 1934 1916 Si
1985 1864 2132 1916 enim

557 1947 852 2016 ingenitum
885 1951 1189 2005 substantia
1224 1961 1307 2006 est
1351 1971 1364 2006 :
1401 1953 1700 2008 substantia
1732 1953 1896 2010 etiam
1939 1964 2023 2008 est
2049 1954 2136 2007 in.—

556 2038 817 2106 genitum,
855 2042 948 2096 sed
995 2057 1099 2096 non
1141 2048 1498 2099 convertitur.
1549 2045 1737 2114 Neque
1781 2047 1925 2100 enim
1961 2045 2138 2104 omnis

557 2130 859 2186 substantia
913 2134 980 2188 in.
1021 2136 1332 2192 universum
1383 2139 1546 2191 etiam
1597 2138 1834 2206 ingenita
1871 2147 1985 2204 est;
2036 2135 2150 2191 soli.

447 2241 455 2250 -
557 2222 700 2274 enim
735 2224 840 2278 Deo
890 2227 989 2281 hoc
1021 2229 1292 2296 peculiare
1327 2242 1429 2284 est.
1480 2227 1598 2284 Non
1635 2239 1721 2285 est
1765 2245 1894 2298 ergo
1941 2244 2133 2283 nomen

2242 1863 2384 1932 φην·
2438 1861 2487 1913 εἰ
2535 1860 2644 1931 γὰρ
2683 1861 2743 1917 τδ
2777 1861 3038 1930 ἀγένητον
3069 1860 3244 1923 οὐσία,
3277 1862 3372 1914 καὶ
3421 1862 3454 1929 ἡ
3497 1860 3652 1913 οὐσία
3699 1857 3829 1926 ἀγέ-

2240 1972 2432 2024 νητον·
2487 1954 2602 2007 ἀλλ’
2642 1955 2742 2007 οὐκ
2792 1955 3162 2025 ἀντιστρέφει.
3205 1956 3280 2008 Οὐ
3323 1955 3431 2027 γὰρ
3481 1956 3629 2008 πᾶσα
3673 1953 3830 2008 οὐσία

2243 2048 2460 2108 πάντως
2488 2046 2607 2098 ἐστὶ
2644 2046 2739 2102 καὶ
2786 2046 3049 2116 ἀγένητος
3070 2062 3086 2078 ·
3125 2047 3270 2118 μόνῳ
3299 2047 3355 2100 δὲ
3387 2048 3506 2118 Θεῷ
3548 2046 3668 2101 κατ’
3695 2045 3833 2111 ἐξαί-

2250 2153 2401 2208 ρετον
2432 2133 2587 2195 τοῦτό
2616 2136 2962 2207 ἐστιν.”ορος
2989 2131 3082 2189 οὖν
3106 2137 3207 2190 οὐκ
3237 2138 3304 2190 ἂν
3335 2139 3417 2209 εῐη
3447 2139 3508 2191 τὸ
3534 2137 3828 2208 ἀγένητον·

2242 2227 2359 2281 ἀλλ’
2388 2228 2470 2288 ὅτι
2507 2226 2583 2299 μὴ
2608 2227 2904 2306 γεγένηται
2938 2227 3407 2299 μόνονσημαίνει.

559 2313 782 2382 ingeniti
810 2316 1050 2372 deﬁnitio
1084 2336 1098 2372 :
1133 2321 1227 2374 sed
1257 2330 1464 2376 tantum
1500 2337 1607 2377 non
1632 2337 1755 2378 esse
1785 2323 2026 2377 venitum
2059 2319 2355 2390 signiﬁcat.

935 2448 1509 2543 ASSERTIO
1589 2455 1778 2540 III.

562 2591 834 2656 Refutatio
881 2598 961 2651 ad.
992 2600 1220 2662 verbum,
1261 2601 1399 2669 quod
1448 2602 1734 2669 ingenitum
1781 2619 1884 2656 non
1913 2603 1980 2655 sit
2027 2602 2145 2657 sui»

633 2669 852 2733 stantia,
883 2669 972 2720 sed
1019 2677 1224 2722 tantum
1271 2670 1524 2739 signiﬁcet
1567 2671 1736 2726 Deum
1771 2674 2006 2743 genitum
2040 2691 2143 2726 non

631 2752 760 2790 8888.

634 2849 692 2903 Si
726 2850 1021 2919 ingenitum
1072 2853 1371 2908 substantia
1400 2866 1507 2918 est,
1553 2866 1610 2910 et
1645 2857 1964 2914 substantia:
2009 2857 2145 2910 nihil

563 2949 648 2994 est
681 2943 1040 3007 contrarium,
1077 2943 1205 2997 nihil
1255 2945 1361 2999 erit
1405 2945 1642 3014 ingenito
1686 2947 2038 3000 coatrarinm.
2081 2945 2141 3000 Si

564 3046 694 3086 vero
753 3036 1084 3088 contrarium
1139 3045 1222 3090 est
1271 3036 1513 3106 ingenito
1551 3037 1792 3106 genitum
1821 3077 1841 3102 ,_
1883 3038 2140 3092 substan-

2763 2441 3130 2528 ΛΟΓΟΣ
3202 2443 3313 2528 I".

2262 2595 2955 2668 Ἀπολογ-ίᾳςαὺζολεξεὶ,
2987 2599 3076 2652 ὅτι
3099 2600 3185 2667 μὴ
3211 2599 3278 2652 τὸ
3309 2599 3604 2668 ἀγένητον
3631 2602 3834 2664 οὐσία,

2317 2668 2512 2791 μένον
2542 2666 2611 2720 δὲ
2642 2666 2748 2721 τοῦ
2771 2668 2858 2736 μὴ
2891 2666 3196 2747 γεγονέναι
3227 2669 3334 2735 τὸν
3360 2666 3526 2736 Θεὸν,
3555 2687 3839 2740 σημαντι·

2325 2754 2362 2790 κ
2400 2753 2456 2790 ν.

2325 2754 2456 2790 κον.

2326 2849 2388 2901 Εί
2426 2848 2487 2901 τὸ
2522 2849 2799 2918 ἀγένητον
2823 2849 3001 2916 οὐσία,
3036 2854 3101 2921 τῇ
3129 2849 3186 2907 δὲ
3210 2851 3370 2922 οὐσίᾳ
3395 2851 3548 2906 οὐδὲν
3577 2843 3838 2920 ἐναντίον,

2251 2937 2403 2991 οὐδὲν
2452 2938 2560 3010 ἄρα
2613 2938 2767 2992 ἔσται
2799 2939 2875 3009 τῷ
2906 2941 3156 3011 ἀγενήτῳ
3201 2941 3462 2997 ἐναντίον.
3493 2942 3555 2994 Et
3593 2942 3651 2995 δέ
3695 2943 3842 3002 ἐστιν

2249 3029 2490 3082 ἐναντίον
2542 3028 2618 3100 τῷ
2651 3031 2900 3103 ἀγενήτῳ
2933 3032 2996 3084 τὸ
3031 3033 3276 3103 γενητὸν,
3319 3037 3384 3104 τῇ
3413 3033 3469 3086 δὲ
3498 3034 3654 3106 οὐσίᾳ
3691 3035 3842 3088 οὐδὲν

569 3124 656 3178 tia:
694 3134 874 3180 autem
925 3128 1060 3184 nihil
1105 3131 1476 3197 contrarium,
1535 3132 1836 3201 ingenitum
1886 3149 1989 3189 non
2039 3134 2146 3189 erit

2251 3120 2514 3185 ἐναντίον,
2547 3121 2606 3174 τὸ
2643 3122 2908 3192 ἀγένητον
2943 3123 3043 3176 οὐκ
3069 3123 3220 3189 ἔσται
3256 3125 3436 3178 οὐσία.

566 3216 890 3275 substantia.

1172 3311 1275 3386 ιτ
1318 3311 1552 3376 ALIUD.

643 3415 700 3471 Si
724 3417 1020 3489 ingenitum
1056 3433 1140 3474 est
1165 3423 1829 3492 substantia,necessario
1859 3428 2022 3483 etiam
2057 3445 2154 3499 ge-

570 3508 743 3563 nitum
769 3511 874 3565 erit
912 3511 1212 3567 substantia
1253 3531 1266 3566 :
1304 3514 1346 3570 si
1377 3531 1507 3570 vero
1541 3526 1832 3588 utrumque
1877 3528 1961 3574 est
2021 3521 2153 3576 sub-

573 3602 796 3667 aIantia,
830 3619 932 3656 non
969 3607 1072 3658 erit
1102 3608 1434 3661 contrarium
1461 3609 1698 3678 ingenito
1733 3611 1994 3678 genitura,
2059 3614 2156 3668 sed

571 3691 736 3747 idem.
770 3691 958 3764 Neque
986 3697 1129 3756 enim
1158 3697 1462 3752 substantia
1519 3700 1836 3760 substantiae
1873 3705 2148 3762 contraria

572 3793 674 3845 05L

1238 3904 1489 3971 ALIUD.

643 4010 700 4066 Si
741 4009 1038 4080 ingenitum
1098 4015 1459 4068 substantiam
1525 4015 1617 4070 Dei
1688 4015 1980 4084 signiﬁcat,
2043 4033 2153 4074 non

573 4115 704 4155 vero
735 4111 884 4156 notat
908 4105 1262 4160 substantiam
1293 4108 1531 4177 genitam
1587 4123 1690 4163 non
1715 4123 1855 4172 esse,
1915 4110 2155 4178 genitum

575 4208 792 4264 quoque
817 4196 1070 4251 similiter
1097 4201 1455 4253 substantiam
1532 4201 1884 4272 signiﬁcabit,
1937 4217 2036 4256 nec
2064 4219 2156 4270 ge-

577 4290 749 4348 nitum
782 4309 902 4348 esse
925 4291 1153 4346 notabit.
1186 4291 1319 4346 Cum
1351 4301 1528 4348 autem
1566 4302 1854 4363 utrumque
1904 4294 2158 4349 substan-

581 4385 708 4440 tiam
734 4384 1019 4454 siguiﬁcet,
1050 4386 1191 4441 unde
1213 4394 1502 4455 cognoscet
1571 4386 1694 4456 quis
1760 4387 1986 4442 alteram
2037 4389 2159 4459 qui-

577 4477 700 4532 dem
723 4477 1053 4547 gignentem,
1079 4477 1301 4530 alteram
1331 4479 1586 4548 genitam,
1611 4493 1731 4534 cum
1780 4482 1998 4535 nomina
2023 4483 2156 4536 nihil
2188 4510 2233 4566 Ι)

578 4567 889 4639 signiﬁcent
916 4567 1017 4624 nisi
1041 4568 1439 4623 substantiam?

1250 4675 1483 4735 ALIUD.

651 4793 1038 4865 Si'ingenitum
1063 4792 1365 4848 substantia
1397 4801 1499 4856 est,
1528 4789 1833 4847 substantia
1887 4801 2067 4846 autem
2097 4791 2162 4846 de

577 4885 834 4944 Omnibus
883 4887 1114 4940 univoce
1167 4884 1406 4940 dicitur:
1461 4884 1760 4953 ingenitum
1815 4883 1879 4936 de
1906 4882 2160 4937 omnibus

579 4979 898 5034 substantiis
923 4977 1152 5044 dicetur,
1177 4977 1358 5032 autde
1418 4977 1669 5030 omnibus
1713 4991 1833 5045 quae
1863 4974 1964 5029 sub
2029 4974 2162 5043 ipsis

581 5079 727 5126 sunt.
761 5068 817 5125 Si
837 5070 1278 5141 veroingenitum
1303 5069 1369 5124 de
1397 5069 1648 5124 omnibus
1679 5083 1784 5122 non
1814 5067 2162 5136 praedicatur,

583 5163 883 5218 substantia
909 5173 1090 5218 autent
1117 5162 1182 5216 de
1209 5163 1463 5217 omnibus
1485 5201 1500 5226 ,
1531 5176 1636 5230 quo
1665 5169 1824 5229 pacto
1849 5175 2013 5214 unum
2050 5160 2164 5215 lue-

587 5255 697 5311 rint
725 5257 1022 5312 substantia
1053 5266 1108 5312 et
1133 5256 1432 5328 ingenitum
1455 5255 1478 5309 ?

1255 5365 1483 5422 ALIUD.

657 5485 713 5540 Si
742 5483 1038 5554 ingenitum
1069 5481 1374 5538 substantia
1399 5489 1504 5546 est,
1558 5480 1611 5534 in
1674 5481 1973 5535 substantia
2037 5496 2166 5534 vero

586 5593 692 5634 non
717 5578 864 5633 cadit
901 5575 1072 5646 magis
1099 5584 1153 5630 et
1215 5575 1419 5638 minus,
1503 5587 1608 5627 non
1663 5573 1768 5628 erit
1827 5574 1930 5628 hac
1959 5573 2168 5628 ratione

586 5671 758 5740 magis
784 5670 1100 5741 ingenitum,
1133 5669 1227 5726 sed
1263 5685 1436 5740 neque
1465 5669 1642 5724 minus
1675 5665 1827 5736 quid.
1869 5665 1926 5720 Si
1982 5673 2164 5719 autem

584 5761 768 5826 munia
795 5763 1008 5820 excedit
1037 5762 1354 5832 ingenitum,
1425 5774 1760 5832 nequaquam
1809 5773 1932 5814 vero
2001 5757 2164 5814 etiam

2942 3307 3149 3361 AAAO.

2327 3422 2389 3475 Ei
2433 3421 2495 3474 τὸ
2533 3421 2800 3493 ἀγένητον
2848 3423 3027 3490 οὐσία,
3082 3423 3140 3489 ἐξ
3182 3424 3429 3494 ἀνάγκης
3474 3424 3624 3479 ἔσται
3660 3426 3754 3478 καὶ
3785 3426 3845 3478 τὸ

2254 3512 2482 3582 γενητὸν
2510 3512 2665 3568 οὐσία
2689 3529 2702 3544 ·
2734 3515 2782 3565 εί
2813 3513 2869 3567 δὲ
2893 3514 3053 3567 οὐσία
3084 3514 3342 3584 ἑκάτερα,
3387 3517 3486 3570 οὐκ
3519 3516 3670 3569 ἔσται
3694 3519 3846 3570 ἐναν-

2253 3603 2368 3657 τίον
2408 3605 2487 3675 τῷ
2521 3605 2771 3676 ἀγενήτῳ
2800 3605 2860 3658 τὸ
2913 3607 3161 3677 γενητὸν,
3204 3607 3344 3662 ἀλλὰ
3389 3609 3607 3662 ταύτόν.
3635 3609 3710 3662 Οὐ
3737 3610 3846 3678 γὰρ

2255 3697 2493 3751 ἐναντίον
2518 3698 2678 3751 οὐσία
2709 3699 2845 3769 πρὸς
2873 3699 3079 3754 οὐσίαν.

2939 3896 3158 3966 ΑΛΛΟ,

2329 4009 2391 4063 Εί
2423 4009 2483 4062 τὸ
2525 4009 2786 4080 ἀγένητον
2825 4011 3014 4064 οὐσίαν
3055 4007 3192 4063 Θεοῦ
3227 4008 3500 4080 σημαίνει,
3527 4008 3642 4063 ἀλλ’
3689 4010 3748 4062 οὐ
3787 4007 3853 4067 τὰ

2259 4103 2334 4175 μὴ
2368 4102 2621 4173 γενέσθαι
2648 4104 2746 4175 τὴν
2779 4105 2988 4168 οὐσίαν,
3027 4106 3120 4158 καὶ
3160 4105 3219 4157 τὸ
3245 4104 3470 4176 γενητὸν
3497 4105 3722 4169 εἰκότως
3756 4105 3846 4160 οὐ-

2259 4197 2400 4262 σίαν,
2431 4196 2547 4249 ἀλλ’
2580 4197 2639 4250 οὐ
2686 4197 2747 4249 τὸ
2788 4197 3063 4266 γενέσθαι.
3113 4197 3317 4251 Οὐσίαν
3370 4198 3427 4250 δὲ
3470 4197 3845 4268 σημαινόντων

2259 4288 2556 4360 ἑκατέρων,
2591 4289 2755 4342 πόθεν
2796 4289 2910 4360 γνῷ
2957 4307 3040 4353 τις
3085 4289 3184 4362 τὴν
3217 4292 3312 4361 μὲν
3347 4288 3624 4354 ποιοῦσαν,
3658 4290 3756 4361 τὴν
3787 4290 3846 4343 δὲ

2257 4378 2571 4448 γινομένην,
2618 4377 2764 4444 ἅπαξ
2820 4377 2942 4431 τῶν
2976 4376 3260 4448 ὀνομάτων
3316 4377 3468 4432 οὐδὲν
3519 4375 3864 4446 δηλούντων,

2259 4469 2375 4533 ἀλλ’
2408 4470 2442 4541 ἢ
2483 4470 2642 4540 μόνον
2675 4469 2898 4536 obsim;

2955 4677 3159 4732 MAG.

2335 4790 2398 4846 Εί
2429 4789 2490 4845 τὸ
2515 4790 2776 4862 ἀγένητον
2799 4791 2988 4845 οὐσία·
3014 4793 3047 4861 ή
3085 4790 3140 4844 δὲ
3167 4791 3320 4844 οὐσία
3359 4791 3449 4842 ἐπὶ
3480 4791 3694 4844 πάντων
3723 4807 3848 4845 συνε-

2262 4882 2496 4953 ωνύμως
2537 4882 2788 4950 λέγεταιο
2853 4882 2914 4934 τὸ
2959 4883 3231 4952 ἀγένητον.
3258 4882 3349 4934 ἐπὶ
3395 4881 3580 4934 πασῶν
3611 4882 3718 4934 τῶν
3753 4883 3847 4936 οὐ·-

2266 4955 2398 5026 σιῶν
2427 4971 2770 5044 λεχθήσεται,
2872 4973 2965 5026 ἐπὶ
3012 4973 3227 5026 πάντων
3263 4971 3370 5026 τῶν
3405 4974 3496 5025 ὐπ’
3532 4973 3745 5036 αὐταῖς.
3784 4974 3848 5026 Ei

2263 5064 2321 5117 δὲ
2352 5065 2412 5117 τὸ
2460 5065 2723 5135 ἀγένητον
2753 5065 2845 5118 ἐπὶ
2888 5064 3103 5118 πάντων
3147 5064 3206 5116 οὐ
3263 5066 3670 5133 κατηγορεῖται,
3717 5063 3752 5134 ἠ
3790 5063 3850 5116 δὲ

2265 5156 2420 5210 οὐσία
2453 5156 2545 5209 ἐπὶ
2584 5157 2821 5223 πάντων,
2859 5155 2974 5220 πῶς
3001 5154 3196 5210 ταυτὸν
3224 5155 3381 5209 οὐσία
3413 5156 3507 5209 καὶ
3551 5155 3846 5223 ἀγένητον;

2948 5360 3151 5414 ΑΛΛΟ.

2340 5480 2400 5532 ΕΞ
2436 5478 2489 5531 τὸ
2535 5478 2796 5547 ἀγένητον
2843 5475 3019 5537 οὐσία,
3051 5477 3208 5530 οὐσία
3256 5477 3312 5530 δὲ
3364 5477 3550 5541 οὐσίας
3595 5462 3696 5530 οὐκ
3733 5473 3851 5529 ἐστι

2274 5571 2472 5642 μᾶλλον
2500 5571 2594 5623 καὶ
2641 5566 2822 5640 ἦττον,
2858 5569 2956 5621 οὐκ
2999 5568 3149 5621 ἔσται
3191 5569 3330 5622 κατὰ
3358 5570 3516 5623 τοῦτο
3561 5567 3760 5638 μᾶλλον
3791 5565 3853 5618 τὸ

2271 5667 2556 5734 ἀγένητον,
2609 5663 2720 5716 ἁλλ’
2756 5662 2874 5716 οὐδὲ
2907 5657 3067 5730 ἧττόν
3102 5679 3152 5713 τι
3201 5662 3387 5716 αὐτοῦ.
3440 5663 3502 5715 Εἰ
3531 5660 3586 5714 δὲ
3632 5659 3852 5712 πάντων

2277 5758 2370 5828 μὲν
2405 5756 2658 5827 ὑπερέχει
2705 5753 2764 5808 τὸ
2819 5753 3101 5824 ἀγένητον,
3139 5753 3320 5807 οὐκέτι
3353 5752 3408 5806 δὲ
3456 5752 3544 5806 καὶ
3583 5753 3614 5819 ἡ
3658 5749 3850 5805 οὐσίαι·
