4144 6538
313 376 385 430 35
1724 348 2166 406 'lhESAURUS.
3508 344 3580 401 μ

313 495 364 546 εί
387 491 447 546 δὲ
483 489 584 561 μὴ,
611 488 790 542 πάντα
815 484 1032 539 πάντων
1069 480 1322 553 ὑπερέξει
1349 497 1360 510 ·
1394 479 1493 534 οὐκ
1525 477 1635 551 ἄρα
1667 477 1817 530 ἔσται
1846 475 1907 528 τὸ

2011 471 2349 528 substantia:
2403 469 2601 538 alioqui
2654 470 2834 524 omnia
2906 471 3234 540 praestabunt
3293 473 3580 530 omnibus:

314 582 578 654 ἀγένητον
611 578 789 632 οὐσία.

1001 689 1204 741 ΑΛΛΟ.

391 810 453 864 Εί
486 810 545 862 τὸ
576 808 838 876 ἀγένητον
885 803 1074 858 οὐσίαν
1107 800 1241 856 Θεοῦ
1288 801 1564 872 σημαίνει,
1609 798 1721 852 ἀλλ’
1753 798 1810 850 οὐ
1841 798 1901 850 τὸ

321 904 397 975 μὴ
430 900 699 970 γενέσθαι,
753 897 1032 966 ὀνομάτων
1069 894 1217 964 αὐτῴ
1263 892 1464 963 ἑτέρων
1488 891 1644 962 χρεία
1682 888 1787 942 τῶν
1809 888 1900 941 δυ-

320 997 567 1066 ναμένων
612 992 801 1058 δεῖξαι,
839 992 900 1044 τὸ
937 991 1011 1061 μὴ
1045 989 1109 1043 ἐκ
1135 1005 1280 1051 τινος
1305 987 1478 1040 αἰτίου
1513 982 1765 1052 γενέσθαι
1811 981 1902 1034 τὸν

319 1085 682 1149 Θεόν.·⁶’Δπαξ
707 1084 816 1155 γὰρ
843 1084 904 1135 τὸ
933 1081 1196 1151 ἀγένητον
1227 1079 1320 1132 τοῦ
1359 1076 1493 1130 Θεοῦ
1525 1074 1677 1128 οὐδὲν
1705 1072 1904 1144 σημαί-

319 1195 420 1243 νει,
447 1177 560 1232 ἀλλ’
594 1176 627 1247 ἢ
665 1177 822 1248 μόνον
855 1176 1043 1229 οὐσίαν
1066 1173 1224 1228 Θεοῦ.

1022 1376 1222 1429 ΛΛΛΟ.

394 1503 456 1557 El
486 1503 518 1572 ἠ
550 1497 708 1552 οὐσία
732 1492 824 1548 τοῦ
852 1491 987 1546 Θεοῦ
1021 1490 1080 1543 ἓν
1107 1489 1158 1542 τί
1187 1490 1357 1551 ἐστιν,
1389 1486 1505 1540 ἀλλ’
1537 1485 1597 1540 οὐ
1625 1474 1794 1538 πολλά
1829 1484 1906 1552 τῷ

325 1592 565 1668 ἀριθμῷ,
596 1590 656 1644 τὸ
708 1588 765 1642 δὲ
813 1585 1098 1653 ἀγένητον,
1141 1581 1236 1634 καί
1287 1579 1671 1668 ἀϐασίλευτον,
1714 1575 1809 1668 καὶ
1840 1575 1907 1628 τά

323 1665 506 1746 λοιπὰ,
558 1680 751 1741 πολλὰ,
793 1676 907 1730 ἀλλ’
941 1675 1039 1744 οὐχ
1089 1671 1146 1724 ἓν
1200 1671 1277 1742 τῷ
1323 1669 1578 1741 ἀριθμῷ·
1623 1667 1724 1720 οὐκ
1757 1665 1907 1718 ἔσται

2005 572 2152 616 certe
2193 561 2484 631 ingenitum
2521 559 2821 615 substantia
2861 578 2964 616 non
2996 563 3121 617 erit.

2677 671 2908 726 ALIUD.

2079 786 2137 841 Si
2170 787 2462 856 ingenitum
2484 784 2842 839 substantiam
2869 783 2959 837 Dei
2978 784 3381 851 signiﬁcat,non
3403 796 3581 840 autem

2007 878 2148 947 quod
2183 878 2396 947 genitus
2451 892 2554 931 non
2628 877 2720 939 sil,
2763 877 2882 928 aliis
2939 876 3246 928 nominibus
3300 892 3434 942 onus
3483 879 3587 932 erit

2007 982 2130 1036 qua:
2159 967 2392 1020 habeant
2427 967 2533 1020 vim
2569 967 2884 1021 declarandi
2942 966 3109 1020 Deum
3168 982 3234 1020 ex
3294 968 3394 1019 alia
3426 983 3586 1022 causa

2010 1059 2125 1113 sive
2147 1059 2356 1129 origine
2379 1059 2619 1128 genitum
2649 1073 2753 1112 non
2797 1073 2935 1112 esse.
2957 1056 3260 1126 Ingenitum
3322 1059 3466 1112 enim
3495 1059 3586 1112 Dei

2011 1150 2142 1204 nihil
2197 1152 2417 1206 omnino
2477 1151 2772 1218 signiﬁcat,
2833 1149 2930 1205 sed
2975 1158 3180 1204 tantum
3233 1150 3590 1206 substantiam

2013 1241 2128 1294 Dci.

2686 1357 2916 1413 ALIUD.

2087 1467 2144 1522 Si
2169 1471 2468 1524 substantia
2507 1470 2599 1525 Dei
2645 1486 2810 1525 unum
2851 1469 3055 1540 aliquid
3107 1480 3210 1534 est,
3251 1486 3354 1526 non
3411 1480 3590 1527 aulem

2013 1563 2184 1618 multa
2210 1579 2431 1620 numero
2455 1579 2470 1629 ;
2493 1566 2788 1636 ingenitum
2856 1580 3006 1630 vero,
3038 1575 3092 1618 et
3135 1563 3490 1617 ἀϐασίλευτον
3521 1564 3594 1633 (id

2013 1664 2116 1718 est,
2159 1655 2600 1726 nulliusimperio
2632 1655 2955 1728 subditum),
2983 1667 3036 1711 et
3071 1658 3176 1712 alia
3213 1658 3329 1726 ejus
3356 1659 3592 1728 generis,

325 1778 432 1849 ἄρα
460 1773 656 1830 ταυτὸν
680 1774 714 1838 ὴ
745 1769 904 1823 οὐσία
933 1766 1012 1836 τῷ
1043 1765 1293 1834 ἀγενήτῳ
1325 1763 1418 1816 καὶ
1447 1757 1804 1825 ἀ6ασιλεύτῳ,
1835 1756 1908 1819 ὡς

2015 1759 2142 1802 sunt
2169 1749 2357 1812 multa,
2388 1764 2562 1817 neque
2591 1767 2757 1805 unum
2797 1765 3021 1807 numero
3059 1768 3074 1804 :
3104 1767 3208 1804 non
3268 1753 3374 1804 erit
3411 1751 3595 1818 utique

325 1868 444 1922 οὐδὲ
476 1867 538 1920 τὸ
565 1864 623 1918 ἓν
643 1865 756 1922 τοῖς
781 1859 1016 1921 πολλοῖς.

1018 2054 1220 2107 ΑΛΛΟ.

397 2175 460 2228 Εί
487 2171 547 2226 τὸ
579 2166 974 2240 ἀγένητον,καὶ
1007 2165 1068 2217 τὸ
1089 2160 1332 2233 γενητὸν,
1373 2159 1466 2214 καὶ
1488 2152 1573 2212 .τά
1604 2155 1786 2216 λοιπὰ,
1819 2155 1911 2208 οὐ-

331 2267 419 2319 σία
448 2263 604 2328 Θεοῦ,
639 2262 802 2332 ἕτερα
828 2259 884 2311 δέ
925 2260 1031 2310 εἰσι
1069 2255 1241 2310 ταῦτα
1284 2255 1404 2316 ταῖς
1443 2253 1667 2320 φωναῖς,
1697 2247 1910 2316 ἀνάγκη

328 2359 428 2429 τὴν
457 2355 642 2410 οὐσίαν
670 2353 887 2420 ἐκείνην
911 2350 1052 2402 οὕτω
1091 2344 1411 2415 συγκεῖσθαι
1437 2343 1576 2396 κατά
1599 2341 1696 2404 τὰς
1727 2338 1915 2406 διαφό-

334 2427 458 2515 ρους
519 2442 698 2510 φωνάς
723 2456 736 2470 ·
769 2439 835 2492 ἵν’
884 2438 1102 2500 οἰκείως
1148 2437 1205 2488 αί
1244 2433 1422 2502 φωναὶ
1455 2431 1574 2484 κατ’
1624 2427 1914 2515 αὐτῆς-λέ·-

330 2513 567 2602 γωνται·
604 2531 638 2601 ἢ
689 2528 764 2600 μὴ
817 2527 1180 2596 συγκειμένης
1222 2523 1413 2593 αὐτῆς,
1456 2518 1746 2573 ἀκόλουθον
1777 2513 1915 2569 εἶναι

330 2625 504 2678 ταῦτα
532 2623 641 2675 τῶν
687 2620 999 2692 προσόντων
1031 2619 1098 2687 τῇ
1124 2614 1282 2686 οὐσίᾳ
1326 2611 1658 2684 σημαντικὰ,
1709 2609 1820 2662 ἀλλ’
1855 2607 1915 2660 οὐ

331 2717 454 2770 καθ’
486 2715 627 2768 αὐτὰ
661 2713 866 2774 οὐσίας.

1014 2821 1219 2874 ΑΛΛΟ.

401 2943 463 2994 Ei
493 2942 527 3011 ἡ
557 2939 714 2991 οὐσία
760 2935 853 2989 τοῦ
888 2933 1022 2987 Θεοῦ
1069 2932 1129 2984 οὐ
1157 2931 1243 2984 διά
1276 2947 1328 2982 τι
1368 2929 1582 2995 λέγεται
1624 2924 1762 2994 (ἔστι
1811 2923 1917 2992 γὰρ

328 3035 395 3088 δι’
425 3032 620 3100 οὐδὲν),
645 3032 679 3100 ἡ
708 3029 766 3082 δὲ
794 3025 1082 3096 ἀγένητος
1113 3021 1285 3092 φωνὴ,
1307 3020 1394 3073 διὰ
1423 3018 1482 3071 τὸ
1513 3018 1730 3070 πάντων
1755 3014 1917 3067 αὐτὸν

1937 1845 1981 1900 Β
2011 1841 2150 1896 idem
2178 1842 2481 1896 substantia
2511 1858 2632 1896 cum
2665 1844 2904 1912 ingenito
2919 1853 2974 1897 et
2998 1843 3439 1910 uulliuslmperio
3469 1842 3587 1896 sub-

2015 1931 2148 1995 dito,
2175 1931 2315 1986 sicut
2345 1947 2441 1987 nec
2472 1949 2635 1987 unum
2669 1949 2792 1989 cum
2816 1934 3020 1989 multis.

2685 2044 2923 2100 ALIUD.

2089 2155 2145 2209 Si
2176 2156 2475 2226 ingenitum
2512 2165 2565 2210 ct
2587 2158 3156 2226 genitum,eti-:etera,
3185 2168 3309 2212 sunt
3343 2157 3596 2212 substan-

2019 2247 2088 2299 tia
2125 2247 2239 2308 Dei,
2269 2249 2482 2302 diversa
2521 2263 2651 2300 vero
2685 2258 2814 2302 sunt
2847 2251 2962 2303 hsce
2991 2249 3266 2304 voeabulis
3312 2251 3461 2318 ipsis,
3504 2265 3591 2302 nc-

2016 2351 2170 2391 cesse
2199 2339 2663 2392 estsubsrantiam
2703 2339 2847 2392 illam
2883 2340 2954 2394 ita
2991 2342 3345 2409 compositam
3367 2356 3488 2396 esse
3512 2356 3598 2395 se.

2017 2431 2250 2484 cundum
2313 2429 2613 2484 diﬂ‘erentia
2685 2432 2968 2496 vocabula.
3008 2442 3066 2486 ut
3112 2433 3327 2502 proprie
3373 2433 3440 2488 de
3483 2433 3595 2501 ipsa

2019 2521 2123 2574 dici
2170 2523 2422 2590 possint:
2457 2533 2550 2576 aut
2574 2525 2618 2576 si
2649 2526 2948 2593 composita
2982 2526 3094 2592 ipsa
3131 2541 3236 2580 non
3278 2527 3372 2588 sit,
3407 2540 3599 2579 conse-

2018 2625 2188 2680 quens
2213 2621 2294 2664 est
2319 2611 2406 2664 illa
2449 2627 2554 2665 nou
2588 2628 2684 2682 per
2715 2629 2774 2667 se
2793 2615 3287 2678 substantiam,sed
3314 2632 3431 2684 qua:
3472 2617 3598 2670 sub-

2019 2703 2231 2759 stantia:
2263 2703 2517 2758 acciduut
2540 2705 2869 2773 signiﬁcare.

2657 2817 2764 2886 ιε
2799 2815 3029 2872 ALIUD.

2093 2921 2150 2976 Si
2187 2921 2488 2978 substantia
2510 2925 2600 2978 Dei
2625 2939 2728 2980 non
2757 2927 2937 2994 aliqua
2966 2941 3029 2981 ex
3063 2943 3224 2983 causa
3269 2931 3468 2985 dicitur
3501 2932 3588 3000 (ev

2020 3013 2162 3067 nulla
2185 3015 2328 3068 enim
2352 3031 2510 3070 causa
2536 3017 2661 3084 est),
2696 3031 2798 3071 vox
2836 3029 3016 3072 autem
3045 3020 3264 3090 ingeniti
3293 3037 3352 3076 ea
3386 3023 3450 3075 de
3469 3038 3598 3076 cau¢

332 3119 468 3176 εἶναι
495 3120 730 3192 κρείττω
762 3118 854 3169 καὶ
893 3113 1182 3184 ὑπερέχειν
1205 3127 1219 3140 ·
1248 3110 1348 3162 οὐκ
1391 3107 1544 3160 ἔσται
1582 3106 1689 3173 ἄρα
1724 3102 1909 3156 ταύτὸν

2021 3120 2078 3159 sa
2110 3107 2308 3160 dicitur
2333 3107 2473 3176 quod
2502 3109 2752 3163 omnibus
2775 3110 3062 3164 antecellat
3117 3121 3170 3164 et
3203 3122 3457 3181 praestet:
3491 3128 3596 3166 non

333 3216 366 3284 ἡ
401 3213 474 3284 μὴ
505 3212 593 3266 διά
620 3227 672 3264 τι
704 3207 973 3278 λεγομένη
1005 3204 1082 3274 τῷ
1111 3202 1177 3254 δι’
1213 3200 1392 3254 αἰτίαν
1425 3197 1722 3266 λεγομένῳ.

1020 3407 1227 3459 ΑΛΛΟ.

404 3529 468 3582 El
497 3527 558 3580 τὸ
585 3525 850 3594 ἀγένητον
881 3521 1017 3593 πρὸς
1053 3519 1152 3591 τὴν
1185 3517 1480 3588 ἁγενησίαν
1508 3514 1621 3585 ἔχει
1646 3512 1745 3583 τὴν
1785 3513 1914 3569 ἀνα-

334 3619 529 3690 φορὰν,
556 3619 590 3688 ἡ
615 3615 673 3670 δὲ
711 3615 870 3668 οὐσία
899 3611 993 3665 τοῦ
1033 3611 1168 3664 Θεοῦ
1196 3610 1332 3679 πρὸς
1353 3607 1504 3661 οὐδὲν
1525 3606 1636 3676 εχει
1663 3605 1763 3674 τὴν
1788 3603 1912 3674 σχέο

337 3729 442 3775 σιν,
479 3709 598 3772 πῶς
625 3706 820 3760 ταυτὸν
853 3704 1006 3757 ἔσται
1036 3703 1096 3755 τὸ
1133 3701 1270 3772 πρὸς
1301 3699 1351 3752 τί
1381 3715 1496 3762 πως
1539 3698 1660 3768 ἔχον
1681 3699 1747 3767 τῇ
1777 3695 1914 3765 πρὸς

338 3801 502 3872 μηδὲν
535 3798 734 3870 ἐχούσῃ
768 3798 828 3849 οὐ
838 3797 926 3867 σία
947 3813 963 3862 ;

1027 3974 1228 4026 ΑΛΛΟ.

404 4097 468 4152 El
491 4097 560 4166 τῇ
586 4094 678 4147 τοῦ
703 4092 837 4146 Θεοῦ
865 4091 1022 4161 οὐσίᾳ
1044 4089 1196 4142 οὐδὲν
1221 4085 1726 4147 ἀντιδιαστέλλεται,
1755 4080 1832 4152 τῷ
1853 4080 1912 4134 δὲ

330 4187 578 4258 ἀγενήτῳ
622 4181 1114 4237 ἀντιδιαστέλλεται
1162 4177 1222 4230 τὸ
1265 4174 1508 4247 γενητὸν,
1555 4173 1672 4235 πῶς
1711 4167 1818 4225 οἶόν
1851 4186 1910 4222 τε

332 4276 469 4333 εῖναι
493 4277 692 4330 ταυτὸν
716 4273 902 4326 οὐσίαν
929 4271 1021 4324 καὶ
1052 4271 1314 4340 ἀγένητον
1339 4285 1354 4332 ς

1025 4385 1225 4438 ΔΛΛΟ.

1944 3172 1986 3228 C
2020 3196 2124 3249 erit
2158 3195 2297 3248 idem
2324 3195 2373 3248 id
2406 3197 2546 3264 quod
2579 3198 2720 3250 nulla
2753 3213 2816 3249 ex
2851 3213 3011 3251 causa
3069 3172 3288 3265 dicitur,
3349 3216 3475 3256 cum
3531 3216 3597 3256 eo

2015 3288 2157 3355 quod
2192 3287 2369 3357 aliqua
2403 3303 2467 3344 ex
2504 3304 2663 3342 causa
2689 3289 2904 3343 dicitur.

2685 3397 2919 3454 ALIUD.

2087 3511 2142 3565 Si
2175 3512 2473 3581 ingenitum
2503 3513 2820 3569 relationem
2859 3515 3021 3569 habet
3051 3513 3118 3569 ad
3141 3515 3588 3586 dysvr;ciaw,suh-

2015 3605 2210 3658 stantia
2241 3620 2365 3658 vero
2399 3603 2488 3659 Dei
2512 3606 2710 3658 nullam
2745 3607 2812 3660 ad
2851 3605 3054 3676 aliquid
3100 3609 3416 3661 relationem
3477 3625 3599 3663 sus-

2017 3697 2149 3764 cipit
2181 3716 2192 3750 :
2225 3711 2331 3764 quo
2371 3705 2526 3763 pacto
2571 3697 2712 3752 idem
2762 3699 2886 3760 erit,
2921 3699 2971 3752 id
3001 3700 3142 3766 quod
3175 3700 3239 3752 ad
3284 3698 3482 3769 aliquid
3516 3715 3601 3753 re-

2015 3783 2187 3838 fertur
2214 3801 2334 3838 cum
2364 3787 2666 3841 substantia
2701 3787 2752 3840 in
2811 3801 2972 3854 quam
3034 3786 3222 3840 relatio
3281 3791 3348 3842 ad
3395 3789 3598 3858 aliquid

2015 3894 2120 3930 non
2169 3879 2353 3930 cadit?

2687 3969 2920 4026 ALIUD.

2087 4087 2148 4143 Si
2184 4087 2273 4142 Dei
2294 4087 2607 4143 substantiae
2638 4087 2770 4142 nihil
2793 4087 3117 4156 opponitur;
3155 4089 3392 4158 ingenito
3415 4096 3596 4144 autem

2012 4181 2303 4248 opponitur
2333 4182 2574 4249 genitum
2607 4198 2620 4233 :
2648 4179 2919 4249 quomodo
2959 4178 3103 4233 idem
3134 4194 3252 4234 esse
3271 4181 3441 4250 possit
3466 4183 3596 4236 sub-

2012 4272 2212 4326 stantia
2231 4281 2286 4326 et
2306 4273 2642 4342 ingenitum?

2676 4384 2908 4442 ALIUD.

404 4504 465 4556 Εί
495 4504 646 4556 πᾶσα
682 4499 837 4552 οὐσία
884 4497 1109 4569 ῥηθεῖσα
1139 4495 1346 4561 Οατέρα
1377 4493 1514 4564 πρὸς·
1550 4491 1804 4559 θατέραν,
1847 4488 1909 4541 οὐ

2087 4497 2143 4553 Si
2173 4498 2349 4552 omnis
2374 4498 2672 4552 substantia
2708 4502 2983 4555 nominata
3010 4500 3177 4555 altera
3229 4500 3294 4553 ad
3340 4500 3592 4564 alteram,

329 4594 478 4664 δηλοί
517 4592 616 4664 τὴν
649 4589 849 4662 ἑαυτῆς
891 4586 1186 4659 ὑπεροχὴν,
1230 4586 1305 4655 μὴ
1350 4580 1908 4653 συμπαραληφθέντος

329 4684 424 4739 τοῦ
453 4683 552 4755 τῆς
599 4682 874 4753 ὑπεροχῆς
921 4681 1202 4750 ὀνόματος,
1253 4677 1415 4749 ῥηθὲν
1458 4675 1510 4728 δὲ
1539 4674 1600 4727 τὸ
1648 4675 1910 4743 ἀγένητον

330 4777 492 4840 εὐθὺς
529 4775 783 4847 ἐμφαίνει
810 4773 1094 4844 διαφορὰν,
1117 4770 1234 4832 πῶς
1255 4769 1373 4838 οὐχὶ
1400 4768 1448 4820 oi
1474 4766 1742 4836 λέγοντες,
1769 4765 1910 4818 Ταυ-

327 4869 421 4921 τὺν
453 4867 614 4920 οὐσία
640 4865 733 4918 καὶ
760 4863 1046 4933 ἀγένητον,
1078 4860 1468 4931 ἀφρονέστατοι
1493 4874 1508 4922 ;

1013 5087 1219 5140 ΑΛΛΟ.

399 5207 461 5260 Ei
488 5206 550 5258 τὸ
575 5204 836 5274 ἀγένητον
865 5200 1043 5264 οὐσία,
1074 5199 1228 5252 ἔσται
1260 5199 1408 5251 πᾶσα
1438 5195 1592 5249 οὐσία
1619 5194 1905 5264 ἀγένητον,

328 5297 468 5367 ὅπερ
507 5291 728 5356 ἀσεϐές.

1015 5403 1214 5457 ΔΛΛΟ.

400 5521 463 5574 Ei
516 5521 575 5574 τδ
623 5521 888 5592 ἀγένητον
939 5518 1117 5580 οὐσία,
1153 5517 1281 5570 ἴδιον
1315 5516 1370 5570 δὲ
1413 5513 1599 5577 οὐσίας
1645 5512 1907 5565 τάναντία

325 5611 598 5681 δέχεσθαι,
629 5613 739 5665 τῶν
765 5611 1025 5666 ἐναντίων
1052 5609 1387 5663 ἐπιδεκτικὸν
1421 5607 1572 5660 ἔσται
1601 5603 1663 5657 τὸ
1711 5602 1907 5673 ἀγένη-

323 5722 436 5759 τον.
467 5705 530 5760 Ei
550 5705 604 5759 δὲ
627 5707 756 5760 ἴδιον
787 5706 885 5777 μὲν
907 5704 1065 5758 τοῦτο
1081 5703 1266 5765 οὐσίας
1289 5702 1387 5772 (τῷ
1413 5701 1519 5772 γὰρ
1550 5699 1624 5769 μὴ
1649 5697 1906 5768 δημιουρ-

323 5797 441 5866 γεῖν
477 5797 538 5851 τὸ
585 5798 938 5868 δημιουργεῖν
996 5797 1317 5859 ἀντίκειται,
1355 5792 1538 5847 οὐκέτι
1593 5791 1649 5844 δὲ
1699 5788 1794 5842 καὶ
1826 5787 1904 5857 τῷ

2017 4603 2170 4645 suam
2198 4591 2368 4658 ipsius
2398 4591 2766 4660 praestantiam
2794 4607 2897 4646 non
2945 4591 3203 4654 declarat,
3239 4591 3339 4646 nisi
3395 4607 3592 4646 nomen

2017 4681 2192 4749 ipsum
2217 4683 2542 4760 pugnantia:
2571 4683 2875 4751 adjiciatur,
2915 4681 3209 4752 ingenitum
3267 4695 3394 4736 vero
3431 4682 3589 4736 simul

2023 4785 2190 4844 atque
2214 4774 2525 4829 nominatur
2553 4774 2912 4830 dili‘erentiam
2969 4773 3251 4828 declarat:
3294 4787 3400 4842 quo
3434 4787 3593 4844 pacto

2019 4884 2124 4923 non
2151 4869 2432 4924 dementes
2460 4867 2736 4937 iudicandi
2772 4877 2921 4932 sunt,
2946 4868 3036 4938 qui
3074 4866 3218 4921 idem
3249 4881 3372 4923 esse
3406 4866 3595 4922 dicunt

2014 4961 2372 5014 substantiam
2406 4970 2459 5014 et
2490 4960 2820 5027 ingenitum?

2687 5067 2918 5126 ALIUD.

2089 5181 2146 5236 Si
2181 5182 2477 5251 ingenitum
2516 5181 2818 5236 substantia
2860 5192 2964 5246 est,
3032 5181 3137 5234 erit
3192 5180 3358 5235 etiam
3413 5181 3592 5235 omnis

2017 5272 2320 5326 substantia
2351 5271 2669 5340 ingenitum,
2692 5273 2834 5344 quod
2861 5273 3084 5341 impium
3112 5282 3214 5327 est.

2686 5383 2916 5442 ALIUD.

2088 5500 2142 5555 Si
2177 5501 2470 5571 ingenitum
2507 5499 2805 5554 substantia
2831 5515 2933 5567 est,
2958 5501 3232 5571 proprium
3258 5509 3434 5556 autem
3466 5501 3595 5554 sub-

2019 5593 2234 5649 stantiae
2266 5593 2546 5664 suscipere
2569 5593 2867 5659 contraria,
2928 5592 3225 5663 ingenitum
3274 5588 3435 5646 etiam
3466 5606 3594 5645 con-

2016 5689 2179 5741 traria
2202 5686 2478 5754 suscipiet.
2509 5684 2564 5739 Si
2594 5701 2722 5740 vero
2769 5686 2872 5740 hoc
2916 5685 3136 5754 quidem
3191 5683 3469 5754 proprium
3506 5689 3590 5733 est

2014 5780 2330 5839 substantia:
2359 5783 2568 5846 (creare
2602 5779 2748 5834 enim
2783 5779 3075 5850 opponitur
3095 5790 3203 5832 non
3239 5787 3446 5837 creare,
3481 5786 3588 5824 non
