4144 6518
567 362 650 423 33
1589 355 1662 415 'S.
1692 351 1975 414 "CYRILLI
2017 351 2489 411 ALEXANDRINI
2530 350 2854 412 ARCIIIEI'.
3760 360 3840 418 36

579 491 762 541 autem
788 481 1049 554 ingenito,
1080 493 1256 550 neque
1283 482 1427 533 enim
1461 479 1753 550 contigitei
1808 479 2046 550 genitum
2071 493 2155 535 es-

2261 479 2543 551 ἀγενήτῳ·
2575 482 2635 534 οὐ
2692 479 2800 550 γὰρ
2851 476 3048 559 συνέϐη
3092 476 3241 549 αὐτῷ
3286 478 3351 531 τὸ
3368 478 3707 549 γεγονέναι)ο
3741 484 3841 535 οὐκ

577 574 680 647 se),
706 584 849 631 certe
880 573 1179 641 ingenitum
1201 586 1315 627 non
1344 571 1447 626 erit
1472 570 1802 625 substantia.

1247 680 1482 738 AL’IUD.

650 800 709 857 Si
736 800 1094 857 substantiam
1142 798 1386 853 dicentes
1434 796 1502 853 de
1542 796 1655 851 Deo
1710 795 2152 864 philosophorum

576 894 901 950 sententiam
929 898 1255 960 sequuntur,
1276 887 1558 959 proprium
1600 887 1716 940 erit
1750 886 1857 941 Deo
1880 886 2153 940 contraria

577 983 880 1051 suscipere.
908 979 966 1034 Si
996 994 1124 1034 vero
1151 992 1273 1033 esse
1328 978 1500 1031 "Deum
1550 973 1855 1043 signiﬁcare
1912 974 2154 1028 volentes

579 1071 897 1126 substantia
929 1069 1195 1124 vocabulo
1240 1067 1462 1138 perinde
1521 1075 1683 1129 atque
1726 1080 1826 1120 nos
1882 1073 2106 1118 utuntur
2134 1103 2150 1129 ,

577 1164 880 1220 substantia
906 1179 1037 1218 vero
1065 1171 1121 1217 et
1176 1162 1471 1233 ingenitum
1508 1161 1645 1215 idem
1693 1169 1855 1215 sunt:
1888 1159 2152 1230 reliquum

566 1255 681 1308 erit
717 1269 902 1309 vocem
940 1252 1164 1322 ingeniti
1195 1252 1485 1308 essentiam
1528 1249 1625 1306 Dei
1676 1249 2002 1321 signiﬁcare,
2054 1250 2153 1305 sed

582 1362 687 1402 non
718 1347 891 1416 ipsum
926 1344 1256 1402 substantia.

1238 1454 1475 1511 ALIUD.

645 1573 703 1629 Si
744 1572 999 1642 quidquid
1035 1563 1241 1627 est’sub
1272 1586 1469 1639 genere
1497 1580 1547 1625 et
1571 1570 1749 1640 specie
1770 1571 1974 1638 absque
2004 1570 2152 1624 acci—

2257 571 2366 641 ἄρα
2398 572 2549 625 ἔσται
2573 571 2729 624 οὐσία
2753 571 2815 624 τὸ
2838 569 3125 640 ἀγένητον.

2948 681 3169 737 ΑΛΛΘ.⁸

2328 793 2392 845 Ei
2416 794 2605 849 οὐσίαν
2656 794 2909 864 λέγοντες
2946 797 3044 850 ἐπὶ
3069 796 3227 863 Θεοῦ,
3282 801 3348 870 τῇ
3373 799 3486 853 τῶν
3533 801 3843 873 φιλοσόφων

2255 882 2478 937 ἕπονται
2516 885 2675 959 δόξῃ,
2710 886 2840 940 ίδιον
2871 887 3030 941 ἔσται
3062 888 3229 954 Θεοῦ,
3267 892 3528 945 τάναντία
3566 893 3836 963 δέχεσθαι.

2256 975 2319 1027 Ei
2369 975 2425 1028 δὲ
2454 971 2592 1030 εἶναι
2640 977 2731 1031 τὸν
2780 979 2912 1034 Θεὸν
2952 982 3195 1051 σημᾶναι
3243 980 3576 1053 βουλόμενοι,
3615 985 3694 1056 τῷ
3742 989 3842 1056 τῆς

2255 1065 2465 1130 οὐσίας,
2501 1067 2645 1121 καθὰ
2688 1071 2784 1123 καὶ
2815 1072 2997 1142 ἡμεῖς,
3042 1075 3279 1145 χρῶνται
3333 1074 3592 1145 ὀνόματι·
3623 1074 3741 1129 ἔστι
3783 1076 3841 1130 δὲ

2254 1163 2453 1215 ταυτὸν
2485 1166 2552 1233 τῇ
2588 1164 2743 1237 οὐσία
2772 1166 2835 1220 τὸ
2880 1167 3177 1240 ἀγένητονο
3203 1169 3377 1239 ὄνομα
3420 1168 3577 1222 ἔσται
3602 1169 3665 1221 τὸ
3708 1169 3840 1238 ἀγέ-

2255 1269 2417 1321 νητον
2444 1253 2538 1306 τοῦ
2576 1252 2717 1309 εἶναι
2758 1256 2851 1311 τὸν
2882 1257 3015 1312 Θεὸν
3050 1258 3403 1330 σημαντικὸν,
3434 1257 3552 1312 ἀλλ’
3572 1258 3674 1312 οὐκ
3711 1259 3845 1312 αὐτὸ

2245 1344 2435 1398 οὐσία.

2947 1465 3152 1521 ΑΛΛΟ.

2327 1581 2391 1634 Ei
2414 1582 2521 1635 πᾶν
2561 1579 2621 1631 ’τὸ
2656 1578 2760 1631 ὑπὸ
2784 1579 2938 1646 γένος
2980 1578 3077 1631 καὶ
3116 1573 3258 1642 εἶδος
3290 1578 3461 1650 χωρῖς
3491 1578 3599 1631 τῶν
3636 1575 3844 1647 συμϐε-

578 1668 848 1732 dentibus,
878 1667 982 1721 hoc
1009 1665 1229 1735 proprie
1247 1664 1549 1719 substantia
1583 1672 1687 1725 est,
1711 1662 1862 1718 Deus
1893 1677 2022 1716 vero
2052 1662 2153 1716 sn‘b

2257 1671 2522 1739 ϐηκότων,
2571 1669 2731 1722 τοῦτο
2773 1668 2930 1722 οὐσία
2977 1668 3203 1740 κυρίως,
3234 1669 3325 1721 ὑπ’
3357 1668 3510 1721 οὐδὲν
3550 1668 3606 1722 δὲ
3636 1667 3841 1721 τούτων

576 1758 722 1813 nullo
745 1758 935 1812 borum
966 1766 1050 1811 est
1079 1770 1094 1810 :
1136 1772 1243 1811 non
1279 1756 1441 1825 igitur
1466 1757 1682 1826 proprie
1732 1754 1873 1809 Deus
1906 1754 2153 1807 substan-

2258 1763 2376 1815 ἐστὶ
2404 1762 2555 1824 Θεὸς,
2603 1761 2703 1814 οὐκ
2733 1762 2839 1832 ἄρα
2884 1760 3044 1813 οὐσία
3089 1759 3293 1829 κυρίως
3341 1759 3558 1826 λέγεται
3588 1758 3743 1820 Θεός.
3775 1758 3839 1811 Ei

574 1851 647 1905 tia
679 1850 897 1904 dicitur.
939 1848 999 1904 Si
1031 1856 1209 1904 autem
1244 1819 1545 1917 ingenitum
1568 1819 1806 1916 iproprie
1827 1847 1893 1900 de
1926 1846 2033 1898 Deo
2067 1844 2150 1897 di-

2257 1853 2309 1905 δὲ
2335 1852 2394 1905 τὸ
2418 1819 2682 1923 ἀγέννητον
2712 1819 2915 1922 κυρίως
2950 1819 3176 1919 λέγεταί
3201 1819 3286 1903 ὲπζ
3316 1819 3480 1903 αὐτοῦ
3511 1850 3593 1920 (οὐ
3624 1849 3733 1920 γὰρ
3755 1848 3843 1916 γέ-

573 1941 717 1997 citur
745 1943 942 2011 (neque
975 1944 1119 1996 enim
1146 1938 1361 2011 genitus
1392 1936 1521 2008 est),
1546 1952 1651 1992 non
1685 1947 1862 1991 autem
1893 1935 1998 2005 19
2022 1935 2151 1990 sub-

574 2032 797 2097 stantia,
857 2047 965 2101 quo
991 2041 1147 2101 pacto
1174 2032 1315 2086 idem
1335 2029 1511 2085 fuerit
1543 2028 1595 2083 id
1614 2030 1755 2099 quod
1782 2028 1999 2098 proprie
2031 2041 2153 2083 cum

573 2137 639 2179 eo
665 2123 806 2194 quod
832 2123 1055 2179 abusive
1079 2122 1312 2178 dicitur?

1243 2233 1475 2291 ALIUD.

647 2348 706 2405 Si
733 2347 972 2402 maxime
997 2348 1213 2418 propria
1246 2356 1301 2401 et
1350 2347 1521 2415 prima
1579 2344 1972 2415 signiﬁcatione
2034 2345 2162 2400 sub-

574 2439 775 2493 stantia
808 2439 953 2493 dicta
981 2449 1085 2500 est,
1109 2438 1252 2508 quod
1284 2439 1538 2493 omnibus
1611 2437 1984 2491 accidentibus
2033 2436 2160 2491 sub-

570 2524 713 2592 jecta
756 2526 845 2591 sit,
888 2525 1092 2579 nuilum
1124 2541 1253 2580 vero
1316 2536 1400 2580 est
1446 2526 1697 2581 accidens
1753 2526 1836 2579 cui
1884 2527 2161 2594 subjectus

574 2618 648 2672 sit
672 2618 816 2672 Deus
849 2635 863 2674 :
902 2629 1051 2673 certe
1077 2632 1251 2688 neque
1284 2618 1586 2672 substantia
1613 2619 1829 2687 proprie
1857 2618 1961 2672 dici
1985 2627 2162 2687 potest

574 2705 645 2761 de
686 2707 816 2764 Deo.
842 2707 937 2761 Est
970 2708 1112 2761 enim
1147 2711 1291 2761 omni
1322 2709 1633 2763 substantia
1660 2711 1932 2777 superior.
1985 2709 2041 2764 Si
2072 2725 2164 2764 ve-

577 2814 638 2855 ro
659 2799 957 2869 ingenitum
990 2799 1205 2869 proprie
1260 2801 1325 2855 de
1361 2815 1426 2855 eo
1484 2803 1684 2855 dicitur
1736 2801 1970 2873 (genitus
2017 2804 2159 2858 enim

576 2904 681 2943 non
714 2889 841 2960 est),
876 2889 1179 2945 substantia
1232 2901 1412 2945 autem
1472 2904 1859 2963 nequaqUatu:
1909 2910 2015 2948 non
2076 2903 2162 2949 est

575 2980 717 3035 idem
748 2982 1055 3038 substantia
1091 2991 1146 3038 et
1178 2982 1501 3054 ingenitum.

1245 3096 1480 3152 ALIUD.

647 3207 704 3263 Si
729 3208 1052 3278 ingenitum,
1074 3218 1129 3263 et
1149 3207 1503 3262 ἀϐασίλευτον
1527 3207 1605 3280 (id
1632 3221 1735 3276 est,
1761 3212 1955 3269 nullius
1985 3216 2155 3285 impe-

576 3298 660 3354 rio
694 3300 1016 3369 subditum),
1049 3308 1104 3354 et
1131 3300 1357 3370 reliqua,
1393 3304 1761 3371 comparative
1821 3305 2153 3362 substantias

574 3389 798 3460 signant
826 3392 1317 3460 atqueostendunt,
1376 3401 1430 3446 at
1473 3407 1602 3449 vero
1656 3397 1879 3463 signans
1912 3414 2016 3453 noa
2075 3408 2157 3454 est

576 3480 717 3536 idem
738 3496 859 3537 cum
886 3482 1097 3551 signato
1135 3499 1149 3536 :
1183 3499 1286 3539 non
1318 3484 1422 3539 erit
1462 3485 1645 3554 utique
1687 3487 1823 3541 idem
1858 3490 2154 3546 subStautia

573 3582 630 3628 et
664 3573 987 3643 ingenitum,
1057 3575 1507 3644 quemadmodum
1570 3592 1744 3646 neque
1794 3579 2154 3650 signiﬁcatum

571 3680 698 3721 cum
722 3666 1079 3737 signiﬁcante.

1246 3779 1480 3837 ALIUD.

647 3892 705 3949 Si
733 3879 1034 3964 ingenitum
1057 3908 1163 3951 non
1182 3907 1249 3950 ex
1282 3910 1347 3952 eo
1376 3897 1518 3965 quod
1554 3900 1792 3968 genitum
1811 3915 1917 3956 non
1940 3901 2029 3968 sit,
2061 3903 2155 3957 sed

569 3984 716 4055 quod
734 3984 807 4039 sit
834 3984 1137 4040 substantia
1176 3986 1292 4052 Dei,
1332 3987 1537 4043 dictum
1564 3999 1648 4045 est
1682 4012 1694 4047 :
1722 4000 1778 4046 et
1821 3990 2156 4062 unaquaque

571 4075 737 4131 etiam
772 4075 1077 4132 substantia
1103 4077 1209 4133 erit
1228 4078 1547 4148 ingenitum.
1579 4081 1635 4135 Si
1675 4096 1804 4137 vero
1827 4082 2011 4137 multa
2032 4082 2154 4151 qui-

570 4166 696 4221 dem
732 4177 862 4222 sunt
881 4167 1218 4237 substantia,
1253 4170 1476 4241 ingeniti
1500 4187 1630 4228 vero
1660 4189 1767 4228 non
1827 4174 1993 4228 item:
2048 4188 2153 4227 non

574 4258 760 4326 utique
787 4259 1080 4329 ingenitum
1117 4262 1391 4332 signiﬁcat
1438 4264 1821 4329 substantiam,
1885 4265 2153 4334 sed'sub-

573 4349 788 4406 stantia
807 4353 1198 4428 praestantiam.

1235 4469 1465 4524 ALIUD.

648 4576 707 4633 Si
733 4576 787 4632 in
818 4577 929 4637 Deo
966 4588 1173 4636 tantum
1199 4581 1523 4652 ingenitum,
1548 4590 1609 4636 ut
1641 4581 1812 4647 aiunt,
1848 4582 2154 4638 substantia

573 4680 680 4735 est,
712 4669 1070 4727 fueritetiam
1117 4674 1361 4730 deﬁnitio
1416 4673 1550 4741 ejus,
1601 4672 1756 4740 cujus
1818 4672 2156 4747 Qlummodo

574 4764 853 4833 proprium
882 4774 964 4819 est
996 4765 1313 4834 ingenitum.
1346 4764 1402 4818 Si
1436 4778 1564 4818 vero
1587 4764 1731 4818 nulla
1774 4773 1861 4819 est
1914 4763 2156 4818 deﬁnitio

573 4854 658 4908 cui
694 4854 1013 4924 subjiciatur
1044 4855 1346 4911 substantia
1382 4855 1499 4920 Dei,
1558 4869 1625 4909 ne
1682 4869 1876 4909 nomen
1937 4854 2155 4923 quidem

573 4947 852 5017 proprium
881 4952 1053 5005 estde
1084 4949 1194 5004 Deo
1219 4948 1541 5019 ingenitum,
1581 4956 1642 5002 ut
1684 4947 1815 5002 nihil
1864 4946 2010 5001 aliud
2050 4962 2156 5000 vox

577 5039 691 5105 ipsa
745 5047 1093 5109 reprasentet
1151 5050 1512 5109 praterquatn
1573 5035 1743 5093 solam
1787 5036 1916 5107 LDei
1970 5051 2156 5093 essen-

576 5125 726 5179 tiam.

950 5256 1519 5349 ASSEBTIO
1608 5261 1773 5348 IV.

574 5406 834 5460 Adversus
851 5421 936 5459 eos
967 5404 1054 5475 qui
1074 5403 1376 5475 dicergnou
1407 5414 1683 5460 verentur:
1712 5404 1848 5459 Erat
1864 5405 2152 5470 aliquando

638 5478 853 5545 quando
900 5472 1002 5527 non
1057 5484 1168 5527 erat
1219 5472 1411 5529 Filius.
1439 5476 1750 5545 Alferuutur
1772 5475 2061 5544 syllogismi
2104 5486 2154 5528 et

641 5554 1065 5613 argumentorum
1119 5546 1606 5610 demonstrationes,
1662 5562 1780 5598 cum
1831 5545 2148 5613 testimoniis

644 5610 973 5689 Scriptura;
1013 5629 1075 5667 ex
1100 5614 1286 5683 quibus
1328 5614 1565 5669 omnibus
1594 5616 1815 5689 eﬂicimr
1836 5617 1975 5684 quod
2018 5610 2145 5668 Ver-

640 5684 766 5736 bum
787 5681 884 5737 Dei
910 5684 979 5736 sit
1011 5681 1280 5739 auruum.

639 5773 889 5844 imperite
931 5774 1114 5831 dicunt
1150 5776 1333 5834 hostes
1384 5776 1476 5834 Dei
1516 5778 1601 5851 .de
1652 5778 1809 5844 Filio,
1850 5778 1991 5849 quod
2025 5786 2141 5834 erat

2254 1944 2455 2015 γονεν),
2502 1944 2683 1998 οὐκέτι
2724 1944 2779 1997 δὲ
2818 1944 2912 1996 καὶ
2945 1944 2979 2013 ή
3020 1944 3200 2008 οὐσία,
3242 1942 3359 2006 πῶς
3401 1941 3595 1996 ταυτὸν
3638 1940 3704 1995 ἂν
3752 1938 3838 2009 εἴη

2254 2037 2333 2108 τῷ
2354 2035 2785 2108 καταχρηστικῷ
2813 2036 2875 2089 τὸ
2907 2035 3096 2106 κύριον
3119 2054 3133 2102 ;

2948 2233 3150 2287 AAAO,

2326 2344 2393 2397 Ei
2422 2344 2482 2397 τὸ
2510 2345 2850 2416 κυριώτατον
2893 2346 2987 2399 καὶ
3026 2345 3241 2416 πρῶτον
3266 2343 3425 2397 οὐσία
3450 2341 3719 2408 λέλεκται,
3756 2343 3842 2397 διὰ

2257 2438 2318 2490 τὸ
2362 2439 2495 2489 πᾶσι
2540 2440 2653 2500 τοῖς
2698 2436 3103 2508 συμϐεϐηκόσιν
3154 2436 3286 2489 αὐτὸ
3334 2434 3696 2489 ὑποκεῖσθαι·
3734 2435 3842 2487 οὐκ

2260 2529 2375 2581 ἔστι
2426 2529 2482 2581 δὲ
2543 2529 2912 2599 συμϐεϐηκὸς,
3059 2527 3453 2581 καθυπόκειται
3502 2526 3667 2589 Θεόςο
3722 2526 3841 2579 οὐδὲ

2260 2619 2417 2673 οὐσία
2444 2621 2549 2692 ἄρα
2574 2621 2777 2692 κυρίως
2796 2621 3010 2689 λέγεται
3036 2622 3126 2674 ἐπὶ
3159 2620 3316 2676 Θεοῦ.
3349 2621 3505 2674 Ἔστι
3528 2620 3645 2691 γὰρ
3669 2620 3841 2692 ὐπε-ρ-

2261 2713 2461 2775 οὐσιος.
2510 2711 2573 2764 Ei
2609 2712 2663 2765 δὲ
2708 2712 2768 2764 τὸ
2818 2713 3080 2783 ἀγένητον
3120 2712 3323 2783 κυρίως
3362 2712 3578 2780 λέγεται
3625 2710 3710 2764 ἐπ’
3742 2711 3840 2763 αὖ·

2260 2803 2353 2856 τοῦ
2387 2804 2524 2873 (ἔστι
2553 2803 2662 2873 γὰρ
2698 2804 2771 2874 μὴ
2792 2804 3129 2874 γενόμενος),
3157 2805 3340 2857 οὐκέτι
3372 2804 3430 2857 δὲ
3470 2804 3563 2857 καὶ
3596 2803 3804 2875 ἡούσία
3828 2816 3843 2831 ’

2260 2895 2319 2948 οὐ
2347 2893 2543 2947 ταυτὸν
2572 2894 2729 2946 οὐσία
2756 2894 2850 2946 καὶ
2870 2894 3153 2965 ἀγένητον.

2952 3093 3156 3146 ΑΛΛΟ.

2333 3208 2395 3261 Ei
2428 3208 2488 3260 τὸ
2512 3208 2912 3280 ἁγένητον,καὶ
2941 3206 3317 3271 ἀϐασίλευτον,
3354 3225 3444 3261 και
3466 3206 3538 3260 τὰ
3566 3207 3748 3274 λοιπὰ,
3777 3209 3843 3263 ἐκ

2262 3299 2606 3371 παραλλήλου
2647 3300 2833 3365 οὐσίας
2875 3300 3251 3370 σημαίνουσιν,
3294 3298 3395 3351 οὐκ
3430 3298 3535 3351 eiei
3567 3297 3625 3351 δὲ
3668 3298 3842 3352 ταυτὰ

2260 3392 2368 3452 τοῖς
2424 3390 2747 3460 σημαίνουσι
2795 3390 2864 3444 τὰ
2920 3390 3334 3461 σημαινόμενα*
3382 3388 3483 3441 οὐκ
3531 3388 3686 3441 ἔσται
3733 3388 3843 3458 ἄρα

2257 3480 2451 3534 ταυτὸν
2484 3480 2641 3534 οὐσία
2678 3481 2774 3534 καὶ
2803 3482 3067 3551 ἀγένητον
3089 3496 3104 3510 ·
3146 3481 3221 3543 ὡς
3250 3479 3370 3534 οὐδὲ
3409 3479 3488 3551 τῷ
3526 3478 3842 3552 σημαίνοντι

2256 3576 2316 3628 τὸ
2348 3574 2766 3645 σημαινόμενον.

2947 3770 3152 3825 AAAO.

2327 3884 2390 3936 Ei
2433 3883 2494 3936 τὸ
2530 3883 2797 3954 ἀγένητον
2838 3883 2899 3936 οὐ
2928 3882 3017 3938 διὰ
3048 3882 3110 3936 τὸ
3144 3882 3218 3955 μὴ
3240 3879 3543 3951 γεγονέναι,
3573 3878 3712 3935 ἀλλά
3752 3880 3842 3935 διὰ

2255 3975 2316 4027 τὸ
2344 3973 2485 4028 εἶναι
2517 3975 2705 4029 οὐσίαν
2745 3974 2840 4028 τοῦ
2878 3974 3039 4039 Θεοῦ,
3087 3974 3353 4038 λέλεκται,
3385 3972 3481 4027 καί
3506 3970 3615 4025 τῶν
3644 3970 3841 4025 οὐσιῶν

2258 4066 2463 4136 ἑκάστη
2495 4066 2560 4119 ἂν
2585 4067 2672 4137 είη
2706 4067 2986 4137 ἀγένητον.
3017 4067 3078 4119 Ei
3113 4065 3171 4118 δὲ
3214 4065 3323 4119 εἰσὶ
3363 4065 3463 4135 μὲν
3495 4064 3677 4117 οὐσίαι
3714 4061 3841 4115 πολ-

2255 4153 2363 4217 λαὶ,
2396 4156 2577 4210 οὐκέτι
2603 4157 2659 4210 δὲ
2686 4158 2778 4212 καὶ
2807 4159 3059 4229 ἀγένητοι
3081 4175 3094 4188 ·
3122 4158 3221 4210 οὐκ
3242 4157 3429 4210 οὐσίαν
3454 4156 3565 4227 ἄρα
3584 4153 3839 4226 ἐμφαίνει

2253 4246 2316 4299 τὸ
2348 4247 2630 4319 ἀγένητον,
2667 4249 2802 4303 ἀλλὰ
2832 4249 2929 4320 τῆς
2963 4249 3148 4312 οὐσίας
3185 4248 3284 4319 τὴν
3310 4248 3608 4319 ὑπεροχήν.

2946 4457 3145 4509 ΑΛΛΟ.

2330 4571 2393 4624 Εἰ
2431 4570 2524 4623 ἐπὶ
2556 4568 2691 4623 Θεοῦ
2741 4570 2899 4641 μόνον
2931 4569 2990 4621 τὸ
3025 4569 3309 4639 ἀγένητον,
3339 4569 3415 4632 ὦς
3452 4584 3634 4638 φασιν,
3680 4569 3839 4624 οὐσία

2257 4660 2427 4727 ἐστὶν,
2461 4660 2546 4732 εἴη
2575 4659 2639 4713 ἂν
2669 4661 2838 4730 αὐτῆς
2860 4660 2957 4713 καὶ
2990 4661 3135 4731 ὅρος,
3174 4655 3243 4732 ἦς
3270 4661 3430 4732 μόνον
3463 4658 3591 4713 ἴδιον
3618 4658 3681 4713 τὸ
3710 4660 3841 4729 ἀγέ-

2257 4771 2436 4824 νητον.
2462 4754 2525 4806 Εί
2553 4754 2610 4806 δὲ
2644 4753 2835 4825 μηδείς
2872 4754 3020 4806 ἐστιν
3057 4754 3181 4825 ὄρος
3211 4747 3256 4823 ᾧ
3303 4752 3663 4807 ὑποϐάλλεται
3681 4752 3840 4806 οὐσία

2265 4846 2422 4912 Θεοῦ,
2463 4847 2570 4900 οὐδ⁴
2597 4847 2769 4917 ὄνομα
2802 4845 2912 4915 ἄρα
2934 4847 3126 4917 κύριόν
3157 4849 3303 4900 ἐστιν
3333 4847 3424 4899 ἐπὶ
3454 4845 3590 4899 Θεοῦ
3619 4845 3680 4899 τὸ
3708 4844 3842 4914 ἀγέ-

2257 4954 2440 5009 νητον,
2472 4937 2546 5001 ὡς
2575 4937 2741 5009 μηδὲν
2773 4937 2902 4992 ἄλλο
2944 4938 3074 4991 αὐτὸ
3105 4938 3410 5009 ἐμφαίνειν,
3446 4937 3561 4993 ἀλλ’
3593 4936 3629 5008 ἢ
3678 4936 3840 5009 μόνον

2255 5029 2441 5083 οὐσίαν
2468 5028 2623 5083 Θεοῦ.

2752 5240 3118 5326 ΛΟΓΟΣ
3195 5234 3315 5332 Δ’.

2256 5402 2411 5470 Πρὸς
2442 5400 2585 5470 τούς
2632 5397 2980 5470 τολμῶντας
3007 5398 3230 5470 λέγειν,
3263 5390 3491 5470 dner
3535 5407 3701 5470 ποῖε,
3738 5394 3839 5470 ὅτε

2326 5463 2438 5527 οὐκ
2489 5463 2573 5538 ἦνί
2618 5472 2651 5524 ὀ
2709 5463 2863 5533 Υἱός.
2925 5463 3195 5539 Ἐκλογαὶ
3247 5463 3834 5539 συλλογισμῶηκᾳζ

2324 5534 2640 5614 νοημάτων
2683 5537 3068 5614 κατασκευαί,
3098 5534 3219 5614 οφ·
3245 5534 3727 5614 μςιρτυριαιςοέῥ
3769 5534 3837 5614 ὃς

2325 5603 2743 5681 συὶαγόμενον
2771 5610 2839 5663 ἐκ
2861 5609 3120 5672 πάντων,
3157 5603 3460 5671 ὅτίάῗδιοξ
3488 5610 3521 5660 ὀ
3557 5603 3664 5659 τοῦ
3687 5603 3835 5659 Θεοῦ

2326 5683 2536 5751 Λόγος.

2338 5776 2601 5847 Ἀνοήτως
2626 5774 2873 5846 λέγουσιν
2903 5776 2949 5830 oi
2983 5773 3240 5845 θεομάχοι
3288 5772 3413 5847 περὶ
3447 5772 3539 5828 τοῦ
3575 5771 3728 5842 Υιοῦ,
3750 5770 3833 5826 ὸτι
