4144 6522
267 320 334 376 37

1674 313 1947 369 TIIESA-U
1960 311 2117 367 RUS.

3454 315 3522 369 58

330 436 408 488 Πν
432 434 521 488 ὅτε
539 434 640 486 οὐκ
664 427 750 503 ἦν.
768 454 785 484 ι
805 433 865 485 Ei
895 433 993 504 μὲν
1009 433 1117 503 γάρ
1134 430 1396 485 ὲπάύτοῦ
1416 431 1653 502 φέροιτο,
1683 432 1835 501 φασὶ,

1959 427 2158 498 [nando
2186 439 2288 481 non
2314 433 2448 479 erat.
2474 424 2606 480 Nam
2640 426 2683 481 si
2714 426 2822 483 hoc
2850 427 3097 495 verbum,
3128 427 3278 494 Erat,
3319 429 3523 484 refera-

265 523 359 578 τοῦ
386 522 586 591 Λόγου,
612 522 671 576 τὸ
691 518 819 587 Ἦν,
849 520 1035 574 οὐδένα
1053 522 1213 574 τόπον
1238 520 1347 587 ἔξει
1376 520 1436 574 τὸ
1453 520 1565 574 Οὐκ
1586 514 1673 591 ἦν.
1698 520 1761 573 El.
1781 520 1841 573 δέ

264 634 350 682 τις
371 616 466 669 ἐπὶ
498 615 686 688 χρόνου
705 612 972 684 λαμϐάνοι
1001 613 1063 666 τὸ
1093 608 1221 679 Ἦν,
1254 614 1340 667 ἴνα
1359 612 1493 687 λέγῃ
1523 611 1727 683 σαφῶς,
1762 615 1842 667 ὄτι

265 704 335 780 ἦν
365 708 554 780 χρόνος
580 708 667 761 ὅτε
694 706 793 759 οὐκ
816 700 885 777 ἦν
916 706 945 759 6
980 704 1127 768 Υἱὸς,
1160 703 1374 776 ἀμαθὴς
1397 703 1472 757 ὢν
1498 706 1590 759 καὶ
1619 704 1844 773 ἀνόητος

267 802 677 873 ἐλεγχθήσεται,
711 799 898 870 χρόνον
925 794 1064 852 εἶναι
1107 797 1281 867 λέγων
1311 798 1416 869 πρὸ
1436 798 1537 869 τῆς
1560 797 1843 869 ὑπάρξεως

262 889 365 943 τοῦ
421 889 583 954 Υῑοῦ,
638 889 705 942 δι’
753 880 815 941 οῦ
866 886 1196 959 πεποιῆσθαι
1254 887 1380 951 τοὺς
1427 888 1631 950 αἰῶνας
1696 882 1845 939 Παῦ-

271 979 360 1046 λός
388 997 569 1052 φησιν.
608 994 611 997 ‘

355 1187 357 1190 ⁴
396 1187 527 1242 Ὅτι
556 1186 744 1251 ἀΐδιος
775 1187 808 1239 ὀ
832 1184 941 1239 τοῦ
977 1185 1124 1240 Θεοῦ
1141 1186 1357 1255 Λόγος,
1386 1185 1723 1254 μαρτυρίαι.

347 1316 366 1349 ι
414 1297 503 1351 Ἐν
535 1299 678 1369 ἀρχῇ
706 1292 775 1368 ἦν
794 1298 832 1351 ‘6
854 1296 1046 1365 Λόγος,
1087 1296 1182 1351 καὶ
1216 1297 1244 1348 6
1272 1296 1442 1365 Λόγος
1467 1292 1535 1367 ἦν
1578 1294 1716 1365 πρὸς
1751 1294 1844 1347 τὸν

269 1388 422 1453 Θεὸν,
467 1390 562 1443 καὶ
587 1388 719 1452 Θεὸς
746 1384 812 1460 ἦν
858 1390 887 1441 6
929 1388 1120 1457 Λόγος.
1170 1406 1187 1438 ι
1246 1388 1333 1440 Ἐν
1374 1390 1439 1457 τῇ
1480 1385 1845 1454 ’Λποκαλύψει

269 1484 333 1550 τῇ
370 1481 616 1534 Ἰωάννου
638 1481 765 1534 τάδε
797 1480 965 1548 λέγει,
996 1498 1013 1530 ι
1058 1480 1115 1532 '0
1140 1478 1234 1545 ὢν,
1259 1480 1287 1530 6
1311 1473 1399 1547 ἦν,
1428 1479 1455 1528 6
1481 1478 1791 1549 ἐρχόμενος,
1820 1496 1838 1529 ι

267 1569 349 1624 δτι
377 1574 404 1625 6
438 1573 755 1643 ἐρχόμενος,
784 1572 999 1640 δΛόγος
1031 1573 1165 1636 ἐστὶ,
1197 1570 1319 1623 καθ’
1348 1565 1408 1624 οῦ
1439 1570 1499 1623 τὸ
1537 1572 1596 1623 Ὀ
1623 1570 1727 1633 ὢν,
1752 1570 1846 1623 καὶ

281 1661 341 1715 ’0
360 1657 427 1733 ἦν
446 1664 725 1716 τέτακται.
747 1680 765 1712 ι
788 1662 918 1715 Ἰδοὺ
947 1661 1079 1732 γὰρ,
1111 1662 1293 1730 φησὶν,
1323 1657 1433 1727 ἐγὼ
1467 1660 1720 1730 ἔρχομαι,
1753 1659 1847 1709 καὶ

269 1755 679 1825 κατασκηνώσω
716 1757 776 1809 ὲν
807 1754 955 1826 μέσῳ
994 1772 1107 1819 σου,
1146 1755 1291 1822 λέγει
1330 1753 1551 1824 Κύριος.
1600 1772 1620 1805 ›
1653 1752 1847 1821 Σαφῶς

270 1846 327 1900 δὲ
360 1848 453 1901 καὶ
474 1847 767 1917 δἸωάννης
791 1848 883 1899 61:1
912 1846 1006 1899 τοῦ
1035 1847 1209 1914 Λόγου
1230 1846 1411 1916 τίθησι
1432 1846 1492 1899 τὸ
1508 1841 1614 1898 Ἦν
1633 1860 1646 1874 ο
1680 1864 1698 1893 ε
1736 1840 1846 1895 τΗν

269 1936 400 2008 γὰρ,
435 1938 619 2009 φησὶν,
648 1940 679 1991 6
704 1939 880 2006 Λόγος
908 1938 1046 2009 πρὸς
1090 1938 1182 1991 τὸν
1220 1938 1370 1992 Θεόν.
1412 1956 1436 1989 ι)
1476 1938 1764 2009 Προσεῖναι
1792 1936 1849 1989 δὲ

271 2028 490 2093 πάντως
535 2029 616 2083 δεῖ
663 2029 724 2083 τὸ
748 2030 915 2084 ἀΐδιον
958 2029 1036 2101 τῷ
1064 2029 1185 2084 καθ’
1220 2024 1280 2084 οῦ
1309 2029 1370 2082 τὸ
1397 2029 1491 2082 Ὢν
1524 2030 1614 2082 καὶ
1649 2029 1712 2081 τὸ
1742 2024 1849 2081 Ἦν

267 2119 547 2175 τέτακται.

250 2266 271 2328 ἑ
884 2239 1046 2303 Μαρτ
1058 2237 1233 2303 υμιάι,

256 2390 276 2429 ᾳ
356 2438 416 2491 '0
444 2436 655 2500 Παῦλος
696 2437 823 2507 περὶ
859 2437 1129 2511 Ἰουδαίων
1151 2452 1164 2465 ο
1203 2453 1220 2485 ι
1257 2431 1357 2488 Ὧν
1388 2436 1436 2488 οἱ
1466 2435 1723 2506 πατέρες,
1760 2437 1856 2488 καὶ

274 2528 337 2595 ἐξ
366 2522 440 2581 ὧν
473 2530 501 2581 6
533 2529 765 2599 Χριστὸς
814 2528 875 2580 τὸ
913 2526 1055 2579 κατὰ
1098 2527 1295 2596 σάρκα,
1329 2528 1357 2577 6
1386 2526 1462 2577 ῶν
1502 2527 1594 2578 ἐπὶ
1640 2526 1857 2579 πάντων

271 2621 408 2682 Θεὸς
449 2619 735 2689 εὐλογητὸς
783 2620 861 2681 είς
888 2619 1014 2681 τοὺς
1049 2618 1268 2679 αἰῶνας.
1309 2617 1501 2685 Ἀμήν.
1545 2634 1562 2665 ι
1606 2616 1663 2668 Ὀ
1700 2614 1859 2677 αὐτὸς

273 2713 405 2781 περί
441 2710 533 2764 τοῦ
574 2711 783 2778 Λόγου*
823 2730 840 2761 ι
881 2710 959 2762 Τὰ
994 2709 1103 2779 γὰρ
1149 2708 1351 2779 ἀόρατα
1394 2706 1560 2760 αὐτοῦ
1594 2706 1702 2759 ἀπὸ
1744 2706 1860 2758 κτί·

276 2819 415 2865 σεως
461 2800 666 2871 κόσμου
722 2802 835 2861 τοῖς
888 2801 1156 2869 ποιήμασι
1208 2798 1471 2866 νοούμενα
1522 2796 1858 2865 καθορᾶται·

274 2894 311 2966 ἧ
340 2912 400 2948 τε
431 2894 600 2955 ἀΐδιος
629 2890 793 2945 αὑτοῦ
836 2890 1084 2959 δύναμις,
1124 2889 1216 2942 καὶ
1247 2889 1480 2958 Θειότης.
1515 2906 1532 2937 ι
1565 2885 1625 2938 Ei
1671 2886 1726 2938 δὲ
1767 2885 1860 2937 ὲπὶ

274 2988 370 3042 τοῦ
393 2985 607 3055 Πατρὸς
654 2981 899 3053 ἐνεχθείη
948 2982 1008 3033 τὸ
1041 2981 1229 3055 ῥητὸν,
1252 2979 1453 3049 ἑτέρως
1499 2979 1577 3039 εἰς
1606 2977 1698 3028 τὸν
1733 2976 1859 3027 Υίὸν

1954 519 2121 572 turad
2151 515 2384 572 Verbum
2428 534 2441 569 :
2490 516 2692 570 nullum
2725 516 2902 571 locum
2940 520 3163 575 habebit
3199 520 3351 589 illud,
3409 519 3525 575 Non

1950 618 2088 665 erat.
2115 607 2170 662 Si
2196 608 2319 679 quis
2346 623 2476 662 vero
2498 606 2645 670 illud,
2677 607 2785 677 20
2805 609 2952 673 Erat,
2978 611 3042 664 de
3068 619 3305 682 tempore
3327 612 3525 667 intelli-

1951 706 2063 769 gat,
2096 707 2155 751 ut
2188 706 2372 765 aperte
2407 697 2570 761 dicat,
2595 694 2761 753 luisse
2794 709 3024 765 tempus,
3044 702 3256 767 quando
3286 711 3528 757 nouerat

1950 786 2145 856 Filius,
2182 785 2297 857 ejus
2324 788 2592 859 imperitia
2625 803 2687 843 ac
2706 788 2933 843 stultitia
2961 800 3217 857 arguetur
3274 793 3363 861 qui
3392 803 3528 847 tem-

1952 896 2052 951 pus
2140 881 2413 936 exstitisse
2491 882 2655 945 dicat,
2739 889 3025 949 antequam
3102 891 3249 935 esset
3335 883 3583 949 Filius,.

1952 985 2049 1043 per
2106 986 2265 1041 quem
2327 971 2526 1027 sarcula
2605 971 2823 1027 condita
2892 984 3014 1025 esse
3088 969 3291 1026 Pan-lus
3366 980 3532 1027 testa-

1956 1062 2101 1117 tur’.

2092 1170 2249 1236 Quod
2274 1180 2523 1224 artemum
2548 1172 2623 1225 sit
2659 1170 2879 1225 Verbum
2911 1172 3030 1240 Dei,
3072 1173 3385 1228 testimonia.

1990 1277 1999 1284 ’
2030 1302 2049 1336 ι
2098 1284 2155 1338 lu
2190 1283 2454 1353 principio
2474 1295 2589 1338 erat
2615 1282 2874 1351 Verbum,
2904 1295 2963 1341 et
2997 1284 3231 1341 Verbum
3254 1298 3371 1342 erat
3395 1289 3533 1359 apud

1953 1377 2144 1443 Deum,
2175 1384 2229 1430 et
2302 1377 2442 1429 Deus
2486 1384 2604 1429 erat
2655 1376 2887 1430 Verbum
2948 1378 3013 1430 η.
3075 1396 3093 1429 ι
3126 1377 3181 1431 in
3214 1378 3532 1451 Apocalypsi

1953 1467 2178 1524 Joannis
2210 1466 2325 1520 haec
2348 1465 2513 1519 dicit:
2540 1482 2559 1515 ι
2596 1464 2697 1532 Qui
2718 1475 2821 1530 est,
2856 1467 2946 1535 qui
2993 1478 3132 1532 erat,
3155 1476 3208 1523 et
3228 1470 3317 1538 qui
3346 1480 3535 1523 ventu-

1956 1576 2050 1614 rus
2080 1569 2163 1614 est
2193 1559 2257 1611 “.
2288 1576 2307 1610 ι
2349 1556 2478 1610 Nam
2537 1558 2626 1624 qui
2676 1569 2933 1614 venturus
2982 1569 3099 1623 est,
3132 1561 3363 1615 Verbum
3407 1568 3531 1628 est,

1956 1650 2022 1705 de
2066 1666 2171 1721 quo
2217 1650 2418 1703 dictum
2475 1649 2614 1714 fuit,
2652 1649 2756 1715 Qui
2802 1660 2901 1716 est,
2942 1662 2994 1706 ct
3039 1653 3127 1721 qui
3174 1663 3305 1707 erat.
3341 1673 3359 1706 ι
3392 1653 3533 1710 Ecce

1956 1743 2121 1805 enim,
2150 1740 2345 1808 inquit,
2380 1755 2478 1808 ego
2512 1742 2723 1794 veniam
2748 1752 2801 1795 et
2826 1744 3085 1798 habitabo
3121 1744 3172 1797 in
3212 1744 3385 1798 medio
3431 1744 3530 1809 tui,

1953 1832 2451 1890 dicitDominus“.
2490 1850 2511 1884 ι
2542 1832 2826 1887 Manifeste
2881 1846 3061 1889 autem
3115 1836 3275 1890 etiam
3299 1835 3534 1891 Joannes

1952 1923 2017 1976 de
2039 1919 2219 1975 Verbo
2262 1920 2413 1985 dicit,
2450 1918 2612 1985 Erat,
2665 1920 2738 1974 ita
2796 1921 3091 1989 inquiens:
3151 1942 3170 1975 ι
3208 1924 3337 1977 Erat
3389 1925 3532 1979 enim

1954 2012 2189 2069 Verbum
2217 2012 2358 2080 apud
2391 2013 2579 2066 Deum.
2624 2030 2642 2063 ›
2682 2009 3065 2068 Necessarium
3096 2030 3225 2071 vero
3246 2016 3407 2085 plane
3454 2023 3537 2071 est

1949 2103 2309 2159 mlernitatcm
2337 2102 2512 2159 inesse
2539 2104 2610 2168 ei,
2650 2103 2717 2159 de
2756 2119 2860 2173 quo
2911 2105 3114 2161 dictum
3158 2117 3261 2175 est,
3303 2106 3408 2174 Qui
3435 2117 3532 2173 est,

1946 2204 2007 2250 et
2046 2195 2197 2249 Erat.

2517 2305 2651 2361 Item
2683 2309 3005 2365 testimonia.

2024 2417 2223 2471 Paulus
2262 2420 2325 2473 de
2353 2418 2554 2473 Judazis
2587 2436 2599 2471 :
2631 2438 2648 2469 ι
2687 2419 2925 2486 Quorum
2958 2431 3140 2489 patres
3162 2432 3212 2477 et
3234 2439 3299 2479 ex
3340 2427 3538 2496 quibus

1957 2506 2205 2562 Christus
2258 2511 2551 2562 secundum
2594 2525 2833 2574 carnem,
2878 2513 2967 2581 qui
3011 2524 3090 2567 est
3142 2530 3303 2584 Super
3358 2519 3539 2572 omnia

1960 2597 2103 2650 Deus
2120 2595 2432 2649 benedictus
2461 2598 2511 2650 in
2536 2600 2752 2651 smcnla.
2771 2603 2937 2654 Amen
2960 2603 3020 2656 ¹³.
3035 2622 3053 2655 ι
3077 2605 3214 2659 Idem
3235 2606 3300 2660 de
3320 2608 3497 2664 Verbo
3522 2636 3536 2663 .

1966 2705 1983 2737 ι
2014 2683 2312 2739 luvisibilia
2341 2689 2485 2739 enim
2512 2689 2626 2753 ejus
2654 2704 2679 2742 a
2729 2691 3003 2744 creatione
3034 2696 3213 2748 mundi
3276 2700 3542 2754 creaturis

1963 2775 2235 2830 intellecta
2273 2778 2703 2845 conspiciuntur,
2737 2790 2789 2834 et
2814 2792 3015 2837 aeterna
3041 2789 3275 2851 putentia
3303 2789 3420 2858 ejus
3473 2805 3539 2845 ac

1960 2868 2133 2922 deitas
2166 2868 2232 2921 ³⁸.
2260 2887 2277 2918 ι
2314 2868 2370 2922 Si
2408 2885 2535 2924 vero
2566 2871 2769 2924 dictum
2808 2873 2909 2928 hoc
2935 2874 2988 2927 iu
3009 2875 3225 2931 Patrem
3253 2880 3541 2948 referatur,

1960 2957 2118 3011 aliter
2151 2958 2203 3012 in
2233 2958 2429 3013 Filiqu
2471 2972 2840 3018 convertetur.
2870 2966 3124 3030 Quaenam
3152 2970 3301 3023 enim
3346 2972 3418 3025 sit
3448 2987 3545 3041 po-

276 3045 777 3151 naptrpahﬁoemtv.‘
808 3045 903 3136 Τίς
959 3045 1068 3144 γὰρ
1099 3045 1144 3143 -ἡ
1197 3052 1290 3124 τοῦ
1344 3045 1477 3122 Θεοῦ
1527 3069 1782 3139 δύναμις,
1831 3070 1854 3120 6

1962 3046 2126 3099 tentia
2149 3045 2269 3110 Dei,
2302 3047 2503 3102 Paulus
2546 3051 2785 3106 clamat:
2823 3071 2841 3103 ι
2883 3052 3133 3111 Christus
3167 3058 3259 3112 Dei
3307 3064 3543 3129 potentia

278 3134 487 3230 Παῦλός
527 3134 657 3236 βοᾷ·
706 3183 723 3215 ι
772 3164 832 3215 '0
871 3134 1298 3233 th-31'6;,'6&OD
1340 3158 1568 3229 δύναμις
1599 3134 1691 3211 καλ.
1721 3156 1854 3211 Θεοῦ

1962 3146 2015 3190 et
2040 3134 2134 3190 Dei
2169 3138 2562 3206 Sapientia".a
2593 3140 2733 3194 Idem
2770 3152 2823 3195 et
2854 3142 3144 3199 Psaltuista
3178 3165 3194 3203 :
3237 3152 3273 3214 ξι
3325 3150 3543 3215 Munda,

279 3258 460 3327 σοφία.
500 3258 557 3310 '0
585 3254 887 3325 Ψαλμῳδὸς
938 3253 999 3306 τὸ
1045 3253 1207 3305 αὐτό·
1251 3269 1269 3301 ι
1310 3250 1601 3315 Ἔντειλαι,
1630 3249 1657 3301 6
1706 3249 1856 3314 Θεὸς,

276 3351 343 3420 τῇ
372 3348 597 3418 δυνάμει
624 3363 736 3399 σου.
772 3344 1123 3413 Δυνάμωσον,
1156 3344 1182 3394 6
1209 3341 1361 3405 Θεὸς,
1392 3340 1548 3393 τοῦτο
1586 3340 1614 3392 6
1647 3356 1861 3410 κατειρ-

278 3444 434 3509 γάσω
466 3442 522 3493 ὲν
565 3443 716 3511 ἡμῖν.
766 3458 784 3489 ι
814 3438 909 3500 Τίς
934 3438 989 3489 δὲ
1036 3437 1063 3488 6
1091 3433 1418 3505 δυναμώσας
1444 3432 1602 3485 τοῦτο
1629 3432 1689 3484 τὸ
1725 3448 1859 3484 κατ-

282 3534 535 3605 αρτισθὲν
567 3535 721 3604 ἡμῖν,
757 3533 804 3584 εἰ
842 3529 916 3600 μὴ
944 3532 971 3583 6
1014 3531 1077 3582 ὲκ
1125 3527 1223 3597 τῆς
1248 3525 1452 3596 φθορᾶς
1485 3525 1629 3595 ἡμᾶς
1656 3523 1862 3593 λυτρω-

287 3627 524 3698 σάμενος
560 3626 653 3679 τοῦ
682 3624 814 3678 Θεοῦ
852 3623 1045 3691 Λόγος,
1075 3620 1167 3673 καὶ
1200 3618 1509 3687 ἀναστήσας
1541 3618 1620 3679 εξς
1660 3615 1864 3687 ἀφθαρο

287 3720 446 3784 σιαν;
986 3740 994 3746 ·

965 3807 1169 3860 ΛΛΛΟ.

282 3927 390 3992 Ely
422 3925 488 3979 τὸ
519 3924 664 3980 αὐτὸ
697 3922 1038 3990 κατασκευὴ
1081 3919 1332 3992 πιθανὴ,
1361 3918 1448 3992 ὅτι
1478 3917 1761 3992 τό-ρητὸν
1797 3918 1863 3992 τι)

353 3989 559 4065 ⁸ὶέγιον,
590 4014 606 4046 ι
666 3996 748 4065 ,Τὰ
797 3989 1032 4065 ἀόρατα
1069 3990 1256 4065 αὐτοῦ
1302 3989 1423 4043 ἀπὸ
1473 3990 1723 4065 κτίσεως
1767 3990 1865 4065 κός

353 4057 555 4135 σ’μου,⁷
590 4064 713 4129 τοῖς
765 4057 1053 4135 «aeripqu
1097 4061 1393 4135 νοούμενα
1428 4057 1749 4135 παρορᾶται
1780 4057 1862 4135 ’.ἢ

354 4128 421 4189 τὲ
470 4134 661 4199 ἀΐδιος
692 4128 915 4187 αὐτοῦ’
944 4131 1217 4200 δύναμις,
1242 4128 1249 4129 ί
1276 4129 1663 4200 καὶ-θειότης,
1704 4144 1721 4177 ι
1758 4128 1865 4200 τόν

364 4204 505 4296 Υέὸν
544 4196 840 4274 σημαίνει.
888 4202 952 4254 Ὅ
996 4200 1063 4254 δὲ
1095 4196 1288 4269 ’λόγος
1333 4196 1442 4265 τῆς
1479 4196 1864 4264 κατασκευῆς

359 4289 539 4339 οῡτος
559 4289 571 4303 ⁸

354 4390 707 4462 Γέγραπται·
743 4408 760 4439 ι
790 4388 979 4450 Οὐδεὶς
1028 4386 1285 4455 γινώσκει
1312 4384 1404 4438 τὸν
1434 4382 1675 4454 Πατέρα,
1702 4383 1750 4434 εἱ
1792 4381 1864 4450 μὴ

1965 3226 2130 3291 Deus,
2150 3231 2399 3297 potentiae
2427 3238 2549 3284 tum.
2581 3230 2850 3286 Couﬁrma
2889 3234 3013 3300 hoc,
3040 3236 3200 3302 Deus,
3248 3245 3391 3309 quod
3419 3257 3547 3307 ope-

1966 3330 2113 3373 ratus
2139 3335 2199 3374 es
2232 3319 2282 3373 in
2313 3323 2466 3375 nobis
2491 3322 2553 3375 ¹⁶.
2590 3342 2608 3375 ι
2638 3323 2771 3390 Quis
2824 3335 3005 3381 autem
3065 3337 3150 3383 est
3202 3332 3293 3399 qui
3345 3334 3518 3387 coulir

1964 3410 2131 3463 mavit
2184 3413 2545 3467 instauratum
2599 3428 2797 3484 corpus
2842 3427 3109 3484 nostrum,
3162 3421 3268 3475 nisi
3324 3422 3418 3492 qui
3478 3425 3547 3479 ab

1964 3498 2185 3555 interitu
2230 3517 2329 3558 nos
2368 3504 2613 3571 redemit,
2641 3514 2695 3559 et
2729 3505 3118 3577 incorruptioui
3165 3512 3403 3568 restituit
3448 3510 3546 3570 Dei

1964 3589 2172 3647 Filius?

2634 3783 2870 3839 ALIUD.

1968 3887 2337 3975 Ejusdetu'rei.
2366 3895 2843 3975 probationver-itati
2873 3912 3240 3975 consentanea,
3261 3908 3401 3975 quod
3457 3910 3545 3962 di-

2044 3970 2184 4012 ctum
2206 3962 2380 4015 illud:
2430 3982 2462 4034 AC
2506 3963 2803 4020 luvisibilia
2862 3970 2976 4034 ejus
3004 3988 3036 4025 a
3067 3962 3311 4029 στεαιὰνά
3366 3980 3548 4033 mundi

2037 4047 2128 4096 per
2150 4046 2218 4112 ea;
2253 4048 2370 4098 qua:
2412 4032 2551 4100 facta
2615 4048 2732 4112 sun}
2780 4032 3060 4112 intellecta,
3116 4032 3546 4112 conspiciuntur.’

2037 4107 2381 4182 seiript'lernu“
2401 4120 2601 4182 quoque
2655 4107 2778 4182 ejus
2818 4110 2986 4163 virtus
3027 4124 3071 4163 et
3098 4107 3369 4182 divinitas,
3401 4134 3420 4167 ι
3454 4116 3543 4172 Fi-

2033 4168 2161 4223 lium
2205 4168 2489 4241 signi/idat.
2516 4168 2804 4230 'l’robulur
2843 4191 3015 4232 autem
3040 4181 3133 4234 hoc
3164 4184 3314 4239 modo
3329 4168 3357 4240 v:

2039 4378 2309 4454 Scriptum
2352 4396 2435 4440 est
2469 4406 2480 4442 :
2514 4408 2531 4439 ι
2590 4389 2779 4447 Nullus
2817 4397 3097 4465 cognoscit
3148 4397 3365 4456 Patrem
3445 4402 3548 4459 nisi

282 4486 317 4539 6
342 4483 470 4547 Υἱὸς
489 4523 504 4547 ,
535 4482 629 4535 καὶ
647 4474 691 4549 ᾧ
725 4480 790 4535 ἂν
823 4482 851 4533 6
874 4479 1001 4543 Υἱὸς
1030 4477 1416 4549 ἀποκαλύψῃ.¹ι
1445 4478 1507 4529 Ei
1538 4476 1593 4529 δὲ
1618 4476 1763 4544 μόνῳ
1789 4472 1854 4543 τίς

1970 4476 2159 4541 Filius,
2189 4488 2243 4533 et
2271 4480 2355 4534 cui
2387 4480 2555 4536 Filius
2590 4486 2908 4541 revelaverit
2940 4488 3001 4542 ¹⁷.
3039 4508 3056 4541 ι
3108 4488 3162 4544 Si
3221 4502 3402 4547 autem
3451 4496 3549 4550 soli

286 4573 403 4644 Υἱῷ
443 4576 471 4628 6
506 4575 691 4644 Πατὴρ
723 4571 1072 4640 γινώσκεται,
1112 4569 1204 4622 καὶ
1242 4569 1307 4621 δι’
1339 4566 1503 4620 αὑτοῦ
1558 4567 1717 4637 μόνου
1755 4567 1867 4627 τοῖς

285 4667 467 4730 ἄλλοις
498 4664 966 4727 ἀποκαλύπτεται,
1000 4664 1059 4716 ού
1089 4661 1177 4714 διὰ
1204 4660 1431 4722 κτίσεως
1454 4660 1583 4728 ἄρα,
1619 4657 1737 4710 οὐδὲ
1757 4659 1868 4721 τοῖς

286 4758 554 4827 ποιήμασι
584 4755 872 4825 νοούμενος
907 4756 935 4807 6
962 4753 1149 4824 Πατὴρ
1177 4752 1499 4819 καθορᾶται.
1545 4749 1684 4802 Ἀλλ’
1710 4750 1743 4819 ἡ
1770 4749 1867 4819 μὲν

287 4844 465 4908 κτίσις
488 4844 580 4899 τὸν
614 4845 813 4913 ἑαυτῆς
855 4844 1183 4915 δημιουργὸν
1220 4841 1312 4895 τὸν
1356 4840 1489 4894 Θεὸν
1527 4840 1728 4909 Λόγον’
1756 4840 1784 4892 6
1812 4839 1854 4892 δὲ

1975 4841 2208 4898 Verbum
2246 4855 2546 4901 creatorem
2568 4862 2722 4901 suum
2755 4864 2877 4905 esse
2901 4849 3100 4906 clamat
3132 4868 3147 4906 :
3178 4850 3410 4908 Verbum
3458 4868 3552 4907 au-

286 4936 461 5003 Λόγος
498 4935 556 4989 ὲν
582 4936 759 5005 ἐαυτῷ
796 4934 1030 4988 δεικνύει
1070 4935 1159 4987 τὸν
1201 4932 1442 5003 Πατέρα.
1483 4932 1591 4984 Καὶ
1618 4929 1749 5001 γοῦν
1791 4929 1854 5000 τᾷ

1973 4941 2079 4988 tem
2133 4934 2186 4987 in
2237 4935 2415 5003 seipso
2466 4938 2704 4991 ostendit
2762 4937 3001 4995 Patrem.
3060 4940 3267 4996 Idcirco
3305 4940 3553 5010 Philippo

286 5026 544 5098 Φιλίππῳ
589 5026 821 5096 λέγοντι,
857 5045 876 5078 ι
921 5025 1104 5090 Δεῖξον
1134 5027 1265 5097 ἡμῖν
1297 5026 1388 5078 τὸν
1432 5026 1673 5095 Πατέρα,
1710 5042 1730 5075 ι
1774 5024 1854 5076 οὐ)

1970 5025 2195 5089 dicenti,
2234 5046 2252 5077 ι
2291 5024 2528 5082 Ostende
2566 5030 2720 5085 nobis
2741 5029 2959 5086 Patrem
2986 5032 3049 5100 “,
3089 5051 3107 5086 ι
3136 5049 3243 5088 non
3289 5048 3356 5087 ex
3399 5048 3553 5088 crea-

1971 4565 2108 4621 Filio
2134 4565 2295 4623 Pater
2326 4572 2696 4637 cognoscitur,
2721 4582 2888 4641 etper
2913 4574 3086 4629 solum
3113 4576 3261 4631 illum
3307 4578 3427 4634 aliis
3459 4596 3549 4635 re-

1976 4659 2202 4726 velatur,
2230 4672 2377 4741 certe
2396 4677 2500 4716 non
2535 4679 2631 4733 per
2683 4675 3007 4733 creaturam,
3058 4684 3232 4739 neque
3281 4676 3551 4728 creaturis

1970 4752 2279 4806 intellectus
2306 4738 2656 4823 conspicitur.
2682 4755 2944 4810 Caeterum
2980 4738 3225 4814 creatura
3251 4761 3353 4830 21
3381 4761 3550 4816 Deum

288 5117 356 5170 ἐκ
401 5116 500 5186 τῆς
544 5115 652 5169 τῶν
702 5114 1027 5186 ποιημάτων
1074 5113 1337 5183 καλλονῆς
1386 5112 1661 5182 ἀναλόγως
1709 5111 1854 5166 αὐτὸι

1972 5126 2210 5171 turarum
2245 5118 3065 5191 pulchritudinecomparatione
3099 5124 3237 5178 facta
3271 5139 3393 5178 eum
3419 5139 3551 5178 con-

289 5207 515 5277 Θεωρεῖν
543 5207 842 5273 ἐπιτάττει,
872 5205 985 5260 ἀλλ’
1006 5206 1194 5259 ἑαυτὸν
1223 5205 1479 5270 δεικνύει,
1511 5204 1711 5272 λέγων’
1750 5221 1769 5255 ι
1808 5203 1866 5256 Ὀ

290 5296 548 5367 ἑωρακὼς
581 5298 700 5370 ἐμὲ,
740 5298 951 5369 ἑώρακε
984 5298 1077 5351 καὶ
1103 5296 1193 5352 τὸν
1227 5296 1463 5367 Πατέρα.
1494 5315 1514 5348 ι

490 5411 724 5481 Ἔτεραι
747 5411 1089 5483 μαρτυρίαι,
1114 5410 1203 5465 ὅτι
1229 5410 1419 5475 ἀΐδιος
1450 5412 1482 5464 ὀ
1520 5410 1669 5474 Υἱός.

372 5520 435 5577 ’0
452 5522 755 5595 Ψαλμῳδὸς
782 5524 945 5579 αὐτὸν
974 5524 1149 5591 καλεῖ,
1183 5542 1201 5577 ι
1244 5523 1303 5576 '0
1331 5522 1595 5593 ὑπάρχων
1626 5519 1731 5592 πρὸ
1758 5520 1867 5574 τῶν

1976 5208 2222 5278 templari
2252 5209 2429 5278 jubet,
2462 5212 2557 5265 sed
2589 5214 2822 5281 seipsum
2856 5214 3109 5279 ostendit,
3140 5215 3361 5271 dicens:
3399 5235 3416 5268 ι
3449 5215 3551 5282 Qui

1977 5298 2114 5352 vidit
2140 5315 2247 5363 me,
2286 5301 2418 5354 vidit
2444 5310 2499 5355 et
2529 5301 2743 5358 Patrem
2779 5304 2845 5360 ".
2885 5325 2904 5359 ι

2134 5410 2257 5463 Alia
2300 5411 2620 5478 testimonia,
2656 5415 2795 5485 quod
2821 5427 3042 5472 (stemus
3074 5418 3139 5473 sit
3172 5416 3371 5475 Filius.

2053 5521 2337 5579 Psalmista
2390 5524 2470 5582 sic
2508 5539 2632 5581 eum
2690 5539 2891 5584 vocat:
2947 5548 2965 5581 ι
3002 5529 3104 5597 Qui
3164 5532 3378 5587 exsistit
3427 5540 3552 5587 ante

365 5635 582 5715 ξ-Ηρδν.
624 5638 767 5715 1,3.
844 5633 890 5715 ff
915 5637 1074 5715 _J_oan.
1114 5657 1161 5704 ι,
1206 5639 1258 5697 1.
1298 5641 1376 5715 _’_’
1411 5638 1595 5715 Appc_._
1639 5654 1723 5715 ιν,
1772 5638 1825 5694 8.

1987 5639 2158 5715 Exod:
2205 5653 2343 5702 xxv,
2396 5638 2450 5693 8.
2476 5711 2496 5715 Δ
2532 5641 2575 5672 ¹³
2606 5642 2767 5715 Rom.
2802 5658 2853 5697 ιτ
2882 5686 2896 5705 ,
2953 5645 3005 5700 5.
3085 5644 3127 5676 “
3158 5644 3315 5703 Rom.
3350 5652 3421 5715 't,
3454 5645 3547 5704 ΞΛ.

288 5706 337 5743 ³⁸
366 5705 411 5762 ll
444 5705 567 5781 cor.
604 5724 641 5776 ι,
672 5708 762 5763 24.
841 5710 884 5742 ⁸⁸
914 5707 1058 5765 Psal.
1091 5725 1259 5779 van,
1297 5710 1386 5765 5|.
1462 5705 1505 5741 ¹⁷
1549 5709 1739 5766 Matth.
1774 5726 1851 5776 xi,

1963 5752 1975 5766 .
2056 5712 2100 5743 ⁸⁸
2126 5708 2284 5764 Joan.
2321 5725 2433 5777 xiv,
2470 5711 2523 5766 8.

2609 5713 2650 5743 ”
2693 5713 2822 5768 ibid.
2857 5715 2909 5771 9.

3570 952 3583 999 l
