4144 6536
624 292 694 355 39
1600 316 1656 371 s.
1700 293 1973 375 CvntLLt
2014 300 2487 385 ALEXANDRIM
2532 324 2850 384 ARClllEP.

3823 341 3895 397 ιο

621 423 815 481 uacula
845 426 911 489 ³ο,
948 444 965 474 ι
1010 441 1114 481 non
1149 428 1240 499 qui
1272 429 1445 485 lactus
1476 444 1576 489 est.
1626 437 1693 492 Et
1742 437 1910 498 lsaias
1943 462 1956 498 :
1985 464 2001 497 ι
2064 447 2199 501 Deus

2307 448 2534 510 αἰώνων.
2560 452 2657 522 οὐχ
2685 454 2712 504 6
2735 454 3055 522 γενόμενος·
3086 456 3113 507 ὁ
3156 456 3401 521 Ἡσαΐας,
3436 476 3453 509 ι
3486 458 3616 522 Θεὸς
3641 459 3853 525 αἰώνιος
3874 503 3889 525 ,

620 526 874 584 :eternus,
908 517 1048 573 Deus
1078 522 1167 590 qui
1210 521 1453 579 fundavit
1482 534 1855 589 extremitates
1884 548 2044 592 terra:
2068 542 2133 593 ".
2178 560 2197 590 ι

621 610 676 665 Si
706 619 886 666 autem
924 613 1157 667 Verbum
1208 618 1578 676 extremitates
1619 626 1776 680 terra:
1820 625 2083 697 fundavit,
2120 633 2201 686 di-

617 705 759 758 citur
785 716 962 761 autem
989 709 1053 763 de
1098 725 1163 766 eo
1204 715 1348 782 quod
1401 725 1637 772 aeternus
1707 728 1790 774 est
1823 740 1836 777 :
1873 734 1989 777 erat
2056 737 2204 782 certe

617 811 852 866 semper,
883 810 937 854 et
994 802 1191 857 factum
1220 821 1324 858 non
1367 816 1468 860 est.

1294 943 1529 1001 ALIUD.

694 1063 879 1121 P.mlus
902 1069 1062 1122 etiam
1093 1072 1157 1126 de
1174 1072 1346 1127 Verbo
1396 1078 1469 1131 ita
1500 1080 1691 1134 scribit
1729 1100 1743 1135 :
1781 1100 1799 1133 ι
1837 1082 1936 1149 Qui
1969 1099 2092 1138 cum
2129 1086 2201 1140 sit

616 1158 869 1225 splendor
905 1162 1089 1230 glorim
1118 1173 1172 1219 et
1199 1167 1488 1223 character
1541 1172 1855 1229 substantiae
1914 1176 2030 1244 ejus
2054 1178 2119 1231 “.
2174 1198 2194 1231 ι

616 1248 780 1303 David
814 1268 1027 1322 quoque
1065 1256 1133 1310 ita
1189 1260 1373 1327 psallit
1405 1278 1417 1313 :
1461 1280 1480 1312 ι
1514 1263 1579 1317 Ει
1606 1266 1678 1318 sit
1702 1266 1960 1336 splendor
1983 1270 2197 1324 Domini

617 1337 707 1391 Dei
741 1344 907 1395 nostri
940 1358 1101 1413 super
1126 1362 1225 1402 nos
1255 1348 1320 1402 ³³.
1360 1369 1378 1400 ι
1421 1352 1485 1404 Et
1522 1369 1711 1408 rursus
1742 1370 1752 1403 :
1813 1373 1832 1404 ι
1898 1356 1961 1409 In
1999 1356 2200 1409 lumine

615 1436 705 1482 tuo
735 1432 1031 1489 videbimus
1061 1435 1242 1493 lumen
1268 1438 1334 1493 “.
1373 1458 1392 1493 ι
1436 1441 1659 1508 Quando
1702 1445 1866 1513 igitur
1899 1447 2199 1502 eratPater

613 1518 818 1588 absque
840 1538 937 1578 suo
964 1526 1297 1593 splendore?
1340 1541 1432 1585 aut
1460 1535 1674 1602 quando
1721 1544 1826 1589 non
1884 1537 2093 1592 exstitit
2143 1539 2198 1593 in

614 1613 723 1668 Deo
753 1616 1007 1685 splendor
1035 1620 1152 1688 ejus
1177 1622 1200 1675 ?
1224 1623 1292 1677 Et
1323 1640 1545 1679 rursum
1583 1644 1596 1681 :
1641 1628 1698 1681 Si
1744 1628 1925 1684 lumen
1988 1638 2071 1685 est
2130 1645 2199 1685 ex

613 1704 817 1762 lumine
856 1706 1035 1767 Patris
1058 1710 1249 1778 Filius,
1278 1718 1500 1785 quando
1522 1736 1626 1773 non
1656 1726 1777 1774 erat
1826 1721 1878 1775 in
1904 1721 2069 1777 Patre
2117 1723 2199 1777 lu-

608 1812 731 1853 men
764 1801 918 1870 ejus?
940 1802 1411 1869 Quemadmodum
1441 1811 1584 1865 enim
1617 1811 1941 1869 illuminatio
1984 1816 2053 1869 ab
2077 1816 2197 1884 igne

611 1895 854 1961 separari
888 1912 993 1951 non
1032 1908 1229 1966 potest,
1259 1901 1338 1955 sic
1370 1916 1545 1973 neque
1576 1920 1604 1957 a
1649 1904 1810 1963 Patre
1841 1908 2021 1963 lumen
2053 1908 2198 1979 quod

609 1996 674 2036 ex
708 1999 773 2037 eo
799 1986 1055 2055 gignitur.

1304 2118 1537 2184 ALIUD.

684 2230 849 2285 David
914 2235 1092 2288 canit:
1129 2254 1147 2287 ι
1188 2235 1433 2308 Regnum
1493 2248 1639 2294 tuum
1687 2257 1907 2314 regnum
1951 2251 2190 2305 omnium

610 2326 931 2379 saeculorum
957 2328 1123 2384 est".
1156 2346 1173 2379 ι
1208 2328 1263 2383 Si
1291 2340 1468 2383 autem
1503 2347 1664 2387 omne
1694 2344 1903 2405 tempus
1943 2342 2195 2399 omnibus

611 2417 826 2471 saeculis
851 2419 1341 2487 circumscribitur,
1385 2422 1621 2479 Verbum
1655 2442 1782 2483 vero
1804 2432 2056 2487 omnibus
2091 2450 2192 2490 sa:-

608 2510 746 2564 culis
775 2523 965 2579 regnat
997 2529 1012 2565 :
1042 2514 1245 2567 nullum
1274 2515 1462 2585 utique
1527 2528 1736 2586 tempus
1786 2534 1921 2585 erat,
1980 2527 2196 2597 quando

611 2616 716 2655 non
747 2613 869 2658 erat.
888 2603 1079 2661 Filius.

1290 2722 1518 2780 ALIUD.

610 2829 1002 2913 Demonstmtio
1025 2851 1115 2900 per
1148 2837 1447 2913 leslimouia
1492 2840 1631 2909 quod
1690 2859 1857 2899 sacra:
1906 2845 2194 2913 Scriptura:

682 2919 831 2982 ιιοεςξ
853 2907 967 2982 hos.
998 2916 1134 2982 erat,
1161 2910 1448 2982 exsistcns.
1479 2907 1595 2982 ens.
1624 2927 1795 2973 eram.
1824 2930 1976 2975 sum.
2006 2907 2054 2971 et
2087 2928 2190 2982 est,

679 2973 743 3025 de
780 2971 945 3026 Verbo
982 2976 1152 3029 solum
1201 2979 1429 3032 dicunt:
1465 2981 1528 3032 de
1586 2971 1848 3038 creaturis
1901 2971 2018 3041 vero
2090 2971 2192 3041 ἱιόιὶ

682 3044 837 3105 item;
880 3046 1167 3127 sedrp‘otius
1195 3049 1322 3127 olim
1346 3051 1456 3127 sire
1476 3052 1788 3127 aliquando,
1839 3066 1891 3110 et
1938 3058 2165 3127 pridem,

680 3124 733 3167 et
768 3127 916 3181 ante,
945 3126 993 3169 et
1021 3116 1142 3181 fuit,
1164 3118 1376 3182 aliaque
1403 3122 1484 3174 his
1512 3116 1730 3176 similia.

686 3313 947 3371 Servator
976 3316 1335 3373 aeternitatem
1368 3322 1603 3390 pr0prize
1636 3323 1996 3395 bypostaseos
2021 3326 2194 3395 signi-

612 3404 785 3459 ﬁcans
816 3406 981 3460 dicit:
1024 3427 1040 3458 ι
1083 3408 1192 3479 Ego
1219 3425 1334 3464 smn
1368 3414 1600 3480 veritas;
1636 3431 1736 3485 ego
1788 3432 1905 3470 sum
1932 3416 2058 3481 lux;
2098 3434 2196 3488 ego

614 3514 733 3553 sum
769 3508 954 3568 pastor
983 3500 1051 3555 ’⁵.
1081 3518 1099 3551 ι
1141 3501 1205 3555 Et
1235 3519 1421 3558 rursus
1445 3508 1510 3559 ad
1537 3506 1866 3577 discipulos:
1894 3529 1914 3561 ι
1946 3509 2055 3565 Vos
2108 3526 2196 3565 vo-

611 3594 750 3647 catis
782 3609 867 3647 me
891 3594 1174 3648 Dominum
1207 3606 1260 3650 et
1289 3598 1630 3666 magistrum,
1670 3611 1725 3654 et
1789 3612 1936 3656 recte
1990 3603 2193 3667 dicitis,

612 3702 731 3739 sum
771 3687 969 3740 etenim
999 3687 1065 3740 ".
1096 3706 1114 3738 ι
1148 3688 1210 3740 Ει
1252 3689 1530 3756 psalmista
1557 3691 1625 3745 de
1642 3707 1706 3745 eo
1733 3694 1877 3747 canit
1913 3710 1926 3744 :
1960 3712 1979 3743 ι
2034 3694 2199 3749 Ante-

611 3794 775 3848 quam
811 3790 1019 3834 montes
1043 3779 1391 3835 firmarentur
1410 3792 1464 3836 et
1497 3782 1822 3839 formaretnr
1857 3794 1997 3841 terra
2026 3795 2077 3841 et
2108 3802 2198 3842 or-

612 3869 715 3935 bis,
753 3880 808 3925 et
842 3885 869 3923 a
900 3870 1097 3925 sacculo
1126 3886 1295 3940 usque
1344 3874 1410 3927 ad
1463 3875 1717 3929 saeculum
1744 3884 1797 3929 tu
1826 3891 1885 3930 es
1936 3877 2000 3930 ⁸⁸.
2041 3896 2060 3930 ι
2131 3880 2201 3932 At

611 3965 730 4033 ipse
749 3966 813 4017 de
837 3965 1015 4031 seipso
1044 3981 1058 4017 :
1099 3982 1117 4015 ι
1145 3964 1257 4035 Ego
1274 3980 1391 4019 sum
1424 3966 1530 4035 22
1560 3968 1679 4033 via;
1709 3977 1783 4032 et,
1840 3983 1938 4035 ego
1971 3984 2088 4024 sum
2116 3971 2201 4040 ja-

616 4069 721 4107 nua
756 4054 822 4107 ’9.
863 4072 880 4103 ι
920 4053 1082 4107 Pater
1106 4068 1235 4108 vero
1262 4054 1329 4110 de
1358 4056 1474 4123 ipso
1509 4073 1523 4106 :
1561 4076 1579 4107 ι
1620 4056 1699 4111 Tu
1742 4073 1800 4111 es
1834 4057 2004 4114 Filius
2050 4075 2200 4116 meus

613 4145 840 4199 dilectus
868 4144 931 4198 '°.
969 4165 987 4197 ι
1020 4144 1256 4200 Rursum
1286 4163 1302 4200 :
1337 4165 1354 4197 ι
1395 4145 1653 4202 Dominus
1697 4148 1837 4203 dixit
1872 4151 1938 4204 ad
1970 4165 2055 4206 me
2081 4168 2096 4205 :
2118 4152 2201 4205 Fi-

612 4234 718 4289 lius
755 4250 906 4290 ruens
931 4251 990 4291 es
1026 4248 1080 4291 tu
1102 4238 1169 4291 ³¹.
1214 4255 1232 4289 ι
1273 4236 1331 4291 lu
1361 4238 1609 4293 omnibus
1650 4240 1758 4303 bis,
1812 4252 1911 4305 est,
1970 4255 2025 4297 et
2060 4256 2196 4311 erat,

612 4328 833 4389 dicitur,
866 4344 1207 4399 nequaquam
1238 4344 1367 4383 vero
1400 4329 1522 4396 fuit.
1553 4330 1629 4385 De
1680 4334 1955 4388 creaturis
1990 4346 2198 4400 autem,

616 4438 634 4470 ι
668 4418 906 4489 Spiritus
936 4422 1151 4475 divinus
1184 4422 1275 4493 qui
1313 4422 1440 4476 fecit
1465 4439 1550 4477 me
1588 4424 1653 4477 ³⁸.
1692 4445 1709 4475 ι
1742 4425 1920 4481 Moses
1948 4429 2015 4483 de
2054 4444 2202 4483 crea-

614 4511 759 4565 tione
784 4513 965 4566 mundi
997 4528 1163 4583 agens
1193 4530 1236 4567 :c
1274 4511 1515 4568 Etomne
1541 4516 1713 4569 viride
1744 4519 1881 4588 agri,
1908 4529 2194 4589 antequam
2232 4556 2271 4608 ο

612 4602 816 4658 factum
844 4614 990 4659 esset
1024 4606 1076 4659 iu
1103 4616 1269 4670 terra,
1295 4616 1350 4659 et
1381 4614 1672 4676 antequam
1692 4623 1849 4664 omne
1874 4609 2052 4666 fenum
2079 4611 2191 4680 agri

609 4705 789 4751 ortum
812 4708 974 4752 esset.
1011 4698 1196 4767 Neque
1224 4699 1368 4751 enim
1402 4698 1541 4767 pluit
1584 4699 1722 4753 Deus
1772 4702 2193 4771 superLterram,

613 4802 786 4858 neque
818 4789 981 4845 homo
1011 4790 1214 4844 eratad
1246 4790 1531 4845 colendam
1566 4801 1767 4847 terram
1802 4792 1868 4846 ³³.
1904 4812 1922 4844 ι

711 5100 866 5165 Quod
890 5097 1072 5163 dictio,
1102 5099 1339 5167 quando,
1376 5116 1575 5168 semper
1607 5110 1810 5168 tempus
1844 5101 2119 5169 signi/iret.

688 5250 743 5304 in
782 5250 1219 5315 Dcnteruuomio,
1275 5270 1291 5300 ι
1326 5248 1553 5316 Quando
1603 5250 1785 5306 divisit
1851 5251 1989 5305 Deus

615 5353 695 5398 tes
721 5342 784 5394 ³⁸.
827 5361 846 5394 ι

2059 5266 2191 5321 gen-

690 5563 735 5595 '°
774 5563 915 5618 Psal.
958 5582 1150 5631 Luttt,
1192 5568 1277 5620 l2.
1358 5568 1399 5598 “
1429 5566 1531 5623 lsa.
1569 5567 1780 5631 κι,⁴Ξ8.

1857 5568 1901 5597 ²¹
1934 5565 2097 5620 Hebr.
2127 5583 2177 5631 ι,
2218 5567 2272 5620 5.

2311 539 2441 602 Θεὸς
2474 542 2501 591 6
2552 541 2968 606 κατασκευάσας
3000 543 3065 597 τὰ
3112 544 3254 615 ἄκρα
3306 544 3403 614 τῆς
3451 546 3573 616 γῆς.
3611 567 3630 597 ι
3658 547 3719 600 Ei
3771 549 3824 601 δὲ
3863 551 3891 601 6

2304 632 2475 699 Λόγος
2503 634 2649 686 ἐστὶν
2670 636 2696 686 ό
2719 634 3137 698 κατασκευάσας
3168 636 3235 689 τὰ
3265 635 3409 707 ἄκρα
3434 638 3533 708 τῆς
3552 639 3673 708 γῆς,
3712 643 3888 693 κεῖται

2302 722 2357 774 δὲ
2408 723 2494 775 ἐπ’
2525 723 2690 779 αὑτοῦ
2736 724 2815 791 τὸ,
2851 724 3084 793 αἰώνιος,
3116 720 3182 797 ἦν
3222 727 3307 780 ἀεὶ
3354 728 3613 798 δηλονότι,
3661 730 3751 783 καὶ
3789 732 3891 784 οὐκ

2302 812 2539 878 ὲγένετε.

2993 952 3196 1004 ΑΛΛΟ.

2370 1084 2574 1155 Γράφει
2601 1086 2812 1151 Παῦλος
2858 1090 2987 1161 περὶ
3017 1091 3110 1144 τοῦ
3137 1092 3344 1160 Λόγου’
3382 1112 3401 1144 ι
3455 1096 3550 1157 Ὃς
3589 1094 3665 1147 ὣν
3705 1096 3883 1147 ἀπαύ-

2302 1194 2491 1249 γασμα
2522 1182 2620 1250 τῆς
2642 1181 2821 1252 δόξης,
2844 1184 2939 1236 καὶ
2967 1185 3255 1256 χαρακτὴρ
3278 1187 3377 1257 τῆς
3407 1188 3759 1251 ὑποστάσεως
3793 1190 3886 1239 αὖ·

2299 1271 2417 1325 τοῦ.
2448 1291 2466 1322 ι
2501 1273 2707 1327 Ψάλλει
2760 1276 2854 1329 καὶ
2892 1277 3083 1330 Δαϐίδο
3124 1296 3143 1329 ι
3185 1280 3295 1333 Καὶ
3327 1279 3469 1333 ἔστω
3506 1282 3539 1348 ή
3564 1280 3885 1349 λαμπρότης

2297 1359 2504 1431 Κυρίου
2530 1361 2624 1415 τοῦ
2649 1364 2784 1417 Θεοῦ
2814 1366 2971 1436 ἡμῶν
2994 1368 3079 1435 ἐφ’
3105 1368 3282 1438 ἡμῶν.
3316 1387 3334 1419 ι
3367 1368 3478 1421 Καὶ
3506 1369 3693 1422 πάλιν·
3729 1388 3746 1420 ‹
3798 1371 3885 1421 Ἐν

2299 1451 2376 1524 τῷ
2405 1454 2543 1522 φωτί
2580 1473 2671 1508 σου
2718 1456 2966 1528 ὀψόμεθα
3020 1460 3157 1528 φῶς.
3196 1480 3213 1511 ι
3250 1460 3387 1514 Πότε
3418 1456 3511 1514 οῦν
3535 1456 3601 1530 ἦν
3629 1462 3656 1513 ὁ
3696 1459 3884 1528 Πατὴρ

2300 1548 2467 1617 χωρὶς
2495 1548 2587 1600 τοῦ
2643 1549 2775 1603 ἰδίου
2810 1552 3277 1623 ἀπαυγασματος;
3332 1554 3461 1605 πότε
3494 1553 3549 1605 δὲ
3593 1554 3691 1605 οὐκ
3720 1549 3785 1623 ἦν
3828 1555 3882 1603 ἐν

2300 1634 2418 1706 Θεῷ
2456 1638 2832 1712 ήλαμπρότης
2866 1642 3064 1709 αὐτοῦ;
3102 1644 3211 1696 Καὶ
3256 1642 3449 1695 πάλιν
3489 1643 3560 1700 Εἰ,
3586 1642 3699 1711 φῶς
3737 1643 3880 1694 ἐστιν

2302 1735 2365 1787 ὲκ
2394 1732 2568 1802 φωτὸς
2604 1732 2698 1786 τοῦ
2739 1734 2951 1807 Πατρὸς
2983 1737 3010 1788 6
3048 1735 3196 1800 Υἱὸς,
3232 1734 3361 1788 πότε
3389 1735 3491 1788 οὐκ
3514 1729 3581 1802 ἦν
3604 1735 3662 1784 ὲν
3707 1734 3881 1802 Πατρὶ

2232 1866 2272 1923 Β
2300 1823 2360 1877 τὸ
2408 1824 2524 1893 φῶς
2572 1825 2772 1893 αὑτοῦ;
2812 1826 2900 1889 Ὠς
2948 1826 3057 1896 γὰρ
3109 1826 3411 1897 ἀχώριστον
3465 1829 3558 1879 τοῦ
3606 1828 3771 1897 πυρὸς
3821 1827 3883 1923 τὸ

2305 1916 2582 1985 φωτίζειν,
2612 1916 2754 1971 οὕτω
2794 1918 2888 1972 καὶ
2925 1918 3018 1972 τοῦ
3055 1919 3267 1989 Πατρὸς
3299 1917 3360 1970 τὸ
3401 1917 3461 1981 ἐξ
3491 1917 3653 1972 αὑτοῦ
3683 1916 3883 1986 γεννώ-

2307 2024 2465 2073 μενον
2492 2006 2627 2075 φῶς.

2982 2145 3186 2199 ΑΛΛΟ.

2370 2245 2579 2306 Ψάλλει
2618 2254 2816 2309 Δαϐίδ·
2858 2274 2874 2306 ι
2925 2256 2991 2308 Ἠ
3039 2256 3287 2326 βασιλεία
3327 2275 3419 2312 σου
3463 2259 3708 2329 βασιλεία
3743 2261 3881 2317 πάνθ

2299 2363 2406 2399 των
2433 2346 2542 2400 τῶν
2571 2347 2801 2402 αἰώνων.
2841 2367 2860 2400 ι
2891 2349 2953 2401 Ei
2981 2349 3039 2402 δὲ
3070 2352 3098 2403 6
3138 2351 3247 2413 πᾶς
3276 2351 3464 2421 χρόνος
3495 2353 3552 2405 ἐν
3574 2355 3685 2415 τοῖς
3719 2354 3879 2407 αῖῶσι

2301 2442 2601 2510 μετρεῖται,
2646 2439 2917 2511 βασιλεύει
2957 2441 3014 2494 δὲ
3054 2444 3112 2495 ὲν
3154 2444 3338 2506 αὐτοῖς
3366 2446 3394 2496 6
3446 2444 3637 2512 Λόγος,
3680 2446 3777 2498 οὐκ
3809 2441 3878 2517 ἧν

2297 2533 2403 2601 ἄρα
2435 2532 2622 2602 χρόνος
2654 2533 2740 2585 ὅτε
2766 2533 2864 2585 οὐκ
2888 2529 2955 2603 ἧν
2983 2535 3011 2585 6
3044 2533 3187 2595 Υἱός.

2983 2716 3183 2769 ΑΛΛΟ.

2307 2829 2640 2902 Ἀπόδειξις
2686 2828 2782 2902 διὰ
2807 2829 3184 2902 μαρτυριῶν,
3213 2830 3301 2902 ὅτι
3330 2834 3390 2885 ai
3427 2831 3573 2886 θεῖαι
3620 2832 3873 2902 Γραφαὶ,

2366 2900 2431 2971 τὸ
2462 2894 2549 2969 ἦν,
2612 2894 2709 2971 καὶ
2758 2894 2838 2971 τό
2867 2894 3035 2971 όίῶν,
3068 2900 3171 2971 ,καὶ
3217 2900 3283 2953 τὸ
3336 2902 3612 2971 ὑπάρχων,
3659 2894 3761 2956 ἇταῖ
3808 2894 3874 2956 t6

2364 2968 2533 3041 ἥμην,
2572 2968 2668 3021 καὶ
2716 2969 2782 3021 τὸ
2811 2969 2947 3039 εἰμὶ,
2982 2970 3080 3024 καὶ
3111 2972 3175 3024 τὸ
3212 2972 3379 3037 ἔστιν,
3412 2968 3517 3026 ἐξιτῖ
3547 2973 3653 3027 τοῦ
3682 2975 3876 3041 Λάγου

2364 3038 2999 3113 τιθέασιᾳμόνουίέπὶ
3049 3041 3116 3113 δὲ
3164 3041 3283 3095 τῶν
3342 3042 3609 3113 γενητῶν
3656 3038 3875 3102 οὐκέτι.

2364 3111 2523 3185 ἀλλὰ
2554 3108 2797 3185 ιιὰλᾴοις
2829 3111 2893 3163 τὸ
2943 3111 3231 3185 ποιᾷ-καὶ
3267 3108 3525 3185 τόπρὶν,
3554 3114 3652 3167 καὶ
3681 3113 3744 3167 τό
3773 3115 3878 3185 πρὸ

2221 3207 2265 3265 C
2366 3180 2483 3246 τοῦ,
2509 3179 2606 3233 καὶ
2634 3179 2698 3232 τὸ
2728 3178 2936 3249 γέγονε,
2967 3182 3063 3234 καὶ
3092 3183 3207 3234 ὅσα
3239 3178 3469 3248 τούτοις
3494 3182 3684 3253 ὅμοια.

2373 3296 2433 3347 ’0
2463 3295 2652 3367 Σωτὴρ
2675 3295 2735 3350 τὸ
2782 3297 2952 3350 ἀΐδιον
2983 3296 3085 3365 τῆς
3126 3297 3261 3360 ἰδίας
3292 3297 3643 3365 ὑποστάσεως
3682 3298 3876 3375 σημαί-

2294 3405 2398 3441 νων
2445 3387 2662 3455 ἔλεγεν·
2698 3405 2715 3438 ι
2762 3386 2902 3456 Ἐγώ
2947 3390 3060 3457 εἰμι
3103 3391 3135 3458 ἡ
3193 3389 3449 3459 ἀλήθεια·
3505 3388 3615 3458 ἐγώ
3671 3392 3787 3461 εἰμι
3818 3389 3877 3442 τὸ

2298 3480 2448 3548 φῶς·
2480 3479 2590 3548 ἐγώ
2621 3480 2735 3549 εἰμι
2759 3481 2788 3532 6
2813 3481 3036 3550 ποιμήν.
3066 3499 3085 3530 ›
3128 3481 3235 3532 Καὶ
3268 3481 3431 3535 πάλιν
3453 3483 3586 3553 πρὸς
3619 3482 3746 3547 τοὺς
3775 3500 3876 3553 μα-

2297 3572 2496 3641 θητάς·
2534 3590 2549 3621 ι
2608 3570 2798 3640 Ὑμεῖς
2834 3570 3049 3623 καλεῖτέ
3096 3588 3183 3640 με,
3213 3574 3239 3625 6
3275 3573 3477 3644 Κύριος
3519 3576 3610 3626 καὶ
3649 3575 3677 3626 6
3724 3575 3878 3629 Διδά-

2299 3663 2517 3726 σκαλος,
2548 3662 2640 3715 καὶ
2667 3660 2847 3724 καλῶς
2879 3661 3065 3729 λέγετε
3087 3678 3101 3692 ⁸
3135 3663 3251 3733 εἰμὶ
3277 3666 3384 3734 γάρ
3402 3681 3413 3692 ⁸
3454 3684 3471 3716 ι
3513 3666 3605 3719 καὶ
3634 3667 3661 3718 6
3681 3666 3876 3736 Ψαλμ-

2297 3750 2430 3819 ῳδὸς
2456 3750 2581 3822 περὶ¹
2596 3749 2762 3803 αὐτοῦ
2787 3767 2800 3779 ·
2832 3769 2849 3800 ι
2876 3750 2986 3821 Πρὸ
3016 3751 3109 3804 τοῦ
3129 3753 3229 3823 ὅρη
3247 3753 3594 3825 ἑδρασθῆναι,
3621 3757 3715 3809 καὶ
3740 3755 3875 3809 πλα-

2301 3843 2488 3913 σθῆναι
2530 3845 2626 3915 τὴν
2672 3844 2777 3913 γῆν
2810 3846 2902 3897 καὶ
2953 3843 3051 3914 τὴν
3107 3846 3465 3918 οἰκουμένην·
3497 3849 3588 3901 καὶ
3626 3848 3732 3901 ἀπὸ
3782 3848 3875 3902 τοῦ

2299 3937 2492 4001 αἰῶνος
2520 3939 2614 3991 καὶ
2658 3937 2762 4001 ἕως
2802 3936 2895 3990 τοῦ
2940 3937 3135 4000 αἰῶνος
3165 3938 3228 3990 σὺ
3258 3934 3322 3991 εἷ.
3361 3958 3379 3991 ι
3411 3940 3582 4003 Αὐτὸς
3604 3941 3728 4012 περὶ
3755 3942 3878 3995 euu-

2299 4029 2393 4085 τοῦ
2415 4046 2429 4063 ο
2467 4048 2486 4081 ι
2537 4027 2678 4097 Ἐγὼ
2702 4031 2818 4100 εἰμι
2858 4031 2890 4099 ἡ
2920 4030 3065 4093 ὁδόςο
3098 4030 3189 4084 καὶ
3226 4030 3336 4099 ἐγώ
3362 4033 3475 4101 εἰμι
3500 4032 3532 4101 ἡ
3562 4031 3720 4103 θύρα.
3756 4052 3773 4082 ι
3816 4031 3877 4085 ’0

2300 4123 2490 4194 Πατὴρ
2519 4122 2574 4175 δὲ
2603 4122 2729 4193 περὶ
2765 4122 2927 4175 αὐτοῦ
2946 4140 2958 4152 ·
2996 4142 3014 4173 ι
3048 4125 3121 4176 Σὺ
3157 4120 3206 4175 εἴ
3231 4126 3258 4176 6
3286 4124 3411 4185 Υἱός
3457 4140 3555 4192 μου
3581 4125 3609 4175 6
3656 4126 3877 4194 ἀγαπη-

2300 4215 2415 4279 τός⁸
2450 4234 2468 4265 ι
2507 4215 2602 4269 καὶ
2627 4214 2807 4278 πάλιν,
2838 4233 2856 4265 ι
2892 4214 3097 4283 Κύριος
3137 4210 3256 4267 εἷπε
3304 4214 3439 4284 πρός
3474 4231 3571 4283 με·
3612 4214 3740 4278 Υἴός
3774 4231 3875 4284 μου

2301 4302 2351 4358 εἴ
2380 4307 2465 4359 σύ.
2517 4326 2532 4357 ι
2570 4305 2852 4377 Πανταχοῦ
2882 4306 2940 4358 τὸ
2968 4301 3042 4370 εἶ,
3070 4306 3162 4357 καὶ
3186 4306 3242 4357 τὸ
3274 4301 3371 4375 ἦν,
3401 4307 3458 4357 ὲν
3487 4304 3695 4367 τούτοις
3726 4304 3878 4375 φέρε-

2299 4416 2389 4451 ται
2412 4414 2422 4425 ·
2461 4397 2696 4469 οὐδαμοῦ
2724 4398 2779 4451 δὲ
2803 4397 2864 4450 τὸ
2915 4396 3180 4467 γέγονεν.
3226 4397 3348 4449 Ἐπὶ
3382 4396 3437 4449 δὲ
3464 4396 3570 4449 τῶν
3598 4395 3837 4466 γενητῶν
3860 4414 3874 4429 ο

2307 4509 2325 4539 ι
2358 4488 2581 4558 Πνεῦμα
2623 4488 2765 4540 θεῖον
2805 4487 2867 4539 τὸ
2898 4486 3130 4556 ποιῆσάν
3175 4502 3238 4555 με
3265 4501 3278 4515 ⁸
3320 4504 3338 4537 ι
3372 4486 3400 4538 ὁ
3420 4485 3624 4553 Μωσῆς
3652 4485 3720 4537 τὰ
3748 4484 3878 4554 περὶ

2300 4580 2566 4646 γενέσεως
2616 4579 2821 4648 κόσμου
2882 4576 3265 4646 διηγούμενος·
3316 4594 3337 4627 ‹
3389 4577 3497 4630 Καὶ
3537 4577 3644 4629 πᾶν
3669 4576 3878 4646 χλωρὸν

2299 4669 2469 4740 ἀγροῦ
2520 4670 2624 4740 πρὸ
2670 4669 2763 4722 τοῦ
2814 4668 3067 4736 γενέσθαι
3115 4668 3207 4720 επὶ
3244 4668 3343 4738 τῆς
3375 4668 3510 4737 γῆςι
3560 4667 3653 4720 καὶ
3699 4667 3877 4721 πάντα

2299 4761 2490 4831 χόρτον
2523 4760 2692 4833 ἀγροῦ
2739 4761 2845 4832 πρὸ
2873 4760 2968 4814 τοῦ
3020 4760 3327 4814 ἀνατεῖλαι·
3358 4760 3418 4812 οὐ
3456 4760 3560 4829 γὰρ
3598 4758 3817 4829 ἔϐρεξεν
3848 4761 3892 4845 ό,

2296 4853 2426 4917 Θεὸς
2454 4855 2546 4906 ὲπὶ
2575 4854 2672 4925 τὴν
2703 4854 2828 4922 γῆν,
2860 4854 2951 4905 καὶ
2982 4852 3267 4923 ἄνθρωπος
3310 4853 3407 4904 οὐκ
3443 4847 3512 4921 ἦν
3550 4848 3877 4919 ἐργάζεσθαι

2296 4946 2394 5017 τὴν
2425 4946 2550 5016 γῆν.
2589 4964 2608 4997 ι

2540 5097 2767 5163 "Orno,
2805 5098 2915 5161 ὅτε,
2953 5099 3177 5166 χρόνον
3206 5097 3296 5153 ἀεὶ
3334 5095 3630 5166 σημαίνει.

2384 5254 2468 5304 Ἐν
2500 5250 2577 5322 τῷ
2607 5252 3030 5323 Δευτερονομίῳ,
3066 5271 3082 5303 ι
3138 5253 3266 5305 Ὅτε
3303 5251 3606 5323 διεμέριζεν
3648 5254 3676 5306 6
3712 5249 3871 5319 ’Υψιο

2302 5362 2423 5405 στος
2462 5343 2607 5412 ἔθνη.
2645 5365 2662 5395 ι

2349 5566 2394 5597 ⁸³
2425 5564 2566 5619 Psal.
2604 5581 2840 5630 Lxxxtx,
2881 5567 2965 5619 i7.
3045 5568 3087 5597 ’δ
3114 5564 3256 5620 Psal.
3302 5581 3474 5628 xxxv,
3510 5564 3594 5617 10.
3655 5564 3700 5595 ’⁸
3726 5561 3866 5617 Psal.

613 5650 796 5702 cx-uv,
829 5636 914 5690 l5.
993 5638 1038 5667 "
1065 5635 1219 5690 Joau.
1260 5652 1368 5700 ειν,
1404 5638 1466 5702 6;
1502 5653 1620 5700 vm,
1652 5637 1751 5698 12;
1786 5652 1839 5698 χ,
1870 5637 1953 5689 ll.
2033 5638 2074 5667 ”
2101 5634 2195 5691 Joa

2298 5650 2404 5700 un,
2435 5636 2522 5691 15.
2600 5636 2648 5669 ³⁸
2674 5635 2816 5691 Psal.
2855 5651 3077 5696 Lxxm.
3105 5636 3157 5688 2.
3237 5636 3282 5668 ¹⁹
3309 5634 3463 5690 Joan.
3492 5650 3599 5697 xlv,
3624 5633 3692 5701 6;
3719 5647 3775 5697 κ,
3814 5632 3867 5686 9.

619 5702 665 5737 ⁸ο
708 5706 872 5763 Marc.
910 5724 944 5770 ι,
980 5706 1060 5758 ll.
1143 5707 1182 5738 ³³
1218 5707 1355 5762 Psal.
1394 5724 1453 5770 ll,
1494 5709 1546 5763 '7.
1626 5708 1670 5737 δ’
1708 5705 1859 5758 Deut.
1898 5722 2073 5771 xxx",
2106 5707 2159 5760 6.

2322 5704 2457 5760 Gen.
2490 5722 2549 5771 Il,
2588 5707 2639 5759 5.

2721 5706 2765 5737 "’
2793 5707 2947 5761 Deut.
2981 5720 3150 5768 xxx",
3183 5705 3234 5759 8.
