4144 6548
247 354 313 419 ι,
1663 338 2104 395 THESAURUS.
3438 354 3509 411 ιε

464 473 588 525 ’Ότι
617 470 709 534 τὸ,
750 468 856 540 πρὸ
892 465 1008 528 τοῦ,
1062 464 1159 517 ἐπὶ
1195 461 1315 518 τῶν
1335 460 1622 532 γενητῶν.

334 562 424 615 Ἑν
448 561 525 632 τῷ
552 559 824 630 Σολομῶνι
849 558 883 627 ἡ
906 554 1076 624 Σοφία
1110 554 1236 625 περὶ
1277 552 1475 624 ἑαυτῆς
1496 568 1514 584 ⁸
1545 569 1565 602 ι
1595 549 1709 621 Πρὸ
1733 547 1827 602 τοῦ

248 654 348 725 τὴν
368 654 475 723 γῆν
498 653 716 721 ποιῆσαι
738 667 750 680 ·
780 647 887 719 πρὸ
908 646 1001 700 τοῦ
1023 647 1122 709 τὰς
1150 645 1420 708 ἀδυσσους
1447 643 1697 713 ποιῆσαι·
1721 642 1829 713 πρὸ

250 743 344 797 τοῦ
375 742 655 814 προελθεῖν
688 739 788 803 τὰς
832 737 1014 808 πηγὰς
1049 736 1157 791 τῶν
1189 736 1430 789 ὑδάτων
1466 734 1574 805 πρὸ
1603 734 1696 787 τοῦ
1724 733 1826 804 ὅρη

251 836 595 907 ἑδρασθῆναι,
635 832 743 903 πρὸ
783 831 837 883 δὲ
880 830 1098 883 πάντων
1130 826 1335 898 βουνῶν
1378 826 1544 896 γεννᾷ
1576 842 1665 895 με.
1710 843 1728 875 ι
1769 825 1827 877 '0

253 927 471 997 Σωτήρ·
509 944 527 975 ι
575 924 748 994 Ἀμην
795 922 940 990 λέγω
991 922 1144 991 ὑμῖν.
1186 918 1317 989 πρὶν
1369 917 1623 988 Ἀδραὰμ
1676 916 1828 986 γενέ-

255 1018 398 1082 σθαι,
456 1015 566 1085 ἐγώ
604 1019 742 1085 εἰμι.
799 1033 818 1067 ι
854 1013 998 1085 Πρὸς
1055 1011 1324 1082 Ἰερεμίαν
1374 1011 1403 1062 6
1446 1010 1616 1071 Θεός*
1660 1028 1677 1059 ι
1715 1006 1827 1079 Πρὸ

250 1108 344 1161 τοῦ
386 1126 454 1178 με
476 1108 677 1161 πλάσαι
705 1123 762 1159 σε
790 1108 847 1158 ὲν
889 1104 1087 1172 κοιλίᾳ,
1115 1100 1413 1172 ἐπίσταμαί
1454 1116 1513 1152 σε
1535 1116 1548 1130 ·
1592 1099 1686 1152 καὶ
1723 1096 1830 1168 πρὸ

247 1200 344 1253 τοῦ
389 1217 448 1253 σε
496 1198 730 1264 ἐξελθεῖν
778 1199 841 1250 ἐκ
894 1198 1126 1267 μήτρας,
1166 1193 1376 1264 ἡγίακὰ
1415 1209 1495 1247 σε.
1546 1210 1564 1242 ι
1620 1191 1708 1243 Ἑν
1752 1188 1828 1260 τῷ

248 1290 447 1362 Δανιὴλ
476 1292 508 1361 ὴ
547 1291 801 1343 Σωσάννα
819 1307 830 1318 ·
865 1307 883 1339 ι
925 1288 982 1339 '0
1009 1286 1140 1349 Θεὸς
1161 1288 1189 1339 6
1233 1284 1403 1354 μέγας
1423 1283 1517 1337 καὶ
1541 1283 1569 1334 6
1589 1281 1825 1344 αἰώνιος,

248 1384 278 1434 6
313 1381 423 1434 τῶν
480 1380 739 1450 κρυπτῶν
778 1377 1055 1448 γνώστης·
1096 1377 1124 1428 ό
1174 1372 1332 1438 εἰδὼς
1374 1373 1443 1426 τὰ
1482 1372 1659 1425 πάντα
1698 1370 1828 1441 πρὶν

249 1474 513 1539 γενέσεως
550 1471 751 1524 αὐτῶν.
784 1489 801 1522 ι

254 1584 374 1635 Ἔτι
404 1581 535 1650 περὶ
564 1580 671 1635 τοῦ
703 1579 895 1650 ἀΐδιον
931 1573 1084 1632 εἷναι
1115 1575 1223 1629 τόν
1258 1573 1415 1650 Υζόν,
1448 1573 1529 1638 ὡς
1558 1573 1627 1637 ἐξ
1665 1573 1827 1625 ἀντι-

734 1648 953 1712 θέσεως
978 1644 1344 1710 κατασκευή.

674 1763 995 1828 Ἆντίθεσις
1031 1759 1306 1830 ἐτεροδόξ
1309 1776 1408 1813 ων.

1865 464 1912 517 Δ

2145 459 2325 526 Quod,
2363 470 2675 530 antequam,
2703 467 2766 519 de
2786 471 3042 523 creaturis
3064 470 3294 525 dicatur.

2006 549 2161 617 Apud
2198 548 2540 604 Saiomonem
2581 551 2856 622 Sapientia
2881 558 2949 613 de
2977 560 3155 628 seipsa
3189 561 3265 613 ait
3295 572 3311 613 :
3347 575 3367 612 ι
3397 561 3510 614 An-

1934 646 2150 706 tequam
2189 638 2409 693 fecisset
2441 648 2675 708 terram;
2735 654 3022 714 antequam
3077 647 3301 718 abyssos
3356 647 3511 704 fecis-

1934 739 2056 793 set;
2146 740 2436 799 antequam
2523 732 2698 788 fontes
2774 750 3032 804 aquarum
3101 739 3506 809 prorupissent;

1930 827 2220 887 antequam
2290 829 2499 875 montes
2551 821 2764 879 formati
2846 836 3050 893 essent,
3123 837 3252 881 ante
3315 845 3507 895 omnes

1933 909 2098 964 colles
2119 911 2303 977 genuit
2349 927 2434 966 me
2462 911 2526 967 ³⁵.
2571 932 2591 964 ι
2648 913 2714 968 Ει
2750 914 3044 971 Servator:
3088 933 3110 968 ι
3152 916 3321 970 Amen
3387 920 3508 974 dico

1932 1003 2106 1067 vobis,
2142 1013 2431 1074 antequam
2460 1006 2738 1060 Abraham
2773 1006 2950 1074 fieret,
2993 1023 3092 1078 ego
3117 1023 3235 1062 sum
3275 1007 3343 1062 ³⁸.
3383 1027 3402 1061 ι
3442 1008 3510 1063 Ει

1932 1093 2072 1148 Deus
2104 1096 2168 1147 ad
2196 1094 2483 1151 Jeremiam
2510 1114 2523 1151 :
2556 1115 2575 1148 ι
2612 1098 2913 1168 Antequam
2947 1100 2998 1154 in
3028 1109 3183 1154 utero
3234 1112 3507 1154 creassem

1934 1194 2005 1251 te,
2038 1201 2305 1253 cognosco
2361 1196 2435 1252 te,
2468 1196 2524 1242 et
2572 1197 2861 1257 antequam
2910 1192 3158 1259 prodircs
3204 1205 3267 1244 ex
3330 1198 3507 1250 utero.

1930 1274 2263 1329 sanctificavi
2294 1285 2344 1331 te
2370 1276 2436 1329 ⁸⁷.
2473 1292 2495 1328 ι
2562 1276 2630 1330 Ει
2671 1276 2918 1333 Susanna
2982 1277 3123 1346 apud
3182 1277 3455 1333 Danielem
3490 1295 3504 1332 :

1937 1382 1955 1416 ι
1988 1362 2129 1418 Deus
2153 1380 2380 1435 magnus
2419 1375 2472 1420 et
2505 1377 2762 1433 :eternus,
2795 1369 2884 1437 qui
2928 1369 3077 1422 novit
3119 1368 3357 1433 occulta,
3414 1368 3507 1437 qui

1932 1454 2081 1506 novit
2108 1455 2287 1509 omnia
2317 1464 2444 1509 ante
2464 1457 2867 1527 generationem
2892 1457 3134 1528 ipsorum
3166 1457 3231 1512 ³⁸.
3269 1477 3289 1511 ι

1930 1564 2349 1632 Amplius,quod
2381 1567 2911 1650 wternttssitfilius
2965 1585 3080 1621 cum
3104 1568 3360 1624 solutione
3416 1570 3508 1624 ob-

2598 1649 2910 1706 Jecttonum.

2353 1743 2590 1813 Objectio
2622 1749 3010 1803 hwreticorum.

314 1878 379 1931 Εἰ
415 1876 490 1948 μὴ
531 1872 598 1949 ἦν
636 1894 788 1942 ποτε,
843 1877 930 1930 ὅτε
970 1875 1069 1928 οὐκ
1121 1871 1210 1945 ἦν,
1270 1874 1456 1943 φησὶν,
1496 1872 1611 1926 ἀλλ’
1658 1871 1828 1935 ἀῖδιὸς

1997 1851 2054 1906 Si
2078 1869 2181 1907 non
2209 1864 2325 1908 erat
2361 1867 2593 1925 tempus,
2624 1859 2793 1921 aiunt,
2819 1859 3037 1927 quando
3088 1875 3194 1915 non
3225 1868 3361 1926 erat,
3410 1863 3506 1917 sed

248 1971 396 2022 ἐστιν
419 1970 448 2021 6
484 1966 633 2031 Υἱὸς,
659 1967 755 2021 καὶ
794 1965 1130 2036 συνυπάρχει
1149 1963 1226 2034 τῷ
1253 1963 1448 2035 Πατρὶ,
1472 1961 1654 2017 οὐκέτι
1678 1962 1828 2029 Υίὸν,

248 2061 363 2114 ἀλλ’
389 2059 618 2128 ἀδελφὸν
654 2056 790 2110 εἶναι
815 2056 1001 2124 λέγετε
1036 2053 1243 2107 τοῦτον.

746 2169 900 2238 Πρὸς
927 2169 1104 2223 τοῦτο
1134 2170 1336 2232 λύσις.

318 2281 598 2335 Συναῖδιον
634 2276 775 2333 εἶναι
825 2280 1096 2344 λέγοντες,
1138 2277 1232 2330 καὶ
1279 2278 1405 2330 Υἰὸν
1446 2273 1585 2329 εἷναί
1624 2292 1825 2345 φαμεν.

248 2373 311 2425 Εἰ
356 2374 453 2442 μὲν
477 2369 570 2426 οὖν
609 2368 678 2443 ἦν
713 2371 898 2431 ἁπλῶς
926 2369 1197 2431 συναῖδιος
1228 2369 1321 2422 καὶ
1339 2370 1440 2438 οὐχ
1462 2368 1609 2432 Υἱὸς,
1647 2368 1828 2437 χώραν

250 2460 397 2534 εἶχεν
420 2464 574 2534 ὑμῶν
606 2466 640 2533 ἡ
688 2463 943 2516 ὑπόνοια*
981 2461 1101 2512 ἐπεὶ
1146 2460 1202 2513 δὲ
1252 2460 1387 2529 πρὸς
1433 2458 1512 2529 τῷ
1555 2458 1708 2527 ἀϊδίῳ
1738 2457 1831 2510 καὶ

220 2564 226 2571 “
250 2556 379 2609 Υἱδν
407 2554 799 2626 ὁμολογοῦμεν,
829 2552 948 2615 πῶς
971 2551 999 2603 6
1027 2550 1155 2614 Υἱὸς
1184 2550 1409 2617 ἀδελφός
1444 2552 1559 2602 ἐστι
1584 2547 1680 2600 τοῦ
1710 2564 1833 2615 γεν-

249 2646 513 2715 νήσαντος
530 2661 542 2708 ;

942 2751 1145 2803 ΑΛΛΟ.

319 2867 385 2918 Ei
417 2868 451 2935 ἡ
488 2864 669 2924 πίστις
712 2862 869 2933 ἡμῶν
898 2864 976 2925 εἰς
1012 2860 1233 2930 Πατέρα
1271 2858 1363 2912 καὶ
1391 2858 1516 2911 Υἰόν
1563 2860 1698 2920 ἐστι,
1735 2859 1829 2911 καὶ

249 2959 394 3013 οὓτω
421 2954 813 3029 βαπτιζόμεθα,
846 2954 975 3007 ποία
1024 2952 1322 3021 ἀδελφότης
1350 2952 1408 3002 ἐν
1440 2949 1614 3019 τούτῳ
1641 2948 1828 3016 φαίνε-

248 3068 375 3116 rat;
412 3050 445 3120 ἢ
478 3047 592 3111 πῶς
637 3049 666 3101 6
696 3046 868 3116 Λόγος
915 3043 1139 3112 ἁδελφὸς
1172 3036 1311 3095 εἶναι
1349 3041 1571 3093 δύναται
1600 3032 1661 3092 οὗ
1710 3040 1827 3093 ἐστι

249 3141 423 3210 Λόγος
443 3157 459 3207 ;

938 3246 1139 3299 AAAO.

319 3362 436 3414 Οὐκ
470 3359 535 3414 ἐκ
564 3376 709 3422 τινος
750 3359 925 3430 ἀρχῆς
960 3359 1420 3431 προϋπαρχούσης
1459 3361 1827 3432 ἐγεννήθησαν

225 3432 279 3506 ’ὁ
310 3451 496 3522 Πατὴρ
546 3452 639 3504 καὶ
687 3454 715 3504 6
752 3450 901 3515 Υἱὸς,
934 3451 1021 3504 ἵνα
1066 3452 1159 3506 καὶ
1213 3451 1433 3521 ἀδελφοὶ
1480 3452 1824 3524 νομισθῶσιν.

264 3543 405 3595 Ἀλλ’
421 3544 449 3594 6
474 3541 661 3613 Πατὴρ
689 3540 831 3611 ἀρχὴ
852 3540 943 3593 τοῦ
967 3539 1118 3603 Υἱοῦ,
1143 3541 1237 3594 καὶ
1260 3542 1431 3598 τίκτει
1450 3541 1544 3600 τὸν
1570 3543 1710 3605 Υἱὺν,
1737 3545 1829 3596 καὶ

256 3635 409 3706 μένει
440 3634 648 3704 Πατὴρ,
676 3634 769 3685 καὶ
790 3632 886 3701 οὐχ
909 3631 1033 3694 Υἱός
1058 3648 1203 3694 τινος
1247 3632 1462 3701 λέγεται
1484 3648 1498 3661 θ
1523 3633 1615 3690 καὶ
1645 3635 1673 3687 6
1702 3634 1829 3697 Υἱὸς

251 3725 386 3787 Υἱός
416 3726 565 3789 ἐστι,
600 3723 695 3777 καὶ
737 3722 871 3792 ὅπερ
904 3723 1021 3775 ἐστὶ
1082 3723 1270 3793 μένει’
1310 3724 1403 3779 καὶ
1454 3725 1556 3778 οὐκ
1602 3724 1829 3795 ἁδελφός

251 3834 399 3880 τινος
426 3818 568 3870 κατὰ.
591 3815 751 3884 φύσιν
780 3815 1016 3882 λέγεται.
1045 3815 1203 3868 Ποῖον
1228 3809 1324 3872 οὖν
1358 3815 1469 3881 ἔξει
1494 3817 1656 3871 τόπον
1682 3817 1830 3871 ἁδελ-

252 3910 423 3979 φότης
450 3910 509 3961 ὲν
534 3897 765 3971 satiram;

705 4017 828 4069 Ἔτι
859 4016 991 4085 περὶ
1019 4016 1371 4084 ἀϊδιότητος.

324 4127 387 4180 Εἰ
420 4127 619 4191 τέλειος
648 4128 676 4179 6
716 4126 923 4199 Πατὴρ,
955 4128 1159 4182 τέλειον
1197 4129 1351 4183 ἔσται
1399 4131 1493 4183 καὶ
1538 4131 1598 4184 τὸ
1641 4131 1697 4199 ἐξ
1729 4134 1825 4185 αὐ-

249 4218 367 4272 τοῦ.
399 4219 509 4272 Καὶ
538 4221 585 4271 εἰ
622 4220 756 4290 πρὸς
783 4220 956 4291 τούτῳ
985 4222 1045 4274 τὸ
1075 4222 1243 4275 ἀΐδιον
1289 4222 1422 4292 ἔχει,
1466 4223 1635 4278 ἀΐδιον
1678 4224 1827 4278 ἔσται

252 4313 346 4365 καὶ
378 4311 439 4364 τὸ
465 4311 522 4378 ἐξ
560 4311 732 4364 ἀϊδίου
771 4312 984 4383 Πατρὸς
1012 4314 1112 4367 οὐκ
1149 4315 1591 4384 ὲπισυμϐεϐηκὸς
1635 4320 1700 4386 τῇ
1733 4317 1827 4371 τοῦ

249 4404 617 4474 Γεννήσαντος
658 4402 837 4474 οὐσίᾳ,
875 4404 992 4457 ἀλλ’
1023 4406 1111 4457 ἀεὶ
1155 4406 1497 4477 συνυπάρχον
1536 4408 1708 4477 αὐτῇ*
1736 4411 1828 4462 καὶ

250 4496 352 4547 οὐκ
390 4494 575 4557 ἀτελὲς
605 4495 691 4548 διὰ
735 4496 797 4547 τὸ
826 4496 886 4549 ἐν
924 4497 1100 4569 χρόνῳ
1142 4497 1417 4566 γενέσθαι,
1463 4498 1604 4551 κατά
1635 4516 1787 4560 τινας
1810 4516 1822 4528 ·

249 4581 389 4636 ἀλλὰ
421 4583 643 4647 τέλειον,
675 4584 762 4637 διὰ
793 4583 855 4636 τὸ
893 4586 1000 4655 πρὸ
1044 4587 1244 4651 παντὸς
1292 4583 1430 4639 εἶναι
1478 4588 1690 4657 χρόνου.

937 4788 1143 4841 ΔΛΛΟ.

263 4896 665 4963 Ἐπαπόρησις
695 4895 869 4965 ἐτέρα
902 4898 1011 4976 διὰ
1052 4899 1159 4985 {ac
1201 4902 1288 4966 εις
1321 4901 1549 4956 ἄτοπον
1594 4902 1827 4973 ἀπαγω-

852 4984 984 5036 γης,
1016 4984 1223 5035 ουτως.

324 5078 387 5129 Εἰ
430 5078 530 5131 οὐκ
562 5077 708 5132 ἔστιν
738 5078 863 5145 Υἱὸς
893 5084 921 5134 6
967 5082 1061 5135 τοῦ
1103 5083 1238 5137 Θεοῦ
1268 5086 1463 5153 Λόγος,
1495 5086 1609 5139 ἀλλ’
1640 5087 1697 5153 ἐξ
1732 5088 1831 5140 οὐκ

252 5167 421 5220 ὄντων
458 5168 532 5233 ὡς
566 5168 776 5240 ποίημα
810 5173 1023 5241 γέγονε,
1056 5174 1317 5229 δεικνύτω
1350 5178 1614 5249 πρότερον
1644 5179 1672 5230 6
1704 5177 1830 5247 βου-

251 5256 494 5325 λόμενος.
539 5257 651 5311 Εἶθ’
677 5258 819 5313 οὕτω
857 5263 1068 5332 φερέτω
1096 5263 1279 5317 λοιπὸν
1312 5265 1451 5320 κατὰ
1496 5268 1827 5337 ποιήματος,

250 5343 313 5395 τὸ
339 5339 449 5398 Ἦν
495 5345 593 5399 ὅτε
620 5347 732 5399 οὐκ
766 5342 863 5416 ἦν.
909 5349 971 5400 Ei
1005 5348 1059 5400 δὲ
1092 5349 1217 5403 Υίὸν
1248 5351 1411 5405 αὐτὸν
1450 5352 1509 5405 αἱ
1542 5352 1679 5406 θεῖαι
1726 5371 1828 5405 κα-

251 5432 404 5485 λοῦσι
436 5435 668 5505 Γραφαὶ,
696 5438 789 5491 καὶ
815 5438 987 5503 οὕτως
1014 5442 1043 5494 6
1083 5441 1269 5512 Πατὴρ
1300 5441 1576 5513 ὀνομάζει,
1605 5444 1666 5496 τὸ
1701 5444 1831 5508 Υἱὸς

250 5526 425 5593 ὄνομα
470 5526 569 5596 τὴν
600 5530 664 5581 ἐκ
710 5531 923 5603 Πατρὸς
957 5533 1208 5603 γέννησιν
1244 5536 1530 5605 σημαίνει’
1578 5537 1677 5589 οὐκ
1722 5538 1830 5608 ἄρα

251 5617 468 5686 ποίημα
492 5618 584 5670 καὶ
621 5621 823 5691 κτίσμα
857 5624 1032 5676 ἐστίν’
1070 5626 1129 5677 οὐ
1165 5625 1271 5697 γὰρ
1303 5628 1499 5681 ταυτὸν
1529 5627 1606 5699 τῷ
1633 5645 1831 5696 γεννω-

1930 1932 2165 2000 aeternus
2198 1954 2281 2000 est
2323 1946 2514 2014 Filius,
2548 1959 2754 2004 etcum
2827 1949 2990 2005 Patre
3045 1952 3343 2018 coexsistit,
3394 1951 3506 2023 jam

1932 2036 2081 2091 illum
2114 2053 2219 2093 non
2243 2032 2460 2107 Filium,
2487 2042 2578 2095 sed
2634 2040 2856 2095 fratrem
2878 2057 2999 2098 esse
3025 2042 3223 2100 dicitis.

2422 2151 2633 2208 Salutio
2660 2155 2991 2225 objectiom‘s.

1990 2260 2125 2316 Cum
2155 2272 2484 2318 coaeternum
2511 2265 2761 2335 dicimus,
2784 2268 2978 2324 Filium
3006 2270 3170 2324 etiam
3207 2285 3329 2327 esse
3373 2273 3508 2329 dici-

1933 2367 2069 2405 mus.
2101 2353 2263 2422 Atqui
2302 2354 2346 2408 si
2369 2354 2690 2424 simpliciter
2711 2368 3171 2416 comernusesset
3192 2370 3246 2417 et
3274 2378 3381 2418 non
3421 2363 3507 2418 Fi-

1932 2443 2057 2508 lius,
2097 2445 2273 2499 locum
2305 2447 2528 2503 haberet
2555 2460 2734 2505 vestra
2764 2454 2965 2522 opinio.
2989 2448 3122 2509 Cum
3157 2470 3283 2510 vero
3313 2468 3507 2526 praeter

1933 2531 1985 2583 id
2009 2533 2149 2599 quod
2181 2543 2414 2589 aeternus
2465 2546 2568 2602 est,
2598 2538 2792 2594 Filium
2827 2543 2988 2597 etiam
3022 2559 3141 2599 esse
3168 2547 3503 2617 profitemur,

1935 2638 2041 2690 quo
2071 2633 2229 2692 pacto
2255 2625 2429 2680 Filius
2469 2628 2631 2684 fuerit
2660 2630 2830 2686 frater
2851 2635 2931 2688 sui
2958 2636 3257 2703 genitoris?

2606 2738 2838 2795 ALIUD.

1999 2840 2055 2894 Si
2094 2841 2224 2897 fides
2248 2854 2428 2899 nostra
2465 2856 2552 2902 est
2575 2849 2626 2902 in
2664 2848 2875 2904 Patrem
2903 2864 2956 2907 et
2983 2853 3199 2921 Filium,
3231 2867 3391 2930 atque
3433 2862 3506 2918 ita

1934 2931 2271 3001 baptizamur
2301 2954 2313 2989 :
2343 2953 2589 3006 quamam
2641 2940 2956 2998 fraternitas
3011 2946 3064 2999 in
3118 2951 3218 3003 hoc
3246 2956 3506 3020 apparet?

1930 3034 2025 3077 aut
2050 3039 2158 3092 quo
2191 3037 2347 3095 pacto
2365 3028 2598 3084 Verbum
2625 3030 2791 3085 frater
2819 3048 2938 3090 esse
2968 3048 3129 3105 queat
3176 3041 3296 3111 ejus
3353 3045 3507 3115 cujus

1930 3126 2012 3171 est
2040 3116 2311 3172 Verbum?

2529 3236 2635 3306 23
2674 3238 2903 3296 ALIUD.

2002 3344 2162 3401 Pater
2204 3355 2259 3401 et
2311 3347 2481 3404 Filius
2538 3366 2642 3405 nou
2701 3368 2766 3408 ex
2818 3356 3000 3426 aliquo
3046 3359 3313 3431 principio
3357 3368 3507 3435 prius

1932 3437 2229 3493 exsistcute
2261 3440 2367 3493 orti
2402 3451 2550 3506 sunt,
2579 3452 2638 3497 ut
2669 3445 2864 3501 fratres
2895 3450 3108 3505 censeri
3134 3457 3362 3522 possint.
3397 3459 3507 3515 Sed

1931 3526 2091 3582 Pater
2125 3528 2449 3597 principium
2502 3540 2589 3584 est
2641 3531 2784 3599 Filii,
2833 3544 2886 3587 et
2917 3537 3091 3605 gignit
3140 3538 3357 3608 Filium,
3392 3561 3508 3599 ma-

1934 3631 2131 3689 netque
2182 3617 2360 3683 Pater,
2392 3636 2568 3691 neque
2620 3625 2787 3679 Filius
2820 3627 3136 3697 cujusquam
3168 3633 3388 3691 dicitur.
3440 3638 3509 3693 Et

1932 3712 2102 3768 Filius
2130 3728 2213 3772 est
2252 3718 2443 3779 Filius,
2475 3728 2530 3771 et
2558 3720 2701 3786 quod
2745 3731 2829 3775 est
2870 3732 3050 3779 manet
3082 3740 3095 3776 :
3129 3739 3304 3792 neque
3338 3726 3506 3784 frater

1932 3803 2245 3872 cujusquam
2267 3807 2564 3862 secundum
2598 3817 2846 3862 naturam
2881 3812 3099 3865 dicitur.
3136 3813 3309 3879 Quem
3345 3819 3509 3886 igitur

1932 3894 2153 3949 habebit
2191 3895 2366 3952 locum
2396 3898 2713 3976 fraternitas
2746 3901 2797 3954 in
2832 3903 2990 3957 istis?

2404 4007 2589 4061 Adhuc
2624 4009 2688 4063 dc
2717 4013 3032 4068 wternitate.

2003 4114 2058 4169 Si
2107 4118 2379 4185 perfectus
2427 4130 2510 4175 est
2548 4123 2729 4189 Pater,
2759 4127 2919 4179 etiam
2960 4130 3104 4197 quod
3156 4144 3221 4185 ex
3261 4132 3376 4201 ipso
3422 4128 3533 4189 est

1930 4208 2227 4277 perfectum
2283 4214 2406 4265 erit.
2451 4211 2515 4266 Et
2559 4213 2602 4267 si
2648 4216 2713 4268 ad
2744 4216 2866 4285 ,hoc
2914 4221 3271 4279 aeternitatem
3317 4225 3504 4293 habet,

1930 4307 2191 4353 aeternum
2217 4301 2380 4354 etiam
2412 4304 2517 4357 erit
2545 4307 2685 4372 quod
2731 4322 2795 4359 ex
2845 4318 3046 4364 aeterno
3074 4310 3235 4369 Patre
3265 4327 3370 4382 est,
3398 4335 3505 4374 non

1932 4388 2001 4441 ita
2049 4398 2106 4441 ut
2156 4393 2367 4445 accidat
2411 4395 2686 4449 Genitoris
2733 4400 3004 4461 essetitim,
3056 4405 3147 4456 sed
3198 4420 3413 4476 semper
3454 4410 3505 4464 ci

1930 4481 2288 4535 coexsistens.
2325 4483 2508 4551 Neque
2539 4487 2913 4554 imperfectum
2940 4490 3079 4555 ideo,
3109 4495 3250 4562 quod
3276 4495 3327 4548 in
3366 4506 3505 4552 tem-

1936 4583 2086 4638 pore,
2128 4570 2279 4639 juxta
2326 4574 2680 4640 quorumdam
2732 4582 3060 4647 opinionem,
3111 4586 3348 4647 genitum
3396 4589 3498 4653 sit;

1936 4661 2026 4713 sed
2058 4661 2374 4729 perfectum,
2416 4663 2557 4731 quod
2589 4676 2711 4718 ante
2744 4685 2903 4722 0mm:
2931 4683 3140 4739 tempus
3168 4674 3413 4728 exsistat.

2604 4776 2834 4832 ALIUD.

2021 4884 2250 4948 Qumstio
2304 4903 2419 4940 cum
2486 4889 2782 4943 reductione
2834 4893 2903 4946 ad
2964 4894 3283 4960 absurdum,
3340 4900 3431 4951 Ιιοι

2626 4972 2796 5028 pacto.

2011 5090 2066 5143 Si
2099 5106 2203 5143 non
2244 5101 2324 5145 est
2357 5091 2524 5145 Filius
2559 5091 2798 5148 Verbum
2841 5094 2954 5158 Dei,
2984 5097 3075 5149 sed
3104 5111 3132 5148 e
3164 5095 3330 5149 nihilo
3364 5099 3505 5151 sicut

1938 5190 2184 5234 creatura
2224 5182 2394 5237 factus
2424 5193 2526 5247 est,
2577 5190 2675 5239 hoc
2710 5189 2861 5255 prius
2890 5188 3140 5241 ostendat
3179 5187 3269 5257 qui
3319 5189 3505 5243 volet:

1937 5285 2002 5324 ac
2026 5280 2135 5325 tum
2162 5273 2376 5327 demum
2403 5274 2569 5340 dicat,
2595 5277 2756 5330 veluti
2789 5280 2852 5331 de
2883 5287 3153 5343 creatura,
3190 5280 3338 5344 illud,
3374 5280 3504 5336 Erat

1936 5362 2146 5432 quando
2177 5378 2280 5415 non
2326 5373 2461 5418 erat.
2496 5364 2589 5418 Sin
2637 5381 2767 5421 vero
2796 5366 2988 5421 Filium
3032 5383 3183 5423 sacra
3225 5369 3504 5438 Scriptura

1937 5452 2188 5521 appellat,
2228 5462 2390 5523 atque
2445 5455 2515 5508 ita
2564 5455 2725 5510 Pater
2770 5458 3042 5525 nominat;
3101 5475 3293 5514 nomen
3340 5458 3504 5513 Filius

1937 5545 2338 5614 generationem
2380 5563 2443 5601 ex
2478 5548 2637 5604 Patre
2681 5550 2949 5621 significat
2977 5570 2989 5606 :
3020 5566 3125 5606 non
3168 5552 3332 5623 igitur
3365 5566 3502 5621 npus

1938 5646 1991 5690 et
2022 5648 2269 5692 creatura
2312 5648 2434 5694 est:
2467 5656 2639 5712 neque
2679 5644 2820 5698 enim
2853 5645 2993 5700 idem
3030 5653 3113 5700 est
3162 5660 3284 5699 cum
3323 5646 3501 5711 genitu

328 5730 372 5761 "
401 5729 557 5786 Prov.
586 5749 703 5797 vm,
733 5737 824 5789 23.
904 5737 948 5767 “
970 5736 1123 5791 Joan.
1159 5754 1278 5803 vm,
1309 5741 1396 5795 58.
1471 5742 1512 5772 ³⁷
1541 5742 1740 5799 Jerem.
1769 5763 1805 5809 ι,

1966 5750 2009 5780 ³⁸
2042 5751 2173 5804 Dan.
2214 5768 2328 5819 xm,
2355 5752 2443 5806 42.

537 5825 807 5889 Ριτιιοι..
842 5829 959 5891 Gn.
996 5831 1243 5893 LXXV.

3120 5852 3152 5909 ‘2
