4144 6538
672 344 742 402 43
1695 345 1753 400 S.
1799 346 2075 401 CYRlLLl
2113 347 2582 407 ALEXANDRINI
2621 354 2938 412 ARCHIEP.
3844 363 3916 423 44

672 462 933 508 creatum.
992 455 1047 508 Si
1095 465 1273 510 autem
1318 457 1432 510 ~hoc
1484 473 1668 511 verum
1716 468 1817 521 est,
1869 474 1975 513 non
2024 461 2229 515 habebit

2348 465 2492 535 μένῳ
2520 468 2582 521 τὸ
2611 469 2944 541 κτιζόμενον.
3003 475 3066 526 Εἰ
3112 474 3169 527 δὲ
3214 474 3370 528 τοῦτο
3409 475 3641 546 ἀληθὲς,
3668 477 3765 548 οὐχ
3801 476 3915 545 ἕξει

672 544 847 597 locum
880 544 1029 612 illud,
1073 544 1195 599 Non
1226 557 1356 610 erat,
1391 548 1456 601 de
1486 547 1642 613 Filio,
1694 552 1836 617 quod
1875 550 2130 604 nimirum
2174 552 2240 605 de

672 634 801 689 solis
834 636 1100 692 creaturis
1125 640 1339 708 proprie
1372 638 1595 693 dicitur.

1347 748 1573 804 ALIUD.

745 858 802 915 Si
835 860 1004 916 Filius
1031 862 1242 931 genitus
1271 872 1353 916 est
1383 878 1409 915 a
1449 863 1605 916 Patre
1639 881 1651 916 :
1682 862 1810 916 illud
1843 878 1972 919 vero
1998 864 2140 934 quod
2171 881 2239 920 ex

670 949 830 1007 Patre
859 952 1097 1019 genitum
1130 961 1231 1015 est,
1262 953 1493 1007 Verbum
1534 953 1701 1021 ipsius
1732 964 1836 1018 est,
1871 963 1924 1007 et
1953 955 2237 1024 sapientia,

669 1050 725 1094 et
764 1041 1021 1109 splendor
1041 1042 1119 1107 ³⁰;
1160 1043 1249 1111 qui
1300 1044 1485 1098 dicunt
1519 1043 1690 1098 :Erat
1734 1047 1943 1113 quando
1987 1063 2089 1099 non
2128 1056 2239 1101 erat

666 1125 864 1193 Filius,
898 1129 1079 1197 procul
1116 1129 1277 1183 dubio
1309 1141 1557 1185 asserunt
1588 1133 1753 1188 fuisse
1784 1144 1995 1204 tempus
2026 1135 2240 1203 quando

665 1214 826 1270 Pater
886 1216 1091 1283 absque
1147 1216 1347 1283 Verbo,
1405 1221 1611 1289 absque
1662 1222 1947 1291 sapientia,
2009 1222 2241 1292 denique

663 1304 869 1371 absque
917 1304 1138 1373 proprio
1186 1319 1284 1359 suo
1328 1307 1613 1377 splendore
1642 1311 1933 1364 exstiterit.
1980 1312 2074 1365 Siu
2112 1327 2239 1366 vero

666 1395 767 1448 hoc
800 1394 1095 1449 absurdum
1125 1406 1229 1463 est,
1258 1409 1407 1451 certe
1452 1399 1601 1463 illud,
1656 1400 1778 1453 Non
1808 1412 1944 1464 erat,
1984 1403 2050 1457 de
2082 1402 2235 1467 Filio,

662 1486 895 1541 otiosum
930 1486 1056 1542 erit.
1100 1486 1217 1541 Erit
1248 1489 1431 1556 itaque
1462 1488 1609 1543 Patri
1641 1501 1967 1546 coaeternus.

1318 1579 1546 1634 ALIUD.

664 1686 901 1755 Obiectio
944 1704 1045 1741 non
1081 1704 1228 1755 vera,
1256 1705 1373 1759 qua:
1412 1689 1456 1741 F
1462 1691 1541 1743 itii
1575 1693 1920 1747 aeternitatem
1946 1695 2240 1751 subvertere

1334 1760 1563 1815 videtur.

732 1869 814 1935 Si,
852 1870 1125 1939 inquiunt,
1166 1868 1346 1924 divina
1392 1880 1587 1925 natura
1621 1873 1937 1927 divisionem
1988 1889 2090 1927 non
2139 1875 2229 1929 ad.

664 1964 855 2029 mittit,
883 1977 948 2018 eo
968 1964 1109 2032 quod
1138 1962 1285 2016 nulla
1316 1964 1500 2032 passio
1530 1963 1581 2017 in
1609 1978 1725 2018 eam
1755 1965 1896 2018 cadit
1923 1965 2064 2034 (qua:
2092 1966 2233 2019 enim

661 2054 903 2123 passioni
951 2055 1183 2108 obnoxia
1220 2064 1368 2118 Sll’lll,
1406 2054 1471 2108 iis
1504 2056 1666 2108 etiam
1696 2056 1970 2122 proprium
2021 2068 2104 2111 est
2152 2058 2233 2110 di-

660 2144 796 2215 vidi)
827 2161 932 2199 non
964 2157 1049 2199 est
1079 2144 1188 2216 24
1220 2144 1482 2199 dicendus
1504 2144 1672 2199 Filius
1702 2160 1769 2199 ex
1796 2146 2029 2200 essentia
2060 2147 2234 2202 Patris

661 2251 805 2300 esse,
848 2250 915 2289 ne
939 2236 1117 2305 passio
1145 2237 1324 2304 aliqua
1370 2245 1425 2289 et
1455 2235 1649 2289 divisio
1678 2235 1729 2289 in
1773 2236 2002 2305 simplici
2040 2247 2229 2292 natura

659 2328 926 2382 videatur.
974 2327 1030 2381 Si
1067 2328 1211 2382 enim
1261 2328 1311 2380 id
1348 2327 1491 2395 quod
1546 2341 1610 2381 ex
1647 2327 1829 2394 aliquo
1859 2329 2118 2397 procedit,
2154 2331 2232 2384 di-

659 2432 875 2471 versum
923 2418 1081 2487 plane
1124 2431 1352 2471 numero
1403 2426 1488 2471 est
1534 2418 1602 2471 ab
1650 2432 1716 2471 eo
1771 2421 1906 2473 unde
1946 2422 2228 2488 processit,

663 2506 859 2562 divisio
888 2507 1134 2576 quaedam
1166 2519 1328 2575 atque
1361 2508 1533 2561 sectio
1570 2508 1622 2559 in
1656 2508 1832 2561 divina
1867 2519 2056 2564 natura
2082 2513 2230 2567 vide-

663 2603 772 2660 tur,
814 2595 857 2648 si
900 2612 1005 2650 non
1052 2596 1410 2659 extrinsecus,
1453 2598 1545 2649 sed
1610 2612 1796 2652 revera
1847 2615 1913 2654 ex
1957 2601 2071 2670 ipsa
2104 2617 2227 2671 pro-

660 2685 892 2739 cessisse
920 2684 1114 2739 Filium
1155 2694 1480 2739 statuamus.
1516 2683 1570 2738 Si
1604 2702 1729 2740 vero
1759 2690 2095 2746 extrinsecus
2124 2700 2227 2756 est,

660 2789 789 2843 ergo
817 2788 980 2843 super
1007 2777 1259 2838 accessit,
1302 2790 1474 2844 neque
1505 2785 1587 2829 est
1626 2777 1772 2833 Patri
1796 2791 2119 2836 coazternus.

1165 2948 1364 3003 Salutio
1396 2951 1722 3021 objectiouis.

726 3056 862 3112 Male
904 3058 1259 3127 imperiteque
1304 3074 1595 3130 corporum
1645 3063 2003 3131 proprietates
2044 3065 2225 3121 incor-

656 3162 834 3216 poreae
866 3148 1116 3203 essentiae
1148 3151 1581 3204 accommodant.
1633 3150 1690 3204 ιιι
1724 3154 2041 3222 corporibus
2083 3156 2222 3209 enim
2251 3126 2293 3183 α

656 3249 805 3293 recte
856 3238 962 3294 dici
1001 3248 1178 3307 potest
1210 3239 1326 3293 ﬁeri
1376 3243 1682 3308 passionem
1730 3253 1784 3297 et
1837 3245 2130 3298 sectionem
2163 3260 2227 3300 ac

654 3329 1010 3396 divisionem;
1059 3339 1115 3382 at
1162 3329 1215 3382 in
1250 3339 1498 3384 naturam
1531 3332 1907 3403 iucorpoream
1957 3335 2091 3389 nihil
2127 3336 2226 3390 ho-

657 3436 775 3475 runt
833 3422 999 3475 cadit.
1047 3418 1105 3475 Si
1146 3435 1275 3474 vero
1325 3422 1467 3477 Deus
1515 3424 1869 3493 incorporeus
1909 3435 2010 3490 est,
2058 3426 2226 3496 gignit

653 3513 789 3566 citra
826 3513 906 3567 sui
959 3511 1304 3581 divisionem,
1340 3526 1565 3585 generat
1618 3516 1755 3570 citra
1806 3518 2121 3571 sectionem.
2164 3519 2222 3573 Si

654 3606 872 3674 quidem
902 3605 1068 3658 etiam
1115 3606 1255 3676 ignis
1283 3609 1456 3677 gignit
1476 3623 1539 3662 ex
1563 3622 1621 3661 se
1650 3607 1852 3670 lumen,
1907 3608 2108 3662 nullam
2142 3617 2225 3664 ta-

656 3710 776 3750 men
799 3695 1113 3752 divisionem
1138 3697 1361 3765 patitur,
1391 3698 1601 3752 tametsi
1628 3698 1958 3767 cogitatione
1980 3702 2223 3770 separari

653 3787 1044 3856 quodammodo
1078 3788 1147 3842 ab
1189 3803 1256 3844 eo
1284 3790 1534 3844 videatur
1559 3789 1611 3843 id
1644 3789 1790 3858 quod
1830 3804 1895 3843 ex
1935 3804 2001 3845 eo
2031 3806 2220 3858 proce-

652 3880 749 3933 dit.
784 3876 841 3931 Si
876 3879 997 3948 quis
1024 3893 1150 3933 vero
1184 3893 1461 3949 corporeae
1498 3879 1814 3961 pecessitati
1847 3880 2219 3948 incorpoream

652 3980 901 4023 naturam
950 3970 1227 4039 subjiciat,
1282 3972 1479 4024 mentis
1513 3986 1624 4025 suae
1673 3971 2095 4028 imbecillitatem
2139 3972 2223 4026 in-

652 4068 822 4124 cuset,
856 4074 974 4127 qua:
1002 4074 1064 4113 ea
1093 4061 1396 4129 intelligere
1425 4062 1613 4129 nequit
1645 4076 1764 4129 quae
1795 4072 2005 4116 naturae
2044 4063 2221 4118 incor-

651 4160 827 4213 poreae
855 4146 1204 4201 conveniunt.
1235 4148 1300 4201 Et
1328 4162 1542 4203 rursum
1576 4167 1589 4201 :
1622 4148 1677 4203 Si
1712 4150 1952 4205 nonnulli
1983 4151 2035 4205 in
2064 4151 2221 4208 intel-

2341 560 2504 612 τόπον
2534 561 2615 623 τὸ,
2660 564 2781 616 Οὐκ
2835 560 2935 633 ἦν,
2970 567 3053 636 ἐφ’
3089 567 3241 633 Υἱοῦ,
3280 569 3421 623 κατὰ
3479 571 3656 640 μόνων
3687 572 3915 642 κτισμάο

2339 668 2448 704 των
2482 653 2685 722 κυρίως
2717 655 3023 725 τιθέμενον.

3042 773 3247 825 ΑΛΛΟ.

2409 877 2471 929 Εἰ
2514 878 2779 949 ἐγεννήθη
2818 881 2847 932 6
2880 880 3007 945 Υἱὸς
3053 884 3200 954 παρὰ
3248 883 3340 936 τοῦ
3376 885 3607 956 Πατρὸς,
3648 885 3707 940 τὸ
3747 888 3803 940 δὲ
3849 889 3913 941 ὲκ

2338 966 2431 1018 τοῦ
2478 968 2687 1037 Πατρὸς
2736 970 2993 1039 γεννηθὲν
3050 973 3276 1040 όΛόγος
3324 974 3470 1026 ἐστὶν
3520 974 3711 1039 αὑτοῦ,
3754 977 3848 1029 καὶ
3875 979 3910 1046 ἡ

2341 1058 2523 1125 σοφία,
2549 1060 2640 1111 καὶ
2666 1060 2726 1112 τὸ
2753 1061 3110 1132 ἀπαύγασμα,
3138 1064 3185 1115 οἱ
3211 1063 3459 1130 λέγοντες
3479 1082 3493 1095 °
3526 1059 3636 1120 Ἦν
3672 1066 3770 1120 ὅτε
3800 1072 3911 1121 οὐκ

2340 1149 2421 1217 ἦν
2444 1152 2477 1202 ό
2503 1150 2653 1216 Υἱὸς,
2680 1150 2937 1221 ἄντικρυς
2962 1152 3230 1221 λέγουσιν,
3260 1150 3369 1207 Ἦν
3397 1156 3485 1208 ὅτε
3513 1156 3703 1225 ἄλογος
3717 1153 3785 1228 ἦν
3816 1160 3914 1212 καὶ

2340 1241 2557 1308 ἄσοφος,
2584 1244 2675 1294 καὶ
2703 1244 2871 1311 χωρὶς
2895 1243 2989 1295 τοῦ
3018 1244 3147 1296 ἰδίου
3178 1246 3613 1316 άπαυγάσματος
3637 1251 3665 1301 6
3698 1250 3909 1319 Πατήρ.

2342 1332 2405 1384 El
2438 1332 2493 1385 δὲ
2535 1332 2690 1385 τοῦτο
2723 1334 2943 1396 ἄτοπον,
2986 1335 3215 1405 ἀργήσει
3255 1337 3471 1399 πάντως
3502 1339 3592 1390 ἐπὶ
3644 1339 3738 1393 τοῦ
3779 1338 3911 1392 Υίοῦ

2342 1421 2420 1486 τὸ,
2454 1424 2576 1476 Οὐκ
2613 1419 2710 1477 οἶν.
2744 1423 2933 1476 Ἔσται
2967 1420 3060 1476 οὖν
3090 1424 3165 1476 τῶ
3202 1425 3377 1495 Πατρὶ
3414 1425 3699 1489 συναῖδιος.

3023 1597 3221 1650 ΑΛΛΟ.

2350 1705 2669 1772 Ἀντίθεσις
2696 1724 2807 1761 ουκ
2840 1708 3094 1776 ἀληθὴς,
3124 1710 3477 1778 ἀνατρέπειν
3502 1709 3908 1768 δοκοῦσα’τοῦ

2898 1779 3031 1834 Υἱοῦ
3062 1780 3125 1833 τὸ
3160 1779 3371 1834 ἀΐδιον,

2406 1888 2469 1939 Et
2505 1888 2696 1958 τομὴν,
2730 1888 2913 1958 φησιν,
2942 1891 2975 1961 ἡ
3011 1889 3129 1944 θεία
3152 1891 3310 1961 φύσις
3336 1893 3437 1946 οὐκ
3467 1894 3791 1963 ἐπιδέχεται,
3822 1894 3910 1949 διὰ

2333 1977 2395 2029 τὸ
2432 1978 2505 2048 μὴ
2550 1975 2689 2032 εἶναι
2731 1979 2937 2044 πάθους
2981 1982 3234 2054 δεκτικὴν
3282 1978 3395 2055 (οἷς
3435 1985 3544 2057 γὰρ
3582 1987 3642 2039 τὺ
3682 1987 3910 2057 πάσχειν

2335 2067 2476 2120 κατὰ
2509 2066 2670 2134 φύσιν
2705 2068 2968 2138 ὑπάρχει,
3017 2071 3225 2134 τούτοις
3279 2073 3425 2124 ἐστὶν
3457 2074 3653 2126 οἰκεῖον
3703 2075 3798 2126 καὶ
3846 2074 3909 2125 1:6

2332 2157 2671 2228 τέμνεσθὰι),
2699 2160 2759 2211 οὐ
2794 2158 2898 2230 χρὴ
2927 2160 3109 2229 λέγειν
3138 2162 3201 2214 ὲκ
3229 2162 3327 2233 τῆς
3359 2163 3547 2226 οὐσίας
3571 2162 3665 2216 τοῦ
3696 2159 3908 2232 Πατρὸς

2331 2244 2472 2303 εἶναι
2504 2249 2595 2302 τὸν
2630 2248 2778 2315 Υἰὸν,
2822 2250 2907 2303 ἵνα
2938 2252 3013 2321 μή
3055 2268 3108 2304 τι
3140 2251 3313 2315 πάθος
3342 2254 3435 2305 καὶ
3480 2253 3748 2325 διαίρεσις
3780 2255 3909 2324 περὶ

2330 2340 2427 2411 τὴν
2456 2340 2634 2410 ἁπλῆν
2668 2340 2924 2411 φαίνηται
2954 2340 3136 2410 φύσιν.
3180 2344 3242 2396 El
3275 2345 3384 2415 γὰρ
3413 2345 3472 2396 τὸ
3502 2343 3565 2397 ἐκ
3601 2361 3745 2407 τινος
3775 2361 3909 2413 προ-

2330 2432 2501 2498 ελθὸν,
2533 2432 2717 2503 ἕτερόν
2750 2449 2803 2484 τι
2848 2433 3065 2495 πάντως
3105 2433 3181 2504 τῷ
3212 2433 3429 2506 ἀριθμῷ
3468 2436 3595 2506 παρ’
3620 2437 3813 2497 ἐκεῖνο,
3847 2433 3909 2498 ἐξ

2329 2518 2390 2577 οὗ
2424 2527 2518 2577 καὶ
2554 2524 2810 2595 προῆλθε,
2852 2526 3118 2596 μερισμός
3148 2542 3231 2588 τις
3264 2526 3359 2578 καὶ
3388 2526 3620 2597 διακοπὴ
3654 2528 3781 2595 περὶ
3809 2525 3907 2595 τὴν

2329 2614 2479 2667 θείαν
2509 2616 2698 2684 ὁρᾶται
2730 2613 2910 2682 φύσιν,
2936 2614 2984 2665 εί
3021 2613 3095 2685 μὴ
3127 2613 3346 2679 ἔξωθεν,
3378 2613 3491 2667 ἀλλ’
3519 2614 3685 2674 ὅντως
3718 2614 3775 2679 ἐξ
3803 2612 3901 2664 αὑ-

2326 2706 2425 2774 τῆς
2456 2704 2678 2773 δοίημεν
2714 2704 2995 2774 προελθεῖν
3027 2704 3119 2757 τὸν
3150 2704 3297 2759 Υίὸν.
3327 2707 3389 2757 Et
3424 2704 3481 2757 δὲ
3510 2705 3708 2769 ἔξωθὲν
3736 2708 3904 2768 ἐστιν,

2328 2795 2765 2867 ὲπισυμϐἐϐηκεν
2806 2795 2943 2865 ἄρα,
2990 2797 3085 2848 καὶ
3119 2796 3219 2849 οὐκ
3265 2796 3378 2850 ἔστι
3431 2797 3507 2867 τῷ
3560 2797 3736 2868 Πατρὶ
3784 2813 3908 2849 συν-

2327 2885 2513 2947 αῒδιος.

2819 2976 2973 3045 Πρὸς
2996 2977 3171 3032 τοῦτο
3205 2981 3404 3046 λύσις.

2396 3087 2598 3151 Κακῶς
2628 3089 2720 3141 καὶ
2748 3089 3090 3155 ἀπαιδεύτως
3119 3093 3189 3146 τά
3225 3096 3495 3163 σωμάτων
3530 3093 3632 3145 ἴδια
3664 3095 3729 3163 τῇ
3763 3094 3906 3146 ἀσω-

2329 3180 2483 3250 μάτῳ
2511 3182 2652 3243 τινὲς
2683 3182 3086 3251 προσάπτουσιν
3119 3184 3298 3255 οὐσίᾳ.
3340 3185 3462 3236 Ἔτι)⁸
3499 3184 3764 3253 σωμάτων
3804 3185 3908 3253 μὲν

2324 3268 2432 3339 γὰρ
2464 3269 2693 3339 ἁρμόσει
2726 3271 2926 3338 λέγειν,
2970 3272 3138 3335 πάθος
3166 3273 3412 3341 γίνεσθαι
3454 3273 3550 3325 καὶ
3592 3272 3762 3343 τομὴν
3812 3274 3907 3326 καὶ

2323 3359 2615 3429 διαίρεσινο
2658 3361 2749 3412 ἐπὶ
2781 3361 2836 3415 δὲ
2869 3362 2969 3431 τῆς
3014 3364 3312 3433 ἀσωμάτου
3358 3364 3568 3439 φύσεως
3598 3363 3747 3416 οὐδέν
3788 3366 3906 3416 ἐστι

2322 3449 2433 3503 τῶν
2469 3450 2744 3505 τοιούτων.
2791 3452 2853 3504 Εί
2899 3452 2954 3505 δὲ
2992 3453 3280 3525 ἀσώματος
3328 3455 3356 3506 6
3390 3454 3551 3516 Θεὸς,
3601 3454 3773 3507 τίκτει
3828 3454 3904 3524 μὴ

2326 3543 2702 3614 μεριζόμενος,
2747 3547 2912 3615 γεννᾷ
2950 3544 3023 3613 μὴ
3059 3545 3409 3613 τεμνόμενος,
3453 3544 3670 3613 Ἐπειδὴ
3708 3545 3800 3596 καὶ
3841 3544 3904 3595 τὸ

2324 3632 2435 3703 πῦρ
2480 3634 2539 3697 ἐξ
2582 3633 2776 3686 ἑαυτοῦ
2816 3634 2989 3685 τίκτει
3036 3633 3096 3685 τὸ
3141 3632 3291 3701 φῶς,
3343 3632 3599 3702 οὐδεμίαν
3635 3633 3904 3702 ὑπομένον

2321 3724 2601 3795 διαίρεσιν,
2634 3725 2737 3777 κᾶν
2766 3727 2830 3792 τῇ
2872 3723 3085 3793 ἐπινοίᾳ
3116 3722 3438 3793 χωρίζεσθαι
3472 3725 3600 3793 δοκῇ
3646 3741 3766 3786 πως
3804 3726 3902 3776 αὑ-

2321 3813 2414 3864 τοῦ
2452 3815 2514 3865 τὸ
2548 3814 2607 3878 ἐξ
2650 3816 2813 3868 αὑτοῦ
2858 3815 3142 3886 προελθόν.
3191 3815 3338 3867 Εἰδέ
3371 3833 3453 3878 τις
3498 3818 3614 3877 ταῖς
3658 3832 3902 3883 σωματι-

2323 3907 2444 3967 καῖς
2466 3906 2729 3974 ἀνάγκαις
2761 3907 3051 3960 ὑποδάλλοι
3081 3907 3142 3960 τὸ
3174 3906 3482 3977 ἀσώματον,
3518 3906 3779 3960 αἰτιάσθω
3806 3906 3900 3959 τοῦ

2321 3997 2520 4048 οἰκείου
2554 3996 2645 4049 νοῦ
2673 3996 2769 4064 τὴν
2801 3996 3108 4060 ἀσθένειαν,
3132 3998 3192 4049 ού
3230 3990 3529 4066 δυναμένου
3567 3999 3706 4049 νοεῖν
3731 3996 3798 4049 τὰ
3830 3999 3897 4067 τῇ

2321 4086 2595 4157 ἀσωμάτῳ
2629 4089 2902 4156 πρέποντα
2942 4087 3125 4157 φύσει.
3166 4090 3275 4140 Καὶ
3314 4088 3503 4142 πάλιν·
3535 4089 3582 4139 εί
3617 4085 3901 4140 άσθενοῦοί

671 4178 737 4199 ιυι
751 4178 827 4200 ιω
855 4178 1204 4201 Luuvcultun.
1235 4178 1300 4201 ut
1328 4178 1542 4203 ιυιθυιιι
1577 4190 1589 4201 .
1623 4178 1677 4203 0|
1712 4178 1952 4205 llUIllluul
1983 4178 2035 4205 Ill
2065 4178 2221 4208 IIIICP
2318 4194 2463 4241 τινες
2493 4180 2621 4247 περὶ
2646 4178 2706 4231 τὸ
2737 4180 2928 4248 νοῆσαι
2954 4180 3053 4253 τὴν
3171 4181 3339 4233 ἀϊδίου
3371 4180 3581 4251 Πατρὸς
3610 4179 3776 4233 ἀΐδιον
3806 4179 3899 4232 τοῦ

671 4236 849 4253 ,μέμ
916 4245 1103 4253 “hu,
1158 4235 1279 4253 πη..
1344 4246 1494 4253 _H__
1542 4252 1560 4253 η
1614 4251 1626 4253 A
1684 4234 1773 4253 η,
1824 4252 1833 4253 7
2079 4240 2111 4253 _.

599 4248 608 4263 π
650 4236 860 4305 ligenda
911 4245 1113 4290 aeterna
1158 4235 1281 4289 Filii
1336 4250 1399 4290 ex
1431 4246 1637 4290 aateruo
1683 4234 1843 4290 Patre
1872 4240 2219 4306 generatione

2442 4234 2459 4241 ν
2569 4234 2583 4247 ι
2820 4234 2832 4248 ι
3011 4234 3025 4253 ο
3124 4234 3141 4248 ν

2328 4268 2449 4323 ι’ίοῦ
2481 4271 2755 4337 γέννησιν,
2782 4272 2869 4324 διά
2896 4289 2955 4324 τε
2984 4272 3143 4325 τοῦτο
3172 4276 3290 4337 ταῖς

3322 4274 3656 4343 σωματικαῖς
3680 4270 3903 4324 ἀκολουο

650 4325 932 4390 laborant,
981 4337 1145 4394 atque
1174 4326 1294 4380 ideo
1323 4327 1596 4395 corporeis
1630 4326 1931 4381 rationibus
1970 4338 2216 4385 naturam

2328 4359 2457 4423 ὒίαις
2490 4362 2844 4416 ὑποϐάλλουσι
2872 4363 2930 4415 τὸ
2958 4363 3268 4433 ἀσώματον,
3301 4325 3487 4434 ὲπείδὴ
3516 4364 3611 4416 καὶ
3636 4362 3692 4414 τί
3722 4365 3896 4429 ἐστιν,

646 4417 1023 4523 incorporeum
1048 4415 1369 4523 .subjiciuut
1402 4435 1416 4471 :
1451 4432 1570 4517 cum
1598 4431 1801 4523 “neque
1849 4420 1974 4520 quid
2024 4420 2098 4522 sit
2136 4422 2213 4476 vel
2248 4449 2290 4504 ο
2317 4451 2350 4523 ἢ
2382 4415 2617 4516 πέδαπδς
2700 4453 2850 4520 nam.”

648 4506 825 4575 qualis
859 4505 1157 4560 secundum
1202 4518 1450 4559 naturam
1497 4508 1569 4559 sit
1598 4505 1759 4561 Pater
1787 4523 1890 4561 non
1924 4509 2217 4576 inveniant,

648 4605 847 4665 negent
895 4597 1059 4650 etiam
1110 4597 1306 4665 ipsum.
1362 4595 1418 4650 Si
1474 4613 1601 4652 vero
1643 4614 1705 4652 ea
1754 4615 1874 4667 qua)
1912 4616 2073 4670 supra
2122 4618 2220 4659 nos

648 4692 797 4751 sunt,
829 4685 933 4740 title
974 4687 1477 4754 apprehenduntur,
1510 4698 1560 4742 et
1590 4686 1710 4741 Filii
1746 4690 2023 4756 generatio
2056 4705 2215 4761 supra

650 4789 751 4831 nos
800 4785 906 4843 est,
985 4791 1141 4831 nemo
1208 4778 1351 4831 enim
1419 4778 1533 4845 ejus
1579 4783 1977 4848 generationem
2028 4798 2218 4837 narra—

649 4868 747 4931 bit,
806 4876 865 4921 ut
912 4869 989 4922 ait
1038 4869 1297 4938 propheta
1335 4869 1402 4932 ⁴⁰,
1439 4871 1603 4924 etiam
1649 4874 1751 4927 hoc
1803 4873 1905 4927 [ide
1952 4875 2215 4944 suscipia-

651 4966 756 5021 tur,
789 4955 1111 5024 irritumque
1141 4958 1212 5011 sit
1250 4958 1401 5023 illud,
1434 4959 1556 5012 Non
1588 4972 1723 5026 erat,
1770 4977 1833 5016 ex
1875 4964 2095 5019 humani
2135 4966 2218 5020 itt-

652 5046 893 5101 tellectus
926 5047 1295 5103 imbecillitate
1330 5051 1619 5106 invectum.

1088 5159 1315 5215 ALIUD.
1356 5161 1433 5215 De
1457 5168 1767 5220 wternitate.

649 5270 997 5345 Syllogismus
1029 5289 1143 5326 cum
1169 5276 1397 5339 quadam
1430 5279 1717 5345 quaestione
1754 5298 2040 5345 connexus,
2076 5293 2211 5341 unde

716 5343 983 5408 colligitur
1030 5345 1377 5408 conﬁtendum
1431 5343 1581 5401 esse:
1621 5348 1703 5401 Er
1761 5356 1982 5406 essentia
2030 5343 2211 5410 Patris

715 5426 845 5471 esse,
882 5428 981 5462 non
1020 5418 1341 5469 extrinsecus
1374 5420 1653 5471 accessisse
1684 5418 1884 5474 Filium
1912 5439 1929 5477 :
1960 5425 2005 5476 si
2035 5436 2211 5479 autem

700 5481 789 5533 ita
821 5490 918 5546 est,
961 5493 1274 5536 coa'ternum
1300 5487 1458 5539 etiam
1492 5487 1647 5540 Patri
1676 5505 1806 5543 esse.

718 5726 760 5759 ³⁹
790 5724 812 5780 ι
840 5726 970 5785 Cor.
998 5744 1039 5798 ι,
1070 5727 1175 5799 24;
1208 5728 1372 5787 Hebr.
1403 5746 1442 5798 ι,
1480 5732 1533 5787 5.
1598 5731 1654 5805 _‘°
1682 5730 1785 5788 lsa.
1820 5748 1937 5803 LIII,
1973 5735 2025 5791 8.

2859 4471 2888 4520 ρ
2916 4454 3056 4506 κατὰ
3082 4456 3179 4523 τὴν
3206 4454 3363 4521 φύσιν
3393 4455 3490 4522 οὐχ
3535 4453 3901 4521 εὑρίσκουσιν,

2321 4542 2693 4613 ἀρνείσθωσαν
2726 4547 2819 4596 καὶ
2850 4545 3031 4599 αὐτόν.
3065 4543 3127 4597 Ei
3166 4545 3221 4597 δὲ
3262 4544 3437 4596 πίστει
3474 4544 3542 4596 τά
3572 4544 3714 4614 ὑπὲρ
3753 4545 3904 4613 ἡμᾶς

2324 4634 2837 4706 παραλαμϐάνεται,
2868 4636 3008 4708 ὑπὲρ
3042 4638 3185 4706 ἡμᾶς
3211 4637 3265 4689 δὲ
3293 4637 3386 4690 καὶ
3415 4638 3446 4706 ἡ
3482 4636 3575 4689 τοῦ
3618 4635 3749 4688 Υἱοῦ
3784 4638 3905 4704 γέν-

2323 4743 2476 4797 νησις
2496 4746 2507 4757 ·
2532 4728 2705 4791 οὐδεὶς
2732 4728 2839 4799 γὰρ
2872 4730 3034 4783 αὐτοῦ
3062 4731 3157 4800 τὴν
3184 4729 3373 4798 γενεὰν
3397 4730 3732 4801 διηγήσεται,
3760 4727 3905 4783 καθά

2321 4834 2488 4887 φησιν
2520 4819 2546 4870 6
2582 4821 2887 4890 προφήτης,
2940 4821 3123 4873 πίστει
3169 4820 3406 4890 δεχέσθω
3453 4822 3546 4872 καὶ
3586 4819 3762 4883 τοῦτο,
3808 4821 3904 4872 καὶ

2321 4908 2558 4979 ἀργείτω
2579 4911 2659 4976 τὸ,
2688 4913 2807 4965 Οὐκ
2834 4908 2931 4981 ἦν,
2960 4915 3020 4977 ἐξ
3048 4911 3401 4982 ἀνθρωπίνων
3431 4910 3707 4981 λογισμῶν
3740 4910 3907 4963 ἀσθε-

2324 5000 2429 5062 νῶς
2463 5001 2612 5070 είσφε
2624 5001 2869 5072 ρόμενον.

2716 5180 2920 5236 ΑΛΛΟ.
2965 5185 3101 5252 Περὶ
3135 5185 3491 5254 ἀΐδιότητος.

2317 5290 2754 5367 Συλλογισμός.
2784 5293 3142 5367 μετάᾼτινος
3192 5296 3624 5367 ἐπαπορήσεως
3676 5305 3905 5355 πεπλεο

2386 5358 2629 5439 ηιένος,
2662 5364 2761 5439 καί
2784 5358 3086 5439 ’συνάγων
3118 5358 3245 5439 ’8ch
3269 5358 3735 5438 ὁμολογίαν-’τοῦ
3772 5370 3905 5425 δεῖν

2402 5429 2493 5480 Ἐκ
2533 5429 2642 5506 τῆς
2676 5434 2889 5506 οὐσίας
2921 5429 3027 5506 τοῦ
3065 5429 3322 5504 Πατρὸς,
3359 5429 3473 5492 οὐκ
3511 5440 3736 5506 ἔξωθεν
3769 5440 3901 5492 ἑπι-

2390 5503 2669 5619 ἒεγονότα
2700 5501 2805 5554 τὸν
2840 5503 2977 5556 Flor
3012 5501 3492 5576 ὑπολαμϐάνειν
3520 5501 3573 5565 εί
3602 5510 3669 5563 δὲ
3698 5510 3897 5575 τοῦτο,

2430 5571 2583 5619 ΏλΟΥ
2616 5570 2699 5619 ὅτι
2728 5570 2825 5619 καὶ
2860 5571 2939 5619 τῶ
2980 5576 3155 5619 Πατηὶ
3194 5579 3509 5619 (γυνηΐδιην

2430 5570 2583 5635 ἧλον
2616 5570 2699 5626 ὅτι
2728 5570 2825 5625 καὶ
2860 5571 2939 5637 τῷ
2977 5576 3155 5646 Harp!
3194 5570 3509 5635 ἀυναΐδιον
