4144 6538
263 420 335 475 45
1674 424 1763 479 TH
1771 424 1820 478 E1

1916 426 2109 483 UBUS.
3435 436 3504 497 46

328 540 390 591 Εἰ
427 539 569 592 κατὰ
604 540 701 611 τὴν
741 540 1008 611 ὑμετέραν
1055 542 1331 607 ὑπόνοιαν,
1372 535 1416 594 ὦ
1447 540 1735 612 θεομάχοι,
1770 539 1820 608 ἐξ

2005 543 2061 597 Si
2087 548 2237 613 juxta
2270 558 2530 616 vestram,
2577 552 2759 609 hostes
2805 556 2921 619 Dei,
2969 556 3300 626 Opinionem,
3332 556 3503 614 Filius

254 629 356 682 οὐκ
396 631 566 683 ὄντων
595 633 742 684 ἐστὶν
769 634 796 685 6
834 628 987 696 Υἱὸς,
1022 634 1115 686 καὶ
1159 634 1258 685 οὐκ
1304 627 1372 702 ἦν
1404 632 1532 703 πρὶν
1574 632 1829 704 γεννηθῇ,

256 719 399 774 κατά
434 720 493 773 τὸ
540 720 783 791 μετέχειν
821 722 915 775 τοῦ
968 722 1127 784 Θεοῦ,
1175 722 1416 792 δηλονότι
1466 724 1716 794 καθάπερ
1764 725 1833 777 τὰ

256 809 391 863 ἀλλα
415 811 627 878 λογικά,
660 813 753 865 καὶ
796 812 958 875 αὐτὸς
1001 811 1201 883 ἐκλήθη
1233 812 1383 877 Θεὸς,
1425 811 1520 865 καὶ
1558 813 1703 876 Υἱὸς,
1739 815 1832 866 καὶ

257 894 444 971 Σοφία.
471 902 635 955 Τοῦτο
662 902 770 973 γὰρ
813 904 1049 973 ὑπάρχει
1091 906 1203 966 τοῖς
1240 903 1477 971 λογικοῖς
1515 904 1829 974 κτίσμασιν,

256 987 337 1055 οἷς
360 993 419 1045 οὐ
456 992 613 1061 φύσει
640 994 702 1046 τὸ
738 994 837 1063 τῆς
872 993 1123 1063 θεότητος
1168 994 1564 1064 ἐπαληθεύεται
1607 994 1827 1060 κάλλος,

254 1082 424 1152 ἀλλ’ἢ
464 1082 558 1135 τοῦ
591 1084 825 1147 διδόντος
872 1084 1032 1155 χάρις
1069 1085 1350 1155 προξενεῖ·
1395 1085 1471 1148 ὡς
1506 1087 1634 1138 ὅταν
1663 1087 1829 1161 λέγῃδ

258 1189 278 1222 ι
321 1171 464 1240 Ἐγὼ
491 1169 672 1228 εἷπον⁸
700 1174 823 1228 Θεοί
850 1175 993 1237 ἐστε,
1024 1168 1120 1229 καί¹
1147 1176 1253 1229 uici.
1285 1176 1541 1245 Ὑψίστου
1573 1178 1826 1241 πάντες.)

252 1260 445 1329 Σχέσει
492 1263 602 1332 γάρ
629 1266 695 1335 τῇ
732 1263 868 1333 πρὸς
898 1263 1027 1317 Θεὸν
1059 1264 1460 1334 υἱοποιηθὲντες
1509 1268 1639 1335 παρ’
1667 1268 1830 1320 αὐτοῦ

254 1344 667 1423 θεοποιοὺμεθα.
696 1353 760 1407 Εἰ
791 1355 971 1408 τοίνυν
1001 1354 1135 1408 Θεοῦ
1171 1357 1531 1426 μετασχόντες
1560 1357 1698 1411 κατά
1729 1361 1832 1430 χά-

256 1457 359 1511 ριν,
385 1444 491 1495 uici.
516 1442 649 1496 Θεοῦ
677 1445 1012 1516 κεκλήμεθα,
1046 1446 1189 1509 τίνος
1226 1447 1293 1499 ἂν
1324 1448 1543 1518 δοίημεν
1587 1450 1831 1521 μετέχειν

253 1531 344 1584 τὸν
368 1534 563 1602 Λόγον,
589 1535 678 1589 ἵνα
703 1537 926 1608 γένηται
950 1532 1076 1600 Υίὸς
1099 1537 1131 1609 ἢ
1158 1538 1321 1605 Θεός;
1358 1539 1547 1609 Ἡμεῖς
1576 1540 1676 1609 μὲν
1701 1542 1827 1613 γὰρ,

251 1624 342 1677 τοῦ
378 1627 534 1695 ἁγίου
579 1628 923 1698 Πνεύματος’
958 1631 1050 1682 ἐπὶ
1077 1630 1132 1683 δὲ
1162 1630 1252 1683 τοῦ
1281 1631 1456 1699 Λόγου
1485 1631 1641 1684 τοῦτο
1678 1635 1830 1703 νομί-

251 1716 386 1779 ζειν,
417 1718 647 1787 ἀμαθές.
676 1720 845 1784 Αὐτὸς
887 1722 994 1790 γάρ
1024 1734 1156 1792 φησι
1203 1721 1330 1792 περὶ
1358 1720 1451 1774 τοῦ
1481 1722 1826 1792 Πνεύματοςο

256 1804 407 1859 «Ὅτι
432 1809 495 1859 ἐκ
515 1807 608 1860 τοῦ
633 1808 766 1878 ἐμοῦ
790 1809 1056 1879 λαμϐάνει
1077 1824 1090 1839 ⁸
1124 1830 1140 1860 ι
1161 1811 1319 1873 Τίνος
1338 1806 1430 1863 οὖν
1446 1810 1554 1880 ἄρα
1577 1810 1789 1881 μετέχει
1811 1829 1825 1876 ;

248 1898 505 1951 Λείπεται
534 1899 734 1967 λέγειν,
763 1901 859 1954 τοῦ
910 1902 1141 1972 Πατρός.
1194 1902 1303 1954 Καὶ
1345 1902 1429 1964 τίς
1473 1904 1617 1954 ἐστιν
1655 1903 1683 1954 6
1727 1902 1825 1970 τῆς

249 1990 541 2059 μετουσίας
573 1992 804 2062 τρόπος;
839 1993 871 2063 ἢ
904 1993 956 2045 τί
983 1993 1041 2045 τὸ
1070 1994 1133 2046 ἐκ
1176 1992 1271 2045 τοῦ
1307 1993 1521 2063 Πατρὸς
1550 1990 1689 2056 ἐξιὸν
1731 1993 1825 2046 καὶ

245 2082 304 2132 ἐν
341 2080 419 2151 τῷ
452 2082 594 2153 λόγῳ
634 2084 939 2154 γινόμενον,
977 2084 1063 2137 ἵνα
1093 2084 1186 2137 καὶ
1216 2084 1532 2154 μετέχηται.
1562 2084 1697 2155 Φέρε
1748 2085 1825 2136 εί-

242 2170 388 2231 πεῖν,
427 2170 501 2233 ὡς
528 2172 635 2224 ἀπὸ
673 2173 844 2241 πυρὸς
880 2172 1151 2243 θερμότης
1178 2175 1235 2226 ἐν
1263 2172 1494 2243 σώματι,
1522 2172 1555 2243 ἢ
1588 2172 1650 2225 ἐκ
1680 2190 1822 2236 τινος

242 2256 437 2321 ἄνθους
474 2259 701 2313 εὐωδία*
734 2261 935 2331 μᾶλλον
962 2262 1017 2314 δὲ
1057 2262 1244 2327 ὥσπερ
1269 2265 1344 2325 εἰς
1372 2265 1405 2333 ἡ
1416 2263 1531 2333 μῶν
1569 2262 1629 2315 τὸ
1655 2263 1823 2316 Πνεῦ-

245 2366 341 2417 μα,
376 2350 503 2421 περὶ
544 2346 604 2405 οὗ
640 2369 802 2421 φησιν
845 2355 879 2422 ἠ
923 2353 1141 2424 Γραφή’
1180 2372 1197 2404 t
1229 2355 1349 2406 Ὅτι
1380 2354 1443 2405 ἐκ
1472 2352 1567 2406 τοῦ
1610 2353 1822 2424 Πατρὸς

243 2440 619 2508 ἐκπορεύεται.
647 2460 665 2491 ι
704 2442 768 2492 Τί
805 2437 898 2495 οῦν
931 2443 1045 2494 ἐστι
1093 2443 1155 2494 τὸ
1192 2444 1255 2495 ἐκ
1284 2442 1376 2494 τοῦ
1421 2442 1636 2511 Πατρὸς
1679 2443 1820 2507 ἐξιὸν

240 2531 337 2582 καὶ
368 2533 425 2583 ἐν
463 2531 539 2600 τῷ
573 2532 729 2602 Λόγῳ
758 2529 1221 2602 γινόμενον;’”Αρ’
1248 2535 1311 2585 ἐκ
1347 2532 1447 2601 τῆς
1476 2533 1571 2585 τοῦ
1608 2534 1820 2603 Πατρὸς

237 2620 464 2684 οὐσίας,
510 2622 541 2691 ἢ
576 2621 778 2685 ἔξωθέν
828 2622 994 2675 ποθεν
1029 2623 1123 2675 καὶ
1161 2623 1317 2675 τοῦτο
1369 2623 1430 2675 τὸ
1470 2622 1705 2692 ληφθέν;
1757 2624 1819 2676 Ei

238 2710 339 2780 μὲν
394 2708 487 2763 οὖν
536 2712 734 2777 ἔξωθέν
794 2714 965 2777 ἐστιν,
1007 2714 1128 2766 οὐδὲ
1178 2714 1270 2765 τοῦ
1327 2714 1538 2783 [ἰατρὸς
1593 2715 1817 2783 μέτοχός

234 2804 383 2854 ἐστιν
434 2804 462 2853 6
494 2803 641 2865 Υἱὸς,
672 2804 788 2855 ἀλλ’
817 2805 1004 2873 ἐτέρου
1038 2804 1183 2866 τινὸς
1216 2804 1460 2873 μετέχων
1508 2806 1811 2873 ἁγιάζεται,

230 2894 368 2964 ὅπερ
394 2893 511 2945 ἐστὶ
540 2894 635 2946 καὶ
671 2894 831 2963 μόνον
860 2895 1110 2963 ἐννοῆσαι
1140 2894 1415 2957 δυσσεῦές.
1444 2896 1507 2947 Ei
1540 2895 1595 2948 δὲ
1625 2896 1689 2947 ἐκ
1713 2896 1814 2965 τῆς
1842 2976 1843 2979 η

228 2983 419 3045 οὐσίας
449 2983 543 3037 τοῦ
579 2983 791 3053 Πατρὸς
822 2986 1157 3054 συγχωρεῖτε
1189 2985 1426 3038 νοεῖσθαι
1457 2984 1517 3036 τὸ
1543 2984 1620 3054 τῷ
1652 2985 1811 3053 Λόγῳ

228 3073 370 3142 πρὸς
419 3073 653 3143 μετοχὴν
700 3072 832 3144 παρ’
876 3073 1040 3127 αὐτοῦ
1091 3075 1513 3145 χορηγούμενον,
1560 3074 1592 3144 ἧ
1637 3077 1809 3146 τομήν

224 3181 347 3217 τινα
381 3164 476 3216 καὶ
519 3164 787 3236 μερισμὸν
832 3166 925 3217 καὶ
961 3164 1131 3228 πάθος
1179 3164 1439 3218 δύνασθαι
1489 3166 1807 3237 συμϐαίνειν

225 3257 353 3328 περὶ
392 3255 489 3327 τὴν
519 3255 614 3307 τοῦ
650 3254 787 3307 Θεοῦ
819 3255 980 3324 φύσιν
1006 3254 1295 3319 δεδώκατε,
1323 3257 1356 3328 ἢ
1386 3256 1636 3324 λέγοντες
1662 3259 1803 3312 ἀπα·
1829 3289 1870 3346 C

221 3346 332 3410 θῶς
360 3346 455 3399 καὶ
490 3345 802 3417 ἀμερίστως
834 3348 891 3399 ἐν
920 3344 999 3416 τῷ
1032 3346 1149 3416 Θεῷ
1181 3347 1250 3400 τὰ
1280 3346 1504 3401 τοιαῦτα
1531 3347 1798 3417 γίνεσθαι,

224 3438 402 3508 μάτην
433 3436 771 3507 ἀνατρέπετε
800 3436 900 3505 τὴν
932 3436 1026 3489 τοῦ
1057 3436 1186 3492 Υἱοῦ
1221 3437 1493 3509 γέννησιν,
1533 3439 1798 3511 μερισμὸν

219 3528 312 3580 καὶ
343 3527 516 3589 πάθος
550 3528 681 3597 περὶ
723 3526 892 3597 αὐτὴν
921 3526 1250 3595 εἰσάγοντες.
1291 3529 1354 3581 Ei
1400 3529 1455 3581 δὲ
1486 3530 1798 3600 ἀμερίστως

215 3617 391 3672 τίκτει
426 3618 579 3683 Θεὸς,
608 3618 773 3688 γεννᾷ
798 3634 857 3669 τε
898 3617 1124 3680 ἀπαθῶς
1152 3618 1211 3683 ἐξ
1242 3619 1455 3685 ἐαυτοῦ,
1497 3621 1648 3675 οὐδὲν
1686 3640 1795 3675 κω·

216 3707 335 3760 λύει
362 3707 424 3760 τὸ
450 3707 706 3776 γεννηθὲν
734 3708 1109 3777 ὁμολογεῖσθαι
1136 3709 1226 3762 τὸν
1254 3709 1432 3772 ζῶντα
1455 3711 1550 3764 τοῦ
1581 3713 1794 3784 Πατρὸς

214 3796 412 3862 Λόγον.
470 3796 528 3848 '0
571 3795 627 3847 δὲ
680 3796 740 3859 ἐξ
787 3796 959 3849 ἀϊδίου
1008 3799 1221 3869 Πατρὸς
1286 3799 1583 3869 προελθὼν,
1640 3801 1792 3855 ἔσται

213 3888 434 3949 πάντως
469 3887 565 3939 καὶ
608 3888 809 3949 ἀΐδιος·
854 3887 997 3941 οὑτω
1033 3888 1141 3959 γάρ
1172 3888 1238 3942 ἂν
1274 3891 1367 3943 καὶ
1399 3891 1498 3963 τὴν
1530 3892 1791 3963 πατρῴαν

213 3975 494 4045 εὐγένειαν
540 3977 681 4046 ἔχων
729 3979 825 4031 καὶ
867 3977 1148 4043 διασὼζων
1192 3980 1250 4032 ἐν
1282 3981 1489 4052 ἑαυτῷ,
1535 3982 1791 4053 ἀληθεύει

1936 649 2001 689 ex
2039 636 2206 692 nihilo
2244 641 2536 708 productus
2570 653 2674 710 est,
2707 660 2880 715 neque
2913 656 3031 700 erat
3075 649 3386 718 priusquam
3422 650 3505 717 gi-

1937 737 2211 795 gneretur,
2247 745 2308 784 ea
2344 733 2554 789 ratione
2585 750 2690 805 qua
2735 737 3003 807 particeps
3045 749 3129 792 est
3159 738 3274 804 Dei,
3311 756 3505 810 nempe

1936 818 2078 872 sicut
2130 821 2421 878 rationales
2458 835 2744 892 creaturae,
2785 829 2948 882 etiam
2998 829 3115 897 ipse
3161 840 3383 886 vocatus
3421 839 3507 886 est

1940 906 2098 973 Deus,
2133 918 2186 963 et
2214 909 2403 980 Filius,
2438 922 2493 968 et
2533 915 2829 985 Sapientia.
2878 916 2933 971 id
2971 918 3111 972 enim
3146 919 3502 975 rationalibus

1935 1001 2202 1054 creaturis
2252 1004 2529 1070 tribuitur,
2575 1006 2772 1076 quibus
2818 1008 2930 1077 ipsa
2975 1009 3192 1065 deitatis
3235 1007 3340 1079 25
3386 1010 3504 1079 pul-

1934 1089 2185 1146 chritudo
2234 1095 2556 1151 naturaliter
2599 1098 2774 1153 inesse
2818 1114 2943 1154 vere
2991 1100 3096 1153 dici
3149 1115 3254 1155 non
3289 1108 3499 1170 potest;

1935 1181 2029 1233 sed
2074 1183 2245 1251 gratia
2284 1184 2467 1242 dantis
2495 1188 2596 1243 hoc
2634 1189 2714 1243 eis
2757 1190 3047 1245 conciliat:
3083 1201 3139 1246 ut
3171 1206 3292 1246 cum
3325 1193 3501 1248 dicit:

1939 1287 1957 1319 ι
1989 1269 2100 1339 Ego
2128 1272 2236 1326 dixi
2260 1290 2273 1326 :
2293 1274 2372 1328 Dii
2403 1277 2558 1341 estis,
2586 1286 2639 1332 et
2662 1278 2755 1333 iilii
2784 1280 2991 1335 Excelsi
3023 1297 3210 1337 onmes
3234 1282 3320 1337 ⁸⁰·.
3352 1302 3371 1335 ι
3393 1284 3503 1338 Re-

1934 1357 2135 1416 latione
2174 1364 2316 1418 enim
2347 1369 2414 1420 ad
2444 1367 2612 1423 Deum
2648 1370 2886 1439 adoptati
2920 1372 2988 1425 ab
3015 1372 3128 1441 ipso
3164 1373 3499 1432 deiﬁcamur.

1934 1448 1990 1503 Si
2024 1451 2183 1521 igitur
2226 1454 2318 1510 Dei
2351 1458 2636 1529 participes
2667 1460 2794 1515 facti
2849 1475 2942 1529 per
2983 1464 3239 1532 gratiam,
3278 1464 3372 1518 lilii
3405 1463 3501 1520 Dei

1933 1542 2107 1593 vocati
2155 1557 2363 1607 sumus,
2410 1547 2691 1614 cujusnam
2724 1553 2994 1621 particeps
3035 1567 3156 1608 esse
3199 1563 3502 1611 statuemus

1933 1627 2186 1695 Verbum,
2229 1642 2287 1686 ut
2328 1634 2419 1690 iiat
2454 1636 2618 1693 Filius
2663 1647 2753 1693 aut
2795 1639 2971 1695 Deus?
3000 1641 3106 1697 Nos
3134 1644 3278 1697 enim
3326 1644 3502 1715 Spiri-

1932 1727 2015 1771 tus
2037 1722 2209 1776 sancti
2239 1727 2652 1795 participatione
2682 1732 2734 1785 id
2769 1735 3155 1802 consequimur
3185 1750 3198 1789 :
3231 1739 3295 1790 de
3318 1736 3499 1792 Verbo

1929 1819 2108 1865 autem
2170 1814 2432 1883 eju$modi
2485 1818 2687 1887 aliquid
2749 1824 2989 1891 cogitare
3030 1827 3324 1881 absurdum
3393 1838 3495 1883 est.

1930 1895 2047 1966 Ipse
2083 1901 2226 1954 enim
2255 1902 2323 1957 de
2354 1905 2555 1972 Spiritu
2586 1909 2716 1964 dicit
2750 1929 2763 1963 :
2797 1930 2814 1962 ι
2846 1913 3107 1977 Quoniam
3158 1917 3224 1970 de
3257 1931 3377 1971 meo
3406 1933 3499 1972 ac-

1927 1988 2143 2058 cipit“.
2181 2011 2200 2043 ι
2232 1993 2525 2061 Cuiusnam
2560 1999 2724 2066 igitur
2759 2005 3030 2072 particeps
3054 2006 3178 2059 est?
3206 2007 3493 2077 Reliquum

1925 2089 2008 2133 est
2039 2090 2096 2135 ut
2125 2082 2369 2139 dicamus
2409 2086 2605 2143 Patris.
2636 2090 2889 2155 Quaenam
2924 2109 3053 2149 vero
3083 2104 3167 2150 est
3200 2100 3497 2167 participa-

1926 2170 2088 2226 tionis
2124 2175 2301 2229 ratio?
2333 2187 2427 2231 aut
2451 2180 2579 2245 quid
2615 2195 2645 2235 a
2685 2181 2848 2236 Patre
2879 2187 3123 2253 procedit
3153 2196 3208 2242 et
3236 2189 3288 2241 in
3319 2189 3494 2244 Verbo

1923 2269 2025 2328 est,
2064 2274 2123 2318 ut
2171 2265 2317 2321 illius
2353 2272 2623 2341 particeps
2665 2272 3039 2344 sit?Exempli
3078 2278 3274 2347 gratia,
3303 2291 3494 2348 quem-

1921 2353 2207 2409 admodum
2258 2373 2325 2413 ex
2378 2360 2501 2430 igne
2551 2363 2700 2417 calor
2732 2364 2784 2418 in
2822 2380 3069 2437 corpore,
3106 2370 3188 2424 vel
3240 2386 3306 2426 ex
3356 2372 3493 2428 ﬂore

1922 2445 2104 2514 aliquo
2132 2450 2313 2503 suavis
2357 2452 2492 2506 odor
2526 2470 2540 2506 :
2569 2464 2659 2507 aut
2700 2456 2880 2525 potius
2919 2458 3059 2512 sicut
3091 2460 3144 2513 in
3182 2476 3278 2516 nos
3321 2463 3492 2533 Spiri-

1923 2544 2028 2598 tus,
2061 2538 2125 2591 de
2154 2553 2261 2606 quo
2298 2541 2430 2597 dicit
2476 2544 2751 2612 Scriptura
2786 2564 2801 2601 :
2834 2568 2851 2600 ι
2887 2548 3040 2614 Quod
3071 2567 3137 2605 ex
3170 2551 3329 2607 Patre
3361 2566 3492 2625 pro-

1921 2625 2065 2678 cedit
2087 2626 2152 2682 “.
2185 2648 2205 2679 ι
2241 2629 2507 2694 Quidnam
2538 2633 2701 2702 igitur
2724 2648 2807 2691 est
2839 2642 2979 2706 quod
3005 2656 3033 2694 a
3056 2641 3216 2697 Patre
3242 2647 3490 2713 procedit

1918 2723 1973 2766 et
2020 2715 2073 2768 in
2116 2714 2295 2773 Verbo
2344 2721 2470 2773 est?
2531 2723 2613 2775 An
2675 2740 2741 2779 ex
2789 2730 3088 2784 substantia
3150 2732 3350 2801 Patris,
3392 2746 3488 2794 aut

1915 2805 2254 2863 extrinsecus
2284 2821 2368 2864 est
2404 2810 2455 2865 id
2492 2816 2634 2881 quod
2667 2816 2965 2886 accipitur?
2993 2821 3160 2877 Porro
3198 2826 3243 2880 si
3283 2829 3487 2882 extrin-

1915 2908 2072 2949 secus
2096 2905 2199 2962 est,
2230 2913 2332 2952 non
2357 2911 2439 2954 est
2467 2903 2650 2971 utique
2672 2903 2848 2962 Patris
2872 2911 3141 2981 particeps
3168 2912 3358 2982 Filius,
3388 2917 3484 2972 sed

1914 2985 2136 3040 alterius
2171 2987 2397 3055 alicujus
2440 2994 2854 3063 participatione
2894 3002 3299 3071 sanctiﬁcatur;
3340 3010 3484 3076 quod

1912 3074 1993 3127 vel
2016 3077 2257 3145 cogitare
2286 3079 2567 3149 duntaxat,
2600 3086 2821 3155 impium
2853 3100 2956 3147 est.
2978 3092 3076 3147 Sin
3104 3110 3237 3152 vero
3264 3097 3314 3151 id
3335 3074 3481 3168 quod

1910 3178 1938 3215 a
1972 3164 2132 3219 Patre
2161 3166 2300 3222 Filio
2327 3173 2760 3242 participandum
2795 3182 3191 3249 suppeditatur,
3239 3200 3308 3241 ex
3347 3164 3480 3244 sub-

1907 3257 2107 3311 stantia
2172 3258 2289 3328 ejus
2337 3275 2458 3317 esse
2520 3267 2837 3333 conceditis,
2886 3278 2978 3324 aut
3031 3273 3326 3330 sectionem
3378 3278 3481 3334 aii-

1908 3362 2095 3416 quam.
2125 3350 2445 3407 divisionem
2496 3357 2913 3430 passionemque
2937 3363 2990 3417 in
3018 3363 3111 3417 Dei
3145 3376 3336 3422 natura
3367 3378 3480 3425 sta-

1907 3436 1983 3490 tui
2015 3451 2173 3507 posse
2210 3443 2465 3508 censetis,
2495 3455 2589 3499 aut
2625 3448 2863 3505 dicentes
2892 3451 3029 3508 citra
3062 3455 3225 3511 ullam
3268 3460 3478 3525 passio-

1906 3541 2027 3581 nem
2070 3544 2135 3584 ac
2175 3530 2496 3589 divisionem
2540 3538 2804 3605 ejusmodi
2852 3541 2905 3595 in
2940 3542 3049 3599 Deo
3094 3546 3232 3610 ﬁeri,
3269 3557 3476 3606 temere

1904 3614 2026 3673 Filii
2061 3621 2466 3689 generationem
2513 3627 2847 3695 subvertitis,
2894 3631 3210 3690 divisionem
3253 3648 3309 3692 et
3354 3654 3475 3709 pas-

1901 3711 2112 3766 sionem
2142 3712 2197 3766 in
2238 3713 2407 3781 ipsam
2436 3716 2772 3775 inducentes.
2812 3721 2870 3776 Si
2907 3738 3034 3778 vero
3067 3726 3205 3781 citra
3246 3729 3475 3785 divisio-

1901 3813 2023 3853 nem
2055 3799 2226 3871 gignit
2260 3803 2423 3871 Deus,
2453 3814 2507 3860 el
2532 3809 2735 3878 absque
2761 3812 3017 3880 passione
3042 3830 3106 3869 ex
3132 3831 3194 3871 se
3221 3830 3467 3888 generat,

1900 3889 2032 3945 nihil
2057 3892 2236 3947 obstat
2279 3900 2587 3963 quominus,
2616 3900 2667 3953 id
2694 3902 2835 3968 quod
2868 3903 3105 3973 genitum
3147 3917 3252 3975 est,
3277 3908 3465 3965 vivum

1894 3979 2073 4037 Patris
2124 3984 2360 4039 Verbum
2416 4001 2539 4042 esse
2598 3991 2967 4057 profiteantur.
3012 3993 3112 4060 Qui
3172 4007 3351 4052 autem
3398 4013 3467 4054 ex

211 4067 419 4135 λέγων·
453 4086 471 4117 ι
513 4067 570 4120 '0
601 4068 861 4138 ἑωρακὼς
889 4069 988 4138 ἐμὲ
1032 4069 1241 4140 ἑώρακε
1269 4071 1360 4124 τὸν
1392 4070 1628 4142 Πατέρα.
1661 4092 1680 4123 ι
1714 4074 1788 4125 Οὐ

1916 4081 2097 4127 eterno
2147 4074 2307 4129 Patre
2348 4080 2636 4145 processit,
2687 4080 2792 4134 erit
2836 4085 3055 4139 omnino
3091 4086 3257 4141 etiam
3303 4096 3463 4145 aster»-

208 4161 321 4232 γάρ
346 4163 403 4214 ἐν
429 4161 508 4231 τῷ
540 4161 753 4231 γενητῷ
778 4162 840 4215 τὸ
869 4163 1039 4216 ἀΐδιον
1069 4164 1316 4232 φαίνεται

1895 4179 1999 4218 nus
2029 4181 2043 4216 :
2073 4165 2146 4218 ita
2176 4167 2321 4220 enim
2349 4168 2510 4223 etiam
2538 4182 2816 4238 paternam
2858 4174 3197 4233 nobilitatem
3239 4179 3451 4238 habens

210 4264 376 4322 atque
406 4255 457 4309 in
496 4270 555 4310 se
590 4270 923 4309 conservans
952 4273 1077 4311 vere
1109 4260 1257 4325 dicit,
1302 4259 1588 4328 inquiens:
1626 4279 1643 4310 ι
1678 4259 1780 4326 Qui
1822 4258 1955 4314 vidit
1986 4272 2091 4324 me,
2160 4260 2363 4313 viditet
2394 4259 2607 4315 Patrem
2633 4263 2699 4316 η.
2734 4283 2753 4315 ι
2788 4265 2970 4334 Neque
3033 4271 3176 4323 enim
3201 4280 3461 4325 aeternum

208 4346 263 4398 in
302 4357 549 4401 creatura
578 4346 804 4399 videtur.

896 4485 1097 4537 ΛΛΛΟ.

2559 4486 2784 4542 ALIUD.

277 4598 339 4648 Ei
369 4599 397 4649 6
427 4598 670 4666 μετέχων
698 4597 790 4649 τοῦ
824 4596 949 4648 Υίοῦ
978 4596 1127 4660 θείας
1158 4597 1363 4666 γίνεται
1392 4594 1646 4662 κοινωνὸς
1678 4598 1778 4667 φύ-
1809 4570 1820 4627 1

1960 4589 2015 4644 Si
2044 4592 2132 4661 qui
2166 4592 2432 4662 particeps
2464 4601 2548 4648 est
2576 4593 2720 4660 Filii,
2745 4598 2951 4668 {divinae
2984 4611 3189 4660 natura:
3220 4621 3457 4665 commu-

200 4702 363 4751 σεως,
394 4685 532 4737 κατά
560 4687 659 4755 τὴν
686 4684 779 4737 τοῦ
814 4687 1018 4756 Πέτρου
1051 4684 1254 4758 φωνὴν,
1285 4687 1378 4741 καὶ
1408 4689 1458 4739 εί
1497 4688 1613 4741 ναοὶ
1640 4687 1776 4741 Θεοῦ

1916 4679 2032 4732 licet
2056 4680 2207 4749 juxta
2246 4679 2392 4736 Petri
2431 4685 2777 4753 sententiam,
2812 4698 2867 4742 et
2910 4691 2954 4744 si
2995 4693 3191 4763 templa
3225 4694 3319 4752 Dei
3354 4692 3473 4756 vo?

198 4774 633 4844 χρηματίζουσιν
677 4769 757 4837 οἷς
787 4774 815 4826 6
862 4776 1036 4843 Λόγος
1078 4777 1299 4842 ἐνοικεῖ,
1343 4777 1557 4848 ἀνάγκη
1597 4777 1775 4846 λέγειν

1919 4780 2079 4825 antur
2108 4787 2307 4843 omnes
2330 4774 2383 4828 in
2415 4774 2613 4844 quibus
2636 4778 2867 4834 Verbum
2904 4782 3200 4851 habitat“,
3231 4803 3453 4846 necesse

195 4867 264 4916 ἐκ
296 4864 394 4934 τῆς
421 4865 607 4928 οὐσίας
634 4864 727 4917 τοῦ
759 4865 893 4917 Θεοῦ
924 4866 1015 4918 τὸν
1054 4866 1199 4920 Υἰόν.
1240 4868 1349 4921 Καὶ
1384 4870 1433 4921 εί
1466 4869 1617 4922 οὐδὲν
1656 4871 1776 4923 ἐπι-

1882 4862 2102 4917 munino
2128 4873 2212 4918 est
2246 4863 2443 4919 Filium
2469 4881 2535 4920 ex
2576 4867 2877 4925 substantia
2910 4873 3002 4927 Dei
3037 4890 3156 4931 esse
3185 4877 3446 4935 dicamus.

192 4955 422 5024 γενητὸν
467 4957 523 5007 ἐν
568 4954 687 5024 Θεῷ
734 4955 957 5022 (τέλειος
996 4956 1105 5027 γὰρ
1138 4959 1232 5011 καὶ
1273 4960 1629 5031 ἀπροσδεὴς),
1674 4964 1774 5014 οὐκ

1916 4953 1992 5025 ιε
2012 4953 2078 5008 Ει
2108 4956 2153 5009 si
2188 4956 2322 5010 nihil
2355 4957 2409 5010 in
2446 4959 2555 5014 Deo
2579 4969 2665 5013 est
2691 4964 3072 5030 accessorium,
3096 4968 3211 5022 sive
3240 4968 3452 5023 extrins

194 5046 512 5114 ἐπιγέγονεν
538 5047 567 5098 6
598 5046 741 5111 Υἱὸς;
774 5046 889 5099 ἀλλ’
918 5043 984 5117 ἦν
1018 5047 1095 5117 τῷ
1131 5049 1304 5119 Πατρὶ
1340 5050 1624 5113 συναῖδιος.

477 5332 618 5397 Ἔτι,
650 5332 781 5403 περὶ
817 5334 1149 5402 ἀιδιότητος
1184 5335 1288 5389 τοῦ
1328 5336 1483 5391 )“ίοῦ.

263 5447 483 5520 Πατέρα
510 5449 742 5519 λέγομεν
774 5449 867 5502 τὸν
904 5449 1062 5514 Θεὸν,
1094 5451 1220 5504 Υίὸν
1246 5451 1303 5504 δὲ
1336 5452 1428 5505 τὸν
1463 5452 1634 5519 Λόγον
1679 5455 1773 5505 καὶ

182 5538 343 5604 Θεὸν,
383 5539 480 5608 όύχ
527 5539 613 5591 ἵνα
644 5539 737 5593 τὸν
773 5540 872 5610 μὲν
926 5542 1348 5612 προπῡάρχοντα
1371 5581 1386 5605 ,
1434 5543 1526 5597 τὸν
1563 5543 1619 5595 δὲ
1658 5544 1772 5610 μετ’

1879 5057 2036 5099 secus
2052 5047 2345 5101 adveniens
2363 5048 2661 5115 (perfectus
2675 5052 2818 5105 enim
2846 5062 2930 5107 est
2945 5066 2999 5108 et
3020 5056 3216 5111 nullius
3236 5059 3442 5128 egens),

1879 5148 1986 5189 non
2034 5146 2215 5205 postea
2270 5141 2498 5195 accessit
2546 5140 2746 5207 Filius,
2792 5145 2885 5198 sed
2913 5156 3050 5198 'erat
3103 5146 3251 5203 Patri
3302 5164 3444 5206 coae-

1878 5235 2079 5283 ternus.

2214 5340 2482 5409 Amplius,
2517 5344 2581 5399 de
2615 5348 2907 5403 calamitate
2942 5347 3092 5405 Filii.

1942 5448 2154 5507 Patrem
2191 5454 2424 5510 dicimus
2451 5454 2643 5525 Deum,
2678 5458 2871 5516 Filium
2901 5472 3079 5519 autem
3113 5442 3343 5522 Verbum
3387 5478 3446 5525 et

1871 5546 2075 5610 Deum,
2126 5562 2232 5602 non
2278 5556 2335 5602 ut
2380 5547 2534 5604 illum
2584 5551 2738 5620 prius
2774 5555 3072 5624 exstitisse,
3127 5558 3267 5614 hunc
3314 5574 3444 5615 vero

182 5631 352 5685 αὐτὸν
406 5632 664 5699 γεγονότα
714 5633 946 5703 νοῶμεν,
999 5634 1141 5686 κατά
1201 5635 1300 5705 τὴν
1353 5637 1410 5686 ἐν
1460 5634 1775 5706 ἀνθρώποις

1916 5644 2054 5690 astea
2103 5635 2303 5691 factum
2362 5639 2599 5696 humano
2649 5658 2799 5698 more
2845 5646 3442 5721 intelligamuszsupo-

254 5808 323 5841 ’θ’
365 5809 504 5865 i’sal.
540 5827 722 5878 Luxu,
767 5813 819 5869 6.
899 5812 1118 5867 “.ioan.
1159 5830 1269 5881 xvi,
1302 5812 1388 5869 M.
1469 5814 1512 5845 δ’
1543 5812 1696 5871 Joan.
1728 5828 1815 5881 xv,
1852 5813 1941 5871 26.

2020 5817 2063 5847 "
2096 5815 2251 5874 Joan.
2284 5835 2389 5887 xuv,
2429 5820 2481 5876 9.
2559 5821 2658 5897 “-1
2690 5823 2814 5880 Cor.
2846 5841 2926 5894 ιιι,
2956 5827 3041 5883 i6.
