4144 6524
648 385 715 436 47
1647 378 1704 432 S.
1747 375 2018 432 CYRILLI
2061 372 2534 430 ALEXANDRINI
2577 373 2896 430 ARCHIEP.
3850 376 3926 430 68

652 501 763 556 rior
787 499 929 554 enim
955 507 1038 554 est
1061 497 1207 554 omni
1239 506 1480 566 tempore
1509 497 1680 561 Deus;
1719 497 1813 551 sed
1839 507 1896 550 ut
1930 497 2081 550 illum
2105 497 2225 567 qui-

2348 496 2507 561 τάξινο
2556 496 2668 550 ἄνω
2715 496 2825 566 γὰρ
2865 495 3064 558 παντὸς
3113 496 3309 568 χρόνου
3348 495 3519 561 Θεδςι,
3569 495 3686 549 ἀλλ’
3712 495 3798 550 ἵνα
3829 496 3930 549 τὸν

650 591 773 646 dem
800 599 857 643 ut
885 589 1220 653 Genitorem,
1251 586 1393 656 quod
1429 585 1600 653 patris
1626 594 1710 640 est
1735 585 2010 654 proprium
2039 601 2054 650 ;
2084 585 2229 638 hunc

648 695 780 736 vero
801 691 860 735 ut
885 681 1182 750 legitimum
1213 677 1408 732 Filium
1444 675 1791 731 inetl'abiliter
1817 691 1884 731 ex
1923 675 2227 731 substantia

649 771 832 828 Patris
857 770 1097 839 genitum
1120 768 1427 824 adoremus.
1456 767 1618 821 Pater
1642 765 1842 835 itaque,
1871 765 1996 835 quia
2019 762 2226 834 genuit,

650 862 844 930 Filius,
876 862 1003 932 quia
1043 861 1256 932 genitus
1285 878 1299 914 :
1329 869 1384 916 et
1427 861 1532 916 hoc
1565 861 1739 917 solum
1785 859 2062 914 nominum
2099 870 2230 910 usus

651 969 721 1009 ex
770 954 1128 1009 similitudine
1184 953 1342 1008 nobis
1375 953 1664 1023 signiﬁcat.
1701 953 1758 1008 Si
1813 952 1980 1020 igitur
2018 951 2072 1004 in
2120 948 2230 1004 Deo

653 1060 878 1112 nomen,
925 1044 1115 1109 Pater,
1149 1043 1321 1099 solum
1369 1054 1716 1114 generantem
1753 1041 2044 1113 signiﬁcat,
2083 1038 2228 1093 nulla

575 1173 578 1175 -
651 1138 794 1190 ratio
819 1147 902 1191 est
931 1151 1049 1203 qua:
1076 1145 1237 1204 cogat
1270 1145 1325 1189 ut
1367 1137 1529 1199 Deus,
1562 1136 1652 1204 qui
1700 1135 1820 1188 sine
1864 1142 2110 1201 tempore
2137 1145 2232 1200 ge-

652 1238 837 1291 nerat,
874 1229 1083 1296 primus
1120 1227 1399 1282 exstitisse
1441 1227 1676 1292 dicatur,
1707 1240 1866 1295 quam
1900 1224 1950 1278 id
1987 1223 2132 1291 quod
2163 1222 2230 1274 ab

653 1333 719 1372 eo
745 1318 984 1388 genitum
1029 1325 1130 1370 est.
1163 1316 1229 1370 Et
1255 1317 1300 1370 si
1348 1317 1555 1371 nullum
1603 1327 1817 1385 tempus
1849 1312 2230 1381 interpositum

654 1408 759 1463 fuit
808 1409 948 1462 inter
977 1417 1329 1477 generantem
1363 1416 1414 1462 et
1468 1408 1732 1477 genitum,
1785 1421 1891 1459 non
1928 1404 2112 1473 utique
2152 1411 2234 1456 est

654 1495 926 1566 posterior
962 1504 1223 1564 tempore,
1259 1497 1352 1551 sed
1389 1505 1691 1550 coaateruus
1722 1504 1806 1550 est
1842 1492 1991 1548 Patri
2039 1491 2228 1547 Filius.

1320 1676 1552 1734 ALlUD.

723 1770 782 1824 Si
818 1767 961 1824 Deus
991 1782 1057 1822 ex
1107 1774 1300 1821 natura
1348 1781 1450 1820 sua
1490 1774 1573 1820 est
1619 1772 1856 1829 creator,
1905 1775 2082 1831 neque
2118 1764 2234 1814 haec

2339 587 2436 654 μὲν
2464 586 2539 648 ὡς
2576 585 2934 655 Γεννήσαντα,
2962 585 3102 656 ὅπερ
3130 587 3248 640 ἐστὶ
3290 587 3501 659 πατρὸς
3550 586 3680 640 ἴδιον
3701 603 3715 617 ⁸
3746 587 3836 640 τὸν
3866 587 3932 640 δὲ

2335 678 2411 741 ὼς
2449 679 2670 746 γνήσιον
2707 677 2831 730 Υἱὸν
2863 676 3104 748 ἄρρητον
3131 679 3196 732 ἐκ
3225 679 3324 750 τῆς
3367 677 3554 741 οὐσίας
3579 677 3673 731 τοῦ
3712 678 3933 748 Πατρὸς

2335 770 2608 841 ἐσχηκότα
2633 769 2732 841 τὴν
2759 772 3012 840 γέννησιν
3043 771 3464 842 προσκυνῶμεν.
3497 771 3689 843 Πατὴρ
3718 766 3812 825 οῦν
3841 771 3931 824 ὅτι

2336 863 2694 933 γεγέννηκενο
2734 862 2866 926 Υἱὸς
2902 863 2982 928 δὲ,
3021 863 3103 917 ὅτι
3150 863 3423 934 ἐγενήθη’
3455 863 3553 916 καί
3591 863 3727 933 πρὸς
3765 862 3932 933 μόνον

2335 955 2445 1008 τῶν
2477 955 2756 1024 ὀνομάτων
2789 956 2822 1024 ἡ
2862 955 3022 1025 χρεία
3066 956 3162 1008 καὶ⁸
3194 955 3254 1007 τὸ
3287 955 3376 1008 διὰ
3423 955 3525 1024 τῆς
3577 953 3713 1024 πρὸς
3767 951 3931 1022 ἡμῶν

2335 1044 2648 1115 ὁμοιώσεως
2707 1044 3132 1114 σημαινόμενον.
3182 1045 3244 1097 Ei
3301 1046 3482 1098 τοίνυν
3532 1043 3627 1096 ἐπὶ
3677 1043 3814 1096 Θεοῦ
3863 1043 3932 1094 τὸ

2336 1136 2540 1205 Πατὴρ
2588 1136 2761 1206 ὄνομα
2810 1137 2973 1206 μόνου
3016 1136 3112 1190 τοῦ
3161 1138 3355 1208 γεννᾷν
3400 1139 3521 1190 ἐστι
3570 1134 3928 1206 σημαντικὸν,

2336 1227 2520 1290 οὐδεὶς
2564 1226 2866 1294 ἀναγκάσει
2899 1225 3054 1294 λόγος
3088 1226 3466 1296 προϋπάρχειν
3505 1223 3602 1278 τοῦ
3635 1224 3764 1277 ἰδίου
3807 1240 3932 1289 γεν-

2341 1321 2580 1390 νήματος
2609 1319 2700 1371 τδν
2742 1318 2988 1389 ἁχρόνως
3033 1318 3305 1386 γεννῶντα
3332 1317 3486 1370 Θεόν.
3517 1317 3628 1370 Καὶ
3657 1318 3707 1368 εί
3737 1315 3932 1386 χρόνος

2336 1405 2406 1480 ἦν
2434 1410 2608 1472 οὐδεὶς
2647 1407 2853 1478 μεταξὺ
2893 1409 2986 1461 τοῦ
3033 1410 3394 1479 γεννήσαντος
3441 1408 3534 1461 καὶ
3581 1406 3926 1476 γενηθέντος,

2339 1501 2438 1553 οὐκ
2485 1498 2824 1567 έπιγέγονεν,
2872 1499 2986 1552 ἀλλ’
3027 1494 3095 1570 ἦν
3125 1499 3212 1552 ἀεὶ
3257 1497 3335 1569 τῷ
3383 1499 3561 1570 Πατρὶ
3594 1496 3858 1561 συναῖδιος
3896 1497 3931 1548 6

2340 1591 2486 1655 Υἱός.

3034 1682 3245 1736 ΑΛΛΟ.

2411 1775 2474 1827 Ei
2507 1775 2736 1845 ποιητής
2765 1775 2882 1828 ἐστι
2927 1773 3070 1828 κατὰ
3100 1774 3261 1845 φύσιν
3301 1776 3328 1828 6
3360 1774 3514 1839 Θεὸς,
3547 1774 3642 1829 καὶ
3674 1774 3774 1828 οὐκ
3804 1775 3927 1826 ἐπι-

654 1859 884 1915 facultas
913 1859 1257 1912 extrinsecus
1287 1857 1534 1919 advenit,
1573 1868 1634 1909 ut
1671 1865 1856 1924 posset
1894 1868 1980 1908 res
2023 1859 2234 1906 creatas

2348 1865 2558 1934 γέγονεν
2587 1865 2735 1936 αὐτῷ
2760 1867 2820 1919 τὸ
2847 1865 3108 1920 δύνασθαι
3139 1867 3412 1939 παράγειν
3444 1869 3509 1920 ἐκ
3537 1865 3631 1919 τοῦ
3662 1866 3738 1937 μὴ
3776 1866 3930 1927 ὄντος

654 1965 724 2005 ex
751 1949 918 2004 nihilo
947 1949 1244 2016 producere
1274 1947 1340 2000 ad
1369 1961 1518 2013 esse;
1551 1947 1731 2000 omnia
1773 1960 1900 2000 vero
1922 1960 2019 2014 per
2040 1941 2235 1997 Filium

656 2041 791 2096 facit.
825 2049 986 2109 atque
1010 2049 1289 2108 operatur,
1319 2053 1424 2107 quo
1472 2048 1631 2107 parte
1669 2053 1772 2091 nou
1807 2038 1969 2090 fuerit
2015 2036 2235 2106 impium

659 2133 843 2188 dicere
874 2151 886 2186 :
938 2128 1070 2183 Erat
1107 2129 1319 2198 quando
1351 2146 1454 2182 non
1492 2130 1648 2182 erat?
1677 2129 1906 2183 Perinde
1937 2129 2082 2182 enim
2135 2127 2237 2181 hoc

659 2232 744 2279 est
780 2237 844 2276 ac
880 2221 926 2275 si
959 2221 1146 2276 dicas:
1180 2219 1311 2273 Erat
1335 2221 1552 2288 quando
1581 2236 1689 2275 non
1741 2233 1862 2274 erat
1902 2219 2062 2280 Deus,
2097 2217 2237 2286 quod

657 2315 934 2387 posterius
987 2312 1188 2367 factum
1237 2313 1308 2368 sit
1358 2311 1594 2366 Verbum
1649 2327 1744 2381 per
1789 2311 1931 2381 quod
1989 2312 2239 2364 universa

661 2417 843 2461 creata
881 2415 1044 2460 sunt:
1082 2422 1100 2455 ι
1129 2404 1260 2458 Sine
1307 2405 1424 2474 ipso
1460 2405 1604 2458 enim
1653 2402 1853 2457 factum
1902 2414 1983 2456 est
2028 2402 2185 2466 nihil,
2218 2420 2234 2450 ι

661 2506 724 2550 ut
769 2497 846 2550 ait
879 2494 1119 2550 Joannes
1142 2494 1208 2547 ".
1238 2494 1292 2548 Si
1327 2509 1453 2548 vero
1483 2508 1698 2562 semper
1733 2503 1787 2547 et
1823 2495 2116 2547 secundum
2155 2507 2244 2544 na-

664 2597 841 2643 turam
877 2597 1094 2643 creatur
1125 2597 1206 2641 est
1239 2587 1379 2640 Deus
1411 2601 1475 2640 ac
1515 2585 1702 2651 l'ater,
1747 2597 1865 2640 erat
1899 2587 2084 2654 utique
2116 2599 2241 2638 cum

663 2681 786 2751 ipso
829 2681 876 2735 is
943 2690 1038 2748 per
1081 2693 1239 2748 quem
1292 2687 1507 2732 creator
1555 2686 1672 2740 est,
1727 2677 1831 2732 hoc
1875 2687 1956 2730 est
2010 2675 2243 2729 Verbum

665 2771 860 2842 ipsius.
911 2768 1372 2836 Quemadmodum
1423 2767 1568 2822 enim
1633 2766 1687 2820 id
1735 2769 1879 2838 quod
1927 2767 2250 2821 naturaliter

664 2865 874 2922 homini
914 2865 1077 2929 inest,
1105 2861 1346 2932 separari
1387 2861 1454 2916 ab
1486 2876 1550 2916 eo
1585 2875 1691 2916 non
1721 2867 1924 2930 potest,
1978 2861 2052 2914 ita
2084 2875 2182 2915 nec
2219 2877 2246 2914 a

664 2957 778 3012 Deo
805 2955 1067 3025 quidquid
1113 2955 1167 3008 in
1203 2953 1319 3024 ipso
1363 2963 1416 3007 et
1448 2968 1513 3007 ex
1547 2952 1666 3021 ipso
1694 2960 1796 3005 est.
1836 2950 1930 3004 Est
1971 2955 2152 3004 autem
2195 2950 2248 3004 in

664 3045 831 3100 Patre
854 3053 908 3100 et
946 3060 1012 3100 ex
1062 3043 1222 3100 Patre
1253 3041 1491 3099 Verbum
1521 3061 1533 3096 :
1568 3041 1931 3113 inseparabile
1969 3043 2151 3111 itaque
2199 3050 2254 3096 et

667 3148 1018 3194 coaeternttm.

844 3229 1086 3295 ALIUD,
1126 3243 1217 3294 per
1264 3228 1619 3284 reductionem
1661 3230 1730 3284 ad
1761 3228 2071 3286 absurdum.

747 3341 805 3397 Si
854 3357 960 3395 nou
1032 3348 1116 3393 est
1165 3337 1336 3394 Filius
1377 3337 1522 3392 Patri
1573 3347 1917 3402 coaaternus,
1972 3335 2068 3391 sed
2123 3335 2251 3390 Erat

672 3437 881 3510 quando
905 3448 1006 3487 nou
1031 3439 1169 3494 erat,
1193 3443 1250 3484 ut
1270 3447 1368 3486 vos
1393 3430 1716 3501 opinamini,
1744 3443 1968 3484 necesse
1992 3427 2098 3482 erit
2123 3441 2255 3483 con-

671 3530 868 3585 cedere
899 3526 1274 3598 imperfectam
1310 3523 1603 3596 aliquando
1633 3524 1803 3580 fuisse
1831 3536 2074 3580 sanctam
2129 3523 2255 3578 Tri-

671 3621 920 3674 nitatem.
956 3618 1087 3673 Erat
1119 3618 1262 3674 enim
1301 3617 1500 3683 unitas,
1535 3625 1592 3669 ut
1614 3615 1849 3680 videtur,
1877 3624 2003 3671 aute
2035 3614 2251 3669 Filittm.

672 3710 872 3766 Postea
915 3717 1093 3763 autem
1137 3707 1278 3762 facta
1325 3716 1412 3762 est
1445 3706 1704 3773 Trinitas,
1728 3707 1834 3776 27
1856 3721 1979 3762 cum
2024 3705 2255 3760 accessit

675 3801 819 3870 quod
855 3799 1060 3854 deerat.
1103 3797 1238 3852 Cum
1268 3811 1400 3851 vero
1432 3797 1692 3866 quidquid
1729 3795 2044 3851 accessione
2076 3793 2253 3863 aliqua

674 3893 884 3956 crevit,
925 3888 1268 3946 detractione
1330 3889 1647 3943 decrescere
1693 3888 1898 3956 possit,
1958 3885 2252 3941 verendum

678 3995 757 4040 est
789 4000 858 4039 ne
879 3999 984 4055 qua
1015 3983 1155 4037 ratio
1183 3997 1281 4038 nos
1306 3993 1466 4052 cogat
1493 3980 1764 4044 conﬁteri,
1794 3987 2041 4033 sanctam
2073 3977 2254 4033 Trini-

679 4086 844 4132 tatem
883 4092 1072 4131 rursus
1104 4075 1170 4128 ad
1227 4075 1492 4128 unitatem
1541 4070 1708 4140 redigi
1759 4083 1936 4138 posse.
1983 4069 2040 4123 Si
2073 4077 2251 4123 autem

676 4170 750 4225 ita
783 4169 992 4225 sentire
1042 4167 1126 4222 vel
1178 4165 1326 4234 loqui
1355 4178 1572 4219 omnem
1606 4162 1943 4230 impietatem
1987 4170 2251 4230 superat;

679 4269 798 4315 erat
855 4259 1080 4313 omnino
1129 4271 1346 4326 semper
1397 4269 1521 4309 cum
1574 4263 1761 4309 sancta
1814 4252 2086 4308 Trinitate
2137 4253 2254 4317 ejus

677 4353 970 4424 plenitudo.

1163 4440 1372 4496 ALIUD
1411 4441 1531 4493 huic
1569 4441 1760 4493 simile.

2337 1959 2420 2020 είς
2460 1957 2519 2010 τὸ
2561 1952 2701 2010 εἶναι
2733 1958 2801 2012 τὰ
2841 1957 3006 2012 ὅντα·
3041 1958 3222 2012 πάντα
3261 1959 3319 2012 δὲ
3352 1959 3419 2011 δι’
3463 1957 3594 2012 Υἱοῦ
3643 1961 3788 2012 ποιεῖ
3833 1960 3930 2012 καὶ

2339 2049 2772 2120 κατεργάζεται,
2815 2050 2932 2114 πῶς
2970 2051 3070 2104 οὐκ
3119 2051 3314 2114 ἀσεϐὲς
3353 2050 3413 2104 τὸ
3451 2050 3660 2119 λέγειν·
3689 2046 3800 2108 Ἦν
3831 2051 3931 2104 ὅτε

2339 2145 2452 2196 οὐκ
2490 2139 2603 2212 ἦν;
2652 2142 2766 2196 ἴσον
2800 2143 2906 2215 γάρ
2948 2145 3094 2197 ἐστιν
3143 2145 3354 2197 εἰπεῖν’
3385 2139 3493 2196 Ἦν
3524 2144 3615 2196 ὅτε
3655 2145 3756 2196 οὐκ
3798 2139 3865 2216 ἦν
3901 2146 3933 2196 6

2340 2235 2494 2298 Θεὸς,
2529 2235 2753 2306 ὕστερον
2782 2235 3170 2306 ἐπιγενομένου
3201 2234 3295 2289 τοῦ
3331 2235 3550 2289 πάντων
3592 2233 3933 2305 δημιουργοῦ

2343 2330 2546 2396 Λόγου·
2587 2348 2606 2380 t
2639 2330 2822 2400 prt;
2862 2327 2972 2399 γὰρ
3012 2328 3178 2382 αὑτοῦ
3213 2328 3430 2396 ἐγένετο
3459 2327 3583 2382 οὐδὲ
3626 2328 3708 2394 ἓν,
3737 2349 3756 2380 ι
3789 2327 3935 2382 κατὰ

2343 2423 2441 2490 τὴν
2478 2421 2727 2475 Ἰωάννου
2758 2422 2964 2492 φωνήν.
2994 2422 3055 2474 Ei
3083 2421 3140 2473 δὲ
3172 2421 3261 2474 ἀεὶ
3287 2421 3380 2474 καὶ
3407 2421 3548 2474 κατὰ
3577 2420 3742 2489 φύσιν
3773 2437 3937 2489 ποιη-

2342 2513 2443 2582 τὴς
2481 2515 2510 2565 6
2539 2513 2672 2577 Θεὸς
2703 2514 2796 2566 καὶ
2823 2513 3037 2583 Πατὴρ,
3064 2507 3132 2583 ἦν
3165 2512 3272 2584 ἄρα
3303 2513 3400 2565 σὺν
3428 2511 3578 2582 αὑτῷ
3598 2513 3665 2566 δι’
3693 2507 3755 2566 οὗ
3789 2530 3943 2582 ποιηο

2345 2605 2442 2675 τὴς
2475 2605 2749 2673 ἐφαίνετο,
2774 2604 3057 2657 τουτέστιν
3086 2607 3114 2657 6
3145 2605 3316 2671 Λόγος
3371 2603 3559 2658 αὑτοῦ.
3589 2604 3799 2675 Ὥσπερ
3825 2603 3943 2672 γὰρ

2353 2695 2657 2766 ἀχώριστον
2706 2695 2997 2765 ἀνθρώπου
3050 2697 3159 2748 πᾶν
3198 2695 3259 2747 τὸ
3312 2695 3473 2762 φύσει
3505 2693 3704 2764 προσὸν
3757 2694 3939 2762 αὐτῷ·

2349 2786 2495 2840 οὕτω
2525 2788 2619 2840 καὶ
2666 2786 2802 2840 Θεοῦ
2845 2789 2953 2840 πᾶν
2986 2787 3047 2840 τὸ
3093 2788 3152 2839 ὲν
3187 2786 3338 2857 αὐτῷ
3385 2787 3480 2840 καὶ
3523 2786 3583 2852 ἐξ
3624 2784 3810 2840 αὑτοῦ.
3847 2786 3944 2836 Ἐν

2352 2877 2525 2946 Πατρὶ
2561 2877 2619 2929 δὲ
2661 2877 2756 2929 καὶ
2799 2877 2865 2930 ἐκ
2909 2875 3120 2947 Πατρὸς
3162 2877 3192 2928 6
3228 2877 3435 2945 Λόγος·
3480 2875 3783 2948 ἀχώριστος
3828 2874 3945 2944 ἄρα

2355 2967 2446 3020 καὶ
2475 2967 2764 3029 συναῖδιος.

2550 3226 2756 3289 ΑΛΛΟ,
2786 3225 2884 3280 διὰ
2912 3225 3019 3296 τῆς
3052 3231 3140 3296 εἰς
3169 3227 3399 3284 ἄτοπον
3438 3230 3782 3310 ἀπαγωγης.

2424 3337 2487 3390 Ei
2516 3339 2616 3390 οὐκ
2646 3339 2794 3392 ἔστιν
2821 3341 2850 3392 6
2885 3340 3011 3403 Υἱὸς
3043 3342 3120 3413 τῷ
3156 3343 3332 3414 Πατρὶ
3365 3345 3656 3410 συναῖδιος,
3689 3345 3804 3398 ἀλλ’
3829 3342 3950 3399 Ἦν

2354 3429 2452 3483 ὅτε
2484 3432 2594 3484 οὐκ
2627 3427 2728 3500 ἦν,
2757 3432 2877 3485 καθ’
2923 3434 3090 3504 ὑμᾶς,
3117 3434 3329 3506 ἀνάγκη
3365 3437 3742 3507 συνομολογεῖν
3775 3439 3947 3510 ἀτελῆ

2354 3541 2484 3576 ποτε
2531 3523 2795 3595 ὑπάρχειν
2823 3525 2921 3596 τὴν
2957 3528 3120 3596 ἁγίαν
3163 3529 3395 3599 Τριάδα.
3424 3525 3534 3582 ἾΙν
3582 3529 3694 3601 γὰρ
3748 3531 3944 3600 μονὰς,

2351 3613 2428 3676 ὡς
2455 3615 2621 3679 είκδς,
2653 3615 2758 3686 πρὸ
2788 3615 2938 3672 Υίοῦ.
2969 3617 3165 3686 Γέγονε
3212 3619 3268 3672 δὲ
3308 3619 3536 3689 ὕστερον
3583 3620 3776 3690 Τριὰς,
3815 3623 3948 3673 ὲπιτ

2353 3707 2646 3777 γενομένου
2694 3708 2786 3761 τοῦ
2821 3709 3119 3772 λείποντος.
3165 3710 3384 3782 Ἐπειδὴ
3429 3713 3487 3764 δὲ
3532 3714 3640 3764 πᾶν
3691 3713 3828 3780 ὅπερ
3875 3712 3948 3765 ἂν

2355 3796 2558 3868 συμϐῇ,
2589 3798 2683 3850 καὶ
2729 3799 3114 3870 ἀποσυμόἧναι
3165 3800 3416 3862 δύναται,
3459 3801 3578 3864 δέος
3616 3801 3690 3871 μὴ
3727 3802 3819 3854 καί
3857 3818 3947 3864 τις

2354 3891 2502 3961 ἡμᾶς
2530 3890 2817 3963 ἀναγκάσῃ
2845 3891 3002 3959 λόγος
3035 3891 3320 3960 ὁμολογεῖν
3349 3892 3610 3946 δύνασθαι
3649 3894 3748 3962 τὴν
3779 3894 3948 3962 ἁγίαν

2355 3979 2563 4052 Τριάδα
2592 3981 2726 4050 πρὸς
2767 3982 2929 4035 ὲνάδα
2972 3983 3376 4053 παλινδρομεῖν.
3409 3984 3472 4036 Ei
3516 3984 3571 4036 δὲ
3608 3985 3766 4036 τοῦτο
3808 4002 3954 4055 φρο-

2353 4078 2464 4130 νεῖν
2494 4075 2526 4144 ἦ
2565 4075 2745 4143 λέγειν
2789 4077 3008 4146 ἁπάσης
3040 4079 3158 4130 ἐστὶ
3188 4078 3508 4142 δυσσεϐείας
3543 4081 3830 4143 ἐπέκεινα,
3877 4078 3951 4154 ἦν

2354 4165 2441 4217 ἀεί
2485 4165 2623 4234 μετὰ
2663 4167 2878 4235 Πατρὸς
2909 4169 3009 4237 τῆς
3038 4169 3196 4236 ἁγίας
3226 4169 3270 4221 Τ
3276 4169 3456 4238 ριάδος
3483 4175 3544 4223 τὸ
3575 4171 3872 4243 πλήρωμα.

2818 4435 3025 4498 ΛΛΛΟ,
3048 4451 3234 4500 τουτῳ
3260 4452 3482 4504 quatior.

749 4556 808 4612 Si
851 4555 1021 4612 Filius
1065 4568 1167 4608 non
1209 4564 1294 4607 est
1332 4553 1605 4622 propriunt
1648 4552 1895 4622 genimen
1937 4551 2243 4607 substantia

2434 4548 2496 4602 Ei
2535 4549 2632 4602 οὐκ
2668 4547 2812 4600 ἐστιν
2839 4549 2866 4599 6
2902 4547 3028 4611 Υἱὸς
3064 4547 3194 4601 ἴδιον
3229 4550 3474 4620 γέννημα
3505 4550 3604 4620 τῆς
3631 4553 3820 4616 οὐσίας
3846 4552 3950 4608 τοῦ

683 4649 888 4713 Patris,
919 4646 1013 4702 sed
1045 4663 1112 4700 ex
1145 4645 1313 4699 nihilo
1346 4645 1518 4698 factus
1547 4653 1662 4708 est,
1696 4644 1975 4700 dissimilis
2009 4643 2113 4699 sibi
2150 4644 2254 4716 ipsi

677 4740 843 4796 fuerit
866 4749 1054 4794 sancta
1078 4737 1320 4790 Trinitas
1345 4751 1411 4790 ex
1437 4736 1606 4790 nihilo
1631 4751 1785 4791 suam
1813 4736 2253 4794 constitutionem

678 4832 924 4888 trahens.
951 4831 1126 4900 Atque
1153 4829 1225 4884 ita
1254 4829 1508 4898 deinceps
1533 4838 1783 4883 creatura
1809 4828 2052 4886 Creatori
2078 4846 2251 4886 annu-

678 4923 996 4987 merabitur,
1026 4931 1082 4974 ct
1111 4934 1247 4990 Opus
1279 4919 1520 4989 ejusdem
1555 4920 1659 4975 erit
1692 4935 1814 4975 cum
1848 4921 2042 4990 opiﬁce
2077 4919 2254 4990 digni-

680 5013 826 5068 tatis.
864 5013 936 5066 At
978 5013 1024 5067 si
1058 5014 1158 5067 hoc
1199 5011 1418 5082 impium
1459 5023 1574 5076 est,
1616 5027 1722 5065 una
1771 5013 1914 5066 enim
1954 5023 2038 5066 est
2080 5012 2257 5068 Deitas

679 5107 881 5155 sanctae
905 5099 1220 5166 Trinitatis,
1249 5116 1352 5154 una
1385 5100 1726 5170 gloriﬁcatio,
1754 5103 2049 5171 eademque
2081 5103 2256 5158 domi-

680 5191 865 5256 natio;
902 5190 1084 5258 inique
1119 5189 1283 5260 igitur
1317 5192 1367 5246 in
1403 5190 1716 5248 dilferentes
1748 5191 2015 5246 essentias
2047 5193 2253 5247 scindi—

679 5293 790 5339 tur.
827 5283 945 5350 Quo
983 5294 1138 5352 pacto
1180 5294 1360 5340 autem
1405 5302 1509 5341 non
1552 5285 1714 5341 fuerit
1755 5284 2089 5349 absurdum,
2130 5298 2250 5338 cum

675 5375 839 5430 Pater
869 5375 940 5428 sit
970 5385 1222 5440 aeternus,
1258 5377 1457 5430 audere
1493 5377 1673 5432 dicere
1701 5377 1936 5432 Verbum
1975 5378 2119 5446 quod
2153 5374 2251 5442 ipsi

674 5467 881 5523 assidet
921 5480 1132 5534 unaque
1171 5477 1390 5535 regnat,
1431 5468 1723 5538 aliquando
1759 5485 1868 5524 non
1906 5469 2109 5531 fuisse;
2154 5465 2249 5520 sed

674 5557 954 5630 postmodo
990 5555 1186 5610 factum
1222 5571 1361 5622 esse,
1397 5567 1450 5611 et
1489 5575 1685 5614 novum
1727 5559 2013 5630 quemdam
2057 5571 2120 5612 ac
2165 5571 2250 5610 re-

675 5666 801 5709 cens
826 5650 1026 5704 factum
1058 5647 1224 5704 Deum
1253 5651 1554 5708 inducere?

737 5809 785 5841 “
810 5806 964 5866 Joan.
997 5828 1038 5882 t,
1061 5813 1115 5869 ὅ.

2363 4642 2572 4714 Πατρὸς
2591 4680 2606 4706 ,
2632 4639 2744 4692 ἀλλ’
2785 4637 2844 4703 ἐξ
2876 4639 2975 4692 οὐκ
3016 4638 3182 4693 ὄντων
3211 4640 3445 4707 ἐγένετο,
3491 4641 3744 4710 ἀνόμοιος
3768 4700 3770 4702 _
3791 4641 3952 4697 ἔσται

2364 4736 2499 4807 πρὸς
2526 4733 2779 4804 ἑαυτὴνὴ
2817 4731 2948 4800 άγία
2979 4732 3150 4802 ἰ’ριὰς
3189 4732 3247 4796 ἐξ
3278 4733 3375 4785 οὐκ
3409 4733 3576 4786 ὄντων
3608 4732 3804 4803 ἔχουσα
3847 4734 3955 4804 τὴν

2364 4828 2640 4880 σύστασιν.
2682 4825 2791 4878 Καὶ
2831 4823 3013 4876 λοιπον
3043 4823 3104 4876 τὸ
3135 4824 3336 4894 κτίσμα
3366 4824 3443 4894 τῷ
3476 4823 3683 4894 Κτίστῃ
3727 4841 3957 4895 συναρι-

2363 4922 2599 4992 θμεῖται.
2627 4919 2722 4974 καὶ
2758 4918 2821 4972 τὸ
2860 4917 3074 4988 ποίημα
3107 4916 3184 4987 τῷ
3220 4920 3417 4990 ποιητῇ
3451 4917 3850 4983 συνδοξάζεται.
3886 4920 3955 4971 Ei

2363 5015 2419 5068 δὲ
2451 5013 2608 5067 τοῦτο
2645 5011 2860 5076 ἀσεϐὲς,
2895 5011 2992 5082 μία
3025 5010 3130 5082 γὰρ
3159 5009 3346 5082 θεότης
3377 5011 3472 5082 τῆς
3509 5010 3669 5079 ἁγίας
3697 5009 3952 5080 Τριάδος.

2369 5105 2465 5174 μία
2513 5101 2816 5170 δοξολογία,
2853 5101 3112 5170 κυριότης
3145 5102 3178 5170 ή
3227 5101 3398 5169 αὑτὴ,
3445 5101 3545 5153 οὐκ
3580 5102 3816 5169 εὐλόγως
3866 5103 3958 5165 είς

2362 5195 2651 5265 διαφόρους
2693 5192 2880 5252 οὐσίας
2911 5191 3171 5259 σχίζεται.
3224 5193 3348 5254 Πῶς
3377 5192 3433 5244 δὲ
3467 5191 3567 5245 οὐκ
3601 5193 3800 5247 ἄτοπον
3851 5193 3956 5246 τοῦ

2363 5287 2575 5356 Πατρὸς
2633 5285 2784 5347 ὄντος
2815 5281 3010 5344 ἀϊδίου,
3059 5283 3148 5335 τὸν
3200 5283 3614 5355 συγκαθήμενον
3668 5285 3814 5356 αὐτῷ
3853 5287 3957 5339 καὶ

2365 5374 2831 5446 συμϐασιλεύοντα
2879 5373 3053 5440 Λόγον
3107 5372 3376 5444 τολμῆσαι
3427 5375 3604 5444 λέγειν
3655 5377 3755 5429 οὐκ
3807 5371 3955 5429 εἶναι

2365 5468 2463 5539 μέν
2498 5483 2657 5519 ποτε·
2698 5464 3072 5534 έπιγεγονέναι
3105 5463 3160 5517 δὲ
3212 5464 3459 5536 ὕστερον,
3507 5466 3602 5519 m‘t
3639 5465 3956 5536 πρόσφατον

2360 5563 2490 5632 ἡμῖν
2523 5558 2870 5629 εἰσφέρεσθαι
2907 5557 3040 5611 Θεόν
3064 5575 3078 5626 ;
