4144 6516
251 336 320 394 49
1659 359 2095 419 THESAURUS.
3434 380 3502 434 50

933 462 1136 518 AAAO.

2599 481 2828 538 ALIUD.

320 561 480 634 Πηγὴ
509 568 701 635 σοφίας
741 573 833 624 καὶ
867 569 1008 644 ζωῆς
1036 576 1277 633 καλεῖται
1305 581 1397 634 καὶ
1424 581 1569 635 ἐστιν
1597 584 1624 635 6
1661 582 1811 644 Θεός.

1987 583 2128 640 Fons
2161 589 2436 656 sapientia:
2468 599 2523 646 et
2554 593 2674 647 vitae
2703 605 2927 650 vocatur
2955 607 3005 652 et
3039 609 3122 655 est
3155 602 3319 658 Deus.
3355 605 3492 658 Nam

249 653 346 706 Διὰ
387 655 486 723 μὲν
530 658 639 728 γὰρ
674 659 931 731 Ἰερεμίου
980 667 1144 736 φησίν
1171 685 1186 702 ο
1229 688 1248 721 ι
1287 671 1415 740 Ἐμὲ
1463 671 1817 739 ἐγκατέλιπον

249 743 430 814 πηγὴν
461 744 648 809 ὓδατος
691 749 909 816 ζῶντος.
940 774 956 803 ι
996 757 1106 810 Καὶ
1150 760 1310 814 πάλιν
1330 779 1343 792 ’
1382 779 1401 813 t
1432 761 1629 832 Θρόνος
1659 762 1818 833 δόξης

249 833 549 926 ίζίίωμένος,
577 839 820 911 ἁγίασμα
851 844 1026 914 ήμῶν,
1059 850 1300 924 ὑπομονὴ
1334 853 1564 924 Ἰσραὴλ,
1591 855 1814 926 Κύριος.

250 921 457 986 Πάντες
491 926 539 976 οἱ
582 927 972 1012 καταλιπόντες
1018 954 1075 990 σε
1114 921 1692 1013 καταισχυνοήτωσαν,
1716 947 1818 1012 ἀφ’

248 1013 536 1102 εσττγκότες
565 1018 656 1069 ἐπὶ
681 1021 782 1087 τῆς
811 1023 935 1094 γῆς.
967 1028 1336 1101 Γραφήτωσαν
1367 1034 1446 1086 ὅτι
1467 1035 1818 1102 ἐγκατέλιπον

249 1100 430 1192 πηζὴν
481 1101 626 1174 ζωῆς
679 1109 770 1162 τὸν
831 1111 1102 1184 Κύριον.»
1144 1100 1256 1171 γΔιὰ
1309 1119 1366 1171 δὲ
1421 1100 1516 1173 τοῦγ
1567 1121 1813 1192 Βαρούχο

252 1205 270 1236 ι
314 1188 733 1256 Ἐγκατελίπετε
763 1199 860 1268 τὴν
893 1203 1071 1273 πηγὴν
1100 1205 1196 1275 τῆς
1226 1207 1434 1275 σοφίας.
1469 1228 1486 1261 ι
1527 1188 1682 1262 Οὕτω
1710 1188 1816 1263 “toi-

245 1293 339 1328 νυν
380 1278 531 1344 ὄντος
582 1302 639 1337 τε
671 1289 769 1351 ,καὶ
820 1290 1150 1362 καλουμένου
1183 1296 1277 1350 τοῦ
1316 1297 1472 1363 Θεοῦ,
1524 1299 1816 1352 ἀκόλουθόν

245 1367 360 1457 ἐστι
396 1371 460 1440 τῇ
511 1376 658 1443 πηγῇ
707 1376 807 1446 τῆς
841 1380 1032 1448 σοφίας
1087 1388 1451 1457 συνυπάρχειν
1495 1389 1563 1441 τὰ
1609 1388 1668 1453 ἐξ
1713 1390 1813 1442 αὐ-

243 1456 341 1525 τῆς
360 1474 372 1487 ⁸
403 1461 525 1515 ἐπεὶ
551 1465 649 1517 οὐκ
680 1467 745 1520 ἂν
777 1469 865 1540 εἴη
895 1472 1047 1542 πηγὴ
1091 1475 1256 1546 μηδὲν
1288 1456 1680 1543 ἀναϐλύζουσα.
1710 1482 1816 1534 O6-

244 1547 372 1601 κοῦν
412 1551 469 1603 ὲν
505 1555 582 1624 τῷ
619 1558 832 1627 λέγειν·
869 1559 978 1618 Ἦν
1020 1566 1118 1620 ὅτε
1151 1571 1262 1622 οὐκ
1304 1567 1383 1639 ἦν
1440 1572 1598 1638 Υἱὸς,
1644 1574 1672 1624 6
1727 1573 1815 1624 λέ-

244 1659 388 1710 γων’
430 1647 568 1716 Ἐγώ
607 1653 720 1721 εἰμι
749 1654 780 1723 ή
825 1652 958 1724 ζωὴ,
991 1657 1082 1710 καὶ
1116 1658 1227 1726 ἐγὼ
1256 1661 1288 1730 ἡ
1334 1661 1514 1729 σοφία,
1545 1664 1813 1731 κατεσκή-

241 1750 386 1787 νωσα
428 1735 642 1809 βουλὴν,
675 1748 1053 1814 συνομολογεῖν
1083 1749 1197 1802 ἐστι
1230 1752 1416 1818 σαφῶς
1462 1752 1632 1822 ξηράν
1681 1770 1810 1806 ποτε

241 1827 334 1879 καὶ
361 1827 551 1896 ἄγονον
579 1830 715 1886 εἶναι
753 1837 850 1907 τὴν
880 1843 1078 1912 πηγήν.
1110 1843 1175 1894 Et
1203 1842 1258 1895 δὲ
1289 1844 1446 1896 τοῦτο
1482 1845 1694 1910 ἀσεϐὲς,
1724 1847 1812 1899 ἀεὶ

238 1914 346 1985 γὰρ
375 1924 709 2009 καρπογόνος
735 1928 766 1995 ὴ
815 1928 932 1983 οεία
961 1931 1140 1999 φύσις,
1170 1935 1263 1986 καὶ
1299 1936 1450 1989 οὐδὲν
1491 1938 1548 1989 ὲν
1578 1939 1713 2009 αὐτῇ
1753 1937 1813 1990 τὸ

237 2009 440 2077 καινὸν,
467 2007 535 2082 ἦν
562 2015 668 2086 ἄρα
699 2018 776 2088 τῷ
811 2020 1133 2093 Γεννήσαντι
1183 2027 1449 2091 συναϊδιος
1481 2031 1511 2082 6
1552 2029 1610 2093 ἐξ
1644 2007 1809 2082 ανέτοῦ

236 2100 454 2191 ⁴γνήσιος
480 2105 670 2173 Λόγος,
697 2107 884 2182 ὥσπερ
911 2113 1019 2166 ἀπὸ
1046 2132 1191 2180 τινος
1219 2118 1400 2188 πηγῆς
1426 2121 1523 2190 τῆς
1554 2119 1812 2191 πατρῴας

235 2187 552 2256 ἀναϐλύζων
579 2196 788 2261 οὐσίας.

559 2310 763 2366 ΑΛΛΟ.
794 2317 897 2380 Είς
929 2316 994 2369 τὸ
1026 2318 1172 2372 αὐτὸ
1205 2323 1478 2377 πιθανόν.

321 2411 742 2484 Ἐπαγγέλλεται
788 2426 1034 2494 ποιήσειν
1062 2429 1090 2480 6
1130 2427 1260 2492 Θεὸς
1309 2431 1432 2494 τοὺς
1464 2432 1811 2498 δουλεύοντας

240 2503 408 2574 αὐτῷ,
435 2505 510 2570 ὡς
546 2511 726 2581 πηγὴν
755 2513 821 2582 ἢν
854 2515 928 2585 μὴ
969 2516 1214 2581 ἐξέλιπεν
1255 2520 1416 2592 ὕδωρ.
1444 2523 1598 2576 Οὕτω
1636 2543 1694 2577 τε
1723 2525 1814 2578 διὰ

237 2594 335 2688 του
392 2601 671 2671 προφήτου
716 2607 877 2676 φησὶν
931 2608 1190 2663 Ἡσαΐου·
1243 2630 1262 2663 t
1292 2614 1400 2666 Καὶ
1452 2615 1812 2688 ὲμπλησθήσῃ

237 2683 487 2756 καθάπερ
514 2689 823 2764 ἐπιθυμεῖὴ
852 2695 992 2768 ψυχή
1022 2716 1136 2764 σου,
1163 2703 1255 2755 καὶ
1279 2704 1351 2756 τὰ
1371 2683 1505 2759 ὀστᾶ
1532 2683 1630 2759 σου
1655 2683 1812 2759 πιοινζ

237 2776 491 2868 ϐήσεταιξ
523 2783 615 2834 καὶ
649 2783 801 2837 ἔσται
833 2786 909 2849 ὡς
951 2793 1126 2859 κῆπος
1157 2794 1394 2862 μεθύων,
1433 2797 1527 2850 καὶ
1555 2797 1630 2859 ὡς
1661 2799 1810 2868 πηγὴ

236 2859 304 2934 ἦς
331 2867 404 2938 μὴ
432 2867 676 2933 ἐξέλιπεν
704 2873 899 2949 ὕδωρ.»
929 2881 1112 2934 Ταῦτα
1145 2859 1238 2935 τοῦ
1271 2884 1407 2938 Θεοῦ
1450 2888 1694 2955 ποιήσειν

237 2954 535 3026 ἀνθρώπων
591 2962 1037 3038 ὑπισχνουμένου,
1090 2972 1208 3036 πῶς
1265 2974 1326 3027 o6
1361 2976 1542 3046 πάσης
1585 2977 1652 3028 ἂν
1701 2972 1810 3030 εἷεν

238 3045 490 3112 ἀσεϐείας
534 3051 852 3120 ὑπεύθυνοι,
883 3060 931 3110 οἱ
964 3061 1062 3130 τὴν
1094 3060 1244 3115 Θείαν
1286 3045 1505 3134 ἐκείνην
1553 3065 1643 3118 καὶ
1672 3066 1811 3136 ἀκὴ-

242 3153 402 3206 ρατον
432 3141 610 3212 πηγὴν
643 3143 811 3216 ξηράν
857 3167 986 3203 ποτε
1035 3153 1363 3224 γεγενῆσθαι
1405 3133 1684 3223 λέγοντες’
1723 3133 1810 3210 ἵνά
1836 3133 1880 3194 c

241 3228 334 3280 καὶ
374 3229 671 3302 ἀνθρώπων
699 3236 948 3310 δεύτερος
995 3244 1250 3315 φαίνηται
1284 3247 1450 3314 Θεός;
1480 3248 1540 3301 Εἰ
1571 3247 1627 3302 δὲ
1653 3248 1809 3302 τοῦτο

238 3318 455 3414 ατοπον,
488 3319 552 3395 ἦν
584 3327 692 3397 ἄρα
720 3331 777 3382 έν
805 3335 870 3402 τῇ
904 3338 1055 3404 πηγῇ
1084 3337 1144 3388 τὸ
1176 3337 1319 3410 ὕδωρ
1345 3341 1444 3411 τῆς
1474 3340 1620 3410 ζωῆς
1651 3344 1744 3395 καὶ
1773 3345 1809 3414 ἡ,

237 3408 296 3474 ἐξ
323 3411 490 3484 αὐτῆς
520 3418 700 3485 σοφία,
732 3422 1010 3478 τουτέστιν
1034 3429 1061 3479 6
1090 3428 1237 3493 Υἱός.

412 3593 616 3660 ᾹΛΛΟ,
645 3596 742 3652 διὰ
779 3600 887 3668 τῆς
915 3606 1000 3669 εἰς
1028 3605 1252 3662 ἄτοπον
1286 3611 1626 3683 ἀπαγωγῆς.

307 3703 619 3795 Γέγραπται
641 3725 653 3739 ⁸
694 3731 711 3762 ι
739 3707 834 3776 Εἷς
861 3715 992 3779 Θεὸς
1019 3718 1049 3768 6
1079 3721 1286 3792 Πατὴρ,
1317 3723 1376 3788 ἐξ
1415 3721 1475 3779 οὗ
1503 3727 1570 3780 τὰ
1605 3730 1804 3795 πάντα,

231 3794 330 3848 καὶ
350 3796 513 3892 ῄμεϊς
533 3800 612 3862 εἰς
647 3803 805 3856 αὐτόν
822 3822 834 3835 ’
865 3808 958 3859 καὶ
981 3802 1061 3872 εἷς
1085 3810 1289 3883 Κύριος
1322 3816 1525 3892 Ἰησοιξς
1550 3821 1804 3891 Χριστὸς.

230 3883 301 3935 δι’
321 3878 382 3937 οὗ
413 3887 480 3940 τὰ
514 3889 708 3957 πάντα,
734 3894 825 3946 καὶ
865 3897 1025 3966 ἡμεῖς
1045 3897 1111 3952 δι’
1136 3901 1321 3968 αὐτοῦ,
1352 3924 1369 3956 ι
1403 3907 1517 3963 ἀλλ’
1543 3910 1596 3962 εί
1615 3929 1696 3974 τις
1719 3911 1806 3965 τὸν

230 3975 298 4029 δι’
323 3971 382 4032 οὗ
419 3978 486 4032 τὰ
519 3981 693 4034 πάντα
724 3985 965 4053 γέγονεν,
997 3989 1090 4043 ἕνα
1123 3993 1231 4044 τῶν
1276 3996 1491 4050 πάντων
1531 3995 1668 4054 εἶναι
1717 4002 1805 4054 λέ·

230 4084 338 4137 γοι,
366 4068 426 4122 τὸ
455 4072 662 4126 κωλύον
695 4076 868 4140 οὐδὲν,
913 4081 1126 4136 καὶτὸν
1169 4084 1226 4150 ἐξ
1264 4079 1325 4138 06
1374 4087 1442 4141 τὰ
1485 4091 1660 4143 πάντα
1695 4095 1806 4156 τοῖς

229 4159 411 4224 αὐτοῖς
440 4161 762 4219 ὑποϐάλλειν
795 4169 1188 4242 συλλογισμοῖς.
1219 4176 1280 4228 Et
1311 4177 1368 4230 δὲ
1397 4178 1555 4232 τοῦτο
1583 4181 1800 4252 ἀσεϐὲς,

227 4250 352 4303 οὐδὲ
381 4253 410 4304 6
443 4252 570 4316 Υἱὸς
601 4254 658 4307 ἓν
696 4255 847 4311 ἔσται
885 4260 992 4313 τῶν
1031 4263 1266 4329 πάντων,
1301 4267 1369 4319 δι’
1407 4261 1469 4320 οὗ
1515 4269 1583 4323 τὰ
1627 4250 1806 4327 πάντα

228 4341 470 4431 γέγονεν,
492 4345 661 4409 ἀΐδιος
681 4343 793 4402 οὖν.
812 4349 870 4402 '0
897 4351 1004 4423 γὰρ
1037 4354 1173 4418 ὅλως
1209 4356 1270 4408 τὸ
1300 4353 1437 4411 εἶναι
1475 4361 1678 4431 κτίσμα
1711 4364 1805 4417 καὶ

1924 691 2020 745 per
2057 677 2344 734 Jeremiam
2390 681 2461 734 ita
2508 684 2587 738 ait
2629 703 2644 739 :
2693 703 2712 736 ι
2768 685 3123 756 Reliquerunt
3166 707 3252 748 me
3296 693 3497 749 fontem

1923 781 2074 835 aquae
2101 768 2234 823 vivae
2249 769 2316 823 “.
2350 789 2368 822 ι
2405 771 2471 825 Ει
2501 787 2713 828 rursum
2749 791 2763 829 :
2803 795 2822 827 ι
2856 776 3106 833 Thronus
3135 781 3316 848 gloriae
3341 784 3495 836 exal-

1913 866 2084 923 tatus,
2115 862 2471 918 sanctiﬁcatio
2501 876 2704 933 nostra,
2734 870 3068 936 exspectatio
3098 871 3284 937 Israel,
3317 876 3498 928 Domi-

1925 967 2041 1004 nus.
2091 951 2424 1008 Eruhescant
2469 972 2654 1012 omnes
2698 960 2788 1027 qui
2836 961 3170 1028 reliquerunt
3217 973 3289 1028 te,
3341 979 3493 1019 rece-

1923 1037 2108 1094 dentes
2149 1055 2180 1093 a
2225 1050 2387 1097 terra.
2432 1044 2750 1100 Scribantur
2788 1050 3042 1116 quoniam
3087 1050 3494 1120 dereliquerunt

1925 1129 2125 1184 fontem
2157 1133 2280 1186 vitae
2315 1119 2598 1189 Dominum
2617 1139 2684 1190 ⁵⁷.
2724 1157 2741 1187 ι
2779 1137 2841 1191 Ει
2874 1154 2969 1205 per
2995 1139 3206 1194 Baruch
3243 1119 3310 1194 ιι
3350 1140 3494 1196 Fon-

1923 1228 2030 1272 tem
2073 1223 2350 1288 sapientim
2387 1226 2753 1295 dereliquistis
2772 1229 2839 1282 ⁸⁸.
2887 1249 2905 1282 ι
2947 1231 3079 1285 Cum
3127 1233 3307 1301 itaque
3346 1233 3494 1304 ejus-

1924 1312 2064 1364 modi
2109 1314 2180 1366 sit
2219 1321 2273 1368 et
2311 1327 2532 1370 vocetur
2573 1319 2732 1384 Deus,
2777 1335 3117 1388 consequens
3159 1333 3244 1376 est
3286 1334 3346 1378 ut
3385 1340 3490 1379 una

1923 1414 2044 1452 cum
2077 1400 2222 1456 fonte
2251 1405 2516 1460 exsistant
2544 1422 2664 1475 quae
2690 1423 2753 1461 ex
2781 1423 2844 1463 eo
2873 1420 3110 1465 manant.
3138 1411 3321 1480 Neque
3348 1416 3492 1467 enim

1925 1490 2084 1546 fuerit
2125 1493 2246 1550 fons
2287 1497 2389 1551 nisi
2433 1508 2633 1553 manet.
2676 1501 2912 1556 Dicendo
2957 1503 3118 1571 igitur
3159 1521 3172 1557 :
3220 1503 3350 1558 Erat
3394 1505 3491 1558 ali-

1920 1587 2130 1651 quando
2175 1586 2383 1653 quando
2428 1604 2530 1642 non
2580 1599 2691 1643 erat
2743 1589 2945 1654 Filius,
2993 1593 3084 1661 qui
3135 1594 3265 1646 dicit
3317 1613 3329 1647 :
3383 1595 3492 1663 Ego

1921 1685 2036 1724 sum
2067 1673 2206 1737 vita,
2239 1685 2293 1728 et
2324 1689 2423 1744 ego
2456 1677 2726 1745 Sapientia
2759 1681 2992 1735 habitari
3027 1682 3078 1735 in
3113 1684 3378 1749 consiliis,
3411 1684 3493 1738 fa-

1921 1761 2136 1816 tendum
2172 1767 2392 1819 omnino
2423 1768 2528 1822 erit
2560 1769 2761 1823 siccum
2797 1781 2959 1840 atque
2992 1773 3333 1829 infecundum
3371 1790 3491 1830 esse

1920 1850 2141 1904 fontem.
2181 1851 2236 1905 Si
2277 1867 2402 1908 vero
2444 1854 2545 1909 hoc
2582 1856 2803 1924 impium
2846 1868 2957 1923 est,
2996 1859 3224 1915 fecunda
3257 1864 3400 1916 enim
3436 1875 3489 1917 et

1920 1938 2193 1994 fructifera
2227 1955 2438 2012 semper
2470 1951 2551 1999 est
2591 1945 2767 1999 divina
2805 1958 3024 2011 natura,
3061 1949 3302 2018 nihilque
3336 1952 3388 2005 in
3421 1966 3486 2005 ea

1919 2029 2096 2096 inane,
2124 2040 2240 2086 erat
2272 2033 2454 2102 utique
2481 2045 2807 2091 coaeternum
2840 2037 2983 2091 Patri
3014 2037 3244 2094 Verbum
3275 2055 3340 2097 ex
3371 2042 3498 2112 ipso.

1917 2120 2176 2187 genitum,
2203 2137 2234 2176 e
2259 2132 2481 2190 paterna
2509 2129 2740 2181 essentia
2768 2127 2930 2182 veluti
2964 2130 3116 2184 fonte
3136 2146 3496 2200 promanans.

2166 2319 2277 2389 28
2315 2319 2550 2385 ALIUD,
2591 2321 2822 2390 ejusdem
2864 2326 2936 2379 rei
2975 2327 3228 2394 probatio.

1985 2431 2255 2486 Promittit
2287 2433 2428 2487 Deus
2456 2434 2720 2490 facturum
2753 2452 2811 2494 se
2843 2453 2938 2492 eos
2965 2441 3056 2509 qui
3088 2440 3188 2508 ipsi
3219 2441 3484 2506 serviunt,

1916 2520 2062 2574 velut
2091 2521 2312 2584 fontem,
2341 2522 2495 2588 cujus
2530 2539 2668 2592 aqua
2700 2542 2972 2596 nunquam
3007 2530 3206 2584 deﬁcit.
3236 2529 3484 2584 Ita-enim

1918 2624 2014 2674 per
2038 2609 2185 2663 Isaiae
2211 2611 2482 2678 prophetae
2503 2627 2690 2668 vocem
2718 2619 2794 2669 ait
2821 2633 2834 2670 :
2869 2635 2888 2668 ι
2925 2617 2984 2671 Et
3017 2619 3322 2687 impleberis
3347 2621 3487 2675 sicut

1917 2701 2094 2754 anima
2136 2711 2224 2754 tua
2263 2701 2565 2764 desiderat,
2603 2714 2655 2755 et
2700 2704 3050 2776 pinguescent
3088 2723 3209 2762 ossa
3254 2717 3342 2764 tua
3382 2728 3394 2763 :
3432 2719 3487 2766 et

1916 2799 2075 2846 erunt
2117 2791 2268 2858 quasi
2315 2791 2504 2847 hortus
2550 2793 2821 2863 irriguus,
2869 2807 2922 2850 et
2962 2798 3123 2851 Veluti
3171 2799 3290 2854 fons
3332 2800 3488 2869 cujus

1917 2895 2051 2948 aqua
2074 2895 2179 2933 non
2195 2878 2374 2933 deﬁcit
2399 2879 2463 2932 ‘°.
2486 2899 2504 2931 ι
2533 2879 2657 2935 Haec
2687 2898 2808 2936 cum
2835 2883 2974 2938 Deus
3004 2886 3056 2939 in
3091 2887 3395 2943 hominibus
3425 2903 3492 2943 se

1917 2973 2276 3042 prestiturum
2315 2973 2622 3039 promittat,
2655 2989 2762 3042 quo
2793 2984 2947 3040 pacto
2977 2991 3079 3030 non
3108 2986 3349 3033 extreme
3383 2979 3490 3032 im-

1916 3062 1989 3132 pii
2029 3060 2282 3116 censendi
2324 3069 2474 3126 sunt,
2512 3064 2601 3132 qui
2639 3063 2880 3119 divinum
2917 3065 3063 3120 illum
3098 3076 3259 3138 atque
3295 3083 3493 3138 peren-

1917 3167 2036 3206 nem
2068 3151 2304 3216 fontem,
2336 3153 2539 3206 siccum
2573 3154 2862 3222 aliquando
2894 3155 3059 3210 fuisse
3087 3156 3307 3222 dicunt,
3338 3169 3395 3213 ut
3427 3167 3500 3213 et.

1916 3244 2181 3299 secundus
2209 3242 2428 3311 quidam
2463 3243 2741 3296 hominum
2772 3243 2914 3298 Deus
2948 3260 3077 3305 esse,
3099 3247 3383 3302 videatur?
3413 3249 3484 3302 At

1915 3350 2041 3388 vero
2069 3333 2115 3388 si
2148 3335 2246 3387 hoc
2273 3331 2561 3386 absurdum
2589 3342 2693 3399 est,
2724 3343 2841 3389 erat
2867 3336 3052 3406 utique
3079 3338 3133 3390 in
3164 3337 3312 3394 fonte
3341 3351 3494 3407 aqua

1915 3425 2035 3478 vitae
2073 3432 2127 3479 et
2167 3423 2427 3493 sapientia
2469 3439 2588 3494 qua:
2628 3424 2751 3480 inde
2786 3435 3092 3494 promanat,
3131 3427 3234 3483 hoc
3269 3437 3354 3484 est
3392 3427 3488 3484 Fi-

1914 3514 2037 3568 lius.

2088 3599 2324 3664 ALIUD,
2367 3616 2459 3668 per
2494 3601 2843 3655 t‘educlionem
2883 3601 2954 3654 ad
2992 3602 3302 3658 absurdum.

1985 3712 2258 3781 Scriptum
2286 3721 2367 3766 est
2395 3728 2409 3764 :
2443 3730 2462 3762 ι
2495 3711 2644 3766 Unus
2673 3711 2812 3766 Deus
2837 3712 3019 3780 Pater,
3045 3730 3112 3769 ex
3140 3729 3249 3783 quo
3275 3717 3478 3782 omnia,

1913 3809 1967 3856 et
1993 3817 2088 3856 nos
2115 3802 2165 3855 in
2194 3802 2310 3869 ipso
2337 3820 2350 3855 :
2378 3810 2430 3854 ct
2460 3815 2600 3854 unus
2628 3801 2884 3855 Dominus
2909 3802 3065 3859 Jcsus
3089 3805 3358 3869 Christus,
3383 3821 3479 3874 per

1911 3907 2070 3959 quem
2107 3893 2282 3946 omnia
2305 3930 2320 3953 ,
2353 3900 2405 3946 et
2441 3906 2536 3946 nos
2572 3906 2666 3958 per
2696 3892 2865 3961 ipsum
2887 3894 2966 3958 ⁸⁰;
3005 3913 3022 3945 ι
3062 3895 3108 3949 si
3143 3896 3261 3964 quis
3297 3907 3477 3951 autem

1914 3983 2061 4037 illum
2088 3997 2184 4051 per
2207 3998 2364 4052 quem
2392 3985 2568 4037 omnia
2602 3984 2742 4038 facta
2773 3994 2919 4047 sunt,
2947 3999 3109 4039 unum
3136 4001 3201 4040 ex
3228 3986 3486 4042 omnibus.

1912 4089 2032 4129 esse
2077 4075 2252 4140 dicat;
2307 4075 2439 4128 nihil
2489 4074 2662 4128 oberit
2706 4075 2992 4142 quominus
3035 4076 3195 4130 etiam
3241 4091 3362 4131 eum
3409 4093 3478 4134 ex

1911 4180 2018 4234 quo
2046 4167 2259 4232 omnia,
2293 4167 2478 4220 eodem
2513 4166 2563 4218 in
2595 4166 2781 4218 ordine
2811 4181 2930 4218 cum
2961 4166 3211 4221 omnibus
3242 4166 3474 4224 colloce-

1912 4274 2050 4312 mus.
2080 4258 2135 4312 Si
2164 4273 2290 4312 vero
2321 4257 2373 4311 id
2403 4256 2683 4312 manifeste
2715 4259 2939 4324 impium
2969 4268 3070 4324 est,
3106 4274 3277 4328 neque
3306 4259 3500 4316 Filius,

1912 4363 2072 4400 unum
2101 4349 2204 4400 erit
2227 4363 2292 4400 ex
2318 4347 2596 4411 omnibus,
2625 4362 2720 4414 per
2745 4363 2902 4416 quem
2933 4351 3111 4403 omnia
3143 4352 3281 4405 facta
3312 4363 3495 4418 sunt,

232 4429 442 4501 ποίημα
465 4433 859 4506 διαπεφευγὼς,
890 4442 988 4494 οὐκ
1013 4443 1070 4495 ὲν
1090 4447 1200 4508 τοῖς
1229 4447 1390 4499 πᾶσιν
1413 4447 1508 4515 ὢν,
1532 4429 1646 4503 ἀλλ’
1665 4453 1806 4522 ὑπὲρ

1915 4448 2141 4493 teternus
2178 4437 2378 4505 itaque.
2413 4438 2456 4490 Α
2491 4451 2597 4505 quo
2630 4441 2772 4492 enim
2811 4439 2863 4493 in
2900 4441 3207 4495 universum
3253 4443 3302 4495 id
3343 4443 3474 4498 alie-

231 4519 410 4574 πάντα
440 4524 532 4580 καὶ
565 4525 658 4578 ἐπὶ
691 4528 907 4583 πάντων
935 4529 1067 4595 Θεὸς
1096 4533 1435 4604 νοηθήσεται.

597 4808 780 4861 ΑΛΛΑ
812 4809 977 4865 ἁπλᾶ
1015 4828 1114 4866 και
1146 4813 1438 4867 ἀπόλυτα.

300 4917 364 4969 Et
397 4917 512 4984 φῶς
544 4918 689 4972 ἐστιν
722 4921 751 4972 6
788 4920 917 4984 Θεὸς
959 4924 1051 4975 καλ¹
1095 4925 1303 4995 Πατὴρ,
1333 4922 1399 4997 ἦν
1429 4928 1515 4980 ἀεὶ
1557 4929 1612 4980 έν
1653 4930 1801 5000 αὐτῷ

226 5007 288 5060 τὸ
321 5008 658 5080 ἀπαύγασμα
681 5012 868 5066 αὐτοῦ.
901 5015 962 5067 Εἰ
997 5017 1282 5086 χαρακτήρ
1315 5018 1461 5071 ἐστιν
1490 5022 1518 5072 6
1545 5019 1674 5082 Υἱὸς
1701 5021 1800 5089 τῆς

227 5097 320 5150 τοῦ
352 5101 560 5170 Πατρὸς
605 5104 975 5169 ὑποστάσεως,
1007 5107 1148 5160 κατὰ
1181 5109 1276 5178 τὴν
1304 5108 1399 5162 τοῦ
1439 5111 1651 5164 Παύλου
1683 5128 1797 5178 φω-

227 5187 344 5254 νὴν,
376 5189 678 5258 λεγέτωσαν
712 5195 762 5246 οἱ
795 5196 883 5248 ἐπ’
907 5195 1071 5249 αὐτοῦ
1098 5198 1178 5261 τὸ,
1209 5201 1331 5252 Οὐκ
1363 5197 1460 5270 ἦν,
1496 5200 1802 5270 τολμῶντες

226 5279 433 5350 φέρειν,
473 5282 600 5335 πότε
641 5287 987 5358 χαρακτῆρος
1016 5290 1182 5359 χωρὶς
1223 5286 1290 5362 ἦν
1321 5293 1354 5361 ὴ
1385 5292 1677 5355 ὑπόστασις
1709 5291 1800 5344 τοῦ

226 5367 472 5438 Πατρός;
510 5370 675 5441 Ὀμοῦ
708 5373 818 5446 γὰρ
851 5379 916 5446 τῇ
947 5377 1238 5431 ὑποστάσει
1269 5382 1364 5432 καὶ
1404 5383 1432 5434 6
1469 5382 1668 5451 ταύτης
1710 5398 1804 5452 χοιο

1912 4547 2071 4595 ιιυιιι,
2102 4540 2160 4584 ιιι
2187 4545 2320 4598 opus
2349 4540 2440 4583 aut
2470 4539 2717 4584 creatura
2747 4532 2849 4594 sit,
2884 4531 2929 4585 is
2961 4546 3066 4585 non
3095 4548 3231 4586 unus
3259 4548 3325 4588 ex
3357 4549 3474 4588 om-

1911 4623 2088 4685 nibus,
2128 4621 2222 4676 sed
2265 4636 2425 4690 super
2461 4621 2642 4675 omnia
2686 4632 2742 4675 et
2782 4621 2834 4675 in
2883 4622 3132 4677 omnibus
3176 4623 3315 4678 Deus
3353 4639 3472 4679 esse

1909 4714 2242 4769 censebitur.

2195 4821 2353 4876 ΑΗΔ
2391 4822 2651 4891 simplicia
2689 4832 2735 4875 et
2775 4821 3178 4876 indissolubilia.

1978 4932 2033 4986 Si
2072 4933 2208 4986 Deus
2242 4941 2297 4986 et
2326 4932 2487 4986 Pater
2518 4933 2696 4986 lumen
2729 4942 2840 4997 est,
2873 4942 2990 4987 erat
3021 4947 3233 5002 semper
3265 4934 3317 4988 in
3350 4935 3495 5003 ipso-

1904 5023 2082 5076 lumen
2118 5023 2252 5089 ejus.
2285 5019 2343 5075 Si
2377 5021 2545 5076 Filius
2571 5030 2653 5076 est
2681 5022 2962 5077 character
2993 5023 3107 5078 sive
3139 5023 3311 5076 forma
3342 5023 3470 5077 sub-

1901 5113 2114 5167 stantiae
2146 5111 2354 5174 Patris,
2391 5111 2543 5181 juxta
2578 5109 2729 5166 Pauli
2767 5127 2952 5167 vocem
2975 5113 3048 5177 ⁸⁸,
3088 5112 3267 5166 dicant
3304 5113 3338 5166 ii
3375 5113 3468 5181 qui

1901 5204 2023 5266 hoc,
2060 5201 2182 5255 Non
2224 5211 2356 5266 erat,
2397 5203 2463 5255 de
2505 5216 2570 5255 eo
2612 5203 2790 5256 dicere
2831 5202 3047 5265 audent,
3084 5201 3296 5270 quando
3338 5202 3466 5256 sub-

1901 5293 2098 5348 stantia
2127 5291 2304 5345 Patris
2337 5292 2540 5359 absque
2569 5307 2666 5348 suo
2696 5293 3008 5346 charactere
3038 5293 3341 5348 exstiterit?
3373 5293 3477 5348 Si-

1904 5383 2014 5436 mul
2047 5381 2189 5435 enim
2224 5396 2346 5435 cum
2380 5381 2676 5436 substantia
2711 5383 2873 5437 etiam
2907 5385 3188 5440 character
3218 5385 3336 5456 ejus
3376 5386 3462 5440 in-

231 5460 441 5530 ρακτὴρ
476 5465 867 5535 συνεισάγεται.
899 5469 961 5521 Εἰ
998 5469 1225 5542 ἀλήθεια
1264 5473 1357 5527 καὶ
1409 5475 1570 5538 σοφία
1602 5475 1748 5527 ἐστὶν
1776 5476 1804 5527 6

1915 5471 2138 5526 ducitur.
2158 5469 2214 5526 Si
2238 5471 2436 5526 veritas
2457 5478 2509 5526 et
2530 5471 2791 5540 sapientia
2812 5481 2896 5528 est
2914 5472 3104 5540 Filius,
3123 5475 3335 5544 quando
3356 5489 3461 5530 non

301 5632 348 5704 ’ἦ
369 5631 567 5689 Jercm.
610 5655 666 5704 ll,
707 5642 786 5695 l3.

903 5643 944 5676 π
969 5642 1166 5701 Jcrcm.
1201 5649 1344 5711 xvn,’
1384 5649 1467 5714 12,
1508 5650 1592 5702 15.

229 5700 270 5731 ⁸³
307 5702 466 5759 llcbr.
504 5721 543 5772 t,
583 5708 634 5761 ὅ.

1707 5650 1748 5679 ⁸⁵⁸
1776 5648 1982 5703 Daruch
2042 5664 2121 5712 In,
2164 5647 2250 5702 i2.

2362 5648 2405 5680 δ’
2440 5647 2542 5703 Isa.
2576 5661 2729 5714 LVIII,
2762 5649 2842 5704 11.
2957 5651 3000 5682 ⁸ο
3037 5649 3056 5703 1
3095 5649 3214 5705 Cor.
3251 5664 3367 5715 VIII,
3405 5647 3482 5706 6..
