4144 6524
577 331 642 389 5|
1560 327 1616 382 S.
1658 325 1928 382 CYRILLI
1970 324 2440 391 ALEXANDRINI
2480 326 2801 386 ARCHIEP.
3763 336 3837 394 53

581 445 684 502 fuit
716 444 769 499 in
803 444 1003 501 Patre?
1040 444 1264 515 Semper
1297 444 1441 499 enim
1477 445 1739 515 sapientia
1774 454 1829 498 et
1862 442 2062 497 veritas
2096 443 2148 499 in

2276 444 2409 511 ι’ίὸς,
2446 447 2576 500 πότε
2618 448 2718 501 οὐκ
2749 444 2818 520 ἦν
2850 449 2909 502 ἐν
2939 448 3018 521 τῷ
3054 450 3225 521 Πατρί
3246 468 3261 518 ;
3307 450 3418 507 ’Δεὶ
3460 451 3569 523 γὰρ
3606 451 3833 524 ἀλήθεια

579 535 694 596 Deo
720 546 774 594 et
801 538 962 592 Patre
990 537 1111 593 fuit.

1256 648 1485 708 ALIUD.

655 760 713 817 Si
746 761 799 817 in
832 762 969 818 Filio
997 762 1212 817 videtur
1244 762 1403 817 Pater
1427 771 1483 818 et
1512 761 1712 826 Filius,
1745 771 1801 816 et
1829 768 1913 815 est
1943 758 2157 815 indiffe-

586 866 713 906 rens
745 852 921 922 imago
950 854 1199 908 essentia:
1225 852 1529 915 Genitoris,
1554 854 1707 921 juxta
1739 852 1789 906 id
1822 852 1964 921 quod
1998 854 2065 906 de
2094 864 2159 904 eo

587 941 784 997 dicitur
812 960 825 996 :
860 962 878 995 ι
913 943 1013 1011 Qui
1042 943 1179 998 vidit
1204 958 1310 1009 me,
1337 944 1470 998 vidit
1495 952 1550 997 et
1577 943 1791 998 Patrem
1823 958 2001 997 meum
2023 943 2093 1007 “,
2135 960 2153 993 ι

588 1044 813 1086 necesse
849 1033 1070 1087 omnino
1107 1042 1192 1087 est
1229 1041 1289 1088 ut
1326 1034 1375 1088 ei
1420 1033 1585 1088 insint
1627 1032 1948 1088 naturaliter
1976 1033 2157 1086 omnia

588 1135 710 1188 quae
748 1120 917 1177 Patri.
953 1122 1063 1192 29
1100 1123 1179 1176 ita
1219 1123 1362 1178 enim
1401 1127 1508 1178 erit
1539 1123 1812 1193 perfectus
1851 1125 2156 1179 character.

591 1209 851 1268 IEternus
879 1224 1055 1268 autem
1084 1223 1168 1269 est
1192 1212 1374 1279 Pater,
1404 1215 1753 1281 immortalis,
1782 1231 1897 1280 rex,
1925 1225 2158 1281 creator,

590 1303 963 1372 omnipotens,
999 1304 1169 1371 Deus,
1199 1305 1381 1373 opifex
1418 1323 1431 1359 :
1466 1307 1580 1361 haec
1612 1306 1728 1376 ipsa
1763 1316 1847 1362 est
1879 1314 1935 1361 et
1967 1305 2159 1361 Filius.

591 1391 663 1444 At
690 1405 798 1461 quo
829 1400 984 1462 pacto
1012 1393 1066 1447 in
1095 1404 1343 1450 creatura
1373 1404 1632 1464 appareat
1660 1396 1967 1452 aeternitas?
1990 1406 2083 1451 aut
2109 1398 2161 1452 in

591 1494 661 1533 eo
692 1480 781 1549 qui
821 1480 1108 1552 aliquando
1144 1499 1251 1539 non
1285 1494 1432 1551 erat,
1466 1485 1753 1554 perfectio,
1785 1495 1879 1541 aut
1911 1488 1967 1541 in
1999 1502 2164 1558 Opere

594 1570 811 1639 opifex?
840 1572 1104 1641 Imagines
1132 1576 1274 1630 enim
1310 1586 1568 1645 perpetuo
1595 1577 1983 1646 exemplarium
2013 1580 2165 1634 sitni-

595 1660 874 1717 litudinem
907 1663 1165 1720 referunt.

2258 536 2354 591 καὶ
2381 538 2539 607 σοφία
2568 542 2625 593 ὲν
2658 540 2777 611 Θεῷ
2812 543 2904 596 καὶ
2934 542 3127 613 Πατρί.

2926 652 3129 707 ΑΛΛΟ.

2329 758 2393 810 Εἰ
2443 758 2501 811 ἐν
2548 758 2660 829 Υίῷ
2711 760 2994 831 θεωρεῖται
3034 763 3063 813 6
3102 761 3310 832 Πατὴρ,
3352 761 3446 814 καὶ¹
3480 759 3643 813 είκών
3687 760 3838 815 ἔστιν

2259 850 2671 921 ἀπαράλλακτος
2705 853 2803 922 τῆς
2832 852 2927 906 τοῦ
2965 853 3329 923 Γεννήσαντος
3362 852 3571 915 οὐσίας,
3602 852 3745 906 κατὰ
3775 851 3840 902 τὸ

2259 940 2549 1012 λεγόμενον
2591 944 2721 1014 παρ’
2764 942 2958 997 αὐτοῦ’
2995 961 3015 996 ι
3054 943 3113 997 '0
3149 942 3408 1012 ἑωρακὼς
3442 944 3576 1013 ἐμὲ,
3625 941 3838 1012 ἑώρακε

2262 1034 2355 1087 κα)⁵
2385 1033 2475 1086 τὸν
2503 1034 2741 1105 Πατέρα,
2767 1053 2786 1097 r
2823 1036 3104 1105 προσεῖναι
3131 1034 3348 1097 πάντως
3373 1033 3519 1102 αὐτῷ
3546 1030 3839 1097 ἀναγκαῖον

2261 1125 2402 1179 κατὰ
2451 1124 2612 1194 φύσιν
2655 1126 2755 1179 ὅσα
2800 1128 2892 1180 καὶ
2925 1127 3004 1197 τῷ
3053 1126 3248 1197 Πατρί.
3278 1125 3470 1176 Ἔσται
3521 1122 3629 1192 γάρ
3669 1120 3842 1183 οὕτως

2262 1213 2495 1285 ἀκριϐὴς
2526 1215 2554 1266 ό
2591 1218 2899 1286 χαρακτήρ.
2944 1215 3138 1277 Ἀἲδιος
3166 1214 3223 1267 δὲ
3254 1212 3283 1264 6
3312 1210 3521 1279 Πατὴρ,
3552 1208 3840 1268 ἀθάνατος,

2265 1304 2516 1376 βασιλεὺς
2534 1347 2549 1372 ,
2600 1306 2823 1377 κτίστης
2843 1347 2858 1372 ,
2901 1305 3317 1375 παντοκράτωρ,
3351 1302 3485 1364 Θεὸς
3503 1341 3519 1366 ,
3572 1298 3803 1371 ποιητής
3823 1312 3838 1327 ο

2261 1396 2435 1451 ταῦτα
2464 1397 2561 1450 καὶ
2600 1398 2629 1450 6
2662 1397 2812 1461 Υἱός.
2843 1399 2912 1451 Ἦ
2952 1396 3069 1459 πῶς
3113 1397 3170 1450 ὲν
3202 1394 3281 1465 τῷ
3313 1392 3526 1463 γενητῷ
3571 1390 3631 1444 τὸ
3673 1387 3844 1443 ἀΐδιον

2265 1489 2512 1560 φαίνεται
2536 1505 2550 1554 ;
2579 1489 2613 1560 ἢ
2643 1490 2703 1543 ὲν
2730 1489 2808 1560 τῷ
2837 1506 2967 1543 ποτε
3001 1488 3075 1559 μὴ
3107 1488 3220 1541 om
3251 1486 3313 1539 τὸ
3338 1485 3565 1551 τέλειον,
3594 1482 3628 1552 ἢ
3668 1484 3727 1535 ὲν
3764 1478 3846 1551 τῷ

2265 1582 2531 1652 ποιήματι
2574 1582 2602 1634 6
2634 1581 2900 1651 ποιητής;
2948 1579 3015 1633 At
3055 1578 3165 1650 γὰρ
3212 1576 3421 1643 εἰκόνες
3468 1574 3557 1641 ἀεὶ
3594 1570 3730 1643 πρὸς
3776 1569 3846 1627 τὰ

2264 1672 2545 1744 ἀρχέτυπα
2568 1672 2667 1744 τὴν
2696 1671 2989 1743 ἐμφέρειαν
3018 1669 3251 1741 ἔχουσιν.

595 1790 952 1863 Interrogatio
981 1798 1350 1878 hwreticornm
1390 1799 1548 1853 veluti
1567 1800 1636 1853 ad
1670 1800 1858 1856 stultas
1889 1804 2129 1863 mulieres
2148 1845 2163 1871 ,

2282 1808 2603 1878 Ἐρώτησις
2632 1806 2939 1877 αἱρετικῶν
2962 1806 3050 1878 ὡς
3068 1801 3530 1872 πρὸςὰνοήτους
3558 1797 3850 1869 γυναῖκας

1265 1869 1376 1923 haec
1406 1881 1504 1924 est.

665 2001 748 2060 An
777 2002 1033 2068 habuisti,
1066 2004 1335 2073 inquiunt,
1385 2004 1574 2069 tilium,
1609 2006 1959 2074 ‘priusquam
2003 2019 2166 2074 pepe-

598 2093 782 2153 reris?
809 2093 1269 2168 Quemadmodum
1295 2106 1476 2150 autem
1520 2112 1629 2151 non
1679 2097 1938 2158 habuisti,
1968 2095 2040 2149 ita
2071 2110 2169 2149 ne-

597 2198 704 2252 que
734 2183 894 2238 Dens.
920 2183 1052 2239 Erat
1087 2186 1267 2254 itaque
1298 2193 1508 2255 tempus
1533 2188 1751 2256 quando
1798 2201 1905 2241 non
1934 2195 2054 2239 erat
2080 2184 2172 2239 Fi-

598 2272 726 2327 lius.
753 2272 892 2341 Quid
918 2274 1086 2344 igitur
1123 2274 1193 2329 ad
1221 2276 1325 2330 hoc
1353 2275 1636 2332 dicemus?
1671 2275 1729 2330 Si
1781 2276 1849 2330 ad
1876 2275 2171 2331 tollendam

598 2364 960 2420 aeternitatem
1025 2363 1149 2420 Filii
1222 2365 1471 2421 humanae
1533 2376 1743 2421 natura
1806 2367 2172 2443 proprietates

601 2452 799 2507 divinae
861 2455 1273 2511 accommodare
1334 2470 1439 2510 non
1495 2466 1793 2522 verentur,
1830 2459 2167 2528 interrogent

601 2544 765 2596 etiam
820 2545 1171 2611 architectos,
1240 2560 1307 2600 an
1360 2548 1566 2616 absque
1624 2549 1852 2603 materia
1900 2549 2173 2605 aediﬁcare

600 2630 834 2699 possint.
867 2632 933 2687 Et
961 2632 1006 2688 si
1038 2641 1255 2705 negent,
1294 2632 1524 2690 fatentes
1563 2637 1615 2691 id
1660 2641 1803 2705 quod
1846 2643 2033 2692 iterum
2068 2648 2173 2704 est,

603 2735 710 2780 non
764 2735 964 2789 posse:
1024 2709 1391 2776 dicantetiam
1428 2723 1540 2780 Deo
1598 2726 1665 2780 ad
1722 2727 1890 2782 totius
1936 2727 2177 2783 universi

603 2811 931 2865 creationem
964 2812 1185 2866 materia
1211 2827 1347 2883 opus
1392 2813 1583 2882 fuisse,
1630 2817 1855 2885 perinde
1886 2827 2051 2886 atque
2075 2820 2177 2873 ho-

602 2897 734 2951 mini
766 2913 781 2951 :
818 2898 891 2953 ita
920 2908 979 2952 ut
1010 2914 1112 2955 non
1130 2898 1241 2970 jam
1275 2911 1562 2957 censeatur
1583 2902 1835 2970 Creator,
1861 2906 1952 2975 qui
1977 2921 2039 2961 ea
2061 2920 2181 2976 qua

604 2985 660 3039 in
691 2995 885 3042 natura
912 3004 1092 3044 rerum
1130 2992 1425 3057 exsistunt,
1462 3007 1492 3047 e
1530 2993 1701 3048 nihilo
1728 2994 1792 3048 ad
1822 3009 1943 3051 esse
1987 2998 2174 3052 tradu-

2976 1874 3147 1941 αὕτη.

2340 2013 2404 2065 Ei
2432 2007 2596 2082 εἶχες,
2619 2013 2803 2079 φασιν,
2857 2007 2971 2061 υἱὸν
3014 2007 3143 2078 πρὶν
3172 2006 3364 2076 senm;
3399 2004 3607 2073 Ὥσπερ
3659 2000 3716 2054 δὲ
3748 1997 3853 2051 οὐκ

2270 2099 2436 2173 εἶχες,
2469 2102 2610 2155 οὕτω
2631 2100 2724 2153 καὶ⁸
2747 2096 2942 2161 όΘεός.
2967 2095 3179 2152 Οὐκοῦν
3220 2091 3289 2165 ἦν
3326 2110 3459 2146 ποτε
3487 2093 3575 2145 ὅτε
3598 2091 3697 2144 οὐκ
3725 2084 3792 2158 ἦν
3822 2090 3853 2140 6

2272 2194 2418 2256 Υἱός.
2461 2193 2527 2245 Τί
2577 2186 2670 2244 οὖν
2716 2189 2854 2261 πρὸς
2912 2186 3103 2253 τοῦτο;
3161 2184 3225 2238 Εἰ
3283 2184 3372 2236 ἐπ’
3417 2180 3698 2250 ἀναιρέσει
3751 2177 3855 2246 τῆς

2272 2280 2570 2350 ἁῖδιότητος
2594 2276 2689 2331 τοῦ
2738 2274 2869 2329 Υἱοῦ
2906 2274 2975 2327 τὰ
3024 2275 3125 2344 τῆς
3171 2269 3590 2341 ἀνθρωπότητος
3646 2267 3753 2319 ῐδια
3779 2266 3852 2333 τῇ

2274 2370 2395 2440 θεία
2416 2368 2572 2438 φύσει
2604 2364 2974 2437 περιτιθέντες
2989 2363 3088 2417 οὐκ
3111 2358 3855 2431 αίσχύνονται,ὲρωτάτωσαν

2274 2462 2369 2514 καὶ
2393 2460 2501 2513 τῶν
2525 2456 2922 2529 ἀρχιτεκτόνων
2950 2454 3124 2515 τινας,
3153 2453 3203 2505 εί
3239 2451 3491 2512 δύνανται
3520 2447 3689 2518 χωρὶς
3719 2446 3855 2513 ὕλης

2274 2550 2594 2619 οἰκοδομεῖν.
2648 2549 2710 2600 Εἰ
2762 2546 2820 2605 δὲ
2858 2543 3191 2607 ἀνανεύοιεν,
3228 2537 3615 2616 ὁμολογοῦντες
3636 2536 3697 2588 τὸ
3720 2534 3855 2615 ἀλη-

2277 2643 2387 2706 θὲς,
2418 2640 2493 2703 ὡς
2520 2640 2581 2693 οὐ
2614 2638 2890 2699 δύνανται,
2933 2634 3244 2702 λεγέτωσαν
3278 2630 3410 2700 ὕλης
3448 2626 3729 2697 δεδεῆσθαι
3760 2626 3859 2683 καὶ

2275 2730 2407 2784 Θεὸν
2441 2732 2520 2792 εἰς
2568 2728 2667 2799 τὴν
2701 2728 2810 2780 τῶν
2863 2725 2999 2778 ὅλων
3036 2721 3383 2791 κατασκευὴν
3432 2720 3509 2782 ὡς
3542 2717 3851 2788 ἀνθρωποψ

2277 2823 2366 2878 ἴνα
2400 2822 2596 2894 μηκέτι
2618 2821 2805 2890 νοῆται
2859 2817 3097 2888 Ποιητης
3150 2817 3216 2869 ὲκ
3262 2813 3356 2868 τοῦ
3392 2812 3466 2884 μὴ
3494 2813 3644 2875 ὄντος
3671 2812 3751 2873 είς
3794 2810 3860 2861 τὸ

2277 2908 2416 2968 εἶναι
2471 2912 2540 2966 τὰ
2578 2912 2708 2966 ὄντα
2739 2910 3025 2981 παράγων,
3056 2907 3171 2961 ἀλλ’
3205 2906 3268 2959 ἐκ
3299 2922 3440 2968 τινος
3486 2903 3859 2971 ὑποκειμένης

2278 3002 2453 3073 ἀρχῆς
2477 3018 2537 3054 τε
2584 3002 2679 3055 καὶ
2731 3001 2897 3070 ὕλης,
2943 3000 3019 3062 ὡς
3058 2998 3360 3068 ἄνθρωπος,
3412 2990 3860 3066 μετασκευαστὴς

604 3077 766 3145 xerit,
794 3082 888 3134 sed
924 3096 989 3135 ex
1025 3081 1271 3152 subjecto
1318 3083 1502 3153 aliquo
1531 3084 1799 3154 principio
1827 3096 1882 3140 et
1911 3088 2135 3145 materia
2156 3128 2173 3156 ,

2281 3090 2537 3164 μᾶλλονῆ
2573 3090 2799 3161 ποιητὴς
2827 3088 3234 3159 εὑρισκόμενος.
3268 3088 3331 3139 Et
3361 3085 3417 3138 δὲ
3452 3084 3609 3136 τοῦτο
3652 3082 3858 3135 ἄτοπον

604 3177 662 3219 ιιι
689 3170 873 3236 homo,
897 3180 954 3226 et
982 3181 1227 3229 mutasse
1254 3176 1436 3244 potius
1459 3190 1618 3243 quam
1650 3178 2177 3248 creassejudicetur.

605 3258 662 3311 Si
691 3272 824 3313 vero
855 3259 959 3316 hoc
987 3263 1280 3317 absurdum
1313 3279 1436 3320 esse
1481 3265 1688 3331 dicunt,
1741 3269 1904 3323 etiam
1936 3269 2065 3325 illud
2088 3271 2183 3327 de-

607 3358 894 3417 testentur,
922 3360 1017 3405 aut
1044 3366 1264 3408 causam
1306 3354 1556 3421 all'erant,
1588 3356 1660 3411 ob
1698 3371 1861 3427 quam
1897 3360 2031 3415 nihil
2061 3377 2180 3416 am-

607 3439 747 3506 plius
774 3440 826 3494 in
867 3445 1175 3511 generando
1213 3444 1321 3499 Deo
1344 3445 1589 3500 tribuant
1629 3461 1793 3516 quam
1821 3450 2067 3519 homini;
2126 3452 2178 3506 in

606 3528 845 3583 creando
870 3541 1048 3585 autem
1082 3546 1185 3586 non
1212 3532 1339 3587 item
1359 3548 1477 3602 quae
1504 3535 1741 3592 hominis
1761 3546 1907 3605 sunt,
1930 3539 1977 3594 ei
2006 3540 2178 3595 ascri-

606 3619 756 3673 bant.
809 3620 865 3673 Si
919 3629 1097 3676 autem
1144 3634 1362 3678 creator
1411 3635 1513 3689 est,
1565 3628 2018 3696 quemadmodum
2072 3630 2180 3686 Deo

607 3710 884 3777 convenit,
935 3711 1039 3766 erit
1071 3713 1234 3767 etiam
1278 3725 1567 3783 generator
1595 3718 1779 3773 eadem
1807 3720 2035 3773 ratione.

605 3841 959 3917 Interrogatio
994 3846 1309 3901 Arianorum
1357 3850 1508 3917 plena
1543 3851 1908 3916 absurditatis,
1950 3855 2034 3906 cui
2071 3858 2179 3914 alia

677 3915 877 3987 similis
916 3915 1259 3987 interrogatio
1310 3915 1606 3986 opponitur,
1661 3923 1870 3987 docens,
1896 3915 1900 3916 ν
1927 3941 2027 3977 non
2073 3942 2183 3978 esse

672 3983 877 4052 aliquid
900 3987 1057 4040 stulte
1079 3983 1532 4057 interrogandum.

680 4117 843 4189 Deus,
882 4117 1167 4191 inquiunt,
1216 4121 1520 4196 exsistens,
1560 4123 1916 4182 exsistentem
1978 4123 2178 4187 Filium

611 4202 761 4277 fecit,
789 4210 882 4257 aut
911 4218 1018 4257 non
1047 4207 1438 4261 exsistentem?

997 4315 1203 4377 Salutio
1223 4333 1311 4370 seu
1329 4320 1499 4384 potius
1517 4322 1788 4389 subjectio.

680 4425 820 4480 Deus
842 4426 1133 4489 exsistens,
1168 4427 1412 4484 factusne
1432 4438 1514 4484 est
1557 4430 1847 4496 exsistens,
1872 4442 1966 4486 aut
2002 4434 2179 4502 prius-
2213 4434 2255 4488 D

609 4532 771 4587 quam
802 4518 954 4573 fieret
996 4516 1335 4573 exsistebat?
1371 4519 1467 4585 Et,
1519 4519 1722 4575 fecitne
1775 4522 2036 4591 seipsum,
2087 4532 2182 4578 aut

568 4642 581 4651 ι
608 4624 673 4661 ex
703 4608 874 4663 nihilo
905 4608 1079 4663 [actus
1113 4610 1237 4664 est?
1262 4610 1342 4663 An
1367 4624 1491 4664 cum
1522 4610 1670 4679 prius
1697 4611 1830 4665 nihil
1855 4613 2178 4679 exsisteret,

609 4701 727 4767 ipse
759 4710 981 4770 repente
1032 4701 1320 4770 apparuit?
1377 4701 1456 4754 Ad
1506 4699 1623 4755 haec
1674 4702 1988 4771 responderi
2041 4704 2177 4758 citra

610 4791 997 4861 hlaSphemiam
1051 4807 1156 4846 non
1195 4800 1409 4859 potest:
1452 4792 1518 4845 iis
1567 4791 1755 4860 itaque
1793 4791 1885 4859 qui
1915 4790 2177 4858 ejusmodi

607 4883 936 4954 quaestiones
949 4890 1252 4953 proponunt
1266 4883 1695 4950 respondendum
1712 4897 1818 4936 non
1840 4882 1949 4952 30
1963 4884 2181 4945 est,imo

606 4973 787 5039 potius
823 4974 909 5044 pie
945 4974 1226 5028 dicendum
1261 4973 1473 5033 Patrem
1530 4974 1597 5025 al)
1656 4980 1859 5034 aeterno
1890 4972 2175 5027 exsistere.

606 5064 740 5133 Cum
780 5063 962 5132 itaque
1006 5074 1242 5118 mternus
1276 5062 1348 5116 sit
1379 5060 1566 5123 Pater,
1628 5060 1695 5113 ab
1752 5067 1960 5113 aeterno
2013 5060 2175 5114 etiam

606 5153 821 5229 exsistit
840 5153 1029 5209 Filius.
1057 5152 1515 5220 Quemadmodum
1535 5150 1680 5205 enim
1697 5164 1971 5220 nunquam
1996 5150 2176 5213 lumen

607 5245 894 5312 Splendore
950 5261 1047 5301 suo
1085 5246 1399 5307 destitutum
1435 5242 1693 5307 cernitur,
1764 5241 1836 5295 ita
1866 5254 2041 5311 neque
2074 5239 2174 5294 Pa-

609 5346 690 5388 ter
725 5335 876 5400 Filio,
904 5352 999 5405 per
1029 5352 1189 5407 quem
1218 5335 1379 5391 Pater
1412 5335 1649 5390 videtur.
1677 5334 1807 5389 Erat
1835 5341 2015 5387 autem
2036 5346 2176 5387 sem-

609 5443 704 5497 per
734 5427 873 5484 Deus
901 5428 1096 5495 Pater;
1127 5438 1244 5483 erat
1284 5429 1469 5497 itaque
1495 5426 1715 5495 omnino
1743 5425 1901 5480 etiam
1944 5424 1987 5479 is
2022 5421 2177 5493 cujus

605 5528 685 5573 est
715 5517 891 5575 Pater.

676 5694 720 5726 "
746 5695 902 5751 Joan.
930 5712 1039 5762 xw,
1075 5696 1129 5751 9.

2279 3177 2417 3234 εἷναί
2466 3199 2619 3250 φασι,
2679 3181 2900 3234 κάκεῖνο
2945 3176 3375 3248 φευγέτωσαν·ἢ
3407 3174 3708 3242 λεγέτωσαν
3753 3173 3857 3243 τὴν

2278 3271 2477 3337 αἰτίαν,
2507 3270 2664 3341 δι’ἢν
2696 3271 2788 3323 ἐπὶ
2821 3269 2919 3339 μὲν
2977 3267 3069 3321 τοῦ
3116 3269 3311 3337 γεννᾷν
3362 3265 3514 3319 οὐδὲν
3563 3262 3855 3334 ἀνθρώπου

2279 3365 2439 3419 πλέον
2462 3364 2605 3435 ἔχειν
2645 3363 2921 3435 βούλονται
2953 3362 3045 3416 τὸν
3074 3362 3228 3426 Θεὸν,
3262 3360 3356 3413 ἐπὶ
3402 3359 3459 3412 δὲ
3502 3356 3597 3411 τοῦ
3650 3355 3857 3420 κτίζειν

2277 3457 2458 3510 οὐκέτι
2477 3457 2542 3509 τὰ
2561 3454 2849 3525 ἀνθρώπου
2873 3453 3278 3523 προσάπτουσιν
3295 3448 3460 3518 αὐτῷ.
3479 3450 3541 3501 Ei
3557 3448 3612 3499 δὲ
3629 3447 3860 3516 ποιητής

2278 3549 2445 3612 ἐστιν,
2470 3548 2545 3610 ὡς
2572 3547 2773 3617 πρέπει
2797 3544 2916 3598 Θεῶ
2965 3543 3116 3599 ἔσται
3157 3542 3250 3595 καὶ
3296 3540 3573 3611 γεννήτωρ
3602 3537 3745 3605 κατὰ
3768 3534 3864 3589 τὸν

2282 3639 2395 3694 ῐσον
2417 3639 2637 3710 τρόπον.

2293 3855 2639 3923 Ἐρώτησις
2666 3848 2979 3923 Ἀρειαιςῶν
3003 3848 3255 3923 ἀτοπίας
3285 3843 3505 3923 ’μεστὴ
3522 3883 3537 3905 ,
3586 3842 3736 3923 πρὸς
3778 3839 3862 3907 ἢν

2350 3911 2827 3990 ἆντεᾶτερώτηοές
2856 3916 3218 3990 ᾀτοπςωτέρα,
3276 3914 3364 3967 ὅτι
3403 3912 3520 3981 χρὴ
3568 3911 3652 3980 μὴ
3681 3911 3861 3965 ἁπαι-

2350 3985 2580 4057 ὄεύτωςῖ
2604 3985 2827 4058 ἐρωτᾷν
2859 3985 3325 4040 ἑκΰιδάσκουσα.

2362 4125 2422 4178 ’0
2451 4122 2549 4185 ὢν,
2595 4122 2780 4190 φασιν,
2819 4118 2951 4182 Θεὸς
3017 4118 3143 4171 ὄντα
3182 4115 3272 4169 τὸν
3325 4114 3453 4167 Υίὸν
3504 4113 3781 4183 ἐποίησεν,
3822 4112 3863 4187 ἢ

2285 4214 2359 4290 μὴ
2382 4214 2512 4267 ὄντα
2535 4229 2549 4277 ;

2487 4321 2643 4387 Πρὸς
2674 4318 2849 4372 τοῦτο
2875 4317 3057 4381 λύσις
3093 4314 3223 4382 ἤτοι
3248 4313 3658 4381 ἀνθυποφορά.

2365 4434 2425 4487 ’0
2446 4434 2520 4486 ὢν
2547 4432 2701 4495 Θεὸς,
2733 4430 2808 4482 ὣν
2836 4428 3077 4497 γέγονεν,
3110 4427 3142 4495 ἦ
3181 4428 3273 4478 καὶ
3302 4427 3429 4496 πρὶν
3454 4424 3682 4496 γένηταί
3709 4427 3864 4477 ἐστιν

2288 4522 2535 4587 mmihi,
2569 4520 2757 4574 ἑαυτὸν
2792 4517 3069 4587 ἐποίησεν,
3117 4517 3147 4585 ἢ
3201 4514 3260 4580 ἐξ
3308 4515 3521 4579 οὐδενὸς
3551 4515 3695 4581 Eon;
3747 4518 3865 4569 Καὶ

2291 4611 2519 4684 μηδενὸς
2574 4610 2725 4671 όντος
2777 4607 3062 4677 πρότερον,
3114 4606 3371 4673 ἐξαίφνης
3428 4605 3590 4667 αὐτὸς
3644 4605 3861 4674 ἐφάνης

2301 4704 2388 4756 Ἐν
2438 4700 2644 4762 τούτοις
2666 4700 2814 4751 πᾶσα
2844 4698 3132 4764 ἀπόκρισις
3159 4695 3219 4747 τὸ
3262 4695 3545 4763 δύσφημον
3591 4693 3722 4763 ἔχει’
3752 4694 3864 4764 χρὴ

2286 4795 2463 4848 τοίνυν
2507 4795 2618 4854 τοῖς
2668 4790 2838 4852 οὕτως
2871 4788 3113 4859 ἐρωτῶσι
3162 4786 3236 4857 μὴ
3288 4785 3677 4854 ἀποκρίνεσθαι
3721 4785 3865 4855 πρὸς

2287 4882 2386 4958 τὴν
2411 4879 2772 4951 προταθεῖσαν
2807 4876 3020 4941 πεῦσιν,
3048 4874 3183 4927 ἀλλά
3206 4874 3405 4943 μᾶλλον
3429 4873 3667 4934 εὐσεὸὦς
3688 4873 3864 4941 λέγω.

2290 4990 2389 5043 μεν
2410 4973 2485 5033 ὡς
2509 4968 2656 5022 ἔστιν
2687 4968 2855 5037 ἀΐδιος
2883 4968 2911 5019 6
2962 4964 3173 5035 Πατήρ.
3209 4964 3397 5025 Ὀντος
3443 4959 3536 5015 οὖν
3564 4962 3737 5014 ἀϊδίου
3762 4960 3862 5013 τοῦ

2285 5064 2519 5134 Πατρὸς,
2560 5060 2633 5113 ὢν
2666 5061 2811 5111 ἐστιν
2844 5057 3010 5119 ἀΐδιος
3052 5057 3146 5108 καὶ
3183 5058 3211 5107 ὁ
3262 5053 3408 5117 Υἱός.
3455 5055 3543 5116 Ὠς
3590 5053 3700 5123 γὰρ
3756 5053 3861 5106 οὐκ

2286 5155 2351 5211 ἄν
2375 5167 2504 5204 ποτε
2528 5148 2642 5219 φῶς
2670 5144 2862 5215 ὀφθείη
2884 5144 2976 5197 τοῦ
3001 5144 3129 5197 ίδίου
3158 5141 3583 5211 ἀπαυγάσματος
3615 5141 3819 5210 ἔρημον
3842 5182 3864 5211 ,ἰ

2282 5244 2453 5304 οὕτως
2489 5240 2589 5293 οὐκ
2623 5238 2687 5291 ἂν
2713 5236 2797 5305 εἴη
2844 5234 3031 5305 Πατὴρ
3078 5234 3153 5303 μὴ
3203 5232 3353 5294 ὄντος
3385 5229 3538 5295 Υίοῦ,
3568 5229 3634 5281 δι’
3664 5222 3725 5280 οὗ
3764 5230 3863 5280 καὶ⁴

2284 5335 2473 5405 Πατὴρ
2498 5330 2763 5401 φαίνεται.
2792 5321 2901 5381 Ἦν
2930 5326 2986 5379 δὲ
3046 5325 3130 5378 ἀεὶ
3162 5324 3347 5397 Πατὴρ
3391 5325 3418 5376 ό
3466 5323 3615 5389 Θεὸς,
3648 5317 3714 5392 ἦν
3750 5322 3871 5391 ἄρα,

2288 5426 2503 5486 πάντως
2534 5416 2594 5475 οὗ
2622 5422 2713 5473 καὶ
2742 5417 2851 5469 ἔστι
2885 5415 3091 5485 Πατήρ.
3626 5454 3629 5455 ,
