4144 6536
234 366 302 422 £3
1649 361 2095 420 THESAURUS.
2934 392 2941 398 -
3430 359 3503 416 55

930 482 1133 537 ΔΛΛΟ.

2584 478 2813 535 ALIUD.

298 592 383 655 Ei,
411 592 661 663 καθάπερ
688 591 864 660 λέγειν
919 590 1190 662 τολμῶσιν
1228 590 1521 662 ’Δρειανοὶ,
1578 590 1781 661 δργανοη

1887 635 1889 642 .
1988 590 2070 654 Si,
2103 590 2557 661 quemadmodum
2595 589 2784 645 Ariani
2817 590 3002 645 dicere
3052 606 3158 645 non
3202 601 3499 653 verentur,

228 683 409 753 ἑαυτῷ
438 684 466 735 6
498 684 688 754 Πατὴρ
735 683 827 736 τὸν
858 682 984 737 Υίὸν
1016 682 1412 749 κατεσκεύασε,
1435 680 1802 753 χρησιμεῦσαι

225 776 523 846 δυνάμενον
564 776 643 838 είς
686 776 787 846 τὴν
837 775 948 828 τῶν
975 776 1143 829 ὄντων
1195 775 1578 847 δημιουργίαν,
1619 774 1708 828 διά
1746 790 1804 825 τε

225 866 431 936 ταύτην
460 866 558 937 τὴν
585 866 761 920 αἰτίαν
795 869 859 920 ὲκ
883 866 977 920 τοῦ
1010 868 1085 938 μὴ
1113 868 1265 931 ὄντος
1285 866 1448 921 αὑτὸν
1476 868 1556 929 εἰς
1580 866 1640 921 τὸ
1666 861 1806 919 εἶναι

228 956 533 1026 παρήγαγε,
590 956 900 1024 λεγέτωσαν
929 959 1063 1029 ἡμῖν
1113 960 1160 1011 εί
1209 961 1238 1011 ὁ
1299 959 1375 1011 ὣν
1401 957 1495 1011 τοῦ
1545 957 1618 1028 μὴ
1653 956 1805 1021 ὄντος

223 1043 454 1115 ἔχρῃζες
487 1044 552 1099 Τί
585 1042 678 1100 οῦν
710 1047 818 1118 ἄρα
849 1048 1001 1103 ἔσται
1034 1049 1255 1118 μεῖξονς
1291 1047 1352 1100 τὺ
1390 1048 1631 1119 ὲνῖχρείᾳ
1657 1046 1804 1111 τινὸς

220 1135 577 1206 καθεστηκὸς,
608 1136 642 1207 ἢ
670 1137 732 1190 τὸ
754 1138 853 1207 τὴν
881 1138 1073 1209 χρείαν
1119 1137 1515 1209 ἀναπληρῶσαι
1569 1138 1804 1207 δυνάμε-

216 1242 305 1281 νον
330 1244 344 1291 ;
385 1227 547 1280 ’Λλλά
572 1228 838 1299 πρόδηλον
866 1230 947 1283 ὅτι
966 1230 1026 1283 τὸ
1058 1230 1233 1294 ἐνδεὲς
1257 1231 1315 1283 ὲν
1356 1230 1571 1299 ἑκάστῳ
1592 1228 1660 1281 δι’
1691 1228 1802 1297 ἁμ-

216 1318 458 1388 φοτέρων
485 1318 808 1389 πληροῦται,
863 1322 957 1373 καὶ
990 1320 1251 1392 ἑκάτερον
1284 1319 1475 1383 ἀτελές
1529 1322 1645 1373 ἐστι
1676 1318 1800 1371 καθ’

214 1410 396 1463 ἑαυτό.
434 1410 499 1463 El
524 1410 582 1463 δὲ
610 1412 668 1463 ὲν
698 1411 858 1483 χρείᾳ
912 1411 1135 1481 γέγονεν
1174 1414 1202 1465 ὀ
1241 1413 1410 1476 ἀΐδιος
1462 1411 1652 1482 Πατὴρ
1703 1409 1798 1463 τοῦ

215 1498 411 1570 μικρὸν
458 1499 687 1571 ὕστερον
747 1502 1123 1571 ὲπιγεγονότος
1179 1503 1331 1567 Υίοῦ,
1374 1506 1494 1558 κατ’
1534 1503 1796 1567 ἐκείνους,

212 1590 489 1660 πλήρωμα
531 1592 629 1662 τῆς
674 1593 976 1665 ἀῖδιότητος
1015 1594 1109 1648 τοῦ
1164 1595 1379 1665 Πατρὸς
1407 1598 1440 1667 ή
1471 1594 1673 1666 γενητὴ
1703 1593 1796 1647 τοῦ

211 1678 343 1732 Υἱοῦ
377 1679 571 1747 γέγονε
611 1681 791 1750 φύσιςο
846 1683 941 1735 καὶ
974 1683 1161 1736 λοιπὸν
1210 1684 1410 1756 ἐμίχθη
1467 1685 1535 1738 τὰ
1564 1685 1791 1754 ἄμικτα.

207 1770 271 1827 Εἰ
300 1769 356 1822 δὲ
390 1770 548 1825 τοῦτο
579 1771 757 1841 λέγειν
787 1773 819 1845 ἢ
846 1776 1063 1843 φρονεῖν
1093 1775 1309 1840 ἀσεὸὲς,
1345 1776 1445 1829 οὐκ
1478 1775 1795 1843 ὲπιγὲγονεν

206 1860 317 1932 ἄρα
340 1861 415 1931 τῷ
444 1863 621 1933 Πατρὶ
647 1866 675 1917 ὁ
713 1864 858 1928 Υἱὸς,
898 1864 964 1917 δι’
997 1858 1058 1917 οῦ
1092 1865 1162 1918 τά
1194 1866 1372 1919 πάντα
1410 1866 1687 1935 ἐποίησεν,
1711 1866 1796 1917 οὐ·

203 1951 363 2015 δὲὼς
395 1953 625 2024 ὄργανον
674 1957 1088 2029 κατεσκευάσθη
1137 1958 1273 2028 πρὸς
1337 1957 1515 2011 τοῦτο’
1575 1957 1692 2011 ἀλλ’
1723 1952 1794 2027 ἦν

203 2041 351 2114 αὐτῷ
376 2045 644 2109 συναῖδιος
667 2086 683 2110 ,
712 2044 941 2119 δύναμις
975 2046 1140 2102 αὑτοῦ
1170 2050 1262 2103 καὶ
1314 2048 1475 2119 σοφία
1502 2047 1788 2121 ὑπάρχων.

202 2259 358 2326 Πρὸς
388 2260 527 2326 τοὺς
546 2260 905 2328 ἐρωτῶντας-ο
934 2264 1004 2316 El
1024 2258 1187 2330 εἶχες
1209 2261 1345 2316 υἱὸν
1372 2261 1517 2330 πρὶν
1570 2261 1789 2329 τέκῃς;

274 2329 374 2401 καί
409 2331 701 2401 λέγοντας
721 2346 735 2360 °
764 2330 927 2385 Οὕτω
953 2332 1052 2386 καὶ
1078 2328 1113 2385 ὁ
1141 2328 1285 2398 Θεὸς
1317 2328 1428 2385 οὐκ
1458 2328 1621 2401 εἶχεν
1655 2328 1791 2384 Υὶὸν

273 2398 417 2465 πρὶν
443 2397 738 2468 γεννήσῃ.

273 2533 338 2590 οἱ
372 2534 628 2599 γυναῖκας
652 2532 989 2604 ἐρωτῶντες·
1012 2534 1075 2586 Εἰ
1102 2528 1245 2603 εἶχες
1273 2534 1388 2586 υἱὸν
1413 2536 1541 2603 πρὶν
1579 2535 1743 2606 τέκῃς
1771 2549 1785 2597 ;

197 2621 309 2674 ἀπό
338 2639 398 2674 τε
418 2623 516 2692 τῆς
540 2623 663 2677 καθ’
695 2624 852 2695 ἡμῶν
881 2623 1169 2694 συνηθείας
1190 2625 1259 2676 τά
1287 2624 1538 2695 θειότερα
1567 2624 1790 2694 δοκιμά-

194 2711 403 2775 ζοντες,
430 2712 792 2782 ὲρωτάτωσαν
818 2715 1019 2783 ὁμοίως
1053 2714 1294 2786 πατέρας
1322 2714 1355 2784 ἢ
1390 2716 1655 2786 μητέρας·
1690 2716 1787 2768 Ἂν

192 2800 362 2872 τέκῃς
393 2801 528 2866 υἱὸν,
550 2803 736 2869 ὅμοιος
759 2803 868 2872 ἄρα
894 2804 976 2855 σο)⁹
1010 2801 1152 2855 κατὰ
1185 2802 1347 2871 φύσιν
1367 2805 1657 2872 γενήσεται
1682 2821 1696 2869 ;
1748 2804 1781 2874 ἢ

191 2892 297 2961 τῆς
315 2876 485 2961 αὐτῆς
517 2892 599 2944 σοὶ
632 2893 727 2944 καὶ
772 2892 936 2956 αὐτὸς
975 2892 1166 2954 οὐσίας
1199 2891 1415 2962 μεθέξει
1436 2893 1507 2962 ςῆ
1540 2892 1785 2962 ὲτεροού-

193 2998 311 3045 σιος
340 2982 493 3035 ἔσται
538 2982 632 3035 καὶ
686 2981 1134 3052 ἀπεξενωμένος;
1198 2981 1577 3044 Μανθάνοντες
1608 2982 1665 3034 δὲ
1721 2983 1783 3036 τὺ

190 3070 421 3141 ἀληθὲς,
457 3070 601 3124 οὕτω
622 3071 989 3142 φρονείτωσαν
1024 3072 1119 3126 καὶ
1166 3072 1293 3142 περὶ
1340 3071 1497 3125 Θεοῦ.
1550 3074 1661 3125 Καὶ
1703 3072 1779 3143 μὴ

188 3161 283 3214 τὸν
310 3161 499 3231 χρόνον
531 3162 629 3231 μὲν
654 3162 733 3225 είς
763 3162 861 3233 τὴν
894 3163 1104 3216 ἑαυτῶν
1129 3162 1446 3216 δυσσέϐειαν
1483 3162 1557 3226 ὼς
1584 3164 1779 3233 χρήσι-

191 3269 297 3321 μον
335 3252 754 3324 ἀρπαζέτωσαν·
782 3254 844 3307 τὸ
877 3254 934 3307 δὲ
959 3256 1023 3308 ὲκ
1047 3256 1146 3326 τῆς
1176 3256 1318 3309 κατά
1347 3257 1509 3326 φύσιν
1531 3256 1782 3327 διαδοχῆς

186 3345 411 3413 γνήσιον
449 3345 869 3416 παροράτωσαν.
896 3348 1008 3400 Καὶ
1027 3348 1191 3402 πάλιν
1211 3349 1338 3402 ὃταν
1372 3348 1585 3417 μάθωσι
1628 3347 1781 3417 παρά

184 3432 299 3484 τῶν
319 3434 689 3509 ὲρωτωμένων
718 3436 941 3503 γονέων,
971 3438 1052 3490 ὅτι
1084 3436 1236 3508 δὴτά
1257 3436 1317 3501 ἐξ
1338 3437 1517 3490 αὐτῶν
1546 3437 1781 3507 ἐσόμενα

181 3522 359 3584 τέκνα
401 3525 618 3589 πάντως
647 3526 802 3579 ἔσται
829 3530 942 3598 τοῖς
985 3528 1203 3582 τοκεῦσι
1259 3529 1638 3601 παραπλήσια,
1686 3532 1778 3583 καὶ

182 3613 314 3666 κατ’
342 3614 498 3667 οὐδὲν
528 3616 707 3670 αὐτῶν
729 3617 1139 3685 διαλλάττοντα,
1181 3622 1321 3674 κατά
1354 3638 1417 3689 γε
1445 3622 1538 3675 τὸν
1558 3622 1656 3693 τῆς
1686 3624 1777 3675 οὐ·

186 3703 321 3766 σίας
343 3702 520 3772 λόγον,
555 3704 947 3762 διακείσθωσαν
969 3708 1112 3763 οὓτω
1158 3710 1252 3763 καὶ
1317 3711 1447 3781 περὶ
1496 3711 1588 3764 τοῦ
1640 3712 1775 3766 Θεοῦ

178 3792 387 3862 Λόγου.
419 3794 530 3848 Kal.
562 3795 745 3849 λοιπὸν
767 3797 1156 3868 ὁμολογοῦντες
1182 3802 1246 3853 ὲκ
1279 3800 1379 3868 τῆς
1398 3801 1584 3865 οὐσίας
1611 3803 1775 3857 αὐτὸν

176 3885 549 3956 γεγεννῆσθαι
574 3886 666 3940 τοῦ
703 3889 940 3960 Πατρὸς,
968 3890 1095 3962 περὶ
1130 3891 1289 3960 μόνου
1331 3891 1427 3944 τοῦ
1460 3894 1654 3964 χρόνου
1683 3893 1777 3964 ζη-

172 3976 470 4040 τείτωσαν,
502 3979 596 4030 καὶ
630 3978 939 4046 λεγέτωσαν
970 3981 1104 4051 ἡμῖν
1137 3980 1190 4033 τί
1216 3981 1277 4033 τὸ
1308 3981 1515 4036 κωλῦον
1548 3984 1633 4036 ἀεὶ
1666 3984 1775 4036 Πα-

172 4067 319 4138 τέρα
344 4062 483 4120 εῐναι
511 4069 604 4122 τὸν
632 4069 784 4132 Θεὸν,
811 4072 858 4122 εἰ
888 4073 960 4141 μή
987 4089 1067 4134 τις
1111 4071 1272 4125 αὑτὸν
1294 4075 1415 4137 ταῖς
1435 4073 1533 4143 τῆς
1562 4074 1775 4145 ἀνθρω-

173 4158 420 4229 πότητος
449 4159 719 4227 ἀνάγκαις
747 4163 841 4214 καὶ
871 4165 986 4224 τοῖς
1039 4162 1138 4233 τῆς
1172 4162 1392 4231 φύσεως
1437 4164 1594 4234 ἡμῶν
1627 4165 1774 4235 ὅροις

172 4249 510 4304 ὑποκεῖσθαι
534 4250 701 4318 λέγον
727 4253 863 4323 ὅπερ
895 4252 1042 4306 ἐστὶν
1095 4253 1477 4308 ἀσεϐέστατον.
1515 4256 1651 4326 Περὶ
1677 4255 1771 4309 τοῦ

168 4338 377 4411 χρόνου
420 4340 598 4395 τοίνυν
644 4342 1038 4414 σκεπτόμενοι,
1097 4344 1173 4415 μὴ
1214 4345 1282 4399 τὰ
1328 4344 1631 4417 ἀνθρώπων
1666 4347 1771 4400 tam

1912 683 2077 738 Pater
2112 682 2212 738 sibi
2251 681 2443 738 Filium
2489 693 2745 752 tanquam
2776 682 3201 737 instrumentum
3234 683 3491 745 confecit,

1914 790 2020 844 quo
2046 775 2113 828 ad
2140 776 2302 831 totius
2334 776 2568 832 universi
2599 776 2934 831 creationem
2965 782 3231 837 uteretur,
3261 789 3513 844 eamque

1911 866 1982 919 ob
2014 880 2237 921 causam
2271 880 2394 920 eum
2427 882 2456 920 e
2494 868 2665 922 nihilo
2714 868 2783 923 ad
2830 880 2954 922 esse
3004 864 3263 929 traduxit,
3311 867 3495 919 dicant.
3550 854 3553 861 ’

1913 956 2068 1019 mihi,
2093 971 2159 1009 an
2197 956 2241 1011 is
2271 957 2360 1027 qui
2422 958 2743 1023 exsistebat,
2774 972 2841 1012 eo
2899 956 2991 1026 qui
3023 970 3129 1009 non
3154 954 3449 1008 exsistebat
3472 994 3495 1017 ,

1912 1044 2241 1115 indiguerit?
2270 1045 2548 1111 Quodnam
2576 1046 2740 1117 igitur
2791 1054 2873 1102 est
2906 1046 3102 1116 majus,
3133 1045 3184 1099 id
3224 1044 3369 1113 quod
3414 1044 3493 1095 al-

1912 1144 2028 1190 tero
2076 1145 2218 1206 eget,
2251 1146 2344 1191 aut
2382 1136 2435 1191 id
2457 1137 2601 1206 quod
2642 1138 2871 1193 alterius
2910 1145 3208 1207 egestatem
3237 1134 3513 1204 suppleti.

1907 1226 2070 1295 Atqui
2106 1226 2452 1282 manifestum
2488 1238 2576 1282 est
2625 1228 2897 1283 defectum
2934 1229 3025 1297 qui
3052 1228 3105 1281 in
3129 1225 3361 1296 singulis
3407 1235 3491 1280 est

1906 1330 2002 1384 per
2029 1324 2317 1387 utrumque
2345 1318 2603 1387 suppleri,
2629 1328 2681 1373 et
2713 1328 3005 1389 utrumque
3030 1318 3084 1371 in
3113 1331 3173 1371 se
3226 1315 3489 1385 imperfe-

1906 1414 2051 1459 ctum
2079 1406 2333 1461 inveniri.
2366 1406 2423 1461 Si
2458 1422 2584 1461 vero
2610 1416 2843 1462 aeternus
2872 1407 3033 1461 Pater
3058 1405 3288 1475 indiguit
3318 1403 3482 1468 Filio,

1906 1498 1996 1563 qui
2026 1497 2183 1566 paulo
2207 1507 2349 1565 post,
2382 1508 2439 1553 ut
2462 1498 2562 1567 ipsi
2596 1499 2911 1567 cpinantur,
2946 1496 3120 1551 factus
3148 1504 3267 1561 est;
3300 1493 3484 1562 genita

1904 1602 2034 1658 ergo
2095 1588 2214 1643 Filii
2270 1600 2469 1645 natura
2517 1589 2695 1644 Patris
2745 1589 3108 1644 teternitatem
3172 1586 3479 1656 supplevit;

1904 1686 2065 1749 atque
2098 1679 2170 1733 ita
2202 1682 2360 1735 inista
2424 1681 2647 1745 fuerint,
2697 1696 2816 1749 quae
2857 1680 3000 1734 nulla
3032 1679 3245 1734 ratione
3268 1677 3481 1733 misceri

1904 1778 2147 1839 possunt.
2192 1771 2248 1825 Si
2297 1786 2429 1826 vero
2457 1771 2557 1826 hoc
2594 1782 2648 1826 et
2696 1772 2843 1826 dictu
2880 1781 2935 1825 et
2977 1770 3219 1841 cogitatu
3251 1769 3493 1864 ἰριρίιιιιιι

1896 1870 1999 1927 est,
2043 1878 2148 1917 non
2184 1872 2419 1932 estergo
2445 1863 2712 1932 posterior
2762 1862 2923 1917 Patre
2967 1861 3162 1925 Filius,
3190 1861 3286 1931 per
3316 1874 3478 1927 quem

1898 1953 1985 2008 ille
2009 1955 2191 2007 omnia
2226 1953 2372 2017 fecit,
2400 1969 2575 2025 neque
2610 1954 2773 2007 veluti
2829 1955 3254 2008 instrumentum
3283 1952 3350 2006 ad
3377 1952 3478 2004 hoc

1894 2043 2072 2100 factus
2097 2054 2182 2100 est
2211 2062 2225 2099 :
2256 2046 2347 2099 sed
2389 2053 2510 2099 erat
2541 2045 2589 2100 ei
2620 2052 2944 2109 coaeternus,
2974 2041 3221 2113 potentia
3251 2040 3370 2110 ejus
3412 2056 3497 2096 ac.

1892 2135 2159 2204 sapientia
2189 2135 2477 2190 exsislens.
3048 2116 3069 2145 ’δ

1891 2272 2151 2328 Adversus
2181 2272 2557 2337 interrogantes
2584 2286 2602 2324 :
2631 2271 2711 2323 An
2740 2270 2971 2325 habuisti
2991 2270 3165 2339 [ilium
3194 2279 3488 2339 antequam.

1994 2342 2189 2408 igneres
2208 2342 2234 2394 .9
2258 2349 2304 2392 et
2345 2342 2572 2394 dicentes
2602 2356 2620 2394 .'
2662 2339 2748 2394 Ita
2798 2356 2961 2411 neque
2992 2337 3134 2395 Deus
3167 2337 3351 2394 habuit
3381 2337 3474 2392 Fi-

1982 2412 2109 2475 ium,
2139 2411 2445 2478 priusquam
2469 2425 2585 2463 eum
2609 2411 2863 2480 gigneret.

1958 2542 2062 2609 Qui
2092 2541 2347 2597 mulieres
2372 2542 2712 2612 interrogant
2748 2561 2761 2598 :
2816 2542 3138 2600 llabuistine
3169 2544 3337 2599 filium
3369 2558 3468 2598 an-

1888 2641 2104 2701 tequam
2134 2633 2392 2699 pareres?
2414 2635 2650 2689 humano
2676 2650 2826 2691 more
2848 2636 3059 2691 divinas
3086 2651 3174 2693 res
3199 2636 3471 2692 aestimari.

1889 2736 1991 2791 tes,
2053 2724 2392 2795 interrogent
2430 2726 2591 2780 etiam
2649 2736 2832 2795 patres
2889 2743 2952 2783 ac
2985 2738 3188 2784 matres
3222 2748 3236 2783 :
3276 2729 3335 2784 Si
3370 2729 3466 2783 tibi

1886 2824 2045 2869 natus
2065 2816 2139 2870 sit
2189 2815 2352 2881 filius,
2376 2816 2552 2872 eritne
2584 2816 2629 2871 is
2661 2817 2755 2871 tibi
2808 2818 3008 2874 similis
3042 2821 3339 2874 secundum
3373 2835 3467 2874 na-

1885 2911 2095 2968 turam,
2125 2904 2209 2958 vel
2248 2903 2564 2973 ejusdemne
2602 2914 2779 2961 tecum
2823 2908 3144 2964 substantiae
3194 2909 3470 2980 particeps

1882 2993 2032 3048 erit?
2067 3009 2134 3048 an
2165 2996 2345 3064 potius
2376 2995 2601 3052 alterius
2663 2998 2983 3055 substantiae
3030 3000 3223 3056 alienae
3269 3016 3299 3056 a
3330 3011 3417 3056 tua
3444 3002 3470 3054 ?

1885 3083 2129 3140 Veritate
2161 3086 2343 3157 itaque
2371 3088 2550 3157 agnita
2572 3126 2588 3153 ,
2621 3089 2691 3143 ita
2724 3091 2890 3144 etiam
2933 3091 2999 3145 de
3040 3090 3152 3146 Deo
3208 3093 3477 3153 sentiant.

1885 3176 2068 3247 Neque
2093 3187 2305 3248 tempus
2329 3180 2548 3249 quidem
2577 3181 2643 3233 ad
2676 3194 2827 3234 suam
2851 3181 3182 3251 impietatem
3209 3192 3499 3252 tanquama

1885 3267 2019 3322 utile
2076 3269 2392 3339 abripiant:
2433 3269 2698 3323 naturalis
2728 3285 2856 3325 vero
2910 3273 3262 3341 proprietatis
3286 3273 3464 3328 contio
3498 3320 3501 3321 ν

1883 3358 2195 3414 nuationem
2226 3359 2546 3428 despiciant.
2576 3359 2640 3414 Et
2674 3376 2884 3426 rursus,
2917 3376 3038 3416 cum
3060 3376 3127 3415 ex
3152 3363 3465 3432 parentibus

1884 3447 2233 3518 interrogatis
2261 3448 2573 3510 didicerint,
2631 3450 2772 3505 ﬁlios
2816 3451 2907 3519 qui
2941 3466 3007 3506 ex
3036 3452 3167 3521 ipsis
3198 3454 3463 3509 nascituri

1882 3548 2030 3607 sunt,
2090 3540 2299 3595 similes
2344 3541 2567 3594 omnino
2636 3542 2953 3611 parentibus
3004 3540 3154 3609 fore,
3208 3543 3463 3614 nulloque

1883 3628 2064 3695 modo,
2116 3637 2377 3699 quantum
2427 3629 2492 3682 ad
2549 3620 2870 3685 substantias
2928 3632 3194 3685 rationem
3225 3633 3458 3700 attinet,

1880 3718 2123 3773 diversos
2161 3719 2228 3773 ab
2251 3718 2382 3788 ipsis
2403 3717 2545 3784 fore,
2578 3718 2650 3773 ita
2675 3719 2839 3775 etiam
2893 3721 2959 3775 de
2993 3721 3085 3775 Dei
3128 3719 3305 3775 Verbo
3328 3735 3458 3776 seu-

1882 3808 2035 3863 tiant.
2058 3811 2136 3865 Ac
2161 3808 2416 3881 deinceps
2447 3809 2551 3880 31
2599 3810 2829 3865 fatentes
2866 3809 3062 3865 Filium
3118 3827 3182 3867 ex
3220 3814 3468 3869 essenti:.

1881 3901 2058 3956 Patris
2090 3901 2332 3971 genitum
2369 3917 2509 3965 esse,
2539 3902 2607 3957 de
2639 3911 2884 3972 tempore
2906 3903 3081 3957 solum
3108 3913 3375 3973 quaerant,
3402 3920 3459 3960 et

1878 3992 2060 4046 dicant
2095 3992 2222 4061 quid
2255 3994 2564 4062 prohibeat,
2600 4008 2708 4064 quo
2740 3994 2919 4049 minus
2959 3993 3124 4048 Pater
3145 3994 3215 4049 sit
3243 4009 3491 4065 semper

1879 4082 2038 4149 Deus,
2062 4083 2167 4137 nisi
2197 4083 2323 4152 quis
2350 4098 2473 4138 eum
2518 4087 2768 4139 humana:
2790 4084 3119 4140 conditionis
3169 4095 3224 4140 et
3247 4096 3455 4142 naturae

1874 4171 2080 4243 legibus
2106 4172 2406 4241 subjectum
2434 4189 2557 4230 esse
2578 4175 2721 4229 dicat
2748 4194 2761 4229 :
2793 4174 2937 4243 quod
2961 4176 3183 4246 impium
3211 4192 3454 4234 summo-

1874 4279 2003 4334 pere
2032 4274 2135 4320 est.
2178 4265 2413 4336 Tempus
2438 4267 2621 4336 itaque
2654 4266 3088 4332 considerantes,
3116 4282 3183 4322 ne
3228 4283 3291 4323 ea
3328 4285 3479 4340 quae,

1875 4357 2183 4412 hominibus
2212 4357 2427 4427 propria
2458 4367 2604 4424 sunt,
2627 4358 2942 4427 inquirant:
2972 4359 3287 4427 longissime
3302 4364 3466 4417 enim.

96 4454 97 4457 η
168 4432 833 4503 πολυπραγμονείτωσανσ
888 4435 1021 4488 πολὺ
1077 4435 1188 4507 γὰρ
1241 4435 1414 4491 ταῦτα
1461 4437 1561 4506 τῆς
1618 4437 1768 4501 θείας

1887 4450 1988 4502 ‘iaec
2020 4462 2048 4500 a
2079 4448 2258 4501 divina
2286 4456 2479 4502 natura
2530 4454 2657 4500 sunt
2712 4457 2940 4502 remota.
2973 4448 3080 4504 Sed
3133 4461 3341 4520 rogent,
3398 4454 3453 4507 si
3546 4522 3556 4532 ’

165 4520 491 4593 ἀπῴκισται
524 4524 758 4593 φύσεως.
794 4526 934 4580 Ἀλλ’
957 4526 1340 4600 ὲρωτάτωσαν,
1364 4529 1411 4581 εί
1447 4528 1765 4598 βούλονται,

166 4609 261 4673 τὸν
294 4611 476 4682 ἥλιον,
504 4615 553 4665 εί
592 4615 654 4668 τὸ
711 4616 771 4680 ἐξ
820 4617 985 4670 αὑτοῦ
1037 4619 1377 4689 γεννώμενον
1420 4619 1535 4689 φῶς
1566 4616 1635 4689 ἦν
1680 4618 1769 4673 ἀεὶ

166 4704 269 4757 σὺν
302 4702 481 4774 αὐτῷ.
530 4705 965 4761 Μανθανέτωσαν
1012 4708 1109 4763 καὶ
1159 4709 1308 4778 παρὰ
1346 4709 1440 4762 τοῦ
1481 4710 1671 4780 πυρὸς,
1717 4711 1766 4762 εί

165 4797 388 4868 προσῆν
417 4795 569 4866 αὐτῷ
612 4797 673 4851 τὸ
727 4797 1041 4868 θερμαίνειν
1083 4800 1187 4855 ἀεί.
1236 4799 1298 4853 Ei
1338 4800 1395 4852 δὲ
1435 4800 1528 4853 ἐπὶ
1560 4801 1766 4854 τούτων

165 4887 457 4961 σύνδρομα
478 4904 538 4940 τε
590 4888 683 4941 καὶ
726 4888 811 4941 ἀεὶ
842 4889 1071 4942 συνόντα
1094 4890 1162 4943 τὰ
1193 4889 1252 4955 ἐξ
1282 4890 1461 4944 αὐτῶν
1493 4888 1760 4959 φαίνεται,

164 4981 325 5051 πόσῳ
355 4978 564 5049 μᾶλλον
592 4980 688 5033 ἐπὶ
741 4980 834 5033 τοῦ
892 4979 1066 5035 ἀϊδίου
1100 4982 1271 5047 Θεοῦ;
1305 4983 1370 5037 Εἰ
1402 4981 1582 5034 τοίνυν
1622 4982 1762 5035 κατά

164 5069 331 5137 φύσιν
357 5071 427 5124 ὲκ
460 5069 555 5123 τοῦ
579 5072 793 5141 Πατρός
820 5073 965 5125 ἐστιν
989 5073 1018 5124 ὁ
1048 5072 1193 5135 Υἱὸς,
1226 5076 1321 5128 καὶ
1354 5072 1415 5125 τὸ
1452 5070 1761 5138 ἀναγκάζον

163 5161 318 5214 οῦδὲν
342 5163 404 5213 ὲν
444 5162 624 5231 χρόνῳ
678 5161 886 5214 τίκτειν
912 5162 1001 5215 τὸν
1046 5162 1196 5225 Θεὸν,
1224 5158 1291 5232 ἦν
1323 5164 1430 5233 ἄρα
1478 5160 1557 5231 τῷ
1585 5160 1761 5229 Πατρὶ

162 5252 445 5315 συναεδιός
469 5253 499 5304 ὁ
525 5251 584 5315 ἐξ
609 5251 774 5305 αὐτοῦ
806 5253 1085 5324 προελθὼν
1118 5253 1307 5320 Λόγος,
1364 5254 1427 5305 δι’
1459 5249 1519 5307 οὗ
1541 5257 1653 5315 τοῖς
1685 5250 1759 5322 μὴ

162 5337 280 5397 οὖσι
302 5343 539 5411 γέγονεν
570 5344 603 5413 ἡ
634 5345 712 5407 είς
742 5344 803 5397 τὸ
828 5340 966 5398 εἶναι
989 5344 1239 5415 πάροδος.

864 5458 1067 5513 ΑΛΛΟ.

232 5566 461 5621 Είδέναι
491 5570 595 5639 χρὴ
625 5568 749 5633 τοὺς
772 5572 914 5624 νοεῖν
936 5571 1217 5636 ἐθέλοντας
1280 5575 1477 5639 καλῶς,
1510 5576 1593 5628 ὅτι
1632 5574 1754 5628 οὔτε

160 5676 225 5724 με
238 5657 447 5729 ριστῶς
473 5658 505 5729 ἧ
540 5662 777 5729 ρευστῶς
803 5663 1061 5733 ἐγέννησε
1091 5666 1243 5731 Θεὸς,
1264 5667 1349 5719 ἵνα
1381 5685 1430 5720 τι
1460 5668 1552 5721 καὶ
1585 5666 1755 5730 πάθος

158 5751 292 5818 περὶ
333 5748 504 5803 αὑτὸν
532 5751 783 5818 γενέσθαι
820 5754 1149 5823 νομίσωμεν·
1205 5757 1264 5810 τὸ
1299 5758 1394 5824 μὲν
1424 5758 1530 5824 γὰο
1560 5758 1751 5827 τέμνε-

1872 4540 2062 4605 velint,
2091 4540 2282 4608 solem,
2314 4556 2379 4594 an
2410 4540 2591 4595 lumen
2639 4540 2780 4610 quod
2816 4556 2884 4596 ex
2908 4556 2968 4597 se
3009 4543 3199 4613 gignit,
3230 4559 3447 4615 semper

1869 4645 2053 4686 secum
2095 4629 2279 4684 fuerit.
2309 4630 2656 4700 Cognoscant
2686 4631 2846 4684 etiam
2871 4646 2937 4686 ex
2960 4631 3105 4703 igne,
3129 4648 3197 4687 an
3228 4649 3447 4704 semper

1868 4723 1915 4779 ei
1946 4721 2093 4778 calor
2125 4720 2381 4776 adfuerit.
2425 4720 2481 4775 Si
2513 4735 2640 4776 vero
2691 4720 2745 4774 in
2800 4721 2883 4776 bis
2923 4737 3137 4792 semper
3163 4727 3444 4780 concomi—
3538 4742 3551 4777 ε

1867 4824 2049 4869 tantur
2079 4820 2239 4882 atque
2271 4811 2449 4865 insunt
2469 4826 2589 4879 quae
2615 4825 2681 4866 ex
2715 4811 2847 4881 ipsis
2877 4812 3189 4881 gignuntur,
3236 4826 3444 4885 quanto

1867 4902 2037 4972 magis
2065 4902 2115 4955 in
2134 4911 2341 4957 aeterno
2367 4900 2508 4957 Deo?
2536 4900 2679 4972 Ergo
2711 4903 2754 4956 si
2781 4903 3102 4959 naturaliter
3130 4916 3216 4962 est
3243 4922 3307 4961 ex
3336 4906 3440 4961 Pa-

1867 5004 1948 5050 tre
1974 4995 2161 5059 Filius,
2192 4993 2447 5063 nullaque
2494 4994 2793 5049 necessitas
2825 4994 2895 5049 sit
2956 5004 3015 5049 ut
3042 4995 3185 5050 Deus
3213 4997 3265 5050 in
3296 5005 3437 5050 tem-

1864 5104 1990 5158 pore
2017 5089 2200 5159 gignat
2233 5110 2243 5143 :
2274 5096 2393 5143 erat
2428 5085 2608 5156 itaque
2655 5094 2984 5141 eo:eternum
3019 5086 3165 5141 Patri
3200 5085 3434 5143 Verbum

1862 5188 1930 5229 ex
1958 5173 2075 5243 ipso
2103 5174 2420 5244 procedens,
2448 5188 2547 5242 per
2589 5188 2749 5241 quem
2777 5189 2838 5229 ea
2874 5190 2992 5245 qua:
3046 5191 3150 5231 non
3176 5187 3331 5233 erant
3367 5180 3465 5240 ad,

1863 5281 1983 5321 esse
2026 5267 2268 5320 traducta
2297 5273 2442 5323 sunt.

2526 5459 2754 5516 ALIUD.

1933 5574 2085 5631 Scire
2114 5582 2323 5645 oportet
2347 5588 2438 5628 eos
2472 5574 2561 5643 qui
2616 5582 2762 5628 recte
2792 5576 2998 5631 sentire
3031 5577 3216 5641 velint,
3258 5579 3457 5635 Deum.

1859 5684 1965 5725 non
1995 5682 2090 5736 per
2123 5664 2537 5735 separationem,
2570 5675 2663 5719 aut
2716 5664 3003 5723 fluxiouem
3034 5669 3308 5739 genuisse,
3349 5671 3452 5725 ita,

1865 5768 1921 5815 ut
1978 5755 2279 5827 passionem
2343 5754 2570 5824 aliquam
2634 5755 2680 5811 ei
2746 5756 3007 5813 accidisse
3066 5773 3453 5821 censeantusz‘
