4144 6518
632 374 702 429 55

1615 378 1672 433 S.
1714 379 1985 435 CYRILLI
2027 376 2851 440 ALEXANDRINI'ARCHIEP.

3809 384 3887 435 se

627 487 800 543 secari
849 486 991 543 enim
1039 503 1103 543 ac
1131 489 1300 543 ﬂuere
1360 503 1635 559 corporea:
1681 504 1889 551 natura:
1920 499 2188 566 propriqu

2304 502 2427 556 σθαι
2459 502 2553 555 καὶ
2578 504 2691 572 ῥεῖν
2725 502 2820 570 τῆς
2853 497 3173 570 σωματικῆς
3230 498 3295 551 ἃν
3342 496 3435 566 εἴη’
3462 496 3675 564 φύσεως
3724 493 3880 547 fatov-

621 586 736 643 est;
795 577 1132 648 incorporea:
1184 591 1361 635 autem
1418 583 1721 654 divinaeque
1786 589 2040 642 essentne
2086 605 2194 644 non

620 670 823 739 passio,
852 686 959 725 non
988 674 1183 738 sectio,
1210 672 1297 727 vel
1334 673 1442 728 tale
1467 674 1669 743 aliquid
1696 678 1917 733 accidit.
1943 679 2059 734 Non
2088 682 2193 735 erit

621 763 805 831 itaque
832 760 1000 818 Filius
1037 764 1200 817 veluti
1235 778 1359 832 pars
1418 767 1663 835 quaadam
1730 768 1938 836 Patris,
1997 771 2092 824 sed
2126 786 2193 826 ex

619 855 738 923 ipso
782 863 832 909 et
869 855 921 908 in
951 854 1087 924 ipso.
1116 855 1194 910 Ac
1222 869 1317 924 per
1347 844 1466 910 Filii
1515 858 1730 926 quidem
1782 861 2192 929 appellationem

619 962 687 1000 ex
721 946 837 1016 ipso
870 961 884 1000 :
916 961 1012 1015 per
1040 948 1316 1017 sapientiae
1342 965 1471 1004 vero
1498 959 1552 1005 ct
1575 950 1735 1006 Verbi
1760 952 2192 1021 appellationem,

620 1036 673 1089 in
708 1037 825 1106 ipso
879 1051 1000 1094 esse
1048 1038 1405 1109 signiﬁcatur.
1436 1038 1554 1095 Erit
1597 1043 1779 1111 itaque
1835 1044 2064 1111 genitori
2102 1060 2193 1098 co-

622 1137 877 1184 aeternus.
911 1129 1094 1199 Neque
1123 1132 1263 1186 enim
1293 1134 1577 1203 quisquam
1614 1149 1757 1189 sanae
1784 1135 1980 1191 mentis
1996 1135 2192 1191 dixerit

621 1217 833 1273 Patrem
870 1219 1086 1290 inquam
1127 1222 1330 1292 absque
1366 1223 1537 1279 Verbo
1568 1234 1623 1279 et
1671 1224 1969 1295 Sapientia
2021 1228 2191 1282 exsti-

623 1321 773 1365 ῑιεεο.

1288 1424 1512 1483 ALIUD.

690 1533 749 1588 Si
781 1550 935 1591 mens
960 1536 1195 1591 humana
1222 1539 1353 1592 citra
1414 1539 1574 1593 ullam
1608 1541 1933 1596 divisionem
1961 1544 2188 1598 verbum

619 1627 761 1694 quod
796 1628 1001 1695 profert
1059 1644 1122 1684 ex
1172 1631 1370 1699 seipsa,
1434 1632 1626 1701 gignit,
1680 1646 1857 1702 neque
1899 1635 2189 1703 quidquam

618 1717 732 1784 ipsa
761 1731 826 1771 ex
858 1717 944 1770 illa
1006 1718 1155 1773 verbi
1212 1719 1519 1788 prolatione
1552 1722 1799 1790 patitur:
1840 1723 1936 1778 sed
1966 1730 2189 1778 verbum

2301 592 2395 645 ἐπὶ
2423 591 2480 645 δὲ
2506 591 2603 662 τῆς
2634 590 2926 661 ἀσωμάτου
2957 588 3050 641 καὶ
3080 587 3227 650 θείας
3255 587 3463 648 οὐσίας,
3498 586 3559 638 οὑ
3594 583 3785 647 πάθος,
3814 583 3879 635 οὐ

2303 683 2568 753 μερισμὸς
2595 682 2703 735 τῶν
2728 681 2982 734 τοιούτων
3006 679 3160 732 οὐδὲν
3193 678 3557 752 συμϐήσεται.
3584 676 3698 727 Οὐκ
3723 674 3879 727 ἔσται

2297 771 2475 824 τοίνυν
2504 771 2690 842 ὥσπερ
2720 789 2773 824 τι
2833 769 3001 840 μέρος
3036 768 3129 821 τοῦ
3179 767 3393 836 Πατρὸς
3424 768 3453 818 6
3483 765 3631 827 Υἱὸς,
3670 763 3785 816 ἀλλ’
3816 764 3879 827 ἐξ

2297 862 2485 927 αὑτοῦ,
2518 865 2613 916 καὶ
2642 863 2698 915 tv
2728 862 2892 931 αὐτῷ.
2922 861 3021 914 Διά
3071 861 3169 930 μὲν
3198 857 3292 911 τοῦ
3322 856 3603 910 καλεῖσθαι
3655 855 3783 917 Υἱὸς
3812 856 3877 906 τὸ

2297 954 2356 1018 ἐξ
2378 956 2565 1016 αὐτοῦ,
2592 955 2680 1007 διὰ
2703 954 2759 1007 δὲ
2789 953 2884 1007 τοῦ
2914 950 3192 1006 καλεῖσθαι
3220 949 3380 1017 σοφία
3431 947 3525 1000 καὶ
3566 947 3757 1013 Λόγος,
3813 945 3875 997 τὸ

2296 1043 2355 1094 tv
2385 1042 2532 1112 αὐτῷ
2560 1042 2861 1113 γνωρίζων,
2891 1040 3101 1093 Οὐκοῦν
3130 1038 3282 1090 ἔσται
3320 1034 3397 1105 τῷ
3442 1034 3651 1086 τεκόντι
3688 1032 3874 1085 συναΐ-

2296 1133 2425 1195 διος.
2455 1134 2529 1185 Οὐ
2555 1133 2664 1203 γὰρ
2694 1134 2759 1186 ἄν
2810 1147 2896 1195 τις
2929 1132 3072 1184 εἴποι
3103 1129 3211 1182 τῶν
3246 1123 3304 1181 εὖ
3358 1127 3575 1197 φρονεῖν
3602 1122 3872 1175 εἰωθότων

2296 1224 2488 1292 ἄλογόν
2549 1241 2607 1276 τε
2662 1225 2754 1276 καὶ
2814 1224 3016 1291 ἄσοφον
3067 1218 3396 1289 γεγενῆσθαί
3448 1232 3578 1269 ποτε
3625 1214 3718 1267 τὸν
3757 1214 3866 1267 Πα-

2293 1317 2445 1386 τέρα.

2986 1424 3187 1479 ΑΛΛΟ.

2364 1542 2427 1594 Et
2456 1542 2485 1595 6
2515 1539 2854 1610 ἀνθρώπινος
2916 1536 3040 1600 νοῦς
3092 1532 3401 1605 ἀμερίστως
3448 1529 3508 1594 ἐξ
3551 1526 3747 1582 ἑαυτοῦ
3778 1527 3870 1579 τὸν

2296 1631 2628 1703 προφορικὸν
2679 1629 2953 1699 ἀπογεννᾷ
2994 1627 3173 1694 λόγον,
3208 1625 3301 1678 καὶ
3353 1622 3525 1683 πάθος
3562 1619 3713 1672 οὐδὲν
3739 1617 3871 1686 περὶ

2295 1724 2456 1778 αὑτὸν
2487 1725 2550 1776 ὲκ
2570 1720 2760 1775 τούτου
2790 1722 3018 1788 γίνεται,
3056 1717 3171 1771 ἀλλ’
3211 1716 3357 1768 ἐστιν
3404 1714 3532 1766 ίδεῖν
3549 1712 3633 1777 {tv
3664 1710 3762 1780 μὲν
3790 1708 3871 1778 τῷ

615 1806 831 1874 quidem
859 1808 910 1862 iu
938 1819 1139 1874 mente,
1170 1825 1320 1865 meus
1353 1811 1405 1864 in
1448 1812 1613 1866 verbo
1673 1814 1935 1879 cernitur,
1968 1822 2023 1869 et
2051 1816 2188 1869 alte-

2295 1815 2369 1884 νῷ
2395 1815 2486 1869 τὸν
2517 1814 2695 1882 λόγον,
2728 1816 2785 1867 tv
2817 1813 2873 1866 δὲ
2893 1812 2970 1882 τῷ
3002 1810 3142 1879 λόγῳ
3170 1809 3260 1861 τὸν
3309 1805 3455 1871 νοῦν,
3488 1803 3581 1857 καὶ
3610 1801 3869 1869 ἑκάτερον

616 1917 736 1955 rum
772 1902 840 1956 ab
891 1903 1062 1960 altero
1104 1905 1414 1975 depingitur
1454 1923 1466 1959 :
1515 1916 1571 1960 et
1616 1921 1776 1961 nemo
1822 1909 1940 1962 sani
1995 1907 2186 1975 judicii

616 1992 817 2045 dixerit
865 2002 1098 2047 mentem
1140 2010 1378 2064 unquam
1414 1996 1620 2066 absque
1658 1997 1824 2051 verbo
1852 1997 2022 2051 fuisse
2050 2015 2064 2053 :
2096 2012 2189 2051 ne-

618 2096 723 2150 que
750 2097 901 2137 mens
922 2086 1158 2152 unquam
1187 2084 1349 2139 fuerit
1380 2100 1501 2155 qua:
1553 2088 1778 2140 verbum
1811 2101 1915 2140 non
1950 2086 2183 2152 habeat;

616 2175 839 2228 verbum
888 2184 1067 2230 autem
1126 2175 1358 2231 dicimus
1408 2192 1513 2231 non
1566 2177 1620 2230 in
1681 2177 1995 2231 universum
2041 2179 2185 2246 quod

615 2263 797 2335 lingua
829 2265 1129 2334 profertur,
1154 2281 1342 2322 verum
1375 2267 1538 2322 etiam
1571 2267 1623 2322 id
1649 2268 1792 2337 quod
1824 2278 2006 2323 mente
2034 2268 2189 2323 intel.

616 2354 921 2410 lectualiter
952 2356 1223 2426 agitatur;
1258 2358 1328 2410 ita
1380 2358 1542 2412 etiam
1593 2372 1752 2412 nemo
1813 2357 2034 2422 dixerit,
2080 2373 2187 2412 non

616 2461 738 2501 esse
762 2448 983 2503 omnino
1011 2448 1063 2502 in
1104 2447 1213 2504 Deo
1236 2449 1512 2517 proprium
1542 2449 1712 2515 ipsius
1753 2449 2014 2513 Verbum,
2040 2450 2187 2519 quod

617 2548 682 2588 ex
713 2535 922 2604 integro
954 2534 1116 2591 Patre
1148 2537 1437 2606 imaginem
1494 2536 1677 2601 refert,
1720 2546 1775 2591 et
1826 2537 1878 2591 in
1918 2535 2084 2592 Patre
2115 2535 2188 2592 ob

617 2626 866 2683 essentia:
892 2625 1495 2683 incommutabilitatem
1514 2627 1697 2683 animo
1726 2627 1989 2683 cernitur.

1262 2737 1371 2811 32
1395 2737 1621 2795 ALIUD.

687 2848 747 2905 Si
781 2858 928 2906 recte
957 2849 1161 2906 sentire
1192 2849 1441 2914 velimus,
1468 2863 1691 2905 necesse
1720 2857 1804 2905 est
1834 2858 1893 2904 ut
1918 2851 2184 2916 dicamus,

615 2956 723 2997 non
749 2936 1044 2997 accessdsse
1100 2943 1202 2997 hoc
1256 2951 1440 3009 postea
1475 2940 1621 2995 Patri
1668 2950 1725 2994 ut
1774 2942 1845 2996 sit
1878 2941 2062 3007 Pater,
2092 2942 2187 2997 sed

616 3043 829 3098 semper
859 3030 911 3084 id
975 3031 1192 3086 fuisse:
1243 3030 1443 3101 alioqui
1477 3031 1754 3086 mutabilis
1806 3040 2013 3086 naturae
2064 3046 2188 3087 esse

2292 1907 2472 1962 αὐτῶν
2508 1906 2754 1975 ἐκατέρῳ
2787 1902 3273 1974 ζωγραφούμενον,
3330 1897 3424 1951 καὶ
3473 1895 3574 1948 οὑκ
3597 1894 3663 1947 ἀν
3682 1908 3765 1955 τις
3790 1892 3870 1943 ετ-

2292 2015 2384 2051 ποι
2434 1996 2725 2068 σωφρονῶν
2780 1993 2973 2060 ἄλογόν
3015 2007 3146 2044 ποτε
3203 1984 3527 2057 γεγενῆσθαι
3580 1983 3671 2036 τὸν
3706 1981 3864 2035 νοῦν

2289 2087 2473 2141 οὐκέτι
2507 2088 2615 2155 γὰρ
2648 2086 2801 2138 ἔσται
2832 2083 2956 2145 νοῦς
2981 2081 3137 2150 λόγον
3165 2080 3263 2133 οὐκ
3287 2077 3445 2146 ἔχων,
3486 2073 3644 2141 λόγον
3666 2072 3724 2124 δέ
3762 2088 3869 2139 φα-

2293 2196 2391 2249 μεν
2425 2178 2484 2231 οὐ
2517 2179 2732 2240 πάντως
2789 2175 2879 2227 τὸν
2938 2173 3025 2226 διά
3073 2169 3317 2239 γλώττης
3343 2164 3826 2233 ἀποκτυπούμενον
3846 2200 3866 2226 ,

2290 2268 2425 2322 ἀλλά
2458 2269 2551 2321 καὶ
2607 2266 2696 2320 τὸν
2722 2268 2778 2319 tv
2812 2265 2887 2334 τῷ
2925 2263 2999 2333 νῷ
3033 2258 3377 2331 νοηματικῶς
3409 2254 3745 2325 κινούμενον·
3774 2250 3868 2304 οὖ-

2288 2376 2396 2422 τως
2423 2358 2523 2411 οὐκ
2545 2358 2611 2411 ἀν
2641 2374 2725 2419 τις
2784 2358 2925 2410 εἴποι
2957 2354 3031 2425 μὴ
3076 2350 3214 2405 εἶναι
3243 2349 3459 2410 πάντως
3510 2347 3567 2398 tv
3618 2345 3737 2413 Θεῷ
3774 2343 3866 2395 τὸν

2291 2451 2420 2503 ἴδιον
2445 2449 2610 2503 αὑτοῦ
2641 2448 2833 2515 Λόγον,
2865 2448 2991 2516 ὅλην
3024 2443 3084 2509 ἐξ
3114 2443 3235 2497 ὅλου
3277 2440 3370 2493 τοῦ
3410 2437 3621 2506 Πατρὸς
3674 2435 3868 2504 ἔχοντα

2288 2540 2385 2612 τὴν
2412 2540 2618 2603 εἰκόνα,
2678 2538 2774 2592 καῖ¹
2828 2540 2887 2592 tv
2921 2536 3097 2607 Πατρὶ
3145 2530 3514 2602 θεωρούμενον
3562 2526 3651 2579 διὰ
3679 2525 3741 2578 τὸ
3766 2523 3868 2592 τῆς

2287 2632 2474 2695 οὐσίας
2516 2632 2629 2684 ἀπα
2638 2630 2954 2703 ράλλακτον.

2967 2739 3171 2793 ΑΛΛΟ.

2360 2859 2423 2911 Εἰ
2452 2855 2773 2927 βουλοίμεθα
2803 2853 3044 2920 δοξάζειν
3070 2850 3265 2922 ὀρθῶς,
3317 2847 3531 2914 ἀνάγκη
3564 2840 3744 2927 λέγειν
3789 2838 3867 2900 ὡς

2288 2948 2388 3002 οὐκ
2425 2926 2708 3015 ἐπιγέγονε
2733 2945 2810 3016 τῷ
2836 2944 2955 3014 Θεῷ
2986 2944 3046 2996 τὸ
3074 2940 3211 2995 εἶναι
3249 2937 3490 3008 Πατέρα,
3538 2932 3653 2987 ἀλλ’
3686 2926 3753 2999 ἦν
3780 2929 3866 2981 ἀεὶ

2288 3037 2527 3108 τοῦτοηῆ
2571 3037 2680 3107 γάρ
2729 3036 2794 3089 ἂν
2821 3034 2915 3089 καὶ
2968 3034 3206 3106 τρεπτῆς
3252 3030 3327 3084 ὢν
3377 3029 3620 3098 φαίνοιτο
3654 3022 3866 3092 φύσεως

615 3121 908 3186 videbitur,
954 3121 1153 3190 quippe
1204 3120 1298 3190 qui
1355 3122 1634 3190 postmodo
1686 3121 1865 3177 factus
1932 3121 2099 3179 fuerit
2134 3122 2187 3178 id

2295 3128 2518 3200 ὕστερον
2539 3125 2799 3197 γεγονὼς,
2826 3128 2959 3197 ὅπερ
2980 3126 3081 3178 οὐκ
3110 3120 3197 3195 ἦν,
3243 3121 3385 3175 κατὰ
3410 3119 3507 3189 τὴν
3532 3116 3641 3203 τῶν
3663 3114 3866 3183 αίρετιο

617 3211 763 3283 quod
797 3226 908 3268 non
971 3218 1110 3278 erat,
1146 3211 1301 3282 juxta
1344 3211 1723 3267 haereticorum
1752 3211 2012 3271 furorem.
2052 3212 2188 3269 Nam

623 3304 667 3359 si
699 3304 898 3359 bonum
922 3303 1193 3373 quoddam
1220 3302 1453 3369 videtur,
1482 3302 1654 3373 ipsum
1683 3318 1803 3359 esse
1829 3304 2067 3371 Patrem,
2091 3306 2191 3361 hoc

618 3408 750 3449 vero
781 3409 886 3450 non
919 3408 1136 3463 semper
1191 3392 1313 3459 fuit,
1342 3404 1464 3448 erat
1511 3394 1676 3464 igitur
1702 3403 1914 3464 tempus
1971 3397 2189 3465 quando

619 3486 823 3541 bonum
852 3500 959 3540 non
990 3493 1107 3540 erat
1135 3484 1189 3539 in
1226 3484 1354 3540 Deo.
1390 3484 1541 3552 Quod
1572 3487 1783 3553 quidem
1817 3502 1936 3539 cum
1965 3488 2186 3557 impium

624 3577 767 3632 dictu
796 3578 887 3643 sit,
912 3586 1029 3631 erat
1052 3576 1216 3645 igitur
1268 3590 1481 3645 semper
1510 3576 1690 3642 Pater,
1724 3576 1862 3631 Filio
1906 3579 2190 3634 manifeste

622 3679 731 3720 una
758 3666 1052 3721 exsistente
1083 3681 1096 3718 :
1130 3677 1305 3732 neque
1349 3664 1489 3718 enim
1522 3673 1665 3717 esset
1692 3662 1873 3727 Pater,
1910 3681 2016 3719 non
2043 3667 2190 3721 exsi-

622 3766 799 3812 stente
829 3756 985 3811 Filio.
1021 3756 1077 3811 Si
1111 3770 1239 3810 vero
1289 3755 1410 3825 quis
1452 3753 1693 3823 objiciat,
1740 3756 1961 3812 dicens:
2017 3757 2188 3827 Ergo,

621 3850 884 3920 siquidem
931 3848 1227 3904 secundum
1299 3857 1547 3901 naturam
1614 3856 1698 3902 est
1759 3850 1921 3903 etiam
1954 3831 2193 3906 Icreator

621 3940 780 4005 Deus,
818 3939 1033 3994 fuerunt
1065 3937 1228 3993 etiam
1269 3951 1485 4006 semper
1537 3946 1800 3991 creatura:
1830 3951 1846 3990 :
1879 3947 2040 4007 atque
2089 3939 2191 3994 hoc

620 4030 835 4099 quidem
870 4030 1051 4083 dicere
1088 4042 1185 4082 nos
1212 4041 1437 4082 necesse
1471 4037 1574 4094 est,
1606 4043 1673 4082 ne
1696 4030 1976 4097 postmodo
2003 4045 2190 4085 acces-

619 4121 755 4177 sisse
794 4118 906 4174 Deo
959 4119 1228 4182 videatur,
1276 4125 1577 4173 creatorem
1612 4132 1754 4185 esse,
1807 4134 1942 4175 neve
1964 4120 2190 4175 mutatio

619 4211 799 4281 aliqua
839 4210 983 4266 circa
1009 4210 1247 4265 divinam
1277 4216 1525 4262 naturam
1548 4207 1689 4264 facta
1708 4224 1829 4265 esse
1860 4222 2183 4267 censeatur:

620 4302 723 4358 boc
743 4301 886 4356 enim
908 4300 1143 4357 diximus
1172 4301 1240 4353 de
1294 4298 1451 4354 Filio.
1488 4301 1593 4353 Aut
1642 4301 1748 4355 alio
1795 4302 1957 4356 etiam
2006 4302 2185 4357 modo.

618 4393 1061 4463 Quandoquidem
1098 4394 1293 4447 bonum
1327 4403 1407 4447 est
1436 4408 1623 4448 creare
1651 4405 1703 4448 et
1728 4393 1904 4450 facere
1927 4435 1942 4462 ,
1970 4396 2189 4450 fuerunt
2228 4468 2231 4473 _

2293 3224 2405 3277 κῶν
2438 3220 2655 3291 μανίαν.
2688 3220 2753 3272 Εἰ
2772 3217 2880 3286 γάρ
2907 3215 3071 3269 καλόν
3098 3231 3149 3267 τι
3170 3212 3419 3283 φαίνεται
3444 3209 3504 3261 τὸ
3534 3202 3673 3260 εἶναι
3704 3204 3867 3259 αὑτὸν

2293 3311 2535 3383 Πατέρα,
2558 3309 2714 3363 τοῦτο
2740 3308 2796 3360 δὲ
2819 3302 2887 3377 ἦν
2912 3305 3011 3358 οὐκ
3038 3304 3146 3369 ἀεὶ,
3176 3298 3244 3372 ἦν
3289 3301 3396 3369 ἀρα
3438 3297 3627 3368 χρόνος
3670 3296 3759 3350 ὅτε
3805 3296 3870 3349 τὸ

2292 3404 2456 3460 καλὸν
2479 3404 2578 3456 οὐκ
2604 3398 2670 3472 ἦν
2692 3403 2748 3453 tv
2777 3398 2915 3469 Θεῷ.
2948 3398 3010 3449 El
3045 3396 3101 3449 δὲ
3134 3394 3290 3448 τοῦτο
3329 3392 3630 3461 δύσφημον,
3661 3385 3729 3460 ἦν
3758 3389 3867 3458 ἄρα

2292 3496 2379 3549 ἀεὶ
2411 3494 2621 3564 Πατὴρ,
2658 3490 2785 3545 Υἱοῦ
2815 3487 3055 3556 δηλονότι
3085 3484 3539 3553 συνυπάρχοντος*
3573 3480 3632 3533 οὐ
3662 3478 3770 3548 γὰρ
3800 3477 3870 3530 ἂν

2291 3586 2378 3656 εἴη
2412 3585 2602 3654 Πατὴρ
2632 3583 2733 3636 οὐκ
2789 3580 2941 3642 ὄντος
2980 3576 3130 3630 Υίοῦ.
3180 3576 3243 3627 EE
3294 3574 3352 3626 δέ
3385 3590 3468 3635 τις
3500 3567 3873 3638 ἀνθυποφέρει

2290 3677 2483 3745 λέγων·
2516 3674 2637 3744 Ἆρ’
2663 3668 2755 3725 οῦν
2782 3668 2967 3739 ἐπειδὴ
2994 3667 3136 3721 κατά
3167 3664 3327 3734 φύσιν
3352 3662 3467 3715 ἐστὶ
3510 3660 3606 3714 καὶ
3632 3658 3868 3728 ποιητὴς

2290 3770 2318 3823 6
2350 3767 2502 3830 Θεὸς,
2540 3760 2609 3833 ἦν
2631 3763 2721 3817 ἀεὶ
2751 3763 2817 3817 τά
2847 3762 3147 3831 ποιήματα⁸
3172 3758 3267 3811 καὶ
3306 3753 3465 3808 τοῦτο
3502 3752 3681 3819 λέγειν
3720 3750 3868 3819 ἡμᾶς

2290 3856 2606 3923 ἀναγκαῖον,
2637 3853 2723 3905 ἵνα
2758 3851 2831 3921 μὴ
2861 3848 3086 3919 ὕστερον
3114 3844 3425 3913 ὲπιγεγονδς
3475 3841 3553 3910 τῷ
3590 3838 3709 3909 Θεῷ
3744 3836 3870 3905 φαί-

2290 3964 2447 4016 νηται
2480 3944 2540 3998 τὸ
2593 3937 2731 3996 εἶναι
2763 3939 3012 4012 ποιητὴν,
3046 3938 3141 3992 καὶ¹
3191 3935 3363 4000 δόξειέ
3403 3949 3488 3995 τις
3528 3930 3703 3999 τροπὴ
3738 3926 3870 3996 περὶ

2289 4038 2388 4106 τὴν
2416 4035 2564 4089 θείαν
2586 4032 2829 4102 γίνεσθαι
2872 4030 3056 4099 φύσιν·
3107 4027 3263 4081 τοῦτο
3322 4024 3429 4093 γὰρ
3488 4020 3748 4089 ἐλέγομεν
3774 4016 3873 4069 ἐπὶ

2290 4129 2383 4182 τοῦ
2408 4127 2559 4181 Υίοῦ.
2599 4127 2670 4179 ’Ἡ
2696 4126 2787 4177 καὶ
2829 4122 2950 4176 καθ’
2984 4122 3169 4190 ἕτερον
3205 4115 3428 4186 τρόπον·
3468 4109 3657 4179 ἐπειδὴ
3701 4106 3869 4161 καλὸν

2290 4221 2351 4274 τὸ
2374 4218 2579 4283 κτίζειν
2614 4216 2709 4270 καὶ
2746 4215 2938 4276 ποιεῖν,
2968 4207 3036 4280 ἦν
3086 4210 3173 4263 ἀεὶ
3231 4209 3301 4261 τά
3336 4205 3637 4274 ποιήματα,
3662 4201 3749 4253 ἵνα
3791 4197 3871 4269 μὴ

2292 4310 2548 4381 φαίνηταί
2570 4323 2701 4361 ποτε
2755 4304 2830 4376 μὴ
2852 4303 2910 4356 ὃν
2945 4304 3003 4355 tv
3044 4300 3160 4371 Θεῷ
3208 4298 3269 4351 τὸ
3309 4297 3490 4350 καλόν.
3522 4294 3666 4364 Πρὸς
3692 4290 3873 4346 ταῦτα

2292 4402 2397 4472 χρὴ
2427 4400 2614 4453 τοῦτον
2639 4396 2947 4465 ὑπαντῆσαι
2974 4393 3063 4446 τὸν
3098 4392 3314 4462 τρόπον·
3340 4390 3465 4451 Υίὸς
3491 4387 3585 4441 καὶ
3620 4384 3831 4454 ποίημα
3851 4423 3871 4448 ,

619 4501 831 4557 semper
863 4495 1151 4549 creaturae,
1180 4498 1247 4538 ne
1286 4484 1338 4539 id
1364 4484 1507 4554 quod
1557 4484 1754 4539 bonum
1789 4494 1893 4549 est,
1942 4486 2188 4540 videatur

2295 4490 2428 4544 πολὺ
2456 4490 2554 4559 τῆς
2576 4487 2710 4557 πρὸς
2734 4485 2941 4555 ἄλληλα
2966 4480 3248 4543 κοινωνίας
3288 4477 3619 4548 ἀπῴκισται,
3661 4472 3754 4527 καὶ
3777 4474 3874 4524 οὐ-

619 4576 908 4645 aliquando
931 4577 984 4629 in
1051 4577 1158 4629 Deo
1210 4590 1314 4628 non
1347 4574 1531 4629 fuisse.
1593 4573 1727 4629 Huic
1774 4575 2062 4642 objectioni
2113 4577 2185 4630 ita

617 4666 1014 4724 occurrendum
1045 4677 1130 4721 est
1157 4683 1171 4721 :
1204 4665 1377 4720 Filius
1414 4674 1469 4719 et
1500 4680 1635 4734 opus
1662 4666 1927 4721 immenso
1959 4667 2099 4721 inter
2126 4682 2185 4723 se

616 4758 905 4815 intervallo
959 4758 1244 4821 dissident,
1305 4771 1482 4823 neque
1542 4757 1833 4825 quidquam
1878 4757 2086 4824 :equale
2117 4757 2186 4813 iis

613 4849 907 4905 intercedit
944 4866 957 4903 :
999 4846 1170 4903 Filius
1220 4847 1363 4901 enim
1390 4860 1456 4899 ex
1501 4844 1800 4900 substantia
1857 4845 2036 4903 Patris
2069 4864 2187 4917 pro«

614 4954 856 5011 gressus,
885 4938 1069 4994 statim
1109 4952 1232 4993 eum
1286 4937 1582 5008 genitorem
1627 4951 1748 4992 esse
1791 4939 2049 4993 ostendit.
2103 4938 2186 4994 Sit

614 5042 797 5088 autem
839 5030 1006 5087 veluti
1037 5030 1103 5085 de
1128 5029 1438 5085 hominibus
1460 5043 1641 5084 sermo
1665 5044 1681 5094 ;
1716 5043 1851 5096 opus
1873 5043 2001 5084 vero
2028 5042 2183 5087 extra

612 5125 905 5179 essentiam
932 5132 1037 5189 est,
1059 5122 1284 5179 omnino
1309 5130 1435 5177 tunc
1465 5119 1713 5189 opiﬁcem
1741 5119 2033 5176 ostendens
2054 5137 2177 5177 eum

616 5217 707 5284 qui
740 5216 792 5269 id
823 5215 969 5281 fecit,
999 5215 1215 5285 quando
1241 5215 1298 5268 tit
1330 5230 1342 5266 :
1376 5220 1496 5267 erat
1527 5211 1669 5265 enim
1704 5212 1759 5266 in
1817 5210 1931 5281 ipso
1976 5227 2066 5267 ars
2109 5212 2188 5269 fa-

614 5306 815 5373 ciendi,
838 5321 997 5376 quam
1023 5306 1245 5362 omnino
1269 5304 1417 5374 prius
1439 5301 1709 5367 exstitisse
1731 5313 1943 5372 Oportet
1973 5304 2039 5358 iis
2068 5319 2189 5374 qua

613 5420 712 5476 per
736 5405 906 5475 ipsam
959 5402 1136 5458 ﬁunt:
1171 5400 1320 5470 prius
1364 5399 1507 5454 enim
1565 5397 1761 5466 aliquis
1791 5399 1896 5453 erit
1949 5400 2185 5468 artifex,

614 5494 806 5550 deinde
828 5492 1031 5564 opifex.
1060 5490 1195 5546 Cum
1222 5490 1383 5558 igitur
1414 5496 1621 5542 tantum
1650 5488 1985 5544 discriminis
2012 5490 2186 5546 inter-

613 5586 847 5656 positum
870 5586 960 5648 sit,
989 5596 1222 5650 cumque
1251 5579 1418 5634 Filius
1450 5592 1556 5633 una
1580 5593 1701 5633 cum
1746 5576 1925 5635 Patris
1947 5581 2178 5649 appella-

614 5676 763 5730 tione
799 5672 962 5728 simul
1004 5673 1168 5725 etiam
1223 5668 1577 5737 intelligatur,
1623 5669 1891 5739 simulque
1942 5686 2161 5743 compre

620 5766 921 5831 bcndatur;
966 5760 1128 5819 simul
1164 5759 1306 5816 enim
1368 5774 1428 5814 ac
1456 5759 1617 5816 Pater
1668 5770 1768 5831 est,
1795 5763 1979 5820 statim
2013 5777 2065 5821 et
2098 5767 2153 5821 Fs

2294 4582 2381 4635 δὲν
2402 4583 2459 4634 tv
2482 4581 2665 4642 αὐτοῖς
2696 4578 2755 4631 τὸ
2777 4578 2909 4631 ἴσον·
2936 4578 2965 4629 6
2988 4575 3085 4646 μὲν
3110 4573 3215 4644 γάρ
3241 4573 3303 4625 ὲκ
3332 4571 3429 4641 τῆς
3457 4568 3643 4629 οὐσίας
3672 4564 3875 4636 προελ-

2296 4674 2424 4739 θὼν,
2476 4673 2692 4743 Πατέρα
2711 4672 2871 4735 εὐθὺς
2903 4669 3069 4733 ἔδειξε
3093 4667 3184 4719 τὸν
3210 4666 3566 4734 γεννήσαντα.
3604 4654 3787 4711 Ἔστω
3811 4657 3871 4710 δὲ

2293 4767 2368 4829 ὡς
2406 4767 2491 4819 ἐπ’
2522 4762 2823 4834 ἀνθρώπιον
2865 4765 2893 4815 6
2940 4761 3117 4829 λόγος’
3148 4758 3209 4810 τὸ
3233 4756 3291 4809 δὲ
3324 4753 3517 4819 ἔξωθεν
3552 4750 3654 4820 τῆς
3678 4749 3871 4811 οὐσίας

2295 4859 2461 4919 ἐστὶν,
2486 4856 2607 4909 τότε
2634 4855 2849 4917 πάντως
2902 4849 3129 4920 ποιητὴν
3165 4847 3461 4914 ἀποφαῖνον
3507 4842 3599 4894 τὸν
3639 4838 3871 4910 ἐργαζό-

2296 4964 2475 5014 μενον,
2510 4948 2599 5001 ὃτε
2630 4945 2725 5000 καὶ
2750 4944 2975 5014 γίνεται·
3010 4938 3079 5012 ἦν
3115 4939 3223 5009 γὰρ
3260 4941 3316 4991 tv
3343 4934 3490 5005 αὑτῷ
3510 4932 3605 4985 τοῦ
3629 4932 3803 4983 ποιεῖν
3832 4931 3868 5000 ἡ

2312 5038 2478 5108 οέχνη,
2513 5039 2579 5107 ἣν
2606 5039 2701 5089 καὶ
2754 5036 2999 5106 προεῖναι
3026 5031 3240 5089 πάντως
3276 5026 3493 5094 ἀνάγκη
3525 5024 3633 5075 τῶν
3675 5023 3741 5073 δι’
3771 5021 3871 5072 αὐ-

2324 5129 2410 5199 ῆς·
2444 5129 2705 5199 πρότερον
2728 5125 2838 5195 γάρ
2878 5141 2962 5185 τις
2988 5122 3139 5175 ἔσται
3168 5118 3439 5190 τεχνίτης,
3474 5113 3572 5169 εἷθ’
3600 5113 3744 5166 οὕτω
3769 5112 3869 5181 δηη

2316 5219 2577 5291 ιιουργός.
2606 5216 2888 5285 Τοσαύτης
2913 5216 3090 5268 τοίνυν
3140 5210 3343 5281 μεταξὺ
3376 5208 3637 5278 κειμένης
3681 5204 3869 5272 διαφο-

2309 5313 2416 5374 ρᾶς,
2447 5310 2542 5364 καὶ
2569 5309 2662 5361 τοῦ
2694 5306 2792 5379 μὲν
2820 5305 2951 5359 Υίοῦ
2974 5306 3090 5375 ἅμα
3127 5306 3194 5373 τῇ
3224 5301 3316 5354 τοῦ
3350 5299 3563 5370 Πατρδς
3596 5313 3870 5368 προσηγο-

2316 5404 2387 5473 ρίᾳ.
2420 5398 2922 5468 συνεπινοουμένου,
2979 5396 3071 5449 καὶ
3106 5392 3583 5452 συνεισὸαίνοντος·
3634 5390 3751 5473 ἃμα
3810 5405 3871 5440 τε

2312 5495 2401 5565 ςάρ
2428 5490 2637 5561 Πατὴρ,
2670 5489 2831 5551 εὐθὺς
2879 5488 2972 5541 καὶ
3000 5488 3028 5539 6
3056 5486 3202 5547 Υἱὸς,
3255 5483 3370 5552 ἅμα
3415 5498 3475 5533 τε
3532 5480 3679 5541 Υίδς,
3706 5480 3872 5542 εὐθὺς

2307 5585 2389 5639 tati.
2413 5581 2622 5652 Πατὴρ,
2658 5579 2753 5633 καὶ
2784 5578 2882 5632 οὐκ
2913 5577 2978 5629 ἂν
3011 5574 3229 5645 νοηθείη
3266 5574 3436 5642 χωρὶς
3474 5570 3567 5623 τοῦ
3595 5568 3782 5639 ἑτέρου
3810 5569 3872 5621 τὸ

2300 5677 2496 5745 ἕτερον.
2532 5672 2638 5725 Τοῦ
2666 5670 2721 5723 δὲ
2750 5670 3054 5740 ποιήματος
3087 5667 3179 5719 καὶ
3206 5665 3342 5734 μετά
3366 5662 3463 5732 τὴν
3496 5660 3728 5731 ὓπαρξιν
3773 5658 3869 5711 τοῦ

2302 5760 2517 5831 ποιητοῦ
2545 5760 2843 5830 δυναμένου
2868 5754 3149 5825 φαίνεσθαι
3177 5754 3273 5825 (οὐ
3303 5753 3410 5823 γὰρ
3434 5753 3497 5805 ἐκ
3524 5752 3621 5823 τῆς
3655 5745 3873 5821 φύσεώς
