4144 6526
290 380 356 434 57
1692 361 2131 420 THESAURUS.
3460 346 3528 399 53

291 499 407 550 ἐστι
439 495 533 549 τοῦ
566 493 864 555 ποιοῦντος,
899 489 1034 543 ἀλλά
1064 488 1255 557 τέχνης
1285 484 1522 556 εὕρημαο
1557 482 1667 554 ἠδὲ
1698 482 1861 551 τέχνη

1995 494 2090 543 ius,
2110 476 2268 531 simul
2298 490 2359 528 ac
2386 472 2576 533 Filius,
2610 468 2791 522 statim
2820 476 2872 520 et
2894 463 3078 525 Pater,
3101 475 3272 529 neque
3302 458 3528 512 alterum

294 587 455 655 φύσις
484 585 584 639 οὒκ
606 584 771 645 ἐστιν,
806 580 919 633 ἀλλ’
944 580 1000 633 ἓν
1027 579 1136 631 τῶν
1166 580 1232 647 τῇ
1284 576 1442 644 φύσει
1488 574 1862 645 προσόντων),

297 677 415 741 πῶς
440 693 583 740 τινες
600 675 691 728 ἐπὶ
719 672 851 726 Θεοῦ
877 672 951 736 ὡς
973 670 1167 724 ταυτὸν
1190 668 1502 737 εἰσφέρουσι
1532 665 1657 737 ποίη
1668 682 1743 735 μα
1773 666 1867 718 καὶ

299 768 565 837 γέννημα,
606 764 822 834 Πατέρα
858 761 1116 816 δύνασθαι
1167 760 1351 813 καλεῖν
1392 758 1640 826 λέγοντες
1667 755 1827 810 αὑτὸν
1851 798 1865 821 ,

302 861 396 914 καὶ
434 860 530 911 οὐκ
563 858 709 920 ὄντος
738 852 866 908 Υίοῦ
891 873 905 918 ;
936 850 1152 922 Ἐπειδὴ
1181 850 1273 903 καὶ
1297 848 1626 919 δημιουργὸς
1657 848 1870 917 ὑπῆρχε

304 952 410 1022 πρὸ
440 950 545 1001 τῶν
580 946 1097 1018 δημιουργημάτων.
1126 944 1347 1010 Ὅμοιον
1383 941 1492 1010 γάρ
1530 942 1675 992 ἐστιν
1717 940 1791 1001 ὡς
1823 939 1876 990 εἴ

304 1059 385 1104 τις
415 1040 615 1092 καὶτὸν
649 1036 992 1107 ναυπηγικὴν
1028 1036 1222 1105 ἔχοντα
1275 1032 1490 1101 τέχνην,
1525 1030 1741 1100 Πατέρα
1776 1046 1875 1082 κα-

304 1131 421 1200 λοίη
456 1131 549 1183 καὶ
588 1129 661 1200 μὴ
701 1129 850 1190 ὄντος
884 1125 1039 1179 Υίοῦ·
1073 1125 1194 1177 ἐπεὶ
1246 1123 1340 1175 καὶ
1394 1120 1672 1190 ναυπηγός
1729 1122 1875 1171 ἐστιν

306 1224 430 1277 ὄσον
457 1224 534 1286 εἰς
555 1222 653 1292 τὴν
674 1220 887 1291 τέχνην,
907 1219 1001 1270 καὶ
1028 1218 1124 1288 τὴν
1153 1216 1245 1269 τοῦ
1277 1213 1535 1267 δύνασθαι
1565 1212 1735 1265 ποιεῖν
1766 1213 1878 1262 ὲπι-

308 1315 627 1384 τηδειότητα
661 1312 793 1383 ἔχει,
817 1312 910 1363 καὶ
942 1312 989 1362 εἰ
1012 1311 1083 1380 μή
1114 1326 1199 1359 πω
1216 1307 1276 1358 τὸ
1296 1305 1501 1374 σκάφος
1535 1302 1875 1357 κατεσκεύα-

313 1379 425 1460 σεν.
468 1379 606 1458 Ἀλλ’
638 1408 666 1457 6
692 1379 936 1465 τοιοῦτος
980 1379 1258 1470 ναυπηγός
1306 1398 1403 1468 μὲν
1452 1397 1622 1455 ἔσται,
1654 1395 1747 1447 καὶ
1774 1391 1878 1461 πρὸ

1995 1398 2140 1439 laves
2162 1382 2417 1452 praeditus
2469 1379 2559 1443 sit,
2602 1390 2632 1444 p

310 1498 404 1553 τοῦ
436 1498 673 1565 σκάφους
700 1495 784 1547 διὰ
815 1493 913 1561 τὴν
938 1490 1152 1561 τέχνην.
1187 1487 1374 1557 Πατὴρ
1401 1487 1455 1538 δὲ
1484 1484 1665 1537 οὐκέτι
1694 1483 1766 1552 μή
1796 1497 1880 1533 πω

1998 1492 2085 1529 ton
2121 1474 2415 1528 exsistente
2441 1469 2473 1522 li

1966 570 2169 636 absque
2234 565 2401 618 altero
2452 559 2673 628 intelligi
2719 564 2911 626 potest.
2961 554 3107 622 Opus
3145 562 3322 605 autem
3366 550 3529 603 etiam

1967 675 2085 733 post
2121 660 2488 715 exsislentiam
2518 654 2726 723 opificis
2752 650 2920 719 possit
2949 647 3118 701 videri
3147 646 3353 714 (neque
3380 644 3528 697 enim

1967 762 2051 807 est
2082 767 2145 806 ex
2178 761 2366 804 natura
2394 745 2625 813 Opificis,
2658 742 2749 796 Sed
2776 741 2907 792 artis
2949 738 3225 790 inventum
3260 754 3271 787 :
3320 750 3411 788 ars
3436 749 3534 785 au—

1972 853 2079 896 tem
2111 856 2212 893 non
2249 847 2329 892 est
2361 847 2575 895 natura,
2605 832 2697 885 sed
2736 844 2898 881 unum
2949 824 3148 893 aliquid
3180 838 3366 875 eorum
3416 836 3535 888 qua:

1972 942 2176 986 natura:
2206 928 2458 996 insunt);
2516 937 2747 992 quonam
2800 928 2956 987 pacto
3019 913 3257 969 nonnulli
3313 913 3365 964 in
3428 912 3536 964 Deo

1972 1034 2227 1092 tanquam
2253 1021 2392 1075 idem
2428 1024 2669 1072 statuunt
2694 1014 2892 1066 factum
2922 1018 2976 1061 et
3002 1007 3264 1075 genitum,
3292 1002 3533 1055 dicentes

1972 1130 2131 1185 posse
2164 1127 2287 1167 eum
2309 1108 2488 1163 vocari
2518 1107 2757 1165 Patrem.
2783 1101 2943 1154 etiam
2974 1113 3081 1151 non
3120 1094 3417 1147 exsistente
3455 1089 3539 1143 Fi-

1974 1181 2082 1259 lio?
2106 1202 2381 1272 Siquidem
2409 1207 2460 1251 et
2508 1194 2684 1265 epifex
2713 1191 2924 1245 exsistit
2972 1199 3097 1240 ante
3124 1183 3358 1253 opificia.
3396 1181 3534 1235 Per-

1976 1295 2099 1350 inde
2157 1271 2299 1347 enim
2329 1298 2413 1343 est
2445 1302 2507 1342 ac
2558 1286 2601 1339 si
2637 1283 2759 1351 quis
2784 1295 2905 1335 eum
2947 1278 3037 1347 qui
3091 1285 3208 1329 arte
3238 1271 3535 1327 fabricandi

2638 1384 2810 1427 atrem
2845 1383 3041 1425 vocare
3104 1366 3337 1419 voluerit
3364 1364 3532 1417 etiam

2482 1469 2574 1531 lio,
2594 1465 2849 1535 quoniam
2904 1472 2957 1515 et
3005 1458 3299 1512 fabricator
3326 1455 3542 1509 navium

312 1543 596 1656 γεγονότός
613 1543 706 1637 τόὖ
726 1584 790 1637 δι’
803 1543 1034 1636 ὅντ’ἐσταῖ
1056 1543 1259 1649 πατήρ.
1277 1543 1386 1629 Καὶ
1402 1576 1468 1628 τὰ
1493 1576 1589 1645 μὲν
1607 1543 1883 1642 ποιήματα

1995 1576 2062 1621 ast
2082 1575 2339 1634 quantum
2368 1561 2558 1614 attinet
2584 1558 2647 1610 ad
2671 1564 2862 1617 artem,
2888 1561 2942 1606 et
2963 1549 3268 1603 facultatem
3292 1543 3543 1599 babilita-

315 1677 410 1730 mi.
440 1676 513 1746 μή
535 1674 793 1743 γεγονότα
820 1672 919 1724 οὐκ
943 1670 1155 1738 ἀναιρεῖ
1188 1666 1246 1719 τὸ
1287 1663 1543 1717 δύνασθαί
1591 1678 1710 1714 τινα
1743 1654 1881 1710 εἶναι

316 1768 564 1836 ποιητήν·
588 1768 616 1818 6
644 1765 700 1817 δὲ
757 1763 867 1825 υίὸς
896 1758 1047 1813 οὔπω
1084 1757 1389 1828 γενόμενος,
1426 1754 1709 1822 ἀναιρήσει
1744 1749 1881 1801 πάν-

1985 1670 2194 1725 temque
2208 1656 2273 1708 ad
2294 1649 2659 1707 fabricandum
2684 1646 2866 1708 habet,
2884 1641 3095 1698 etiamsi
3115 1640 3347 1693 nondum
3368 1634 3545 1688 navim

1982 1744 2471 1816 33construxerit.
2492 1741 2755 1794 Czetertnn
2769 1732 3029 1802 ejusmodi
3045 1730 3238 1796 aliquis
3258 1726 3551 1780 fabricator

322 1814 537 1836 ""'l"l‘
593 1814 612 1818 ν
651 1814 696 1817 --
764 1814 801 1816 *ν
848 1814 864 1825 υ
1095 1814 1106 1828 ι
1215 1814 1225 1828 .
1350 1814 1386 1819 --
1554 1814 1565 1822 .
1610 1814 1620 1822 .

316 1875 423 1920 τως
452 1858 512 1910 τὸ
533 1851 673 1909 εἶναι
731 1853 941 1923 πατέρα
977 1851 1116 1904 τινά.
1175 1848 1337 1900 Ὥστε
1392 1847 1489 1898 οὐκ
1537 1844 1600 1897 ἂν
1655 1844 1766 1895 ἴσον
1795 1839 1881 1908 εἴη

1995 1838 2198 1906 quidem
2232 1834 2382 1887 navis
2426 1829 2551 1896 erit,
2595 1829 2759 1882 etiam
2808 1834 2933 1877 ante
2985 1822 3179 1875 laetam
3245 1817 3450 1880 navim,
3476 1814 3546 1868 ob

2454 1921 2485 1925 η
2766 1914 2801 1925 ,ς
2850 1924 2855 1925 ,
3200 1906 3261 1925 ..,
3310 1906 3517 1925 una“-

319 1949 528 2018 ποίημα
554 1946 647 2001 καὶ
675 1945 821 2007 Υἱός*
851 1944 942 1996 καὶ
996 1938 1224 2010 ποιητὴς
1280 1939 1375 2007 μὲν
1416 1936 1587 1997 ἐστιν,
1630 1934 1753 1985 ὅσον
1805 1933 1883 1995 είς

315 2040 414 2109 τήν
437 2038 641 2091 οἰκείαν
663 2036 843 2105 φύσιν,
878 2033 975 2087 καὶ
1032 2031 1138 2102 πρὸ
1159 2029 1268 2083 τῶν
1313 2026 1632 2098 ποιημάτων
1655 2025 1682 2077 6
1713 2021 1845 2085 Θεὸς
1868 2060 1883 2085 ,

320 2131 510 2199 Πατὴρ
536 2128 593 2180 δὲ
615 2124 861 2195 οὐδαμῶς
889 2124 987 2175 οὐκ
1018 2120 1167 2182 ὄντος
1190 2118 1342 2171 Υἱοῢ.

1992 1936 2161 1980 artem
2192 1939 2295 1993 qua
2325 1921 2580 1991 praeditus
2612 1926 2714 1972 est.
2765 1914 2924 1970 Pater
2952 1925 3079 1965 vero
3126 1906 3269 1962 nulla
3310 1906 3553 1967 ratione,

1993 2032 2114 2070 cum
2132 2015 2364 2068 nondum
2390 2010 2589 2064 factum
2616 2010 2686 2063 sit
2716 2008 2766 2061 id
2788 2021 2881 2074 per
2902 2004 3042 2072 quod
3061 2000 3273 2054 futurus
3289 2004 3553 2065 estpater.

2000 2110 2159 2175 Atqui
2179 2119 2342 2172 opera
2369 2103 2607 2171 quidem,
2626 2096 2837 2152 etiamsi
2863 2094 3097 2149 nondum
3122 2090 3259 2144 facta
3286 2089 3411 2151 sint,
3440 2100 3544 2138 non

321 2222 619 2290 impediunt
674 2218 962 2289 quominus
990 2216 1252 2284 quispiam
1300 2210 1481 2279 opifex
1513 2222 1634 2262 esse
1664 2204 1879 2275 possit:
1924 2201 2065 2254 filius
2133 2214 2261 2252 vero
2320 2195 2553 2249 nondum
2618 2200 2774 2244 natus
2811 2187 2966 2257 plane
3004 2179 3223 2252 impedit
3244 2190 3301 2235 ut
3339 2179 3459 2247 quis
3488 2177 3557 2229 sit

320 2323 497 2379 pater.
526 2310 640 2365 Non
689 2275 776 2365 est
819 2325 947 2377 ergo
1008 2275 1187 2369 idem,
1232 2275 1366 2369 opus
1421 2311 1473 2353 et
1516 2298 1727 2351 Filius:
1760 2294 1905 2361 atqui
1944 2290 2123 2359 opifex
2165 2289 2378 2356 quidem
2408 2294 2508 2348 est,
2543 2291 2801 2352 quantum
2842 2278 2908 2331 ad
2946 2275 3219 2346 propriam
3269 2282 3552 2338 suam,nao

330 2415 528 2469 turam,
563 2404 725 2459 etiam
748 2412 873 2456 ante
896 2414 1057 2470 opera
1087 2400 1249 2461 facta,
1283 2393 1423 2447 Deus
1451 2409 1466 2451 ς
1491 2391 1654 2444 Pater
1684 2397 1862 2441 autem
1904 2397 2266 2447 neouaauam,
2304 2394 2410 2434 non
2446 2377 2743 2452 exsistente
2782 2370 2942 2425 Filio.

836 2521 1202 2607 ΛΟΓΟΣ
1274 2518 1362 2602 E’
1380 2578 1398 2600 .

330 2662 461 2714 Ὀτι
506 2660 579 2711 οὐ
642 2655 1018 2724 πρρίῦπάρχεε
1069 2652 1175 2706 τοῦ
1214 2649 1351 2724 ζ’ἱοῦ
1408 2642 1724 2724 δῄΠατὴρ,
1788 2642 1906 2724 κᾷν

814 2709 951 2779 dii:
982 2721 1061 2793 ἦν
1084 2720 1244 2785 αὐτῷ
1271 2716 1583 2779 συναΐδιος
1619 2709 1906 2781 γεννητὸς

562 2817 613 2863 ς.

608 2905 925 2967 Ἀντίθεσις
961 2902 1041 2965 ὡς
1068 2899 1137 2952 ἐκ
1166 2897 1285 2950 τῶν
1309 2893 1609 2949 Εὑνοιιίου

399 3024 462 3076 Εί
514 3023 659 3076 ἔστιν
711 3017 959 3087 ἀνάρχως
1009 3013 1103 3066 καὶ
1148 3010 1425 3079 ἀγενήτως
1460 3006 1545 3060 ἀεὶ⁸
1601 3006 1630 3057 6
1685 3003 1896 3072 Πατὴρ,

2400 2506 2664 2591 ASSE
2689 2497 2972 2588 BT10
3038 2499 3157 2587 V.

2006 2635 2155 2701 Quod
2186 2627 2345 2684 Pater
2371 2648 2473 2683 non
2501 2630 2703 2701 exsistit
2733 2635 2851 2679 ante
2879 2623 3113 2701 Filiam,
3140 2620 3345 2701 tametsi
3369 2618 3565 2689 ingenio

2144 2714 2226 2756 tu:
2253 2703 2341 2766 δὶι,
2365 2702 2452 2754 sed
2477 2709 2587 2752 erat
2616 2700 2661 2751 ei
2688 2705 2974 2750 cowternus
3004 2691 3177 2746 ("ilius
3204 2692 3423 2759 genitus.

2247 2895 2480 2963 Objectio
2512 2902 2760 2961 tanquam
2788 2902 2852 2942 ex
2877 2887 3034 2940 dictis
3062 2884 3331 2940 Eunomii.

2079 3006 2135 3059 Si
2170 3005 2371 3072 absque
2401 3002 2665 3073 principio
2698 3008 2859 3067 atque
2885 3007 3005 3050 ortu
3041 3010 3253 3063 semper
3280 3002 3363 3048 est
3386 2993 3570 3056 Pater,

331 3114 517 3184 ὥσπερ
551 3109 644 3165 οὖν
679 3111 774 3163 καὶ
810 3085 975 3171 ἐστιν,
1019 3102 1279 3172 ἐγεννήθη
1305 3101 1361 3153 δὲ
1400 3102 1428 3152 6
1470 3098 1616 3162 Υίός,
1650 3095 1768 3159 πῶς
1798 3094 1892 3147 οὐκ

2001 3105 2058 3151 ut
2092 3111 2277 3150 revera
2314 3102 2426 3158 est,
2463 3092 2632 3146 Filius
2667 3101 2844 3144 autem
2883 3088 3095 3158 genitus
3128 3097 3241 3150 est,
3276 3101 3382 3155 quo
3416 3096 3571 3154 pacto

331 3204 544 3274 ἀνάγκη
579 3204 728 3257 πᾶσα
754 3201 814 3255 τὸ
843 3197 1098 3268 γεννηθὲν
1131 3195 1272 3265 ἀρχῇ
1304 3187 1777 3261 περιγράφεσθαι;

814 3374 971 3446 Πρὸς
998 3373 1173 3430 τοῦτο
1201 3373 1402 3437 λύσις.

404 3492 591 3558 Οὐδεὶς
626 3491 923 3561 ἀναγκάσει
950 3490 1106 3558 λόγος
1140 3486 1481 3555 ἀνύπαρκτον
1511 3479 1644 3536 εἷναι
1687 3482 1906 3545 πάντως

337 3587 442 3657 πρὸ
484 3587 582 3655 τῆς
610 3585 883 3652 γενήσεως
922 3581 982 3634 τὸ
1012 3578 1256 3648 γενηθὲν,
1283 3576 1315 3647 ἢ
1346 3577 1437 3629 καὶ
1463 3572 1603 3647 ἀρχῇ
1639 3574 1905 3645 περιγρά-

337 3678 549 3748 φεσθαι,
579 3676 679 3730 κᾶν
699 3678 726 3728 6
746 3672 1230 3743 Tswd’wﬁyévqro;
1254 3666 1341 3740 ἦν.
1370 3671 1443 3722 Οὐ
1466 3671 1573 3736 γὰρ
1603 3668 1729 3738 περί
1762 3683 1905 3729 τινος

338 3766 444 3821 τῶν
478 3763 598 3818 καθ’
624 3765 774 3834 ἡμᾶς
804 3765 832 3815 6
865 3762 1018 3829 λόγος
1045 3762 1198 3830 ἡμῖν,
1230 3754 1275 3813 ὦ
1318 3752 1493 3822 οὗτος,
1524 3759 1608 3811 ἵνα
1632 3756 1696 3828 δὴ
1728 3758 1823 3811 καὶ
1849 3758 1905 3810 ὲν

337 3857 513 3927 χρόνῳ
543 3856 604 3908 τὸ
641 3852 975 3924 γεννώμενον
1009 3851 1266 3920 φαίνοιτο,
1306 3852 1400 3905 καὶ
1436 3850 1686 3920 καθάπερ
1731 3849 1795 3901 ὲκ
1830 3845 1905 3918 μὴ

336 3948 486 4010 ὄντος
514 3949 593 4009 εἰς
618 3945 680 3999 τὸ
711 3940 848 3998 εἶναι
876 3944 1105 4014 βαδίζον,
1138 3944 1279 4012 ἀρχῇ
1314 3941 1704 4012 περιγράφοιτο
1726 3956 1739 3969 ·
1770 3938 1907 3991 ἀλλά

338 4039 466 4108 περὶ
496 4036 595 4106 τῆς
624 4037 773 4099 θείας
796 4053 855 4088 τε
884 4036 978 4089 καὶ
1001 4036 1353 4104 ἀπερινοήτου
1388 4032 1621 4102 φύσεως,
1651 4033 1907 4103 ἀρρήτως

337 4127 515 4181 πάντα
549 4126 807 4197 ποιούσης
827 4127 920 4179 καὶ
941 4125 1277 4196 θεοπρεπῶς.
1308 4124 1515 4177 Οὐκοῦν
1536 4124 1905 4194 ὑπερϐήσεται

335 4217 433 4288 τὴν
477 4217 597 4271 καθ’
626 4218 775 4288 ἡμᾶς
812 4216 1013 4285 γνῶσιν
1051 4216 1142 4269 καὶ
1189 4215 1217 4267 6
1265 4218 1365 4285 τῆς
1403 4214 1549 4277 Θείας
1598 4215 1905 4282 γεννήσεως

334 4309 556 4377 τρόπος,
580 4310 673 4361 καὶ
704 4308 764 4360 οὐ
800 4310 911 4370 τοῖς
945 4306 1303 4377 ἀνθρωπίνοις
1337 4306 1558 4375 θεσμοῖς
1588 4306 1901 4358 ὑπόκειται·

335 4398 449 4453 ἀλλ’
482 4398 603 4450 ὅσον
633 4399 731 4467 τῆς
760 4399 817 4450 ὲν
842 4398 971 4467 ἡμῖν
1011 4395 1476 4466 σμικροπρεπείας
1509 4398 1540 4465 ἡ
1591 4395 1710 4448 θεία
1743 4395 1902 4463 φύσις

334 4490 666 4561 ἀπῴκισται,
705 4488 958 4542 τοσοῦτον
1002 4488 1060 4540 ὲν
1105 4490 1215 4549 τοῖς
1254 4486 1372 4540 καθ’
1407 4486 1604 4555 ἑαυτὴν
1648 4486 1905 4555 ὑπερέχει

335 4583 405 4636 τὰ
437 4581 699 4651 ἡμέτερα.
732 4579 1098 4634 Παυέσθωσαν
1138 4579 1315 4632 τοίνυν
1362 4579 1574 4649 ἀνάγκῃ
1622 4579 1717 4632 καὶ
1763 4580 1902 4649 ἀρχῇ

337 4672 767 4741 περιγράφοντες
813 4670 903 4723 τὸν
959 4669 1204 4739 ἀνάγκης
1250 4670 1550 4741 κρείττονα,
1597 4668 1691 4722 κει)⁸
1731 4667 1902 4739 ἀρχὴν

340 4762 437 4831 μὲν
480 4760 577 4831 τὴν
620 4761 898 4837 ὲν-χρόνῳ
928 4762 1393 4831 παραιτούμενον·
1421 4760 1642 4827 λέγοντα
1680 4759 1735 4811 δὲ
1768 4760 1904 4830 πρὸς

337 4852 543 4906 Μωσέα
569 4851 659 4905 τὸν
689 4852 1027 4921 σοφώτατον’
1065 4870 1082 4902 ι
1131 4850 1271 4919 Ἐγώ
1303 4853 1417 4922 εἰμι
1450 4855 1478 4905 6
1510 4850 1604 4905 ὤν.
1655 4871 1673 4904 ι
1712 4851 1802 4922 Τῷ
1841 4852 1900 4905 δὲ

336 4941 428 4995 ἀεὶ
458 4942 568 4994 ὄντι
598 4941 773 5007 (τοῦτο
803 4942 911 5011 γὰρ
942 4942 1195 5014 σημαίνει
1227 4942 1287 4995 τὸ
1314 4942 1441 5012 ὧν),
1483 4942 1641 4997 ποίαν
1668 4961 1749 5007 τις
1788 4942 1901 5015 δοίη

337 5031 435 5101 τὴν
477 5032 569 5085 τοῦ
617 5028 756 5085 εἶναι
801 5033 939 5086 κατὰ
992 5034 1180 5102 χρόνον
1215 5035 1421 5104 ἀρχήν;
1474 5036 1684 5097 Ἄλλως
1732 5052 1791 5087 τε
1841 5035 1902 5087 οὺ

338 5122 556 5184 πάντως
604 5122 741 5193 ὅπερ
790 5121 857 5175 ἂν
913 5125 1024 5185 τοῖς
1072 5122 1163 5176 τοῦ
1212 5126 1569 5195 γεννήσαντος
1622 5124 1904 5194 ίδιώμασιν

335 5211 575 5264 ἐναντίον
616 5208 753 5267 εἶναι
792 5213 943 5284 δοκῇ,
981 5213 1137 5267 τοῦτο
1181 5214 1259 5285 τῷ
1302 5215 1610 5285 γεννηθέντι
1655 5216 1904 5284 φαίνεται

2005 3202 2110 3241 non
2136 3186 2356 3241 omnino
2390 3197 2609 3238 necesse
2636 3181 2826 3239 fuerit.
2855 3188 2911 3234 ut
2943 3180 2993 3232 id
3024 3178 3165 3247 quod
3195 3179 3432 3247 genitum
3461 3182 3572 3240 est,

2004 3278 2267 3349 principio
2295 3272 2806 3332 circumscribatur?

2500 3364 2707 3421 Salutio
2749 3364 3077 3434 objectionis.

2075 3481 2229 3537 Nulla
2271 3481 2427 3550 plane
2466 3479 2603 3533 ratio
2647 3487 2802 3547 coget
2844 3484 2902 3530 ut
2944 3475 2995 3529 id
3036 3471 3178 3543 quod
3220 3471 3456 3542 genitum
3497 3479 3579 3523 est

2008 3586 2134 3632 ante
2175 3573 2577 3646 generationem
2622 3586 2725 3623 non
2766 3566 3063 3628 exstiterit,
3097 3573 3188 3617 aut
3223 3572 3281 3617 ut
3314 3561 3579 3632 principio

2006 3667 2500 3728 circumscribatur,
2522 3666 2731 3717 tametsi
2756 3661 2966 3728 genitor
2989 3657 3255 3728 ingenitus
3286 3656 3374 3708 sit.
3396 3652 3579 3721 Neque

2007 3762 2186 3826 enim,
2214 3775 2247 3813 o
2283 3761 2451 3823 bone,
2481 3755 2547 3809 de
2577 3766 2845 3822 quoquam
2884 3758 3127 3803 nostrum
3163 3760 3343 3801 sermo
3380 3753 3492 3808 est,
3524 3751 3582 3796 ut

2011 3854 2259 3907 nimirum
2291 3850 2341 3904 id
2368 3848 2508 3917 quod
2541 3845 2782 3915 genitum
2812 3850 2914 3908 est,
2940 3841 2991 3894 in
3025 3848 3265 3907 tempore
3290 3850 3411 3890 esse
3435 3836 3583 3889 dica-

2010 3955 2117 4007 tur,
2143 3952 2197 3998 et
2219 3942 2373 4010 quasi
2404 3955 2434 3993 a
2467 3954 2570 3992 non
2598 3951 2717 3990 esse
2744 3935 2809 3989 ad
2836 3947 2955 3987 esse
2983 3931 3284 3986 traductum
3319 3927 3582 3997 principio

2007 4031 2513 4090 circumscribatur;
2544 4028 2637 4081 sed
2665 4027 2729 4079 de
2756 4025 2933 4079 divina
2962 4028 3016 4076 et
3040 4017 3575 4085 incomprehensibili

2007 4134 2353 4191 natura,qu:c
2381 4117 2721 4174 ineﬂabiliter
2742 4128 2913 4183 eoque
2944 4112 3102 4166 modo
3129 4111 3217 4181 qui
3247 4110 3356 4164 Deo
3383 4126 3582 4163 conve-

2008 4217 2085 4271 nit
2107 4214 2282 4269 omnia
2308 4211 2451 4267 facit.
2475 4208 2702 4278 Superat
2726 4206 2907 4274 itaque
2933 4205 3223 4257 humanum
3249 4201 3579 4255 intellectum

2007 4307 2200 4365 divina:
2235 4299 2597 4373 generationis
2633 4298 2852 4358 modus,
2889 4307 3062 4363 neque
3099 4294 3344 4345 humanis
3377 4291 3582 4356 legibus

2009 4394 2246 4460 subiacet
2275 4408 2288 4443 :
2322 4391 2414 4445 sed
2448 4396 2649 4457 quanto
2678 4384 2854 4438 divina
2883 4392 3074 4437 natura
3106 4389 3287 4435 nostra
3322 4380 3582 4433 tenuitate

2009 4497 2091 4540 est
2131 4481 2499 4545 excellentior,
2535 4486 2682 4531 tanto
2720 4474 2882 4530 etiam
2925 4475 3041 4543 ejus
3078 4473 3323 4527 actiones
3367 4479 3582 4525 nostras

2005 4585 2281 4646 snperant.
2317 4573 2573 4627 Desinant
2608 4569 2791 4635 itaque
2849 4566 3175 4620 necessitate
3223 4572 3277 4616 et
3316 4562 3581 4630 principio

2004 4667 2450 4724 circumscribere
2483 4680 2605 4718 eum
2639 4663 2730 4731 qui
2764 4658 2912 4715 omni
2948 4657 3271 4711 necessitate
3304 4664 3387 4709 est
3420 4668 3580 4721 supe-

2002 4761 2133 4825 rior,
2153 4767 2208 4813 et
2238 4756 2559 4827 principium
2585 4753 2637 4807 in
2665 4762 2904 4821 tempore
2927 4749 3232 4804 consistens
3255 4761 3359 4800 non
3384 4758 3583 4813 cogno-

1999 4851 2130 4916 scit;
2173 4849 2301 4918 quin
2341 4846 2517 4917 potius
2556 4845 2625 4898 ad
2668 4841 3126 4912 sapientissimum
3168 4838 3351 4892 Mosen
3391 4836 3524 4890 dicit
3564 4850 3580 4888 :

2012 4943 2122 5011 Ego
2144 4956 2260 4996 sum
2277 4954 2375 4995 ens
2392 4938 2457 4991 ⁵⁸.
2475 4938 2531 4992 Εἰ
2560 4951 2684 4991 vero
2710 4935 2799 5005 qui
2827 4947 3036 5001 seraper
3055 4930 3267 4985 exsistit
3292 4928 3415 4997 (hoc
3438 4929 3579 4979 enim

2011 5035 2279 5104 signiﬁcat
2300 5031 2435 5102 ens),
2458 5030 2726 5100 quodnam
2756 5025 3050 5081 exsistendi
3083 5023 3136 5076 in
3171 5031 3409 5087 tempore
3438 5018 3579 5085 prin-

2010 5128 2211 5196 cipium
2252 5126 2518 5194 quispiam
2562 5120 2790 5175 tribuet?
2825 5118 2996 5169 Aliter
3029 5128 3134 5166 non
3177 5113 3227 5163 in
3269 5110 3579 5163 universum

2011 5216 2067 5270 id
2113 5214 2254 5283 quod
2302 5212 2561 5281 genitoris
2609 5205 3027 5276 proprietatibus
3073 5201 3403 5254 contrarium
3462 5214 3580 5253 esse

334 5302 557 5406 πρρσόν.
738 5304 870 5406 γοῦν
918 5304 1064 5358 ἔστιν
1096 5307 1125 5358 6
1170 5306 1332 5369 Θεός·
1374 5306 1436 5359 τὸ
1489 5307 1545 5359 δὲ
1590 5307 1892 5359 ἀντιπίπτοι

2006 5314 2276 5367 censetur,
2309 5303 2412 5356 hoc
2440 5298 2548 5370 34
2577 5299 2758 5366 genito
2795 5297 3079 5349 tribuetur.
3114 5292 3252 5346 Deus
3288 5292 3465 5360 itaque
3495 5299 3580 5345 est

344 5389 506 5460 τούτῳ
536 5393 631 5446 καὶ
661 5393 1035 5461 ἀντικείμενον
1061 5392 1120 5444 οὐ
1153 5392 1305 5454 Θεός.
1346 5392 1485 5444 Ἀλλ’
1518 5393 1632 5445 ἔστι
1658 5393 1789 5455 Θεὸς
1816 5394 1892 5445 κοί

2006 5397 2198 5461 Pater;
2239 5406 2543 5463 repugnans
2580 5402 2705 5443 vero
2741 5387 2865 5440 huic
2900 5395 3062 5454 atque
3099 5385 3435 5455 oppositum,
3472 5400 3577 5436 non

2009 5486 2044 5497 αι
2209 5484 2258 5497 Α-
2343 5484 2354 5494 ο
2390 5482 2427 5497 n
2512 5496 2517 5497 ,
2563 5478 2827 5497 -κ-“-.9-ᾼ,
2866 5476 3031 5497 1321³.--
3089 5475 3299 5497 ,Αμ--.-ε
3340 5484 3384 5497 Α.
3423 5473 3577 5497 Ιὶ.-ι,...

336 5480 364 5532 6
399 5481 542 5545 Υἱὸς,
581 5482 756 5535 καίτοι
797 5482 892 5536 τοῦ
936 5483 1145 5553 Πατρός
1170 5481 1322 5546 ὄντος
1360 5483 1513 5547 Θεοῦ,
1551 5483 1813 5552 βασιλέως
1849 5502 1892 5536 τε

2008 5486 2170 5541 Deus.
2196 5484 2355 5552 Atqui
2390 5482 2527 5535 Deus
2554 5478 2834 5550 est;etiam
2866 5476 3057 5542 Filius,
3089 5475 3300 5532 tametsi
3335 5484 3387 5529 et
3423 5473 3579 5526 Pater

338 5569 492 5636 ὄντος
527 5572 726 5643 ὁμοίως
759 5573 852 5628 τοῦ
880 5574 1108 5646 Πατρός,
1142 5573 1396 5645 βασιλεύς
1424 5576 1534 5631 ἐστι
1566 5576 1655 5630 καὶ
1701 5577 1728 5631 6
1759 5577 1883 5642 Υίός

2011 5578 2079 5633 sit
2115 5577 2287 5643 Deus;
2325 5582 2377 5629 et
2409 5572 2655 5629 similiter
2686 5586 2806 5626 cum
2842 5585 2935 5627 rex
2968 5570 3037 5626 sit
3071 5569 3251 5635 Pater,
3280 5582 3372 5621 rex
3415 5566 3577 5620 etiam

404 5748 452 5779 ⁸³
485 5749 648 5805 Exod.
678 5765 758 5816 Ill,
799 5750 879 5806 14.
