4144 6516
530 292 605 352 59
1557 302 1613 357 S.
1650 302 1930 360 CYRILLI
1967 306 2439 367 ALEXANDRINI
2472 312 2791 369 ARClllEP.
3696 312 3768 367 τσο

531 416 611 463 est
637 405 818 461 Filius.
851 406 1153 477 Eademque
1176 410 1313 465 ratio
1332 420 1416 466 est
1442 413 1506 469 de
1524 414 1891 484 immortali,et
1912 420 2097 475 invisi-

2213 421 2271 476 ’0
2299 424 2356 475 δὲ
2389 425 2548 489 αὐτὸς
2578 426 2806 491 σώζεται
2833 427 2986 495 λόγος
3016 430 3106 482 ἐπί
3144 447 3201 483 τε
3229 429 3321 483 τοῦ
3366 432 3642 503 ἀφθάρτου
3672 435 3767 490 καὶ

534 498 653 562 bili,
684 506 736 553 et
783 497 1131 566 incorporeo,
1161 500 1393 570 aliisque
1435 505 1694 571 ejusmodi
1742 526 1861 579 quae
1906 510 2098 566 divinae

531 597 736 642 natura
774 586 976 640 insunt.
1006 585 1061 641 Si
1101 603 1229 659 ergo
1269 607 1372 646 non
1413 594 1466 647 in
1509 599 1815 654 universum
1854 603 2098 669 opposita

530 695 713 736 eorum
762 693 881 748 quae
928 680 1238 736 tribuuntur
1283 683 1464 750 Patri,
1516 687 1701 742 insunt
1749 690 1917 756 Filio,
1966 693 2099 747 nihil

531 770 684 825 laedet
711 770 827 825 Filii
857 772 1147 828 essentiam
1180 776 1487 842 generatio,
1516 779 1727 835 etiamsi
1756 780 1917 837 Pater
1945 784 2099 854 iuge-

531 862 678 919 nitus
708 863 957 919 exsistat.
987 865 1097 919 Erit
1127 876 1303 922 autem
1336 868 1384 922 ei
1415 880 1719 927 coaeternus
1747 889 1851 928 non
1881 888 2098 944 prorsus

530 953 737 1008 habens
784 955 837 1008 in
895 970 954 1010 se
1000 958 1270 1011 contraria
1327 960 1653 1016 naturalium
1707 964 2097 1034 proprietatum

531 1046 729 1115 ipsius,
754 1046 895 1100 sicut
921 1048 1345 1102 demonstratum
1371 1059 1471 1106 est.

531 1156 653 1237 Alia
677 1157 1429 1237 demonstratio:_Quod_quaz
1458 1162 1595 1237 inter
1619 1180 1672 1217 se
1704 1167 1938 1233 opposita
1965 1184 2098 1237 quo-

601 1227 878 1299 dammodo
927 1230 1151 1281 nominis
1200 1227 1400 1284 ratione
1443 1232 1701 1295 videntur.
1735 1227 2099 1299 ‘s'tepenuritero

602 1296 853 1349 nonnulla
884 1299 1069 1350 habent
1101 1303 1396 1354 communia
1428 1302 1479 1354 in
1510 1296 1857 1358 naturalibus.

603 1411 717 1470 Non
769 1413 818 1467 in
863 1413 1173 1468 universum
1217 1429 1550 1484 quaecunque
1593 1416 1764 1484 prima
1809 1433 1941 1473 voce
1988 1420 2103 1475 sive

536 1505 684 1559 vocis
717 1504 1111 1574 signiﬁcatione
1146 1506 1417 1560 contraria
1451 1507 1593 1561 inter
1623 1521 1681 1561 se
1716 1516 1868 1573 sunt,
1902 1509 2101 1564 nullam

531 1611 716 1651 eorum
754 1612 874 1665 qua:
915 1597 1230 1651 substantiis
1276 1598 1459 1651 insunt
1494 1599 1923 1654 convenientiam
1964 1601 2105 1656 inter

531 1701 591 1739 se
646 1685 868 1739 habent.
915 1686 1190 1753 Siquidem
1253 1686 1454 1739 animal
1503 1688 1808 1756 oppositum
1867 1699 1949 1745 est
1996 1705 2103 1744 non

529 1776 747 1830 animali
790 1794 804 1830 :
847 1776 940 1831 sed
984 1777 1374 1831 incrementum
1421 1779 1648 1847 suscipit
1678 1780 1876 1834 animal
1909 1790 1962 1836 et
1994 1797 2099 1835 non
2134 1766 2176 1819 Β

529 1868 758 1933 animal,
783 1869 1237 1935 quemadmodum
1269 1884 1437 1938 equus
1462 1880 1516 1925 et
1540 1871 1741 1940 planta.
1774 1872 1830 1926 Si
1860 1886 1985 1926 vero
2017 1872 2100 1927 his

529 1960 776 2028 quamvis
806 1960 1037 2014 similem
1069 1958 1422 2014 dill'erenliam
1455 1977 1561 2016 non
1594 1962 1917 2018 habentibus
1949 1977 2099 2017 com-

529 2048 714 2102 munio
744 2050 988 2116 quaedam
1021 2049 1163 2104 circa
1200 2066 1313 2103 rem
1344 2050 1577 2120 aliquam
1613 2051 1923 2116 intercedit,
1952 2066 2097 2121 qua:-

437 2210 443 2214 ‘
529 2154 654 2192 nam
691 2138 827 2192 ratio
860 2146 1013 2206 coget
1046 2147 1103 2193 ut
1134 2139 1269 2192 nihil
1303 2154 1587 2194 commune
1623 2141 1819 2196 habeat
1850 2141 2008 2196 Pater
2038 2158 2101 2196 ac

531 2229 672 2287 Deus
714 2244 834 2282 cum
875 2228 1011 2283 Filio
1050 2238 1105 2284 et
1142 2228 1274 2293 Deo,
1310 2230 1430 2285 ideo
1470 2231 1611 2299 quod
1649 2232 1737 2286 ille
1778 2231 1993 2301 quidem
2032 2232 2102 2285 sit

529 2321 833 2391 ingenitus,
867 2320 953 2375 hic
979 2336 1106 2376 vero
1140 2323 1385 2391 genitus,
1412 2333 1462 2377 et
1498 2322 1806 2377 nominibus
1836 2324 2101 2391 quodam-

528 2411 689 2465 modo
716 2409 929 2464 diﬂ‘erre
951 2410 1266 2465 videantur?
1294 2412 1476 2481 Neque
1498 2414 1642 2466 enim
1666 2414 1788 2482 quia
1817 2413 1917 2468 hoc
1942 2414 2099 2469 modo

528 2516 587 2557 se
627 2500 786 2556 habet
826 2500 1027 2564 Filius,
1060 2500 1223 2555 Pater
1266 2518 1369 2556 non
1418 2503 1579 2569 item,
1619 2506 1941 2562 substantiae
1982 2507 2100 2577 ejus

528 2592 911 2662 proprietatem
940 2592 1097 2645 tollit.
1121 2591 1410 2648 Generatio
1437 2595 1703 2664 siquidem
1737 2606 1944 2651 tantum
1967 2612 2101 2667 quo-

529 2687 690 2740 modo
721 2686 793 2740 sit
820 2683 1118 2752 significat;
1152 2698 1327 2753 neque
1356 2685 1648 2755 quidquam
1682 2688 1799 2755 ejus
1831 2690 1923 2759 qui
1957 2706 2101 2745 sein-

529 2791 626 2847 per
659 2777 713 2830 in
743 2774 900 2831 Patre
926 2774 1169 2842 exsistit,
1197 2776 1552 2865 aeternitatem
1582 2778 1745 2832 laedit.

1203 2887 1410 2943 ALIUD

531 2979 616 3036 Ex
647 2979 907 3049 opposito,
936 2978 1211 3050 ostendens
1244 2982 1388 3050 quod
1414 2995 1595 3050 exjiers
1627 2981 1870 3049 principii
1902 2990 2100 3050 tempo-

1090 3048 1216 3101 ralis
1244 3046 1311 3101 sit
1340 3046 1538 3102 Filius.

600 3160 657 3213 Si
693 3158 953 3228 quidquid
987 3173 1055 3213 ex
1090 3159 1272 3227 genito
1306 3166 1361 3213 et
1393 3159 1605 3213 mortali
1643 3162 1883 3231 genitum
1916 3161 2096 3224 fuerit,

530 3251 584 3306 id
612 3252 835 3304 omnino
864 3249 1093 3319 genitori
1126 3249 1302 3303 simile
1332 3250 1402 3303 sit
1425 3260 1660 3318 oportet,
1692 3252 1929 3318 genitum
1957 3252 2105 3306 scili-

529 3352 620 3397 cet
651 3349 707 3395 et
742 3339 970 3395 mortale
1017 3357 1031 3394 :
1080 3354 1300 3394 necesse
1334 3341 1496 3394 etiam
1532 3350 1615 3395 est
1648 3356 1677 3395 e
1710 3342 2014 3407 contrario,
2049 3351 2106 3397 ut

529 3432 795 3504 quidquid
816 3446 879 3484 ex
906 3430 1140 3500 ingenito
1162 3440 1326 3500 atque
1348 3432 1635 3486 immortali
1660 3433 1896 3501 genitum
1921 3433 2102 3498 fuerit,

532 3523 636 3576 hoc
665 3521 957 3590 ingenitum
989 3521 1059 3574 sit
1088 3530 1251 3591 atque
1282 3521 1609 3576 immortale.
1643 3522 1888 3589 Ejusdem
1928 3524 2106 3591 itaque

529 3613 635 3665 erit
674 3621 879 3663 natura:
914 3611 1080 3666 Filius
1120 3621 1282 3681 atque
1320 3612 1367 3667 is
1407 3613 1497 3680 qui
1541 3628 1662 3666 eum
1704 3615 1906 3682 genuit.
1940 3613 2103 3679 Atqui

530 3701 692 3757 Pater
721 3700 892 3756 factus
921 3717 1025 3756 n0u
1060 3711 1140 3756 est
1177 3722 1190 3757 :
1227 3716 1401 3771 neque
1430 3702 1600 3757 Filius
1632 3717 1761 3772 ergo
1794 3704 1965 3757 laetus
1996 3704 2103 3777 35

529 3802 640 3847 est:
674 3793 762 3861 qui
794 3808 918 3846 vero
948 3793 1121 3847 factus
1154 3808 1259 3847 non
1297 3801 1409 3855 est,
1435 3793 1594 3861 quale
1628 3794 1789 3848 habet
1812 3795 2103 3849 exsiSIeudi

528 3883 884 3953 principium?
910 3883 1221 3939 Coaeternus
1248 3885 1412 3953 igitur
1439 3885 1537 3939 fuit
1563 3885 1730 3941 Patri.

728 3971 967 4036 ALIUD,
998 3975 1064 4024 ad
1098 3974 1171 4026 rei
1202 3973 1601 4039 explicationem
1628 3973 1911 4039 pertinens.

600 4081 701 4146 Qui
746 4080 1059 4135 existimant
1093 4080 1259 4134 Deum
1298 4084 1363 4133 ab
1398 4082 1578 4151 aliquo
1628 4081 1896 4151 principio
1939 4097 2104 4151 gene-

531 4187 653 4231 rare
691 4173 951 4239 cmpisse,
980 4172 1327 4225 vehementer
1369 4172 1420 4223 in
1462 4186 1586 4225 suas
1626 4173 1863 4238 ipsorum
1900 4173 2125 4228 animus

531 4263 679 4333 impii
711 4273 856 4327 sunt,
885 4264 1019 4317 nihil
1049 4263 1097 4316 ei
1126 4262 1356 4331 amplius
1387 4277 1547 4327 quam
1580 4263 1733 4317 nobis
1766 4264 2059 4319 tribuentes
2089 4284 2103 4319 :

530 4357 692 4409 homo
718 4356 859 4409 enim
892 4369 1013 4410 cum
1044 4353 1332 4407 exsistendi
1363 4353 1574 4406 initium
1608 4352 1827 4417 habeat,
1856 4355 2103 4424 gignendi

2127 3088 2177 3152 C

2199 514 2451 585 ἀοράτου,
2489 518 2583 569 καὶ
2619 517 2930 587 ἀσωμάτου,
2976 520 3069 572 και)⁵
3104 521 3206 573 ὅσα
3238 522 3460 575 τοιαῦτα
3509 524 3764 593 πρόσεστι

2198 602 2263 671 τῇ
2306 602 2424 674 θείᾳ.
2457 603 2636 672 φύσει.
2672 605 2733 658 Εἰ
2779 607 2956 659 τοίνυν
2985 608 3045 660 οὐ
3080 609 3298 673 πάντως
3324 609 3392 663 τὰ
3418 611 3765 683 ἀντικείμενα

2197 691 2308 753 τοῖς
2338 694 2613 761 προσεῖναι
2656 693 2965 765 λεγομένοις
3008 696 3085 767 τῷ
3132 698 3328 768 Πατρὶ,
3380 699 3633 770 πρόσεστι
3688 699 3766 770 τῷ

2198 779 2331 850 Υἱῷ,
2366 781 2518 835 οὐδὲν
2567 783 2813 854 ἀδικήσει
2850 785 2943 839 τοῦ
2978 786 3107 839 Υίοῦ
3139 788 3235 859 τὴν
3267 788 3454 844 οὐσίαν
3494 792 3527 859 ή
3571 791 3765 860 γέννη-

2199 889 2305 937 σις,
2346 874 2450 927 κᾶν
2495 875 2784 946 ἀγέννητος
2835 879 2861 929 6
2916 879 3104 950 Πατὴρ
3148 881 3410 953 τυγχάνῃ.
3471 883 3662 935 Ἔσται
3703 881 3767 952 δὴ

2197 962 2347 1033 αὐτῷ
2380 965 2646 1029 συναῖδιος
2679 968 2740 1019 οὐ
2776 968 2990 1031 πάντως
3020 971 3157 1040 ἔχων
3184 972 3251 1024 τά
3285 971 3502 1026 ἐναντία
3531 972 3637 1025 τῶν
3664 989 3766 1040 φυ-

2202 1055 2367 1109 σικῶν
2397 1056 2700 1127 ἰδιωμάτων
2725 1060 2911 1125 αὐτοῦ,
2943 1061 3085 1115 καθὰ
3111 1063 3397 1119 δέδεικται.

2213 1171 2541 1245 ’Δπόδειξμις
2591 1173 2860 1245 ἐφεξῆς,
2901 1175 3028 1245 ’Ότι
3087 1175 3158 1227 τὰ
3220 1174 3596 1245 ἀνακείμενά
3643 1190 3770 1245 πως

2270 1241 2417 1307 πρὸς
2457 1242 2697 1309 ἄλληλα
2727 1244 2876 1297 κατὰ
2905 1244 3018 1310 τὴν
3043 1246 3394 1310 ὀνομασίαν,
3425 1241 3595 1300 κοινὰ
3623 1241 3771 1298 πολέ

2268 1310 2445 1366 λάκιο
2472 1311 2595 1366 ἔχει
2630 1312 2761 1366 τινὰ
2798 1314 2917 1366 τῶν
2950 1314 3241 1366 φυσικῶν.

2311 1328 2445 1376 ακις
2472 1328 2595 1379 εχει
2630 1328 2761 1366 τινα
2798 1330 2917 1366 των
2948 1330 3241 1382 φυσικων.

2271 1422 2344 1475 Οὐ
2379 1424 2595 1485 πάντως
2633 1426 2730 1478 ὅσα
2763 1426 2903 1478 κατὰ
2935 1426 3033 1494 τὴν
3077 1426 3364 1498 πρόχειρον
3416 1427 3597 1495 φωνὴν
3653 1428 3771 1497 ἦτοι

2202 1513 2261 1565 τὸ
2282 1516 2338 1566 ἐν
2364 1513 2506 1578 λέξει
2531 1517 2924 1585 σημαινόμενον
2953 1520 3209 1581 ἐναντίως
3241 1517 3353 1587 ἔχει
3383 1517 3517 1587 πρὸς
3545 1517 3770 1586 ἄλληλα,

2201 1601 2373 1656 ταῦτα
2408 1604 2501 1656 καὶ
2530 1606 2644 1657 κατ’
2679 1606 2865 1658 οὐδένα
2894 1607 3092 1677 τρόπον
3119 1606 3226 1659 τῶν
3264 1608 3363 1660 ὅσα
3403 1610 3521 1670 ταῖς
3563 1606 3771 1669 οὐσίαις

2205 1694 2492 1765 πρόσεστιν
2549 1696 2795 1766 ἀλλήλοις
2849 1697 3301 1750 ἐπικοινωνοῦντα
3346 1697 3614 1765 φαίνεται.
3664 1698 3773 1750 Καὶ

2202 1783 2333 1853 γοῦν
2368 1787 2428 1838 τὸ
2473 1784 2609 1849 ζῶον
2661 1788 2958 1841 ἀντίκειται
2994 1788 3072 1858 τῷ
3119 1788 3192 1859 μὴ
3255 1787 3411 1859 ζώῳο
3468 1788 3580 1841 ἀλλ’
3603 1786 3772 1858 αὔξην

2201 1873 2507 1945 ἐπιδέχεται
2543 1875 2604 1928 τό
2636 1893 2692 1928 τε
2734 1875 2870 1939 ζῶον
2899 1878 2992 1930 καὶ
3019 1878 3078 1929 τὸ
3108 1877 3182 1947 μὴ
3218 1876 3375 1940 ζῶον,
3411 1875 3522 1931 οἷον
3550 1881 3577 1931 6
3612 1879 3773 1940 ίππος

2202 1962 2296 2014 καὶ
2341 1962 2401 2014 τὸ
2452 1962 2633 2031 φυτόν.
2691 1964 2751 2016 Ei
2797 1965 2853 2017 δὲ
2899 1965 3108 2029 τούτοις
3152 1966 3325 2019 καίτοι
3364 1966 3462 2036 τὴν
3511 1967 3769 2038 διαφορὰν

2201 2054 2390 2123 ὁμοίαν
2421 2055 2519 2107 οὐκ
2551 2054 2733 2123 έχουσι
2761 2056 3015 2110 κοινωνία
3045 2075 3130 2120 τις
3158 2058 3285 2129 περί
3326 2076 3379 2111 τι
3422 2060 3655 2127 πρᾶγμα
3685 2060 3773 2125 γέ-

2201 2160 2350 2211 γονε,
2397 2143 2481 2205 τίς
2528 2144 2828 2212 ἀναγκάσει
2874 2144 3029 2212 λόγος
3076 2145 3193 2216 Θεῷ
3222 2148 3315 2199 κα)⁸
3362 2147 3533 2218 Πατρ“ι
3571 2148 3771 2220 μηδένα

2203 2237 2510 2307 κοινότητος
2547 2232 2686 2291 εἶναι
2714 2238 2877 2290 τόπον
2930 2238 3063 2308 πρὸς
3100 2239 3229 2292 Υίὸν
3260 2241 3354 2292 καὶ
3395 2241 3547 2307 Θεὸν,
3585 2242 3772 2311 ἐπειδὴ

2201 2328 2229 2379 6
2266 2328 2362 2396 μὲν
2392 2326 2538 2380 ἔστιν
2571 2329 2867 2397 ἀγενήτως,
2898 2330 2927 2380 6
2958 2328 3015 2380 δὲ
3056 2330 3347 2399 γεννητῶς,
3380 2332 3473 2383 καὶ
3504 2335 3615 2395 τοῖς
3658 2316 3779 2383 όνόοί

2206 2434 2367 2487 μασιν
2421 2418 2945 2471 ἀντιδιαστέλλεσθαί
2995 2436 3111 2481 πως
3148 2419 3325 2485 δοκεί;
3381 2422 3514 2473 Οὐδέ
3556 2421 3665 2491 γὰρ
3713 2420 3773 2473 τὸ

2202 2502 2343 2561 εἶναι
2387 2508 2611 2560 τοιῶσδε
2659 2508 2751 2560 τὸν
2786 2508 2932 2570 Υἰὸν,
2970 2510 3018 2561 εἰ
3056 2508 3149 2561 καὶ
3181 2510 3209 2561 6
3252 2510 3441 2578 Πατὴρ
3494 2510 3567 2580 μὴ
3604 2509 3776 2572 οὕτως

2202 2594 2336 2664 ἔχει,
2367 2595 2425 2647 τὸ
2451 2595 2550 2664 τῆς
2582 2595 2770 2658 οὐσίας
2801 2596 2967 2650 αὐτοῦ
2997 2598 3217 2666 γνήσιον
3243 2598 3476 2669 ἀναιρεῖ.
3513 2599 3780 2668 Σημαίνει

2200 2684 2257 2736 δέ
2293 2684 2512 2755 μόνονή
2560 2684 2812 2753 γέννησις
2857 2685 2917 2737 τὸ
2959 2685 3075 2748 πῶς
3103 2687 3271 2750 ἐστιν,
3306 2686 3459 2740 οὐδὲν
3489 2688 3569 2748 είς
3614 2687 3777 2740 ἀῖδιό·

2202 2790 2343 2844 τητα
2375 2774 2685 2827 ϐλάπτουσα
2716 2776 2804 2829 τὸν
2831 2777 2918 2829 ἀεὶ
2942 2776 3069 2829 ὅντα
3099 2779 3155 2831 ἐν
3188 2777 3265 2848 τῷ
3302 2778 3495 2848 Πατρί.

2887 2888 3091 2943 ΔΛΛΟ.

2215 2977 2312 3030 Ἐκ
2359 2976 2465 3031 τοῦ
2502 2976 2915 3050 ἀντικειμένου
2956 2978 3237 3033 δεικνύον
3274 2979 3363 3034 ὅτι
3407 2981 3667 3050 ἄναρχος
3708 2982 3777 3036 ἐν

2764 3048 2959 3115 χρόνῳ
2992 3052 3023 3101 ό
3072 3051 3221 3115 Υἱός.

2278 3155 2341 3207 Et
2370 3155 2477 3207 πᾶν
2501 3154 2638 3224 ὅπερ
2663 3154 2728 3207 ἂν
2758 3155 2819 3207 ὲκ
2853 3155 3048 3226 θνητοῦ
3081 3158 3173 3211 καὶ
3199 3158 3436 3228 φθαρτοῦ
3467 3160 3780 3235 γεννηθείη,

2205 3246 2363 3299 τοῦτο
2396 3247 2608 3309 πάντως
2642 3246 2791 3299 ἔσται
2827 3246 2904 3318 τῷ
2933 3248 3160 3316 φύσαντι
3190 3251 3526 3319 προσεοικὸς,
3557 3251 3778 3320 γενητὸν

2206 3337 2406 3407 δηλαδὴ
2442 3338 2536 3391 καὶ
2570 3337 2831 3407 φθαρτὸν,
2859 3338 3069 3408 ἀνάγκη
3110 3341 3257 3392 πᾶσα
3304 3341 3399 3392 καὶ
3426 3341 3487 3393 τὸ
3519 3342 3775 3406 ἐναντίον,

2207 3431 2345 3500 ὅπερ
2367 3430 2433 3482 ἂν
2463 3428 2522 3492 ἐξ
2549 3430 2811 3497 ἀγενήτου
2837 3430 2928 3481 καὶ
2957 3429 3233 3498 ἀφθάρτου
3262 3432 3604 3499 γεγέννηται,
3626 3432 3775 3483 τοῦτ(

2208 3523 2425 3582 πάντως
2464 3520 2736 3590 ἄφθαρτον
2766 3516 2905 3574 εἶναι
2934 3522 3027 3574 καὶ
3067 3522 3346 3592 ἀγένητον.
3380 3523 3529 3587 "Eget
3565 3540 3780 3593 τοιγαρ-

2208 3612 2302 3665 οῦν
2338 3612 2480 3664 οὕτω
2520 3611 2733 3679 φύσεως
2764 3614 2791 3664 6
2826 3612 2948 3674 Υἱὸς
2976 3612 3128 3675 ὅπως
3170 3611 3236 3665 ἂν
3266 3612 3378 3682 ἔχοι
3413 3614 3504 3665 καὶ
3533 3615 3561 3666 6
3586 3614 3778 3682 γεννή-

2210 3721 2308 3766 σας
2342 3703 2523 3757 αὐτόν.
2557 3704 2628 3756 Οὐ
2660 3702 2881 3770 γέγονεν
2914 3704 2969 3755 δέ
3000 3705 3027 3756 ό
3056 3705 3278 3774 Πατήρο
3314 3706 3374 3757 οὐ
3410 3705 3631 3773 γέγονεν
3672 3704 3779 3775 ἄρα

2207 3788 2329 3841 οὐδέ
2352 3789 2381 3840 6
2413 3788 2563 3851 Υἱὸς,
2595 3790 2623 3840 6
2649 3788 2705 3840 δὲ
2739 3787 2812 3857 μὴ
2854 3786 3112 3856 γεγονὼς,
3147 3788 3306 3841 ποίαν
3352 3788 3462 3858 ἔχει
3502 3787 3594 3840 τοῦ
3639 3783 3810 3852 εἶναι⁵

2208 3877 2308 3946 τὴν
2340 3877 2548 3948 ἀρχήν;
2575 3872 2684 3929 τΗν
2715 3872 2806 3929 οὖν
2838 3878 2944 3946 ἄρα
2971 3877 3048 3946 τῷ
3090 3878 3265 3948 Πατρὶ
3308 3877 3598 3942 συναῖδιος,

2630 3966 2835 4031 ΑΛΛΟ,
2897 3965 3348 4034 διηγηματικῶς.

2280 4082 2341 4133 Οἱ
2388 4080 2494 4133 ἀπό
2524 4097 2667 4143 τινος
2698 4080 2870 4150 ἀρχῆς
2892 4078 3150 4148 ἄρχεσθαι
3190 4078 3283 4131 τοῦ
3322 4084 3517 4151 γεννᾷν
3542 4081 3781 4149 οἰόμενοι

2208 4172 2299 4223 τὸν
2333 4170 2484 4233 Θεὸν,
2511 4170 2629 4223 λίαν
2660 4167 2945 4222 ἀσεϐοῦσιν
2979 4169 3056 4230 εἰς
3089 4168 3186 4230 τὰς
3222 4168 3428 4220 ἐαυτῶν
3458 4168 3653 4238 ψυχὰς,
3687 4169 3777 4220 οὐ⁸

2207 4269 2295 4322 ὁὲν
2324 4267 2470 4336 αὐτῷ
2497 4266 2725 4326 διδόντες
2754 4264 2911 4317 πλέον
2947 4262 3121 4331 ἡμῶν.
3162 4262 3478 4332 Ἀνθρωπος
3515 4262 3613 4331 μὲν
3669 4262 3777 4330 γὰρ

2211 4357 2398 4425 ἐπειδὴ
2424 4357 2517 4409 τοῦ
2540 4352 2676 4409 εἶναι
2709 4356 2929 4425 ἤρξατο,
2959 4353 3271 4420 ἀναγκαίως
3298 4354 3393 4406 καὶ
3434 4353 3526 4406 τοῦ
3572 4354 3775 4405 τίκτειν

530 4447 688 4504 etiam
729 4445 940 4498 initium
984 4442 1231 4497 habuerit
1269 4456 1489 4496 necesse
1525 4452 1641 4506 est,
1666 4453 1721 4497 et
1755 4446 1897 4513 quod
1942 4460 2006 4499 ex
2044 4460 2102 4499 se

2211 4420 2456 4522 ἄρχεται,
2482 4448 2575 4501 καὶ
2603 4447 2664 4499 τὸ
2801 4444 2990 4497 ἐαυτοῦ
3032 4445 3254 4514 γενητὸν
3301 4444 3431 4513 ἔχει’
3458 4446 3483 4496 ὁ
3512 4444 3567 4494 δὲ
3608 4443 3739 4504 Θεὸς
3759 4482 3773 4505 ,

530 4536 771 4604 genitum
814 4543 897 4590 est
935 4535 1121 4597 habet;
1168 4534 1307 4588 Deus
1340 4550 1494 4596 vero.
1529 4550 1647 4588 cum
1691 4535 1763 4589 sit
1804 4536 2097 4606 ingenitus,

533 4644 636 4682 non
681 4634 901 4696 generat
944 4626 995 4678 in
1043 4635 1311 4692 tempore,
1347 4640 1518 4695 neque
1559 4642 1623 4680 ex
1662 4641 1721 4681 se
1761 4627 2002 4697 genitum
2048 4628 2098 4681 in

537 4731 776 4789 tempore
816 4718 979 4772 habet
1020 4735 1035 4772 :
1075 4718 1168 4771 sed
1205 4719 1656 4786 quemadmodum
1698 4720 1811 4785 ipse
1853 4719 2098 4786 principii

532 4823 694 4879 atque
721 4820 869 4864 ortus
893 4824 1085 4877 expers
1112 4818 1213 4870 est,
1237 4810 1311 4862 ita
1334 4819 1389 4862 et
1409 4809 1641 4866 Verbum
1671 4811 1811 4879 quod
1836 4824 1901 4863 ex
1934 4810 2100 4879 ipsius

532 4900 833 4959 substantia
869 4900 1156 4968 processit,
1186 4900 1483 4967 principio,
1512 4911 1750 4969 tempore
1784 4910 1945 4972 atque
1980 4912 2099 4955 ortu

531 4998 764 5057 carebit,
797 4996 1017 5065 perinde
1046 5007 1206 5065 atque
1238 4996 1283 5050 is
1312 4996 1400 5064 qui
1434 4996 1483 5049 id
1518 4996 1720 5066 genuit.

693 5107 1038 5176 Interrogatio
1069 5114 1316 5175 tanquam
1346 5120 1408 5157 ea;
1436 5104 1639 5171 scriptis
1670 5103 1937 5157 Eunomii.

608 5214 795 5267 Dicant
812 5212 1371 5283 nobis,_inquiunt,qui
1396 5212 1584 5267 Filium
1608 5213 1752 5268 Patri
1777 5222 2100 5268 corelernum

532 5322 651 5362 csse
685 5313 932 5369 censent,
960 5321 1026 5358 an
1058 5306 1284 5360 desierit
1310 5320 1567 5374 generare
1596 5304 1787 5359 Pater?
1813 5305 2102 5358 Enimvero

534 5400 694 5455 desiit
737 5417 750 5453 :
799 5399 937 5468 Ergo
981 5400 1067 5453 illa
1109 5402 1339 5455 cessatio
1376 5401 1550 5456 Patris
1595 5419 1621 5456 ιι
1671 5402 1976 5470 generando
2020 5410 2102 5455 cst

536 5491 855 5563 principium
887 5492 1219 5548 essistcntia:
1246 5493 1386 5548 Filii.

1210 5605 1428 5660 Solttlitl.

616 5697 673 5753 Si
708 5701 942 5756 essentia
972 5699 1064 5758 Dei
1094 5717 1252 5759 omne
1284 5709 1487 5768 tempus
1514 5707 1565 5753 et
1596 5697 1915 5769 principium
1945 5706 2103 5766 atque

2208 4542 2469 4609 ἀγένητος
2497 4537 2591 4601 ὢν,
2620 4538 2718 4589 οὐκ
2750 4538 2804 4587 ἐν
2829 4537 3005 4605 χρόνῳ
3032 4536 3215 4604 γεννᾷ,
3248 4534 3367 4585 οὐδὲ
3404 4532 3629 4601 γενητὸν
3660 4531 3774 4600 ἕχει

2205 4632 2296 4685 τὸν
2328 4630 2387 4695 ἐξ
2422 4629 2633 4682 ἐαυτοῦ·
2664 4627 2779 4682 ἀλλ’
2825 4627 3013 4697 ὥσπερ
3071 4624 3231 4686 αὐτὸς
3277 4623 3510 4693 ἀναρχός
3542 4624 3656 4673 ἐστι
3686 4624 3777 4673 καὶ

2207 4723 2488 4792 ἀγένητος,
2523 4719 2664 4772 οὕτω
2694 4718 2785 4771 καὶ
2808 4720 2835 4771 6
2864 4718 2927 4770 ἐκ
2954 4719 3052 4787 τῆς
3077 4715 3259 4777 οὐσίας
3307 4711 3469 4765 αὐτοῦ
3502 4711 3778 4782 προελθὼν

2208 4816 2399 4882 Λόγος,
2422 4814 2675 4881 ἄναρχος,
2699 4811 2921 4882 ἅχρονος
2951 4808 3102 4861 ἔσται
3129 4808 3219 4860 καὶ
3247 4804 3508 4874 ἀγένητος
3538 4804 3723 4872 ὥσπερ
3748 4803 3778 4855 6

2208 4907 2525 4973 ἁποκυήσας
2559 4901 2737 4960 αὐτόν.

2487 5100 2804 5169 Ἐρώτησις
2838 5099 2916 5163 ὡς
2946 5097 3014 5155 ἐκ
3044 5094 3159 5148 τῶν
3189 5095 3511 5163 Εὐνομίουι

2280 5218 2596 5286 Λεγέτωσαν
2643 5214 2792 5283 ἡμῖν,
2821 5212 3002 5280 φασὶν,
3047 5211 3095 5261 οἱ
3142 5207 3218 5279 τῷ
3274 5208 3446 5278 Πιιιτρῖ¹
3503 5206 3597 5259 τὸν
3647 5206 3773 5259 Υίὸν

2212 5310 2479 5363 συναῖδιον
2525 5304 2660 5358 εἶναι
2713 5304 3031 5372 φάσκοντες,
3084 5299 3359 5353 ἐπαύσατο
3395 5297 3488 5351 τοῦ
3518 5299 3712 5368 γεννᾷν
3747 5298 3778 5349 6

2211 5402 2429 5470 Πατήρ;
2478 5396 2782 5450 Ίιὶπαύσατο
2834 5393 2910 5447 δέ.
2956 5392 3154 5462 Ἀρχὴν
3193 5387 3285 5444 οὖν
3332 5390 3556 5460 ἔχειτοῦ
3588 5386 3778 5467 εἶναιό

2210 5491 2355 5555 Υἱὸς,
2390 5489 2485 5559 τὴν
2510 5489 2565 5540 ἐν
2595 5485 2671 5557 τῷ
2694 5486 2887 5555 γεννᾷν
2914 5483 3253 5536 κατάπαυσιν
3277 5481 3368 5533 τοῦ
3403 5479 3631 5551 Πατρός.

2668 5597 2822 5666 Πρὸς
2880 5595 3055 5647 τοῦτο
3110 5595 3308 5659 λύσις.

2282 5696 2343 5746 Ei
2378 5691 2573 5752 παντὸς
2614 5686 2868 5758 ἀνωτέρω
2929 5686 3117 5758 χρόνου
3170 5687 3259 5738 καὶ
3295 5684 3467 5756 ἀρχῆς
3498 5683 3527 5753 ἢ
3558 5682 3775 5756 διαστή-
