4144 6526
299 317 362 386 61
1713 323 2154 382 ΤιιεεΑυιιυε.
3487 315 3556 366 63

302 445 472 510 ματος
499 431 532 502 ή
559 430 716 484 οὐσία
737 431 831 484 τοῦ
860 431 1015 499 Θεοῦ,
1048 432 1296 504 ἀνωτέρα
1318 433 1522 495 τούτων
1545 434 1696 489 ἔσται
1723 436 1819 489 κα)⁸
1845 436 1871 505 ή

1982 437 2214 504 spatium
2273 444 2526 502 superat,
2589 434 2870 504 generatio
2930 445 3147 502 quoque
3208 431 3321 483 haec
3375 428 3556 481 omnia

298 517 574 588 γέννησις,
602 520 695 573 καὶ
717 521 778 574 ού
805 519 1020 583 πάντως
1039 521 1403 594 ἀποστερήσει
1432 523 1529 595 τὴν
1549 524 1698 578 Θείαν
1720 525 1882 594 φύσιν

299 606 394 660 τοῦ
422 608 682 663 δύνασθαι
704 612 919 680 γεννᾷν,
961 611 1022 663 τὸ
1050 611 1125 682 μὴ
1168 614 1227 664 ἐν
1268 612 1447 685 χρόνῳ
1494 615 1653 667 τοῦτο
1686 617 1877 670 ποιεῖν.

301 698 533 770 Ἕτερος
555 699 662 771 γάρ
680 700 834 770 παρά
854 700 946 754 τὸν
966 701 1306 774 ἀνθρώπινον
1329 707 1358 757 6
1381 706 1580 776 τρόπος
1603 706 1702 775 τῆς
1731 705 1882 769 θείας

301 794 630 862 γεννήσεως.
669 791 838 863 Ὁμοῦ
860 793 968 862 γὰρ
1004 792 1082 863 τῷ
1110 789 1248 846 εῖναι
1272 795 1364 848 τὸν
1387 795 1517 848 Θεὸν
1546 796 1641 850 καὶ
1670 795 1732 848 τὸ
1752 812 1878 863 γεν-

301 879 400 949 νᾳν
427 877 578 948 αύτῷ
609 883 1024 945 συνεπινοεῖται,
1059 881 1153 934 καὶ
1179 877 1248 952 ἦν
1286 884 1344 935 ὲν
1369 883 1518 954 αὐτῷ
1545 886 1820 954 γεννητῶς
1849 887 1878 937 6

302 971 450 1035 ΐίὺς,
479 973 540 1026 οὐ
564 974 972 1044 προτρέχουσαν
997 972 1136 1043 ἔχων
1157 974 1256 1039 τὴν
1297 974 1548 1044 γέννησιν
1584 975 1685 1044 τῆς
1711 974 1880 1045 ὑπάρ-

301 1059 456 1124 ξεως,
487 1061 602 1114 ἀλλ’
625 1061 745 1131 ἅμα
767 1063 862 1121 καὶ
883 1061 960 1114 ὣν
985 1061 1074 1115 ἀεὶ
1103 1062 1398 1132 γεννητῶς.

983 1175 1190 1230 ΑΛΛΟ.

380 1259 442 1315 Ὀ
479 1263 755 1334 τολμήσας
785 1266 986 1318 εἰπεῖν’
1019 1265 1382 1320 Κατέπαυσεν
1409 1268 1517 1336 ἄρα
1546 1263 1640 1320 τοῦ
1683 1267 1879 1334 γεννᾷν

297 1352 327 1402 6
352 1351 561 1425 Πατὴρ,
585 1355 813 1426 ἀφύκτῳ
837 1355 1145 1426 δυσφημίας
1175 1357 1481 1429 ἐγκλήματι
1506 1359 1876 1428 περιπεσεῖται

295 1440 539 1508 δικαίως.
576 1445 737 1516 Τρεῖς
775 1447 886 1519 γάρ
933 1446 1248 1511 ἀλλοιώσεις
1298 1450 1541 1520 εἰσφέρει
1599 1450 1729 1519 περὶ
1771 1447 1872 1520 τὴν

302 1530 452 1588 θείαν
491 1534 671 1604 φύσιν.
721 1538 963 1608 Ἀνάγκη
1005 1538 1116 1611 γάρ
1161 1542 1312 1594 πᾶσα
1356 1544 1422 1612 τῇ
1477 1541 1874 1612 διαστηματικῇ

297 1625 549 1696 γεννήσει
593 1629 742 1698 τρεῖς
798 1629 980 1684 δοῦναι
1028 1631 1272 1702 χρόνους.
1304 1631 1439 1685 Ἕνα
1479 1633 1598 1702 μὲν,
1651 1632 1742 1686 τὸν
1771 1632 1876 1704 πρὸ

1985 525 2289 596 superabit;
2324 541 2497 594 neque
2527 525 2746 578 omnino
2773 524 3006 593 prirabit
3031 523 3270 576 divinam
3303 526 3554 573 naturam

1983 619 2239 673 facultate
2269 616 2586 687 gen'erandi,
2605 616 2748 685 quod
2773 630 2877 668 non
2903 615 2954 668 iu
2978 625 3218 681 tempore
3241 613 3344 666 hoc
3371 608 3552 665 faciat.

1983 709 2238 765 Diversus
2281 711 2424 764 enim
2473 719 2556 764 est
2595 707 2792 763 divinae
2841 704 3211 776 generationis
3257 703 3447 756 modus
3488 701 3556 754 ab

1983 800 2236 855 humano.
2257 800 2429 854 Simul
2456 800 2599 854 enim
2627 807 2682 852 et
2705 811 2824 851 esse
2849 804 2904 850 et
2924 808 3184 865 generare
3208 794 3373 847 Deum
3400 792 3557 846 intel-

1981 891 2215 960 ligimus,
2242 900 2469 960 eratque
2502 891 2553 944 in
2589 890 2706 959 ipso
2737 887 2950 958 genitus
2977 885 3177 948 Filius;
3212 897 3389 952 neque
3413 897 3556 953 prae-

1981 982 2126 1036 cedit
2147 982 2424 1050 generatio
2452 980 2568 1048 ejus
2595 977 3002 1043 exsistentiam,
3030 975 3126 1030 sed
3155 972 3315 1030 simul
3337 981 3390 1028 et
3416 973 3557 1026 exsi-

1981 1070 2074 1124 stit
2103 1083 2318 1136 semper
2344 1079 2398 1124 et
2425 1077 2735 1138 generatur.
2791 1105 2794 1108 .

2657 1180 2888 1238 ALIUD.

2050 1275 2153 1342 Qui
2200 1290 2364 1331 ausus
2413 1283 2498 1329 est
2542 1273 2724 1328 dicere
2775 1291 2789 1328 :
2845 1271 3015 1327 Desiit
3067 1270 3248 1340 itaque
3297 1283 3558 1338 generare

1979 1366 2476 1433 r’ater,inevitabile
2498 1365 2844 1436 blasphemiae
2865 1364 3070 1417 crimen
3089 1360 3552 1416 meritoincurret.

1980 1455 2114 1510 Tres
2146 1455 2289 1510 enim
2325 1454 2648 1509 mutationes
2683 1453 2734 1507 in
2769 1451 3008 1507 divinam
3044 1459 3293 1504 naturam
3327 1447 3556 1502 inducit.

1979 1547 2208 1602 Necesse
2235 1546 2498 1616 siquidem
2519 1554 2603 1600 est
2622 1547 2673 1599 in
2697 1543 3044 1617 generatione
3081 1539 3420 1596 intervallata
3449 1539 3555 1592 tria

1979 1639 2094 1694 dari
2142 1647 2400 1707 tempora.
2442 1637 2614 1693 Unum
2661 1637 2908 1706 quidem,
2945 1642 3072 1689 ante
3113 1631 3553 1704 generationem;

296 1717 396 1782 τῆς
412 1717 740 1788 γεννήσεως·
766 1719 1016 1790 δεύτερον
1052 1721 1130 1785 δὲ,
1161 1721 1251 1774 τὸν
1272 1723 1329 1774 ὲν
1361 1721 1510 1792 αὐτῷ
1539 1722 1616 1792 τῷ
1645 1725 1870 1792 γεννᾷν·

1978 1729 2241 1794 alterum,
2274 1728 2326 1782 in
2356 1728 2469 1796 ipsa
2498 1727 2878 1798 generatione;
2910 1725 3158 1790 tertium,
3187 1733 3305 1793 post
3333 1737 3557 1792 genera-

295 1803 478 1872 τρίτον
508 1805 586 1870 δὲ,
618 1806 709 1860 τὸν
757 1809 896 1878 μετά
923 1809 1024 1881 τὴν
1057 1810 1326 1881 γέννησιν.
1362 1812 1425 1864 ΕΞ
1469 1810 1525 1862 δὲ
1566 1812 1624 1864 ὲν
1663 1811 1874 1876 τούτοις

297 1891 487 1960 γέγονε
525 1895 660 1960 Θεὸς
703 1899 1006 1972 ἀρχόμενος
1037 1903 1132 1957 τοῦ
1186 1905 1404 1974 γεννᾷν,
1445 1904 1538 1956 καὶ
1585 1903 1873 1974 γεννήσας.

297 1982 391 2045 καὶ
419 1986 799 2053 καταπαύσας,
826 1991 946 2056 πῶς
989 1993 1090 2046 οὐκ
1131 1993 1430 2064 ήλλοιώθης
1468 1994 1587 2057 πῶς
1626 1994 1682 2047 δὲ
1711 1994 1875 2056 αὐτὸς

293 2071 446 2127 ἔσται
475 2075 584 2128 τῶν
620 2077 830 2134 αἰώνων
858 2085 1126 2154 ποιητής;
1153 2085 1186 2155 ἢ
1229 2086 1347 2148 πῶς
1380 2083 1671 2154 ἀληθεύσει
1698 2084 1874 2153 λέγων

291 2163 322 2214 6
349 2163 558 2229 Παῦλος
615 2171 743 2241 περὶ
772 2173 1032 2244 Χριστοῦ,
1071 2177 1154 2229 ὃτι
1211 2196 1230 2227 ι
1276 2177 1353 2229 Δι’
1383 2177 1549 2230 αὐτοῦ
1593 2176 1782 2245 γέγονε
1807 2176 1875 2229 τὰ

293 2253 491 2353 πέντα,
513 2276 530 2307 ι
555 2260 750 2331 καιροῦ
782 2264 1209 2333 μεσολαϐοῦντος
1231 2269 1325 2322 καὶ
1341 2268 1601 2340 ἀνωτέρω
1617 2269 1872 2340 κειμένου

292 2347 393 2410 τῆς
420 2347 725 2418 γεννήσεως
775 2353 963 2419 αὐτοῦ,
1019 2357 1161 2410 κατά
1206 2357 1305 2427 τὴν
1347 2357 1457 2411 τῶν
1494 2358 1875 2431 χριστομάχων

297 2436 495 2502 μανίαν
516 2456 530 2504 ;

979 2536 1185 2591 AAAO.

375 2643 464 2695 Ἐν
490 2643 665 2714 χρόνῳ
692 2645 792 2715 μὲν
819 2645 880 2699 ού
914 2647 1086 2699 τίκτει
1113 2648 1267 2710 Θεὸς,
1318 2648 1347 2699 6
1380 2647 1590 2718 χρόνων
1617 2643 1876 2714 ἀνωτέρω

288 2733 553 2804 κειμένην
575 2734 715 2804 ἔχων
743 2736 842 2806 τὴν
868 2736 1052 2806 φύσιν·
1081 2739 1200 2791 οὐδὲ
1227 2738 1496 2806 ἀνάγκαις
1524 2737 1873 2792 ὑποκείσεταί

287 2839 446 2888 τισιν,
473 2825 502 2877 6
529 2824 706 2877 πάντα
748 2826 1267 2898 ὑπερανασεϐηκώς.
1317 2830 1392 2881 Ού
1442 2829 1662 2892 πάντως
1704 2829 1762 2881 δὲ
1811 2829 1873 2881 τὸ

287 2912 491 2974 τίκτειν
522 2914 786 2984 πεφυκὸς,
817 2918 880 2971 ὲκ
913 2916 1008 2971 τοῦ
1051 2917 1126 2988 μὴ
1151 2918 1355 2972 τίκτειν
1391 2921 1474 2982 εἰς
1503 2916 1661 2972 τοῦτο
1686 2918 1872 2991 πρόεια

285 3023 389 3068 σιν,
414 3006 536 3059 οὐδὲ
562 3006 748 3078 ἐπειδὴ
775 3008 981 3061 τίκτειν
1012 3005 1141 3072 οἶδε,
1170 3011 1390 3072 πάντως
1412 3013 1507 3064 καὶ
1535 3013 1863 3067 καταπαύει.

1982 1821 2204 1874 tionem.
2237 1818 2293 1873 Si
2347 1833 2475 1888 ergo
2526 1818 2600 1871 ita
2651 1817 2836 1883 genuit
2877 1816 3053 1880 Deus,
3091 1824 3149 1869 ut
3194 1823 3250 1868 et
3294 1811 3552 1882 inceperit

1979 1912 2220 1982 gignere,
2239 1920 2295 1964 et
2313 1909 2579 1979 genuerit,
2600 1916 2653 1961 et
2673 1905 2914 1970 desierit,
2933 1920 3041 1973 quo
3065 1913 3222 1974 pacto
3247 1901 3557 1956 mutationis

1982 2018 2182 2071 expers
2214 2000 2350 2055 fuit?
2385 2009 2478 2054 aut
2505 2014 2614 2069 quo
2647 2007 2806 2067 pacto
2839 1997 2954 2066 ipse
2988 1994 3185 2050 saecula
3219 1991 3558 2047 condiderit?

1977 2101 2069 2148 aut
2093 2107 2199 2162 quo
2228 2100 2387 2160 pacto
2413 2104 2537 2144 vere
2579 2089 2646 2144 de
2675 2087 2893 2144 Christo
2923 2086 3138 2151 dixerit,
3176 2104 3194 2136 ι
3229 2083 3414 2140 omnia
3461 2098 3557 2153 per

1976 2201 2096 2239 eum
2127 2185 2266 2238 facta
2295 2183 2405 2253 36
2431 2196 2553 2237 esse
2572 2179 2655 2233 In"2
2683 2197 2702 2231 ι
2733 2179 2866 2234 Cum
2896 2186 2952 2234 et
2981 2187 3190 2247 tempus
3220 2176 3363 2230 inter
3385 2174 3556 2244 ipsius

1975 2276 2379 2347 generationem
2402 2273 2742 2342 interiectum
2766 2269 2950 2336 fuerit,
2967 2281 3194 2337 eamque
3213 2266 3557 2339 praecesserit

1973 2365 2127 2435 juxta
2162 2364 2407 2418 insanam
2440 2362 2680 2418 hostium
2705 2360 2800 2416 Dei
2831 2358 3168 2430 Opinionem.

2657 2515 2889 2576 ALIUD.

2050 2631 2192 2688 Deus
2221 2647 2328 2685 non
2355 2629 2525 2701 gignit
2551 2629 2604 2682 in
2639 2639 2910 2696 tempore,
2943 2625 3140 2695 quippe
3176 2622 3328 2691 cujus
3361 2631 3553 2676 natura

1977 2724 2123 2778 omni
2153 2733 2396 2790 tempore
2423 2718 2670 2789 superior
2697 2729 2781 2774 est
2805 2733 2820 2770 :
2851 2731 3024 2786 neque
3053 2716 3260 2783 legibus
3285 2713 3404 2769 ullis
3428 2715 3557 2768 sub—-

1970 2813 2134 2882 jacet,
2163 2812 2254 2882 qui
2285 2811 2465 2864 omnia
2499 2809 2854 2863 transcendit.
2879 2791 3064 2875 Neque
3082 2819 3214 2858 vero
3248 2803 3302 2856 in
3338 2803 3557 2857 univcr-

1975 2920 2095 2961 sum
2131 2905 2182 2958 id
2209 2902 2352 2972 quod
2378 2900 2630 2971 gignendi
2661 2898 2916 2958 facultate
2946 2897 3226 2966 praeditum
3258 2903 3363 2958 est,
3390 2908 3420 2947 a
3447 2908 3555 2947 non

1975 2997 2242 3070 gignendo
2283 2993 2350 3050 ad
2403 2989 2728 3064 gignendum
2778 2986 3057 3056 procedit;
3101 2998 3274 3052 neque
3315 2983 3558 3051 quando-

287 3097 394 3148 Καὶ
419 3095 549 3165 γοῦν
571 3072 748 3168 γεννιξί⁷
764 3099 861 3169 μὲν
909 3099 968 3164 ἐξ
998 3101 1190 3154 ἑαυτοῦ
1219 3100 1281 3154 τὺ
1312 3102 1426 3173 πῦρ
1474 3104 1576 3173 τήν
1615 3121 1675 3156 τε
1725 3105 1868 3158 κατά

1974 3089 2185 3159 quidem
2230 3087 2451 3157 gignere
2493 3082 2671 3146 novit,
2708 3079 2926 3150 gignere
2971 3075 3192 3128 omnino
3237 3073 3454 3128 desinit.
3495 3072 3554 3124 Si

286 3187 448 3256 φύσιν
474 3188 622 3260 αὑτῷ
647 3191 957 3262 προσοῦσαν
990 3192 1305 3264 θερμότητα
1325 3195 1420 3248 καὶ
1447 3195 1539 3248 τὸν
1563 3196 1864 3266 φωτισμόν·

286 3277 408 3331 οὔτε
433 3279 489 3332 δὲ
513 3281 576 3332 ἐκ
603 3281 698 3333 τοῦ
727 3283 802 3354 μὴ
834 3279 975 3336 εἶναι
1001 3283 1204 3355 θερμὸν
1257 3287 1336 3348 εἰς
1369 3285 1527 3338 τοῦτο
1565 3286 1866 3357 προῆλθεν,

287 3367 407 3420 οὔτε
433 3371 774 3425 πεπαύσεται
798 3372 1003 3441 γεννῶν
1021 3375 1083 3426 τὸ
1103 3376 1243 3428 κατά
1278 3375 1440 3445 φύσιν
1467 3375 1618 3446 αὐτῷ
1645 3376 1866 3447 προσόνο

287 3459 400 3512 ἀλλ’
431 3460 548 3529 ἅμα
587 3461 780 3530 γέγονε
841 3464 973 3534 πῦρ,
1031 3466 1127 3519 καὶ
1180 3461 1249 3535 ἦν
1295 3465 1538 3536 αύτῷτά
1566 3467 1750 3522 αὑτοῦ.
1802 3469 1866 3521 Εἰ

286 3552 463 3606 τοίνυν
488 3555 577 3608 καὶ
609 3554 830 3608 ἐπὶτῶν
865 3557 1252 3625 πεποιημένων
1278 3557 1431 3626 παρά
1458 3555 1596 3610 Θεοῦ
1624 3559 1863 3623 τοιοῦτος

291 3645 538 3714 φαίνεται
567 3649 872 3718 γεννήσεως
900 3649 1119 3717 τρόπος,
1150 3649 1265 3712 πῶς
1312 3650 1413 3702 οῦκ
1452 3649 1647 3712 ἀσεϐὲς
1680 3651 1754 3721 μὴ
1800 3651 1870 3706 τὰ

289 3735 463 3807 μείζω
494 3740 842 3809 παραχωρεῖν
894 3738 1064 3808 αὐτῷ,
1111 3739 1216 3791 κᾶν
1267 3739 1342 3809 μὴ
1374 3739 1552 3811 φθάνῃ
1585 3741 1720 3810 πρὸς
1769 3759 1867 3794 κα·-

285 3829 517 3898 τάληψιν
552 3829 650 3909 τῆς
699 3828 940 3904 μεγάλης
981 3829 1146 3889 αὑτοῦ
1179 3828 1392 3898 φύσεως
1451 3831 1480 3882 6
1530 3830 1870 3906 ἀνθρώπινος

286 3934 443 3984 γους,

977 4120 1182 4173 ΑΛΛΟ.

357 4227 432 4280 Τὸ
453 4227 680 4298 γενητὸν
702 4227 840 4298 πρὸς
864 4228 924 4282 τὸ
947 4228 1235 4300 ἀγένητον,
1270 4232 1364 4285 καὶ
1395 4231 1456 4284 τὸ
1482 4231 1702 4303 ποιηθὲν
1731 4231 1869 4301 πρὸς

1969 3158 2182 3248 quidem
2218 3185 2274 3231 et
2299 3174 2438 3243 ignis
2467 3170 2636 3241 gignit
2664 3184 2732 3222 ex
2763 3182 2821 3221 se
2849 3161 3170 3218 naturaliter
3195 3159 3296 3214 sibi
3336 3158 3554 3214 insitum

1968 3247 2204 3323 calorem
2244 3274 2300 3319 et
2338 3263 2549 3326 lumen;
2597 3272 2774 3326 neque
2824 3269 2954 3308 vero
2998 3267 3067 3307 ex
3113 3265 3219 3305 non
3267 3249 3442 3303 calido
3489 3247 3555 3300 ad

1966 3359 2200 3414 calidum
2244 3353 2542 3424 processit;
2587 3363 2760 3418 neque
2801 3347 3011 3400 desinet
3052 3345 3273 3413 gignere
3317 3341 3368 3395 id
3413 3340 3555 3408 quod

1967 3449 2290 3505 naturaliter
2321 3447 2372 3500 ei
2410 3446 2552 3499 inest
2587 3462 2601 3498 :
2640 3442 2734 3496 sed
2769 3438 2929 3494 simul
2965 3453 3026 3491 ac
3062 3435 3239 3490 factus
3274 3443 3358 3487 cst
3391 3432 3554 3502 ignis,

1966 3550 2123 3596 erant
2153 3539 2320 3594 etiam
2362 3539 2413 3592 in
2453 3553 2518 3590 eo
2552 3550 2674 3603 quae
2707 3532 2825 3600 ejus
2849 3539 2993 3593 sunt,
3019 3528 3170 3582 calor
3207 3525 3465 3579 nimirum
3501 3536 3556 3576 et

1969 3633 2169 3688 lumen.
2229 3631 2285 3685 Si
2331 3643 2462 3698 ergo
2519 3627 2684 3682 etiam
2732 3625 2785 3677 in
2830 3623 3031 3677 creatis
3075 3636 3103 3673 a
3145 3618 3254 3672 Deo
3289 3614 3554 3683 ejusmodi

1967 3722 2332 3791 generationis
2361 3719 2550 3772 modus
2575 3715 2842 3776 cernitur,
2865 3728 2973 3781 quo
3008 3721 3165 3781 pacto
3199 3725 3303 3764 non
3331 3707 3556 3777 impium

1967 3812 2159 3877 fuerit,
2188 3813 2232 3866 si
2263 3826 2365 3864 non
2400 3807 2569 3861 multo
2603 3804 2807 3873 majora
2836 3803 2947 3857 Deo
2981 3801 3313 3862 tribuamus,
3343 3797 3551 3850 tametsi

1970 3907 2238 3960 humanus
2284 3899 2588 3955 intellectus
2630 3897 2825 3951 divina:
2869 3904 3075 3948 natura:
3122 3889 3550 3959 magnitudinem

1971 3995 2250 4067 percipere
2276 4005 2380 4046 non
2411 3987 2616 4061 possit?

2649 4117 2880 4175 ALIUD.

2036 4239 2290 4295 Genitum
2318 4235 2386 4292 ab
2415 4231 2656 4304 ingenito
2678 4272 2693 4297 ,
2719 4239 2773 4284 et
2802 4228 3006 4283 factum
3039 4241 3068 4278 a
3103 4240 3209 4280 non
3243 4222 3386 4278 facto
3413 4221 3553 4276 mul-

285 4317 349 4371 τὺ
380 4318 454 4389 μὴ
484 4319 851 4390 πεποιημένον
877 4319 1076 4389 πολλὴν
1097 4320 1210 4390 ἔχει
1237 4321 1339 4392 τὴν
1365 4321 1669 4375 διάστασιν·
1713 4322 1870 4374 ἔενανε⁵

1974 4343 2086 4389 tum
2119 4335 2320 4388 distant
2349 4349 2365 4387 :
2399 4328 2670 4386 contraria
2701 4326 2848 4382 enim
2878 4325 3018 4379 inter
3044 4337 3103 4378 se
3132 4337 3252 4378 esse
3281 4321 3551 4376 videntur.

285 4407 376 4462 τία
401 4408 507 4479 γὰρ
533 4408 782 4480 ἀλλήλοις
811 4410 882 4462 τά
914 4409 1141 4464 τοιαῦτα
1165 4409 1444 4479 φαίνεταιῖ
1463 4413 1524 4465 Εἰ
1553 4413 1733 4466 τοίνυν
1759 4412 1866 4464 πᾶν

1975 4426 2030 4481 Si
2081 4425 2246 4496 igitur
2289 4437 2451 4478 omne
2495 4420 2640 4490 quod
2693 4433 2761 4472 ex
2804 4417 2947 4470 facto
2995 4415 3264 4486 gignitur,
3307 4420 3553 4466 naturam

286 4501 427 4569 ὅπερ
458 4499 523 4552 ἂν
553 4502 616 4591 εκ
643 4501 874 4571 γενητοῦ
905 4501 1153 4571 γένηται,
1190 4503 1475 4556 ἀκολουθεῖ
1532 4503 1750 4566 πάντως
1799 4507 1865 4575 τῇ

1974 4533 2121 4574 suam
2153 4517 2373 4571 omnino
2399 4517 2667 4583 sequitur,
2689 4522 2739 4565 et
2762 4509 2965 4562 factum
2995 4516 3076 4561 est
3100 4515 3387 4575 propterea
3412 4503 3554 4572 quod

286 4591 466 4661 οἰκείεμ⁵
496 4590 678 4659 φύσει,
710 4590 804 4644 καὶ
836 4590 952 4644 ἔστι
971 4592 1197 4661 γενητὸν
1217 4589 1306 4645 διὰ
1327 4594 1387 4646 τὸ
1414 4595 1478 4646 ὲκ
1504 4592 1748 4646 τοιούτου
1771 4593 1869 4664 τὴν

1974 4624 2032 4665 ex
2058 4610 2145 4664 tali
2174 4588 2547 4663 exsistcntiam
2571 4618 2723 4658 suam
2751 4601 2978 4662 habeat;
3005 4598 3339 4652 contrarium
3366 4595 3552 4649 eadem

286 4681 522 4752 ὓπαρξιν
547 4681 712 4751 ἔχειν,
743 4682 1055 4749 ἀναγκαίως
1077 4682 1228 4736 ἔσται
1255 4685 1350 4736 καὶ
1379 4685 1438 4736 τὸ
1469 4685 1734 4750 ἐναντίον,
1772 4687 1869 4739 καὶ

1974 4701 2128 4754 etiam
2158 4700 2369 4754 ratione
2397 4712 2457 4752 se
2487 4698 2688 4752 habeat
2716 4707 2939 4748 necesse
2966 4699 3082 4754 est,
3111 4699 3164 4744 et
3191 4685 3452 4757 quidquid
3486 4699 3550 4740 ex

285 4773 397 4825 πᾶν
423 4773 562 4840 ὅπερ
608 4772 673 4826 ἂν
698 4771 757 4836 ἐξ
779 4773 1044 4844 ἀγενήτου
1094 4774 1354 4845 γεννηθῇ,
1379 4774 1538 4828 τοῦτό
1568 4777 1716 4828 ἐστιν
1739 4777 1867 4845 ἀγέ-

285 4881 467 4933 νητονο
506 4862 768 4939 Ἐγενήθη
829 4863 885 4916 δὲ
935 4865 963 4917 ὁ
1022 4864 1148 4928 Υἱὸς
1179 4864 1240 4929 ἐξ
1301 4866 1567 4937 ἀγενήτου
1617 4867 1864 4937 Πατρόςο

285 4953 548 5024 ἀγένητος
571 4954 680 5024 ἀρα
710 4954 805 5008 καὶ
834 4953 996 5018 αὐτὸς
1050 4956 1144 5008 καὶ
1189 4955 1266 5026 τῷ
1317 4957 1533 5010 τεκόντι
1558 4958 1824 5022 συναίδιος
1847 4999 1861 5024 ,

288 5044 475 5111 σώζων
513 5047 570 5098 έν
588 5045 766 5116 ἑαυτῷ
789 5049 890 5117 τῆς
934 5047 1192 5118 πατρῴας
1232 5051 1446 5117 φύσεως
1465 5049 1525 5102 τὸ
1553 5049 1789 5120 ἀξίωμα.

545 5159 861 5226 Ἁντίθεσις
911 5160 990 5226 ὡς
1023 5161 1088 5214 ἐκ
1127 5161 1245 5215 τῶν
1287 5161 1614 5230 αἰρετικῶν.

356 5271 695 5344 Καιάντσῦτό
728 5291 907 5344 φαμεν
957 5277 1048 5328 καὶ
1096 5276 1249 5328 αὐτοὶ
1302 5278 1566 5330 συναῖδιον
1600 5270 1737 5329 εἶναι
1791 5277 1866 5345 τῷ

287 5363 464 5433 Πατρὶ
493 5364 586 5416 τὸν
621 5365 766 5431 Υίὸν,
802 5367 861 5418 οῦ
906 5367 1040 5420 καθὸ
1071 5362 1139 5437 ἧν
1171 5368 1257 5420 ἀεὶ
1302 5370 1398 5421 σὺν
1447 5366 1616 5438 αὐτῷ,
1650 5367 1762 5420 ἀλλ’
1785 5369 1866 5421 ὅτι

285 5453 348 5506 τὸ
380 5453 552 5508 θέλειν
581 5456 666 5509 ἀεὶ
694 5456 786 5511 τὸν
811 5457 938 5511 Υἱδν
969 5454 1110 5529 εἶχεν
1141 5460 1168 5512 6
1195 5460 1381 5532 Πατὴρ
1408 5461 1465 5513 ὲν
1488 5459 1683 5531 ἑαυτῷ.

356 5713 404 5746 ⁵⁸
428 5710 582 5771 Joan.
616 5731 651 5783 ι,
687 5717 742 5773 5.

1968 4806 2073 4845 non
2115 4790 2260 4844 facto
2302 4789 2562 4859 gignitur,
2592 4802 2700 4841 non
2743 4785 2942 4841 factum
2984 4783 3147 4838 etiam
3191 4787 3293 4834 est.
3321 4777 3554 4833 Genitus

1969 4893 2152 4937 autem
2177 4891 2258 4936 est
2274 4879 2446 4936 Filius
2475 4895 2540 4934 ex
2573 4894 2678 4932 non
2704 4877 2850 4932 facto
2884 4876 3072 4940 Patre;
3099 4886 3228 4942 ergo
3252 4880 3306 4925 et
3330 4870 3443 4937 ipse
3467 4876 3555 4920 est

1969 4991 2075 5029 non
2112 4973 2316 5035 factus,
2348 4981 2401 5025 et
2436 4969 2668 5040 genitori
2703 4983 2803 5022 suo
2838 4975 3139 5022 comternus
3170 4971 3286 5027 cst,
3312 4969 3550 5029 paterna:

1971 5077 2174 5124 natura:
2204 5066 2521 5136 dignitatem
2557 5063 2608 5116 in
2640 5077 2700 5117 se
2729 5063 2986 5116 retinens.

2427 5171 2663 5240 Objeclio
2705 5167 3092 5222 hwreticorum.

2041 5287 2150 5342 tlac
2181 5284 2411 5346 ratione,
2439 5279 2708 5348 inquiunt,
2729 5276 2894 5331 etiam
2922 5286 3020 5326 nos
3047 5278 3373 5325 coacternnm
3399 5266 3549 5325 Patri

1966 5377 2162 5432 Filium
2185 5391 2302 5430 esse
2325 5373 2578 5435 dicimus,
2599 5386 2704 5424 non
2727 5367 2868 5437 quod
2892 5378 3106 5432 semper
3123 5379 3242 5418 cum
3268 5363 3386 5431 ipso
3407 5371 3545 5422 erat.

1967 5470 2060 5525 scd
2092 5466 2236 5537 quod
2269 5465 2598 5519 voluntatem
2638 5458 2870 5516 habendi
2901 5456 3095 5514 Filium
3133 5455 3294 5515 Pater
3329 5467 3543 5524 semper

1987 5563 2040 5620 in
2075 5576 2132 5617 se
2168 5558 2433 5617 habuerit.
