4144 6524
560 351 628 406 65
1558 341 1617 398 S.
1657 342 1939 397 CYRILLI
1975 342 2446 398 ALEXANDRINI
2477 342 2797 398 ARCHIEP.
3757 339 3829 394 οι

1235 460 1461 514 Salutio.

629 575 789 643 Atqui
838 575 936 628 hoc
980 573 1403 643 nugacissimum
1450 580 1566 637 est,
1604 582 1658 626 et
1705 572 2146 641 incomparabilis
2174 570 2222 626 Α

558 664 834 734 cujusdam
871 663 1154 717 dementiae
1190 661 1535 716 manifestum
1571 674 1968 731 argumentum.
2007 662 2139 728 Quis

558 757 699 808 enim
725 756 939 824 ignorat
959 755 1024 808 de
1046 753 1269 821 singulis
1288 755 1451 807 etiam
1478 757 1744 809 creaturis
1772 756 2138 825 producendis

558 847 890 900 voluntatem
922 846 974 897 in
1008 844 1141 899 Filio
1170 845 1369 899 fuisse?
1394 845 1591 899 Volens
1621 845 1764 899 enim
1805 848 1984 899 omnia
2012 845 2140 900 fecit

560 938 815 1003 Creator,
857 951 1032 1003 neque
1094 939 1300 1005 absque
1362 936 1478 1005 ejus
1543 938 1817 991 voluntate
1880 946 2144 992 creaturae

563 1029 730 1097 ipsius
762 1029 1051 1082 exsistunt.
1081 1028 1340 1094 Qurenam
1377 1028 1540 1097 igitur
1564 1037 1647 1082 est
1681 1026 1984 1082 differentia
2018 1028 2142 1081 Filii

562 1131 616 1173 et
651 1118 902 1184 factum,
929 1127 1193 1173 creaturae
1229 1128 1282 1172 et
1318 1119 1639 1187 genimiuis,
1672 1118 1777 1188 37
1815 1119 1856 1172 si
1896 1118 2145 1173 voluntas

562 1209 629 1261 de
667 1207 911 1276 utrisque
945 1208 998 1261 in
1037 1208 1145 1262 Deo
1179 1210 1279 1263 sita
1316 1208 1433 1262 est?
1468 1207 1729 1273 Quisnam
1765 1224 1913 1262 sana:
1949 1210 2144 1265 mentis

564 1300 630 1353 iis
656 1299 747 1368 qui
781 1301 853 1353 ita
884 1300 1127 1354 sentiunt
1154 1316 1258 1353 non
1291 1301 1583 1365 acclamet,
1611 1301 1752 1366 quod
1778 1316 1839 1354 ea
1873 1316 1992 1369 qute
2024 1312 2143 1354 tan-

564 1400 747 1458 topere
778 1391 919 1445 inter
952 1406 1009 1445 se
1040 1392 1245 1444 ratione
1273 1400 1479 1444 naturae
1507 1392 1736 1453 distant,
1765 1394 1953 1445 eodem
1986 1393 2144 1446 modo

563 1484 864 1545 aestiment,
898 1483 949 1536 in
1002 1483 1113 1536 sola
1164 1481 1255 1535 Dei
1306 1483 1643 1551 praenotione
1692 1492 1923 1551 utraque
1971 1484 2145 1552 posita

563 1588 683 1627 esse
725 1581 1050 1636 statuentes,
1086 1583 1138 1627 et
1174 1572 1350 1626 Verbo
1388 1572 1533 1640 quod
1575 1588 1639 1625 ex
1689 1573 1921 1626 essentia
1971 1572 2146 1629 Patris

563 1670 827 1737 processit
856 1668 984 1722 nihil
1018 1667 1248 1736 amplius
1274 1680 1434 1734 quam
1463 1667 1729 1721 creaturis
1760 1666 2033 1721 tribuant?

1272 1867 1501 1923 ALIUD.

638 1983 696 2039 Si
722 1982 886 2035 Filius
909 1996 1013 2035 non
1050 1988 1170 2034 erat
1199 1994 1412 2049 semper
1440 1995 1563 2033 cum
1596 1980 1755 2035 Patre
1782 1996 1846 2035 ex
1897 1995 2011 2050 ipso
2063 1994 2150 2035 se-

567 2077 800 2131 cundum
831 2085 1078 2127 naturam
1109 2074 1379 2126 exsistens
1408 2080 1462 2127 et
1485 2075 1926 2135 coaeternus,sed
1966 2082 2152 2141 pOstea

567 2169 616 2222 ei
646 2168 846 2221 accidit
883 2176 941 2219 ut
966 2173 1129 2228 esset,
1170 2164 1369 2219 accidit
1397 2164 1586 2232 procul
1613 2164 1777 2218 dubio
1803 2164 1964 2217 etiam
2009 2164 2152 2217 Patri

568 2266 629 2311 ut
662 2256 812 2310 ﬁeret
845 2255 1024 2308 Pater.
1061 2254 1240 2322 Atque
1275 2252 1347 2306 ita
1400 2253 1627 2308 mutatio
1684 2255 1931 2321 quasdam
1994 2266 2157 2321 atque

568 2347 818 2401 alteratio
850 2346 901 2399 in
941 2348 1053 2414 ipso
1092 2344 1235 2399 facta
1275 2345 1512 2398 videtur.
1546 2344 1782 2409 Nam,ex
1822 2354 2001 2397 vestra
2031 2356 2157 2397 sen-

571 2439 738 2494 tentia
772 2480 786 2504 ,
819 2439 960 2508 quod
990 2438 1139 2507 prius
1181 2452 1285 2492 non
1316 2446 1453 2499 erat,
1483 2437 1535 2491 id
1570 2448 1752 2506 postea
1817 2437 1993 2490 factus
2049 2445 2154 2488 est.

568 2534 641 2587 At
672 2546 801 2585 vero
829 2530 883 2583 in
922 2529 1155 2583 divinam
1188 2540 1439 2582 naturam
1473 2528 1616 2580 nulla
1653 2528 1883 2583 mutatio
1936 2537 2029 2580 aut
2080 2526 2160 2579 al-

574 2622 763 2677 teratio
791 2621 953 2676 cadit.
987 2620 1104 2675 Non
1146 2620 1310 2689 igitur
1334 2621 1531 2675 accidit
1559 2623 1665 2673 Deo
1697 2629 1754 2673 ut
1777 2618 1939 2673 Pater
1963 2618 2155 2671 ﬂeret:

572 2715 669 2769 sed
697 2721 815 2768 erat
852 2713 901 2767 ei
931 2721 1259 2768 coalernum
1292 2713 1436 2782 quod
1471 2729 1535 2767 ex
1579 2712 1697 2781 ipso
1739 2707 2162 2781 processitVer-

571 2807 698 2860 bum
733 2822 749 2872 ;
785 2805 1239 2874 quemadmodum
1277 2804 1428 2859 calor
1464 2805 1515 2858 in
1550 2805 1692 2873 igne,
1717 2804 1807 2873 qui
1840 2803 2057 2872 quidem
2094 2815 2161 2854 ex

573 2899 697 2968 igne
712 2899 949 2969 gignitur
965 2905 1018 2952 et
1046 2912 1263 2967 semper
1291 2912 1414 2953 cum
1437 2912 1503 2951 eo
1520 2897 1757 2961 exsistit,
1790 2903 1845 2950 et
1869 2910 1937 2950 ex
1962 2894 2163 2947 lumine

572 2991 812 3060 gignitur
842 2989 1179 3045 exteriorum
1207 2989 1564 3043 illuminatio.

790 3126 1038 3192 ALIUD,
1077 3126 1162 3179 Ex
1192 3126 1483 3195 objectione
1521 3125 1907 3178 hwrelicorum.

648 3239 703 3293 Si
731 3240 1023 3309 perfectus,
1051 3238 1327 3306 inquiunt,
1351 3247 1434 3290 est
1460 3236 1621 3290 Pater
1650 3237 1702 3290 in
1735 3252 1831 3290 sua
1859 3235 2162 3306 majestate,

575 3346 752 3400 neque
834 3330 951 3397 ejus
1021 3339 1227 3383 natura:
1293 3328 1584 3396 quidquam
1657 3328 1900 3395 ad‘hoc
1980 3328 2164 3392 deest,

578 3436 1039 3492 supervacaneum
1133 3430 1217 3475 est
1285 3420 1453 3473 veluti
1529 3419 1964 3487 supplementum
2050 3421 2169 3474 sive

579 3514 971 3585 plenitudinem
1055 3512 1272 3568 deitatis
1339 3512 1509 3581 ipsius
1584 3511 1779 3565 Filium
1842 3513 1891 3565 ei
1961 3511 2166 3579 adjun-

581 3620 728 3676 gere.

1266 3714 1497 3770 Salutio.

656 3846 933 3901 Perfectus
978 3845 1194 3915 quidem
1230 3854 1313 3899 est
1336 3843 1497 3897 Pater
1532 3845 1584 3898 in
1609 3860 1706 3898 sua
1743 3845 2045 3914 majestate,
2073 3860 2170 3899 ne-

583 3957 688 4010 qne
721 3940 1004 4010 quisquam
1029 3952 1173 3992 sante
1202 3937 1397 3990 mentis
1448 3937 1497 3989 id
1533 3937 1840 4004 negaverit;
1902 3936 2172 4006 perfectus

583 4041 763 4086 autem
801 4042 885 4086 est
921 4045 1027 4084 non
1057 4044 1121 4084 eo
1157 4039 1362 4082 tantum
1405 4028 1621 4081 nomine
1664 4032 1805 4096 quod
1867 4029 2040 4091 Deus,
2078 4043 2171 4083 ve-

585 4136 705 4175 rum
741 4120 902 4174 etiam
936 4118 1079 4188 quod
1110 4114 1442 4170 Pater.Nam
1473 4116 1517 4169 si
1538 4116 1643 4170 Deo
1671 4116 1938 4170 ademeris
1956 4116 2171 4172 Patrem

586 4224 728 4273 esse,
750 4207 1134 4261 fecunditatem
1168 4222 1200 4260 e
1227 4205 1405 4259 divina
1439 4214 1629 4258 natura
1659 4206 1976 4261 sustuleris:
2014 4207 2085 4261 ita
2118 4217 2175 4261 ut

586 4300 863 4369 perfectus
903 4312 1239 4367 nequaquam
1273 4297 1365 4360 sit,
1403 4311 1523 4351 cum
1560 4299 1848 4367 generandi
1919 4298 2175 4353 facultate

589 4403 794 4449 careat.
828 4394 1216 4447 Documentum
1259 4391 1438 4459 itaque
1466 4390 1817 4461 perfectionis
1856 4402 1938 4445 est
1986 4391 2175 4446 fecun-

2742 459 2895 526 Πρὸς
2922 458 3096 511 τοῦτο
3133 458 3332 522 λύσις.

2334 574 2472 627 Ἀλλ’
2539 574 2656 627 ἐστι
2706 572 2864 626 τοῦτο
2920 572 3161 641 φλυαρία
3226 568 3432 639 πολλὴ,
3492 569 3586 621 καὶ
3643 567 3831 631 ἀνοίας

2248 665 2578 732 ἀσυγκρίτου
2614 665 2789 733 σαφὴς
2841 662 3134 726 ἀπόδειξις.
3170 662 3287 714 Τίνι
3320 661 3429 730 γὰρ
3457 660 3557 713 οὐκ
3591 660 3707 712 ἐστι
3735 659 3830 727 δῆο

2246 754 2334 807 λον
2357 756 2439 806 ὅτι
2466 756 2529 826 δὴ
2554 757 2649 807 καὶ
2674 754 2802 824 περὶ
2835 754 3065 805 ἑκάστου
3092 752 3202 804 τῶν
3256 750 3640 820 πεποιημένων
3669 743 3737 820 ἦν
3771 750 3833 801 ἐν

2248 846 2326 914 τῷ
2358 844 2476 914 Θεῷ
2504 846 2564 896 τὸ
2584 844 2791 908 θέλεινς
2824 843 3070 912 Θελήσας
3097 842 3205 911 γὰρ
3232 842 3300 893 τὰ
3322 840 3499 893 πάντα
3529 840 3831 909 πεποίηκεν

2244 939 2271 989 6
2301 936 2651 1006 δημιουργός
2674 935 2767 988 καὶ
2798 936 2899 987 οὐκ
2932 934 3171 1004 ἁθέλητά
3215 934 3363 986 ἐστιν
3407 932 3557 1003 αὑτῴ
3602 934 3670 986 τὰ
3700 932 3831 1001 παρ’

2245 1028 2410 1082 αὑτοῦ
2470 1030 2834 1099 πεποιημένα.
2867 1028 2963 1092 Τίς
3014 1025 3107 1082 οῦν
3165 1031 3198 1097 ἠ
3259 1029 3494 1098 διαφορὰ
3556 1027 3688 1081 Υἱοῦ
3736 1028 3834 1081 καὶ

2247 1123 2574 1191 ποιήματος,
2601 1122 2830 1184 κτίσεως
2878 1123 2972 1174 καὶ
3027 1123 3357 1190 γενήματος,
3383 1123 3432 1173 εί
3458 1120 3517 1172 τὸ
3546 1122 3721 1173 Θέλειν
3773 1121 3834 1171 ὲν

2248 1212 2367 1281 Θεῷ
2394 1215 2574 1265 κεῖται
2606 1212 2736 1283 περὶ
2783 1211 2986 1280 ἀμφοῖν
3012 1229 3026 1276 ;
3076 1211 3195 1264 Οὐκ
3224 1211 3288 1264 ἄν
3318 1228 3401 1274 τις
3444 1211 3680 1277 εὐλόγως
3723 1210 3835 1261 τῶν

2247 1302 2405 1357 τοῦτο
2442 1302 2781 1373 φρονούντων
2812 1302 3224 1372 καταϐοήσειεν,
3248 1302 3330 1355 ὃτι
3360 1302 3426 1354 τὰ
3447 1302 3701 1353 τοσοῦτον
3735 1301 3833 1355 ἁλ-

2248 1394 2424 1463 λήλων
2455 1393 2776 1463 διεστηκότα
2807 1392 2950 1446 κατὰ
2970 1393 3063 1445 τὸν
3092 1395 3189 1462 τῆς
3214 1392 3427 1461 φύσεως
3464 1391 3620 1459 λόγον
3646 1392 3704 1443 ὲν
3734 1391 3833 1460 ἴσῳ

2254 1488 2437 1558 μέτρῳ
2465 1489 2632 1558 τιμᾷν
2658 1485 3047 1556 ἐπιχειροῦσιν,
3100 1487 3158 1537 ὲν
3199 1486 3339 1556 μόνῃ
3376 1484 3683 1555 προγνώσει
3738 1484 3835 1537 τοῦ

2249 1579 2384 1632 Θεοῦ
2418 1578 2630 1632 κεῖσθαι
2686 1578 2918 1641 διδόντες
2956 1576 3264 1647 ἀμφότερα,
3325 1577 3418 1629 καὶ
3466 1576 3625 1627 πλέον
3680 1575 3835 1627 οὐδὲν

2252 1671 2399 1741 ἔχειν
2435 1670 2543 1723 τῶν
2567 1669 2813 1739 γενητῶν
2846 1667 3304 1737 παραχωροῦντες
3354 1666 3432 1737 τῷ
3482 1669 3545 1720 ἐκ
3587 1668 3687 1736 τῆς
3736 1665 3833 1717 τοῦ

2251 1764 2464 1834 Πατρός
2489 1763 2675 1824 οὐσίας
2708 1761 3020 1831 προελθόντι
3046 1761 3237 1829 Λόγῳ;

2947 1874 3152 1926 ΑΛΛΟ.

2326 1992 2389 2045 Εί
2428 1990 2502 2061 μὴ
2570 1989 2735 2057 συνῆν
2767 1989 2794 2041 6
2834 1988 2960 2050 Υἱὸς
2994 1988 3081 2040 ἀεὶ
3115 1985 3194 2056 τῷ
3238 1984 3413 2056 Πατρὶ
3461 1983 3520 2049 ἐξ
3563 1984 3730 2038 αὑτοῦ
3772 2001 3839 2037 τε

2256 2084 2331 2137 ὢν
2359 2084 2500 2137 κατὰ
2530 2082 2690 2151 φύσιν
2720 2062 2813 2134 καὶ
2844 2079 3126 2144 συναῒδιος,
3170 2077 3485 2147 συμϐέϐηκε
3515 2077 3570 2129 δὲ
3600 2077 3749 2146 αὐτῷ
3776 2078 3847 2128 τὸ

2258 2170 2420 2239 εἶναι,
2458 2173 2653 2242 συνέϐη
2688 2171 2928 2241 δηλονότι
2970 2169 3065 2222 καὶ
3108 2169 3184 2239 τῷ
3223 2169 3433 2221 τεκόντι
3474 2168 3535 2219 τὸ
3583 2166 3842 2233 γενέσθαι

2260 2269 2499 2340 Πατέρα.
2533 2267 2642 2319 Καὶ
2674 2264 2944 2336 μεταϐολή
2975 2281 3059 2326 τις
3090 2263 3214 2333 περὶ
3245 2261 3406 2315 αὑτὸν
3432 2262 3525 2314 καὶ
3558 2260 3844 2322 ἀλλοίωσις

2259 2358 2522 2431 γενομένη
2574 2356 2845 2427 φαίνεται.
2902 2355 2968 2407 Ὃ
3000 2354 3108 2423 γὰρ
3154 2354 3255 2405 οὐκ
3296 2347 3365 2422 ἦν
3395 2352 3680 2421 πρότερον,
3716 2350 3845 2403 καθ’

2262 2453 2426 2521 ὑμᾶς,
2451 2448 2611 2502 τοῦτο
2635 2447 2859 2515 γέγονεν
2885 2445 3132 2513 ὕστερον.
3164 2444 3383 2512 Τροπῆς
3411 2442 3467 2494 δὲ
3499 2443 3717 2511 ἁπάσης
3747 2443 3843 2494 καὶ

2262 2539 2603 2602 ἀλλοιώσεως
2655 2536 3004 2599 ἀνεπίδεκτος
3055 2536 3088 2603 ἠ
3145 2533 3264 2585 θεία
3321 2532 3500 2600 φύσις.
3560 2533 3674 2584 Οὐκ
3733 2534 3845 2602 ἄρα

2264 2631 2465 2701 συνέϐη
2497 2629 2576 2700 τῷ
2604 2627 2725 2699 Θεῷ
2754 2628 2815 2680 τὸ
2849 2625 3104 2694 γενέσθαι
3147 2624 3402 2695 Πατέραο
3446 2623 3562 2677 ἀλλ’
3594 2619 3663 2692 ἦν
3694 2623 3848 2693 αὐτῷ

2266 2725 2533 2786 συναῒδιος
2576 2724 2605 2774 6
2651 2721 2711 2785 ἐξ
2758 2719 2924 2775 αὑτοῦ
2958 2716 3238 2789 προελθὼν
3272 2718 3463 2785 Λόγος,
3511 2716 3767 2786 καθάπερ
3812 2719 3855 2786 ἠν

2265 2818 2536 2887 θερμότης
2566 2817 2623 2868 ὲν
2659 2814 2812 2884 πυρὶ,
2844 2810 3118 2881 γεννητῶς
3158 2808 3216 2873 ἐξ
3253 2808 3417 2861 αὐτοῦ
3448 2808 3713 2877 προϊοῦσα
3752 2810 3853 2861 καὶ

2264 2908 2353 2963 ἀεὶ
2384 2908 2826 2977 συνυπάρχουσα,
2861 2905 2957 2957 καὶ
2986 2905 3049 2955 ὲκ
3084 2902 3262 2972 φωτὸς
3289 2901 3317 2953 6
3351 2901 3480 2971 περὶ
3508 2900 3576 2954 τὰ
3608 2900 3713 2963 ἔξω
3742 2918 3852 2969 φω-

2264 3000 2477 3070 τισμός.

2390 3134 2594 3197 ΑΛΛΟ,
2637 3133 2715 3198 ὡς
2745 3132 2813 3196 ἐξ
2846 3129 3207 3196 ἀντιθέσεως
3244 3128 3362 3182 τῶν
3399 3128 3729 3196 αἱρετικῶν.

2337 3249 2400 3300 Ei
2428 3247 2657 3310 τέλειος,
2688 3245 2873 3316 φησὶν,
2906 3244 3052 3297 ἔστιν
3080 3246 3109 3296 6
3138 3242 3330 3313 Πατὴρ
3357 3243 3415 3294 ὲν
3447 3245 3513 3312 τῇ
3540 3242 3719 3313 οίκείᾳ
3752 3260 3856 3312 με·

2268 3336 2575 3407 γαλειότητι
2624 3336 2718 3389 καὶ
2750 3335 2901 3389 οὐδὲν
2945 3334 3179 3386 ἐλλείπει
3227 3332 3362 3401 πρὸς
3391 3331 3548 3385 τοῦτο
3575 3336 3641 3403 τῇ
3680 3333 3854 3386 αὑτοῦ

2269 3428 2450 3496 φύσει,
2482 3426 2751 3499 περιττῶς
2778 3428 2853 3491 ὡς
2890 3426 3166 3496 πλήρωμα
3205 3424 3302 3493 τῆς
3344 3424 3595 3489 θεότητος
3625 3424 3794 3479 αὑτοῦ
3826 3426 3879 3480 6.

2270 3522 2398 3584 Υἱὸς
2431 3520 2838 3591 ὲπεισφέρεται.

2761 3722 2918 3789 Πρὸς
2948 3722 3126 3776 τοῦτο
3155 3723 3356 3788 λύσις.

2344 3851 2558 3914 Τέλειος
2603 3850 2701 3919 μὲν
2730 3851 2758 3901 6
2790 3850 2978 3920 Πατὴρ
3011 3851 3069 3902 ὲν
3110 3854 3177 3921 τῇ
3213 3851 3408 3905 ἑαυτοῦ
3442 3854 3817 3925 μεγαλειότητι
3840 3868 3858 3883 ’

2275 3941 2368 3993 καὶ
2395 3941 2494 3992 οὐκ
2522 3940 2586 3992 ἄν
2616 3956 2698 4000 τις
2726 3936 2881 3990 τοῦτο
2917 3938 3026 3991 τῶν
3058 3934 3115 3990 εῦ
3153 3939 3492 4008 φρονούντων
3526 3942 3823 4011 ἀρνήσεται
3843 3960 3858 3971 ⁸

2276 4031 2479 4091 τέλειος
2509 4029 2583 4091 δὲ,
2613 4028 2710 4097 οὐχ
2738 4029 2818 4080 ὃτι
2852 4027 3010 4097 μόνον
3044 4027 3161 4080 ἐστὶ
3188 4028 3339 4091 Θεὸς,
3372 4028 3484 4082 ἀλλ’
3512 4030 3593 4082 ὅτι
3624 4032 3719 4083 καὶ⁸
3748 4032 3866 4083 Πα-

2276 4124 2401 4191 τήρ.
2437 4122 2498 4173 Ei
2525 4120 2630 4189 γὰρ
2655 4118 2875 4186 ἀφέλοις
2904 4118 2998 4171 τοῦ
3028 4117 3165 4171 Θεοῦ
3197 4119 3257 4171 τὸ
3279 4116 3418 4173 εἶναι
3444 4121 3680 4190 Πατέρα,
3714 4123 3868 4177 ἀναι-

2281 4215 2467 4284 ρήσεις
2496 4211 2593 4280 τῆς
2623 4209 2771 4273 Θείας
2808 4209 3021 4278 φύσεως
3054 4210 3113 4264 τὸ
3150 4211 3509 4281 καρπογόνον,
3545 4212 3631 4264 ἵνα
3666 4212 3866 4282 μηκέτι

2279 4305 2338 4357 τὸ
2376 4302 2577 4355 τέλειον
2622 4301 2755 4369 ἔχοι,
2792 4300 3071 4365 λείποντος
3124 4302 3261 4373 αὐτῇ
3311 4302 3405 4356 τοῦ
3458 4305 3673 4372 γεννᾷν.
3721 4303 3871 4357 Γνώ-

2285 4412 2455 4466 ρισμα
2502 4393 2677 4446 τοίνυν
2720 4392 2818 4461 τῆς
2868 4392 3224 4465 τελειότητος,
3274 4397 3305 4464 ἡ
3357 4396 3717 4465 καρπογονία,
3771 4396 3871 4447 καὶ

592 4489 766 4551 ditas,
821 4495 876 4541 et
917 4486 1129 4556 signum
1196 4484 1339 4553 quod
1393 4484 1608 4539 Patrem
1682 4484 1977 4553 perfectum
2054 4498 2164 4538 esse

2282 4487 2483 4556 σφαγὶς
2508 4484 2586 4554 τῷ
2621 4484 2795 4554 Πατρὶ
2829 4484 2921 4537 τοῦ
2953 4481 3091 4541 εἶναι
3121 4487 3347 4551 τέλειον,
3378 4488 3406 4539 6
3438 4486 3498 4552 ἐξ
3530 4486 3697 4538 αὑτοῦ
3733 4502 3868 4556 προ-

592 4581 850 4645 ostendit,
894 4589 977 4635 est
1033 4577 1225 4645 Filius,
1266 4578 1358 4647 qui
1392 4592 1460 4633 ex
1525 4578 1642 4648 ipso
1672 4577 1741 4632 ab
1788 4587 1991 4632 aeterno
2051 4591 2177 4645 pru—

594 4673 780 4729 cessit.

1278 4782 1513 4839 ALIUD.

665 4924 721 4978 Si
746 4921 1502 4977 Patris'essentia:fecunditas
1531 4919 1851 4975 naturaliter
1872 4934 1977 4973 non
2023 4918 2182 4982 inest,

596 5016 865 5086 perfectus
906 5030 1034 5069 vero
1054 5026 1133 5069 est
1158 5016 1319 5069 etiam
1347 5015 1485 5069 citra
1518 5012 1811 5080 generandi
1846 5010 2179 5073 facultatem,

596 5108 925 5177 superfluum
960 5108 1125 5178 igitur
1184 5117 1346 5175 atque
1407 5106 1768 5161 adventitium
1800 5106 1900 5157 hoc
1926 5104 1974 5156 ei
2042 5102 2186 5156 acci-

597 5199 712 5252 dit:
753 5208 845 5252 aut
877 5200 1055 5268 potius
1076 5214 1139 5253 eo
1169 5198 1414 5268 iudiguit.
1440 5197 1684 5263 Quonam
1733 5208 1860 5249 vero
1894 5204 2049 5264 pacto
2071 5208 2187 5262 pcr-

599 5294 770 5346 fertus
799 5290 959 5346 fuerit
991 5292 1079 5360 qui
1107 5292 1288 5360 aliquo
1326 5300 1445 5359 eget
1466 5288 1618 5358 1'38
1639 5296 1732 5341 aut
1762 5300 1869 5357 quo
1899 5296 2054 5356 pacto
2082 5301 2183 5339 non

600 5384 889 5437 absurdum
940 5383 1012 5437 sit
1057 5384 1256 5451 aliquid
1315 5381 1660 5436 extrinsecus
1707 5380 1940 5448 adjicere
1994 5377 2188 5432 divina:

601 5486 827 5540 naturae,
889 5476 1109 5545 perinde
1169 5490 1232 5527 ae
1280 5474 1325 5527 si
1393 5472 1776 5542 perfectionem
1848 5485 1915 5524 ex
1974 5484 2032 5523 se
2073 5471 2187 5538 ipsa

601 5586 705 5624 non
740 5568 987 5623 habeat?
1050 5565 1323 5619 Naturalis
1386 5566 1565 5631 itaque
1611 5571 1693 5616 est
1751 5561 1897 5614 Patri
1943 5560 2187 5613 fecundi-

601 5674 684 5717 tas
717 5703 730 5725 ,
766 5672 930 5730 atque
970 5662 1088 5715 ideo
1116 5660 1385 5729 perfectus
1428 5666 1542 5724 est,
1577 5655 1719 5728 quod
1755 5656 1937 5723 genuit
1994 5652 2191 5708 nullius

602 5757 727 5813 boni
768 5755 998 5823 indigus.

2281 4575 2449 4629 ελθὼν
2476 4574 2721 4645 ἀχρόνως
2750 4574 2897 4637 Υἱός.

2973 4762 3177 4815 ΑΔΑΟ.

2356 4918 2416 4970 Εἰ
2454 4915 2528 4986 μὴ
2563 4911 2702 4967 κατὰ
2731 4910 2891 4979 φύσιν
2926 4908 3184 4979 πρόσεστι
3218 4908 3283 4975 τῇ
3330 4904 3422 4959 τοῦ
3457 4902 3671 4975 Πατρός
3711 4904 3873 4974 οὐσίᾳ,

2282 5009 2343 5061 τὸ
2372 5004 2732 5076 καρπογόνον,
2761 5001 2964 5062 τέλειος
3011 4999 3069 5051 δέ
3101 4998 3215 5050 ἐστι
3258 4996 3350 5049 καὶ
3392 4995 3515 5066 δίχα
3564 4994 3661 5048 τοῦ
3708 4995 3873 5047 δῦνα-

2287 5099 2409 5151 σθαι
2442 5096 2655 5166 γεννᾷν,
2694 5091 2944 5161 περιττὸν
2969 5089 3076 5159 ἄρα
3104 5089 3199 5141 καὶ
3227 5086 3547 5139 ἐπείσακτον
3576 5086 3875 5153 ἐγγέγονεν

2285 5195 2434 5266 αῦτῷ
2457 5193 2632 5247 τοῦτο·
2669 5188 2866 5261 μᾶλλον
2890 5185 2947 5239 δὲ
2983 5182 3174 5254 ἐδεήθη
3205 5179 3418 5233 τούτου.
3462 5178 3571 5231 Καὶ
3603 5176 3721 5240 πῶς
3757 5176 3877 5227 ἐστι

2287 5289 2488 5349 τέλειος
2515 5288 2542 5337 6
2562 5283 2769 5353 δεηθείς
2795 5294 2972 5342 τινοςς
3011 5276 3125 5338 πῶς
3157 5274 3214 5328 δὲ
3245 5274 3343 5327 οὐκ
3368 5271 3568 5325 ἄτοπον
3602 5270 3662 5323 τὸ
3689 5271 3877 5321 ἐπεισ-

2289 5376 2517 5447 άγεσοαί
2542 5394 2594 5428 τι
2624 5378 2689 5444 τῇ
2722 5374 2841 5442 Θείᾳ.
2874 5370 3055 5439 φύσει,
3089 5368 3163 5430 ὡς
3194 5367 3291 5417 οὐκ
3322 5364 3523 5435 ἐχούσῃ
3567 5362 3630 5414 τὸ
3665 5361 3875 5413 τέλειον

2289 5472 2346 5538 ἐξ
2369 5470 2597 5539 ἐαυτῆς;
2625 5464 2852 5518 Φυσικὸν
2880 5457 2971 5515 οῦν
2999 5460 3075 5530 τῷ
3100 5458 3275 5527 Πατρὶ
3302 5456 3365 5509 τὸ
3390 5452 3749 5524 καρπογόνον,
3784 5452 3877 5503 καὶ

2290 5563 2377 5615 διὰ
2407 5562 2562 5615 τοῦτο
2588 5558 2818 5620 τέλειος,
2856 5555 2933 5607 ὅτι
2966 5552 3057 5605 καὶ
3088 5550 3305 5604 τέτοκεν
3345 5547 3558 5610 οὐδενὸς
3585 5545 3693 5599 τῶν
3733 5544 3876 5613 ἀγαο

2293 5653 2401 5707 Θῶν
2438 5652 2779 5721 λειπόμενος.
