4144 6538
345 374 421 430 65;
1763 369 1922 424 THEE

2026 371 2209 429 IRUS.
3544 372 3611 428 66

719 488 921 554 AAAO,
954 484 1547 554 6cmauturtxcbtepor.

2488 488 2647 545 ALIU
2660 490 2700 543 ἰ)
2729 528 2744 553 ,
2772 492 3100 559 explicatius.

417 601 482 655 Εἰ
507 599 710 662 τέλειός
735 600 879 651 ἐστιν
899 599 927 650 6
955 597 1144 667 Πατὴρ
1172 598 1230 649 ὲν
1255 598 1321 666 τῇ
1343 594 1508 648 αὑτοῦ
1542 595 1922 665 μεγαλειότητι

2098 596 2154 651 Si
2184 596 2455 665 perfectus
2491 608 2576 653 est
2620 600 2781 654 Pater
2810 601 2863 654 in
2925 616 3023 656 sua
3073 601 3355 672 majestate
3397 602 3611 657 etiamsi

345 691 452 744 κᾶν
485 690 686 760 μηδένα
718 685 927 756 καρπὸν
965 684 1065 758 ἔχῃ
1097 684 1219 737 καθ’
1253 685 1417 754 ὑμᾶς,
1448 682 1648 748 ἔξωθεν
1678 681 1785 753 ἄρα
1827 682 1921 735 καὶ

345 782 445 836 οὑκ
473 784 538 834 ἐκ
567 781 666 849 τῆς
694 778 878 841 οὐσίας
907 777 1072 831 αὑτοῦ
1109 778 1336 845 γέγονεν
1366 778 1393 829 6
1434 776 1582 839 Υἱὸς,
1613 774 1801 845 ὥσπερ
1830 775 1923 827 καὶ

343 876 412 929 τά
438 875 745 943 ποιήματα·
786 870 1017 941 περιττὴ
1057 869 1114 922 δὲ
1146 870 1273 932 ἴσως
1311 870 1404 921 καὶ
1433 868 1553 921 οὑδὲ
1596 868 1729 931 ὅλως
1755 868 1921 934 ἀναγ-

346 965 475 1019 καία
510 966 543 1034 ὴ
587 964 667 1027 είς
706 960 768 1014 τὸ
799 956 939 1015 εἶναι
986 961 1217 1031 πάροδος
1245 960 1434 1026 αὑτοῦ,
1480 959 1728 1030 καθάπερ
1763 960 1796 1027 ή
1830 960 1922 1013 ἁν-

343 1056 577 1126 θρὼπων
608 1055 768 1124 τυχὸν
795 1055 890 1107 καὶ
917 1056 950 1123 ἡ
972 1052 1082 1105 τῶν
1108 1054 1281 1107 ἄλλων
1308 1053 1648 1124 ποιημάτων.
1684 1054 1792 1104 Kal.
1813 1052 1921 1122 γὰρ

341 1145 438 1198 καὶ
487 1145 616 1215 πρὶν
651 1143 810 1214 ἡμῶν
852 1142 1130 1211 γενέσθαι,
1162 1139 1229 1213 ἦν
1261 1143 1418 1195 τοῦτο
1464 1142 1596 1205 Θεὸς
1640 1142 1776 1212 ὅπερ
1826 1143 1921 1193 νῦν

341 1238 477 1300 ἐστι,
511 1236 605 1288 καὶ¹
631 1235 938 1305 γενομένων
962 1235 1141 1305 ήμῶν,
1172 1237 1228 1288 ὲν
1250 1233 1533 1304 ταυτότητι
1559 1232 1727 1303 μένει.
1758 1233 1923 1285 Οὑδὲν

287 1378 293 1399 ἱ
343 1326 453 1397 γὰρ
477 1327 624 1393 αὑτῷ
661 1326 1025 1396 προστίθεμεν
1065 1328 1131 1379 ὲκ
1174 1324 1269 1379 τοῦ
1299 1326 1374 1396 μὴ
1405 1326 1556 1388 ὄντος
1594 1327 1673 1389 είς
1699 1325 1759 1378 τὸ
1783 1321 1921 1377 εἶναι

341 1416 693 1486 καλούμενον
743 1415 865 1469 οὑτε
914 1416 1017 1487 μὴν
1068 1416 1489 1488 ἀφαιρησόμεθα
1530 1434 1581 1469 τι
1630 1417 1728 1486 τὴν
1774 1416 1922 1469 θείαν

342 1506 505 1575 φύσιν
544 1505 730 1566 αὑτοῦ,
776 1505 928 1559 οὑπω
966 1507 1028 1559 τὸ
1066 1504 1204 1559 εἶναι
1249 1507 1525 1576 λαχόντες.
1570 1506 1782 1575 Ὥσπερ
1827 1501 1919 1558 οὖν

341 1598 522 1667 ἡμεῖς,
575 1596 758 1667 ἐπειδὴ
810 1598 1175 1667 πεποιήμεθα,
1224 1598 1383 1666 χάριν
1442 1595 1635 1665 ἔχομεν
1686 1595 1763 1665 τῷ
1811 1596 1919 1666 Δη-

346 1687 614 1760 μιουργῷ,
660 1686 988 1757 ὁμολογείτω
1018 1688 1111 1740 καὶ
1162 1688 1189 1739 6
1241 1687 1400 1749 Υἱός·
1443 1686 1535 1738 καὶ
1583 1685 1723 1738 ἔστω
1754 1686 1918 1739 πάλιν

342 1779 474 1848 ἡμῖν
510 1780 610 1831 κάν
638 1778 813 1848 τούτῳ
844 1776 1249 1847 παραπλήσιος,
1281 1776 1480 1840 ἔξωθεν
1514 1776 1605 1829 καὶ
1632 1776 1793 1838 αὑτὸς
1829 1793 1919 1845 γε-

339 1868 534 1937 γονὼς,
568 1869 819 1939 καθάπερ
849 1871 1026 1947 ἡμεῖς.
1070 1868 1209 1920 Ἀλλ’
1256 1868 1370 1919 ἐστι
1403 1867 1560 1919 τοῦτο
1600 1867 1761 1938 βυθὸς
1793 1867 1911 1920 δυσ⁹

342 1960 571 2031 φημίας.
631 1959 856 2027 Φεὺγειν
902 1954 994 2013 οὖν
1040 1960 1335 2027 ἀναγκαῖον
1371 1956 1522 2021 αὑτὸ,
1565 1956 1763 2025 καὶτῷ
1798 1973 1919 2024 γεν-

339 2054 540 2121 νήματι
586 2050 781 2113 σώζειν
826 2049 888 2102 τὸ
936 2051 999 2102 ὲκ
1045 2050 1144 2117 τῆς
1174 2047 1267 2102 τοῦ
1310 2047 1699 2118 γεγεννηκότος
1732 2047 1916 2111 οὑσίας

340 2141 605 2211 ὑπάρχειν
628 2155 641 2167 ⁸
680 2138 821 2192 οὑτω
857 2138 960 2208 γὰρ
992 2138 1056 2191 ἂν
1085 2138 1171 2208 εἴη
1196 2138 1289 2190 καὶ
1317 2136 1584 2207 γέννημα.
1632 2136 1917 2206 Ἀγένητος

340 2231 396 2283 δὲ
444 2233 476 2300 ὴ
525 2230 682 2282 οὑσία
730 2228 823 2281 τοῦ
874 2229 1120 2300 Πατρός⁸
1162 2228 1422 2297 ἀγένητον
1457 2228 1565 2296 ἄρα
1609 2228 1705 2280 καὶ
1751 2227 1813 2281 τὸ
1859 2226 1918 2290 ἐξ

341 2321 510 2389 αὑτῆς
538 2321 831 2390 προελθὸν,
863 2320 1140 2373 τουτέστιν
1173 2321 1201 2371 6
1230 2319 1376 2382 Υἱός.

479 2433 681 2489 AAAD.
717 2433 796 2497 ὡς
825 2433 892 2496 ἐξ
921 2431 1277 2497 ἀντιθέσεως
1315 2429 1436 2483 τῶν
1464 2429 1787 2499 αἱρετικῶν.

415 2524 488 2574 υὺ
513 2523 752 2588 πάντως,
785 2524 939 2592 φησὶ,
964 2522 1050 2575 διὰ
1069 2523 1129 2575 τὸ
1162 2517 1301 2575 εἶναι
1325 2521 1685 2591 καρπογόνον,
1712 2520 1917 2583 τέλειός

344 2611 491 2663 ἐστιν
523 2615 550 2664 6
579 2614 729 2677 Θεός.
772 2614 931 2665 Ἀλλὰ
958 2612 1090 2675 Θεὸς
1116 2611 1213 2676 ὢν,
1246 2611 1339 2665 καὶ
1381 2612 1469 2664 διὰ
1502 2610 1660 2663 τοῦτο
1690 2612 1915 2676 τέλειος,

342 2702 530 2769 γέγονε
559 2705 652 2755 καὶ
687 2705 895 2773 Πατήρ.

835 2815 989 2880 Πρὸς
1019 2813 1193 2866 τοῦτο
1228 2814 1431 2877 λύσις.

411 2905 613 2958 Εἴπατε
638 2903 923 2975 τοιγαροῦν
955 2905 1085 2973 ἡμῖν
1115 2904 1164 2955 οἱ
1190 2901 1326 2971 πρὸς
1359 2900 1626 2970 τοσαύτην
1662 2900 1916 2952 ἀσέϐειαν

341 2996 609 3051 ἐκϐαίνειν
656 2998 716 3048 οὑ
751 2994 1203 3065 παραιτούμενοι,
1242 2994 1290 3044 εί
1337 2990 1630 3061 ἐπισυνέϐη
1678 2989 1755 3059 τῷ
1796 2989 1914 3059 Θεῷ

340 3088 402 3141 τὸ
420 3086 672 3155 γενέσθαι
702 3086 938 3155 Πατέρα,
965 3084 1016 3136 τί
1041 3080 1107 3155 ἧν
1137 3083 1245 3154 ἄρα
1270 3084 1397 3153 πρὶν
1427 3082 1650 3151 γένηται
1683 3081 1909 3150 Πατήρ;

2031 688 2291 743 fecundus
2331 704 2437 743 non
2467 690 2559 753 sit,
2582 700 2641 743 ut
2664 706 2759 745 vos
2789 691 3111 757 Opinamini,
3148 702 3203 747 et
3234 693 3574 750 extrinsecus
3594 734 3609 756 ,

2037 797 2143 835 non
2168 790 2346 834 autem
2380 797 2445 836 ex
2482 781 2598 849 ejus
2623 783 2857 836 essentia
2904 782 3079 836 factus
3123 792 3205 837 est
3238 784 3426 850 Filius,
3471 786 3612 840 sicut

2029 882 2082 925 ct
2116 883 2415 927 creaturae:
2448 873 2716 941 superﬂua
2749 872 2913 927 fuerit
2947 887 3120 941 neque
3156 876 3375 929 omnino
3422 890 3611 931 neces-

2029 964 2170 1016 saria
2194 962 2309 1029 ejus
2339 966 2403 1016 ad
2425 976 2546 1018 esse
2576 962 2877 1031 productio,
2920 962 3371 1029 quemadmodum
3437 966 3613 1020 homi-

2029 1066 2156 1104 num
2216 1051 2356 1105 forte
2413 1062 2469 1105 et
2524 1052 2754 1105 aliarum
2826 1062 3223 1106 creaturarum.
3288 1053 3609 1123 Priusquam

2028 1142 2170 1195 enim
2206 1156 2304 1196 nos
2337 1156 2667 1205 crearentur,
2694 1143 2833 1198 Deus
2866 1144 2915 1197 id
2947 1143 3121 1212 ipsum
3153 1152 3270 1198 erat
3299 1145 3441 1213 quod
3471 1161 3614 1200 nunc

2026 1242 2131 1296 est,
2164 1240 2217 1286 et
2257 1234 2453 1286 creatis
2484 1232 2637 1286 nobis
2664 1233 2803 1286 idem
2840 1234 3158 1301 permansit.
3194 1234 3339 1288 Nihil
3368 1236 3513 1288 enim
3560 1236 3614 1291 ei

2028 1325 2329 1378 addidimus
2356 1339 2420 1377 ex
2441 1325 2608 1379 nihilo
2639 1326 2706 1379 ad
2736 1340 2859 1381 esse
2892 1326 3121 1380 traducti
3149 1342 3164 1391 ;
3215 1342 3388 1395 neque
3451 1328 3610 1396 quid-

2027 1430 2187 1483 quam
2252 1415 2447 1470 divina:
2521 1415 2638 1483 ejus
2716 1427 2922 1472 naturae
2973 1418 3320 1473 detrahemus
3376 1422 3611 1475 nondum

2027 1505 2302 1558 consecuti
2341 1513 2397 1558 ut
2435 1505 2625 1559 simus.
2675 1504 3135 1570 Quemadmodum
3171 1508 3332 1577 igitur
3366 1523 3463 1563 nos
3482 1523 3611 1578 gra-

2029 1597 2132 1649 tias
2152 1596 2358 1661 agimus
2386 1596 2652 1660 Creatori,
2684 1600 2826 1665 qnod
2852 1596 2978 1651 facti
3008 1613 3219 1662 sumus,
3251 1596 3422 1652 Filius
3470 1613 3611 1667 quo-

2026 1701 2130 1755 que
2154 1686 2406 1740 similiter
2429 1696 2582 1756 agat:
2605 1688 2899 1757 eademque
2925 1690 3130 1743 ratione
3154 1700 3425 1745 statuatur
3445 1692 3609 1746 etiam

2027 1776 2181 1829 nobis
2216 1777 2430 1839 similis,
2450 1777 2700 1831 nimirum
2726 1780 3084 1845 extrinsecus,
3108 1781 3249 1835 sicut
3267 1796 3384 1846 nos,
3414 1781 3606 1836 factus.

2027 1867 2291 1920 therum
2329 1867 2442 1921 lucc
2470 1875 2528 1921 ut
2558 1885 2769 1923 summa
2801 1869 3135 1939 blasphemia
3164 1872 3478 1926 detestanda
3510 1887 3610 1926 uo-

2026 1958 2107 2011 bis
2135 1968 2236 2019 est,
2272 1969 2323 2013 et
2347 1958 2603 2027 genimini
2636 1962 3115 2016 hocrtrihnemlum
3149 1970 3253 2025 est,
3282 1972 3340 2016 ut
3395 1977 3461 2017 ex
3501 1964 3610 2018 Ge-

2027 2050 2217 2104 nitoris
2270 2051 2503 2103 essentia
2579 2053 2826 2105 exsistat.
2891 2052 2981 2105 Sic
3029 2052 3173 2106 enim
3223 2052 3386 2106 etiam
3458 2054 3610 2124 geni-

2027 2159 2149 2196 meu
2208 2143 2389 2197 fuerit.
2437 2141 2552 2196 Non
2613 2154 2695 2199 est
2760 2154 2937 2199 autem
3012 2145 3150 2199 facta
3215 2146 3446 2200 essentia
3503 2146 3610 2199 Pa-

2026 2234 2123 2287 tris
2156 2252 2170 2299 ;
2201 2249 2330 2305 ergo
2377 2250 2474 2289 nec
2530 2235 2581 2289 id
2632 2238 2775 2306 quod
2822 2251 2887 2290 ex
2940 2249 3001 2289 ea
3046 2236 3330 2306 procedit,
3380 2237 3481 2292 hoc
3525 2244 3612 2292 est

2023 2320 2213 2377 Filius.

2272 2436 2483 2493 ALIUD
2504 2477 2520 2502 ,
2558 2453 2622 2491 ea:
2655 2437 2940 2507 objectione
2969 2438 3357 2493 hwrelicorum.

2096 2525 2213 2579 Non
2251 2528 2304 2580 in
2337 2530 2671 2594 universum,
2703 2529 2970 2598 inquiunt,
3006 2529 3133 2597 quia
3186 2528 3448 2583 fecundus
3498 2538 3602 2595 est,

2026 2615 2301 2684 perfectus
2337 2626 2419 2673 est
2452 2619 2611 2673 Deus.
2645 2619 2752 2674 Sed
2797 2620 2936 2673 Deus
2963 2637 3084 2676 cum
3137 2620 3229 2687 sit,
3274 2632 3435 2691 atque
3457 2620 3527 2677 ob
3556 2622 3608 2677 id

2027 2705 2323 2773 perfectus,
2351 2707 2525 2763 factus
2552 2718 2638 2763 est
2657 2709 2823 2762 etiam
2852 2708 3032 2765 Pater.

2706 2819 2935 2873 Salutio.

2097 2906 2269 2964 Dicite
2298 2924 2426 2978 ergo
2461 2910 2617 2965 nobis
2642 2911 2731 2980 qui
2758 2910 2809 2964 in
2859 2920 3064 2966 tantam
3089 2912 3423 2981 impietatem
3473 2930 3600 2985 pro-

2024 3015 2275 3068 rumpere
2304 3016 2407 3054 non
2437 3001 2717 3065 veremini,
2747 3001 2794 3055 si
2843 3002 2944 3056 hoc
2978 3012 3158 3069 postea
3215 3005 3447 3059 accessit
3502 3006 3608 3060 Deo

2023 3100 2079 3141 ut
2105 3088 2267 3142 Pater
2315 3089 2488 3153 ﬁeret,
2530 3090 2658 3157 quid
2684 3100 2803 3143 erat
2838 3090 3151 3159 priusquam
3212 3090 3365 3145 fieret
3396 3092 3609 3149 Pater?

343 3182 417 3233 Τὸ
448 3180 555 3249 γὰρ
580 3179 716 3242 ὅλως
741 3178 819 3243 ὃν,
853 3178 968 3232 ἔστι
996 3194 1049 3230 τι
1083 3177 1300 3239 πάντως
1319 3190 1333 3205 ο
1354 3175 1388 3245 ἢ
1422 3174 1529 3245 γὰρ
1548 3173 1796 3241 λέγοντες
1818 3173 1917 3225 οὐκ

2026 3176 2161 3231 Nam
2191 3180 2242 3232 id
2277 3180 2418 3247 quod
2441 3187 2544 3242 est,
2577 3180 2778 3248 aliquid
2806 3180 3028 3234 omnino
3054 3182 3124 3234 sit
3152 3191 3395 3249 oportet;
3439 3192 3532 3237 aut
3561 3183 3609 3237 si

339 3268 481 3325 εἷναί
515 3288 643 3327 ποτε
678 3270 896 3340 Πατέρα⁴
938 3269 1028 3322 τὸν
1068 3267 1218 3329 Θεὸν,
1274 3265 1573 3336 μαχόμενοι
1604 3266 1802 3326 πάσαις
1831 3264 1920 3317 εὑ-

345 3361 640 3434 ρεθήσεσθε
663 3363 783 3424 ταῖς
813 3361 1055 3429 Γραφαῖς
1080 3375 1091 3387 ·
1125 3359 1186 3410 οὑ
1215 3356 1324 3426 γὰρ
1355 3356 1503 3409 ἴσασι
1532 3354 1621 3407 τὸν
1652 3355 1786 3407 Θεὸν
1821 3356 1921 3408 οὑκ

342 3455 469 3506 ὄντα
493 3452 713 3522 Πατέρα
733 3466 747 3480 ·
777 3450 809 3520 ἢ
841 3451 934 3502 καὶ
972 3449 1128 3501 αὑτοὶ
1158 3444 1565 3517 συγχωροῦντες
1594 3445 1922 3514 ἐνυπάρχειν

344 3545 433 3597 ἀεὶ
461 3543 537 3613 τῷ
570 3543 688 3613 Θεῷ
714 3542 813 3612 τὴν
846 3540 941 3594 τοῦ
984 3539 1199 3610 Πατρὸς
1232 3537 1569 3607 ἐπωνυμίαν,
1608 3536 1921 3604 ἀναγκαίως

346 3634 495 3705 αὑτῷ
540 3636 597 3687 τὸ
623 3633 680 3699 ἐξ
708 3631 875 3685 αὑτοῦ
928 3630 1310 3683 συνεισοίσετε.
1360 3630 1434 3682 Οὑ
1470 3627 1577 3699 γὰρ
1612 3627 1679 3681 ἂν
1712 3626 1921 3696 λέγοιτο

348 3726 535 3796 Πατὴρ
572 3725 671 3778 οὑκ
703 3725 852 3787 ὸντος
886 3721 1038 3775 Υίοῦ.

1031 3900 1235 3954 AAAO.

418 4020 479 4072 Et
523 4018 664 4088 μέγα
694 4034 746 4069 τι
781 4013 1099 4085 χαρίζεσθαι
1134 4011 1447 4082 νομίζουσιν
1480 4013 1528 4063 el
1563 4011 1919 4081 χριστομάχοι

345 4110 423 4179 τῷ
457 4108 596 4179 Θεῷ,
644 4108 861 4176 Πατέρα
919 4105 1015 4174 μὲν
1064 4103 1121 4170 ἐξ
1168 4098 1341 4173 ἀρχῆς
1393 4103 1491 4172 οὑχ
1535 4101 1920 4171 ὁμολογοῦντες

346 4200 528 4264 αὑτὸν,
570 4197 701 4250 Θεὸν
732 4196 787 4249 δὲ
817 4191 953 4250 εἶναι
999 4195 1251 4256 διδόντες,
1296 4193 1640 4245 ἀκουέτωσαν
1672 4195 1752 4246 ὅτι
1801 4192 1919 4245 λίαν

348 4292 648 4362 ὑϐρίζουσι,
674 4290 996 4360 πράγματος
1030 4284 1451 4355 ἀξιολογωτέρου
1478 4283 1575 4354 τὴν
1604 4282 1752 4335 θείαν
1785 4284 1918 4336 ἀπο-

349 4383 665 4454 στεροῦντες
699 4381 880 4452 φύσιν.
915 4380 1047 4443 Θεὸς
1094 4378 1192 4449 μὲν
1226 4376 1334 4446 γὰρ
1373 4375 1449 4437 ὼς
1480 4374 1614 4444 πρὸς
1657 4374 1724 4427 τὰ
1760 4374 1921 4428 δοῦλα

2023 3285 2129 3324 non
2164 3284 2285 3324 esse
2313 3270 2528 3324 Patrem
2560 3270 2727 3324 Deum
2758 3271 2974 3336 dicatis,
3015 3273 3265 3327 omnibus
3294 3273 3469 3328 sacris
3496 3273 3609 3329 Lit-

2026 3355 2154 3409 teris
2184 3371 2480 3427 repugnare
2505 3356 3020 3425 deprehendemini:
3075 3374 3251 3429 neque
3304 3362 3447 3415 enim
3502 3362 3608 3418 illa:

2022 3453 2318 3511 agnoscunt
2357 3444 2543 3509 Deum,
2586 3446 2673 3514 qui
2707 3445 2865 3501 Pater
2894 3463 3001 3501 non
3040 3448 3109 3503 sit
3136 3465 3151 3513 ;
3177 3457 3270 3503 aut
3299 3450 3342 3503 si
3377 3465 3472 3507 vos
3502 3452 3606 3522 ipsi

2021 3536 2321 3590 comeditis
2354 3552 2569 3605 semper
2602 3538 2781 3592 inesse
2804 3538 2912 3593 Deo
2937 3538 3115 3594 Patris
3164 3542 3603 3610 appellationem,

2023 3627 2329 3681 necessario
2389 3628 2551 3683 etiam
2610 3629 2662 3682 id
2708 3630 2849 3698 quod
2910 3645 2975 3684 ex
3047 3633 3162 3699 ipso
3243 3634 3485 3703 procedit
3552 3635 3605 3689 ei

2022 3717 2292 3769 tribuetis.
2346 3716 2530 3786 Neque
2582 3719 2725 3773 enim
2775 3718 2937 3773 Pater
2986 3719 3095 3775 dici
3150 3730 3328 3789 potest
3370 3736 3481 3778 non
3509 3739 3605 3778 ex-

2024 3808 2265 3861 sistentis
2289 3808 2436 3863 Filii.

2650 3896 2760 3967 39
2798 3894 3030 3952 ALIUD.

2095 4009 2150 4063 Si
2175 4010 2412 4064 haeretici
2450 4010 2628 4080 magni
2658 4010 2859 4079 aliquid
2884 4023 3005 4063 sese
3032 4008 3269 4065 tribuere
3286 4009 3395 4066 Deo
3417 4011 3604 4067 existi-

2022 4112 2193 4165 mant,
2218 4103 2358 4170 quod
2395 4102 2608 4156 Patrem
2639 4102 2809 4172 ipsum
2837 4103 2904 4156 ab
2938 4102 3089 4155 initio
3137 4100 3304 4157 fuisse
3363 4116 3600 4174 negent,

2024 4194 2188 4248 Deum
2216 4193 2430 4247 interim
2466 4208 2585 4247 esse
2612 4193 2964 4257 conﬁtentes,
3001 4193 3108 4248 imo
3161 4209 3355 4262 magna
3409 4207 3599 4251 contu-

2025 4285 2181 4340 melia
2213 4300 2332 4340 sese
2356 4300 2477 4340 eum
2514 4284 2725 4339 allicere
2752 4287 2997 4347 credant,
3030 4300 3153 4338 cum
3210 4286 3442 4341 divinam
3500 4305 3599 4342 ua-

2027 4387 2196 4432 turam
2230 4378 2472 4448 digniore
2512 4377 2665 4432 titulo
2692 4378 2925 4447 privant.
2962 4376 3095 4430 Nam
3131 4385 3188 4431 ut
3221 4377 3361 4434 Deus
3384 4379 3602 4435 relatio-

348 4478 441 4529 καὶ
465 4475 534 4528 τὰ
560 4473 791 4544 γενητὴν
826 4471 1017 4542 ἔχοντα
1056 4469 1154 4540 τὴν
1184 4468 1369 4523 οὐσίαν
1408 4467 1520 4538 ἔχει
1552 4467 1650 4538 τὴν
1696 4469 1878 4539 σχέσιν
1903 4484 1916 4498 ο

2026 4484 2144 4523 nem
2182 4468 2341 4523 habet
2368 4469 2433 4522 ad
2468 4468 2683 4523 servilia
2712 4479 2768 4522 et
2792 4477 3030 4522 creatam
3084 4468 3439 4523 substantiam
3498 4472 3594 4525 ha-

348 4565 537 4636 Πατὴρ
581 4565 638 4617 δὲ
666 4564 741 4627 ὡς
788 4563 925 4633 πρὸς
958 4561 1105 4614 Υίὸν.
1147 4561 1409 4628 Λέγοντες
1441 4558 1620 4612 τοίνυν
1660 4560 1741 4612 ὅτι
1788 4559 1918 4622 Θεὸς

2026 4560 2205 4614 bentia
2235 4578 2247 4613 :
2283 4560 2356 4613 ita
2393 4559 2557 4614 Pater
2614 4561 2678 4613 ad
2734 4560 2954 4614 Filium.
3004 4557 3137 4613 Cum
3189 4558 3369 4624 itaque
3415 4561 3601 4629 dicunt

352 4658 450 4728 μὲν
482 4654 550 4729 ἦν
584 4654 840 4725 ὲξαρχῆς,
873 4653 1026 4706 οὑπω
1074 4651 1131 4704 δὲ
1175 4651 1269 4704 καὶ
1302 4650 1511 4720 Πατὴρ,
1558 4649 1654 4719 τὴν
1688 4650 1823 4719 πρὸς
1852 4651 1919 4703 τὰ

346 4753 508 4806 δοῦλα
560 4749 743 4820 σχέσιν
792 4748 1164 4819 προσάπτουσι
1212 4743 1290 4812 τῷ
1341 4743 1478 4814 Θεῷ,
1527 4744 1621 4797 τοῦ
1678 4745 1921 4815 μείζονος

349 4842 778 4912 ἀποστεροῦντες
805 4838 967 4891 αὐτόν
987 4854 1000 4866 ·
1037 4839 1285 4908 κρεῖττον
1321 4836 1430 4907 γὰρ
1459 4835 1518 4888 τὸ
1554 4836 1773 4905 Πατέρα
1798 4853 1921 4904 γεν-

350 4938 588 5004 νήματος
642 4929 800 4994 εἶναι,
852 4929 945 4983 καὶ
973 4927 1244 4992 τοσοῦτον,
1284 4927 1392 4997 ὅσῳ
1445 4928 1745 4996 ποιήματος
1798 4927 1922 4989 Υἱὸς

350 5026 615 5096 διαφέρει.
682 5025 795 5091 Ἐφ’
822 5021 979 5091 ἡμῶν
1030 5020 1133 5091 μὲν
1197 5021 1305 5091 γὰρ
1337 5019 1585 5087 λέγεται·
1647 5038 1665 5072 ‹
1731 5018 1921 5088 Ἡμεῖς

350 5118 475 5181 λαὸς
510 5117 679 5187 νομῆς
702 5113 888 5176 αὑτοῦ,
922 5112 1013 5165 καὶ
1041 5112 1283 5180 πρόϐατα
1318 5110 1497 5181 χειρὸς
1523 5109 1709 5163 αὑτοῦ.
1741 5128 1759 5160 ι
1785 5111 1921 5181 Περὶ

250 5260 259 5265 -
350 5210 407 5263 δὲ
441 5209 604 5261 Υίοῦ’
644 5228 660 5259 ι
712 5208 806 5269 Ὃς
835 5207 892 5258 ἐν
926 5206 1104 5274 μορφῇ
1138 5201 1270 5255 Θεοῦ
1302 5203 1582 5273 ὑπάρχων,
1613 5203 1711 5271 οὑχ
1746 5203 1923 5271 ἁρπα-

350 5302 489 5370 γμὸν
521 5301 767 5369 ἡγήσατο
800 5296 858 5349 τὸ
910 5291 1045 5348 εἶναι
1096 5297 1185 5348 ίσα
1214 5294 1365 5366 Θεῷο
1404 5312 1423 5345 ›
1459 5295 1553 5347 καὶ
1588 5294 1747 5347 πάλιν
1787 5294 1923 5363 πρὸς

352 5392 511 5445 αὑτόν
534 5407 546 5419 ·
581 5410 598 5440 ε
630 5388 811 5442 Κάθου
845 5388 907 5439 ὲκ
934 5384 1122 5451 δεξιῶν
1148 5402 1269 5455 μου.
1311 5403 1327 5436 ι
1369 5384 1509 5453 Ὄση
1538 5385 1620 5447 τίς
1652 5380 1744 5437 οὖν
1778 5386 1922 5435 ἐστιν

2026 5392 2080 5431 se
2102 5393 2221 5431 esse
2251 5378 2511 5447 {Equalem
2552 5377 2663 5432 Deo
2710 5378 2755 5409 ⁸⁸

353 5481 387 5547 ὴ
420 5477 649 5547 διαφορὰ
679 5476 981 5546 ποιήματος
1013 5474 1107 5527 καὶ
1144 5473 1294 5539 Υἱοῦ,
1328 5474 1441 5545 ,καὶ
1479 5473 1567 5527 διὰ
1604 5473 1807 5527 τούτων
1852 5474 1927 5525 εἰ-

356 5567 578 5637 σὸμεθα.

2021 4653 2185 4706 Deum
2223 4653 2436 4720 quidem
2471 4654 2538 4708 ab
2580 4653 2735 4708 initio
2770 4653 3064 4717 exstitisse,
3090 4651 3303 4706 Patrem
3329 4667 3458 4708 vero
3493 4670 3599 4709 non

2021 4743 2171 4807 item,
2204 4745 2661 4812 comparationem
2725 4745 2841 4798 sive
2884 4743 3195 4797 relationem
3258 4746 3325 4798 ad
3384 4743 3598 4798 servilia

2024 4833 2132 4887 Deo
2157 4835 2585 4897 accommodant,
2618 4836 2993 4905 prmstantiore
3034 4834 3298 4889 relatione
3328 4849 3450 4888 eum
3483 4836 3596 4903 pri-

2026 4936 2218 4981 vantes
2248 4943 2261 4979 :
2292 4927 2639 4996 praestantius
2666 4929 2807 4982 enim
2837 4935 2919 4981 est
2945 4925 3156 4979 Patrem
3175 4926 3462 4993 geniminis
3478 4940 3598 4981 esse

2027 5026 2082 5069 et
2111 5018 2325 5085 quidem
2360 5027 2527 5079 tanto,
2565 5028 2762 5085 quanto
2794 5017 2961 5071 Filius
2984 5024 3230 5071 creatura
3276 5024 3357 5068 est
3415 5015 3598 5070 excel-

2030 5108 2242 5162 lentior.
2274 5108 2408 5163 Nam
2435 5110 2501 5164 de
2528 5110 2683 5164 nobis
2708 5109 2931 5163 dicitur:
2954 5126 2971 5157 ς
3004 5107 3111 5160 Nos
3132 5105 3358 5174 populus
3386 5121 3598 5173 pascum

2028 5197 2163 5265 ejus,
2194 5207 2248 5252 et
2279 5213 2405 5252 oves
2434 5214 2622 5252 manus
2654 5213 2763 5252 suae
2792 5199 2893 5249 ³⁸.»
2931 5197 3005 5249 De
3038 5194 3171 5249 Filio
3202 5204 3376 5249 autem
3399 5213 3411 5249 :
3437 5214 3454 5247 ι
3494 5196 3596 5264 Qui

2021 5304 2141 5343 cum
2178 5297 2319 5342 esset
2361 5290 2411 5342 in
2445 5289 2612 5341 forma
2648 5289 2764 5352 Dei,
2788 5302 2893 5341 non
2932 5286 3171 5356 rapinam
3200 5287 3599 5343 estarbitratus

2789 5394 2804 5442 ;
2839 5398 2857 5429 ι
2915 5386 2972 5432 et
3004 5393 3214 5432 rursum
3257 5378 3321 5432 ad
3374 5379 3592 5447 ipsum:

2028 5485 2045 5517 ε
2079 5468 2216 5523 Sede
2273 5486 2300 5521 a
2343 5468 2548 5523 dextris
2603 5469 2740 5524 meis
2793 5470 2859 5524 ⁸⁷.
2906 5488 2923 5520 ι
2986 5468 3256 5536 Quantum
3309 5469 3472 5540 igitur
3513 5468 3597 5523 in-

2026 5561 2180 5615 tersit
2226 5562 2363 5617 inter
2410 5572 2712 5618 creaturam
2763 5572 2817 5619 et
2872 5562 3087 5629 Filium,
3138 5577 3204 5619 ex
3252 5561 3337 5618 bis
3396 5559 3595 5616 intelli.

2025 5666 2219 5720 guttus.

423 5764 466 5795 ⁵⁵
506 5764 645 5819 Psal.
690 5781 833 5830 και,
873 5767 927 5822 5.
1004 5768 1048 5801 “’
1084 5765 1317 5837 Philipp.
1347 5782 1407 5834 ll,
1449 5765 1502 5819 7.
1545 5766 1587 5797 ⁸⁷
1628 5764 1772 5823 Psal.
1813 5782 1921 5836 δικ,
1967 5768 2017 5822 l.
