4144 6522
561 351 631 403 67
1628 344 1681 397 S.
1725 342 1996 397 CYRILLI
2037 338 2505 395 ALEXANDRINI
2544 340 2863 396 ARCHIEP.
3757 343 3826 398 68

1237 459 1465 515 ALIUD.

629 571 1087 642 Quemadmodum
1134 570 1293 625 Pater
1334 572 1530 625 dicitur
1572 581 1822 639 respectu
1882 570 2025 635 Filii,
2061 571 2131 623 ita
2167 577 2212 620 A

564 668 702 720 Deus
734 672 979 733 respectu
1010 678 1289 717 servorum
1317 673 1370 716 et
1393 678 1509 730 qua:
1529 677 1634 715 non
1664 662 1905 716 eamdem
1937 661 2135 715 habent

564 764 810 807 naturain
838 764 1001 822 atque
1037 754 1171 822 ipse.
1206 753 1431 822 Oportet
1461 754 1641 821 itaque
1669 752 1829 806 simul
1866 762 1920 807 et
1968 751 2133 807 Deum

561 854 615 897 et
650 843 863 900 Patrem
911 844 1134 912 intelligi
1166 846 1457 910 genitorem
1491 844 1648 898 Verbi
1681 846 1875 899 :autsi
1910 845 1960 898 in
1998 854 2135 899 tetu-

564 951 692 1004 pore
718 935 943 991 ell‘ectus
972 944 1055 991 est
1084 935 1268 1001 Pater,
1305 936 1484 1005 genito
1516 936 1856 1004 postmodum
1891 935 2051 998 Filio,
2081 936 2135 989 in

565 1036 806 1095 tempore
836 1027 997 1081 etiam
1032 1025 1255 1080 eil‘ectns
1290 1035 1372 1079 cst
1408 1026 1565 1088 Deus,
1592 1028 1806 1094 quando
1858 1040 1954 1095 per
2013 1023 2139 1078 Ver-

564 1120 692 1172 bum
730 1119 795 1171 atl
823 1119 959 1187 {esse
999 1118 1243 1171 traducta
1279 1124 1404 1171 sunt
1462 1118 1643 1171 omnia
1707 1132 1934 1185 quorum
1966 1125 2051 1171 est
2084 1126 2139 1171 et

566 1209 725 1263 Deus.
760 1208 827 1261 Et
854 1209 897 1263 si
931 1209 1107 1263 omnia
1136 1208 1274 1263 facta
1311 1217 1437 1261 sunt
1466 1217 1589 1277 post
1618 1206 1810 1261 Filium
1843 1209 1862 1278 (
1909 1223 2004 1275 per
2056 1209 2135 1275 ip-

563 1316 685 1353 sum
719 1300 860 1353 enim
897 1299 1035 1353 facta
1062 1310 1187 1353 sunt
1217 1301 1262 1331 ⁵³
1288 1300 1337 1367 ),
1391 1300 1701 1367 priusquam
1753 1309 1897 1353 esset
1952 1300 2091 1352 Deus
2119 1339 2133 1361 ,

566 1392 666 1445 hoc
704 1391 867 1444 etiam
900 1390 1119 1444 habebit
1155 1391 1301 1445 ntsit
1357 1390 1519 1444 Pater
1571 1391 1658 1459 qui
1718 1392 1892 1459 ipsum
1933 1391 2135 1458 genuit.

564 1479 854 1533 Ostensum
888 1481 1029 1535 enim
1063 1490 1147 1535 est
1175 1495 1293 1535 esse
1314 1489 1431 1550 post
1453 1479 1644 1533 Filium
1681 1490 2008 1544 creaturam,
2043 1493 2141 1533 cu-

560 1571 650 1640 jus
682 1580 764 1626 est
794 1572 1029 1635 Dens,et
1074 1572 1139 1625 ad
1175 1587 1335 1640 quant
1399 1572 1593 1625 merito
1648 1570 1884 1626 refertur
1943 1586 2137 1625 nomen

565 1663 802 1718 deitatis.

908 1775 1139 1831 ALlUD.
1168 1774 1272 1831 Per
1309 1776 1827 1831 demonstrationem.

567 1887 717 1953 Quod
746 1888 1130 1943 conuenientius
1162 1900 1243 1959 est
1278 1889 1491 1942 Patrem
1545 1905 1729 1942 vocare
1763 1888 1926 1943 Deum
1983 1906 2141 1959 quant

1168 1958 1337 2012 solum
1385 1960 1573 2015 Deum.

636 2067 749 2123 Nisi
781 2083 998 2134 nomen,
1033 2067 1212 2135 Pater,
1269 2072 1440 2140 magis
1497 2071 1775 2141 proprium
1825 2071 2145 2141 digniusque

565 2176 709 2220 esset
738 2166 789 2219 in
827 2166 935 2220 Deo
968 2181 1128 2235 quam
1161 2167 1282 2231 hoc,
1318 2166 1476 2230 Deus,
1507 2168 1859 2235 quamobrem
1886 2165 2146 2220 Servator

566 2273 688 2311 cum
726 2257 1015 2327 discipulos
1044 2272 1170 2312 suos
1197 2258 1262 2311 ad
1290 2258 1669 2326 baptizanduin
1719 2258 1980 2323 mitteret,
2036 2273 2143 2313 non

560 2347 725 2416 jussit
757 2348 1018 2416 baptizari
1050 2358 1237 2418 gentes
1271 2348 1322 2401 in
1372 2349 1591 2403 nomine
1630 2348 1745 2412 Dei,
1788 2357 1844 2403 et
1896 2350 2041 2415 Filii,
2093 2357 2147 2404 et

568 2437 806 2505 Spiritus
846 2440 1041 2505 sancti,
1071 2440 1164 2494 sed
1204 2440 1397 2493 divinae
1438 2450 1645 2493 natnrze
1693 2440 2009 2508 dignitatem
2050 2456 2145 2495 ve-

568 2532 683 2585 rius
710 2531 1058 2602 signiﬁcans,
1089 2531 1262 2585 dixit:
1294 2529 1404 2602 40
1439 2549 1460 2582 ι
1496 2530 1552 2584 1η
1594 2546 1812 2586 nomine
1859 2531 2038 2585 Patris
2092 2542 2146 2586 et

567 2623 689 2677 Filii
748 2635 802 2679 et
848 2622 1087 2693 Spiritus
1126 2624 1294 2677 sancti
1326 2624 1417 2677 "?
1458 2642 1476 2675 ι
1511 2624 1575 2677 Et
1610 2623 1886 2694 Philippus
1908 2624 2144 2678 divinant

566 2724 811 2769 naturam
846 2716 1134 2781 curiosius,
1161 2726 1217 2769 ut
1248 2716 1321 2768 ita
1354 2715 1548 2780 dicam,
1584 2715 1938 2786 investigans,
1959 2715 2139 2770 dixit:

572 2825 591 2859 ι
632 2806 868 2862 Ostende
894 2805 1049 2861 nobis
1074 2805 1289 2861 Patrem
1315 2806 1382 2858 ⁸ο.
1422 2824 1440 2856 ι
1480 2806 1641 2860 Vides
1670 2821 1777 2875 quo
1812 2816 1970 2875 pacto
2023 2822 2144 2858 rur-

565 2913 658 2954 sus
698 2913 803 2953 non
826 2909 979 2953 vocet
1013 2899 1201 2963 Deum,
1235 2900 1327 2953 sed
1354 2899 1606 2954 Patrem?
1648 2900 1762 2968 ipse
1793 2915 1917 2953 vero
1945 2900 2144 2952 Serva-

566 3002 648 3045 tor
675 2992 741 3044 ad
793 2991 893 3046 hoc
920 2991 1093 3045 dicit:
1129 3008 1148 3042 (
1184 2991 1359 3045 Tanto
1392 3001 1634 3061 tempore
1688 2992 1964 3045 vobiscum
1996 3006 2141 3056 sutn,

2933 455 3135 509 AAAO.

2318 566 2524 637 Ὥσπερ
2561 567 2621 619 τὸ
2650 566 2841 638 Πατὴρ
2867 567 2941 628 ὡς
2971 565 3108 635 πρὸς
3136 564 3266 617 Υἰὸν
3296 565 3657 634 λαμϐάνεται,
3685 565 3831 620 οὕτω

2243 657 2337 709 καὶ
2386 657 2516 720 Θεὸς
2550 658 2625 720 ὡς
2678 656 2816 728 πρὸς
2863 655 2932 708 τὰ
2980 656 3141 709 δοῦλα
3189 658 3284 710 καὶ
3330 659 3400 710 τὰ
3448 658 3522 728 μὴ
3573 658 3831 728 τοιαύτην

2242 749 2434 820 ἔχοντα
2462 750 2561 820 τὴν
2609 748 2770 818 φύσιν
2800 749 2990 801 ὁποίαν
3028 749 3209 813 αὐτός,
3255 750 3494 819 Ἀνάγκη
3540 749 3831 821 τοιγαροῦν

2243 840 2378 912 ὁμοῦ
2412 841 2509 894 καί⁵
2538 840 2670 893 Θεὸν
2714 841 2807 892 καὶ
2852 840 3071 909 Πατέρα
3117 839 3354 891 νοεῖσθαι
3384 839 3475 892 τὸν
3513 840 3609 893 τοῦ
3650 841 3830 908 Λόγου

2244 933 2547 1001 γεννήτορα
2567 949 2580 962 ο
2613 930 2645 1001 ἢ
2677 931 2834 1000 εἴπερ
2859 932 2915 982 ὲν
2941 931 3118 1000 χρόνῳ
3147 931 3337 998 γέγονε
3367 931 3577 1001 Πατὴρ,
3602 931 3833 1002 ὕστερον

2244 1023 2334 1075 τὸν
2376 1023 2505 1074 Υἱὸν
2552 1022 2951 1091 ἀπογεννήσας,
3005 1024 3061 1073 ἐν
3096 1024 3271 1092 χρόνῳ
3318 1023 3512 1089 γέγονε
3548 1022 3642 1075 καὶ
3673 1022 3829 1088 Θεὸς,

2244 1115 2333 1166 ὅτε
2372 1113 2460 1165 διὰ
2489 1112 2583 1165 τοῦ
2622 1113 2794 1179 Λόγου
2832 1113 2966 1182 πρὸς
2995 1113 3056 1166 τὸ
3089 1110 3229 1167 εἶναι
3264 1114 3519 1185 παρήχθη
3550 1114 3618 1168 τὰ
3654 1114 3831 1167 πάντα

2245 1199 2320 1259 ὧν
2348 1206 2465 1257 ἐστι
2514 1204 2608 1257 καὶ
2639 1203 2792 1266 Θεός.
2825 1205 2936 1256 Καὶ
2969 1206 3019 1257 εί
3049 1204 3297 1273 φαίνεται
3349 1206 3526 1258 πάντα
3568 1204 3829 1273 γεγονότα

2248 1292 2387 1362 μετὰ
2413 1291 2502 1345 τὸν
2538 1292 2665 1343 Υἱὸν
2691 1292 2777 1361 (δι’
2813 1292 2980 1345 αὑτοῦ
3022 1292 3130 1364 γὰρ
3162 1294 3397 1362 γέγονε),
3431 1294 3535 1364 πρὸ
3557 1294 3651 1346 τοῦ
3687 1290 3829 1349 εἶναι

2247 1382 2400 1448 Θεὸς,
2456 1383 2566 1449 ἕξει
2608 1383 2669 1435 τὸ
2711 1379 2849 1436 εἶναι
2892 1385 3081 1455 Πατὴρ
3128 1387 3155 1438 ὁ
3201 1387 3469 1456 γεννήσας
3511 1386 3694 1439 αὐτόν.
3734 1387 3830 1438 Δέ-

2246 1475 2456 1528 δεικται
2504 1473 2613 1545 γὰρ
2660 1475 2743 1527 ὅτι
2803 1475 2941 1546 μετὰ
2972 1474 3063 1528 τὸν
3112 1475 3239 1528 Υίὸν
3277 1478 3310 1544 ἡ
3346 1475 3546 1540 κτίσις,
3598 1470 3667 1547 ἦς
3713 1477 3827 1529 ἐστι

2247 1566 2401 1631 Θεὸς,
2433 1566 2527 1620 καὶ
2569 1567 2704 1637 πρὸς
2734 1567 2801 1636 ἣν
2850 1569 3052 1622 νοεῖται
3100 1568 3320 1631 εἰκότως
3351 1566 3411 1620 τὸ
3442 1567 3539 1636 τῆς
3577 1567 3827 1638 θεότητος

2248 1658 2334 1711 ὗνο
2342 1676 2436 1728 μα.

2675 1771 2877 1825 ΑΛΛΟ.
2932 1768 3404 1836 Ἀποδεικτικῶς.

2248 1884 2375 1938 Ὀτι
2410 1885 2901 1954 πρεπωδέστερον
2939 1888 3005 1940 τὸ
3060 1890 3288 1955 Πατέρα
3325 1888 3567 1957 μᾶλλον
3621 1888 3827 1943 καλεῖν

2430 1978 2536 2031 τὸν
2579 1978 2749 2045 Θεὸν,
2784 1980 2820 2047 ἣ
2853 1979 3027 2033 τοῦτο
3060 1982 3207 2033 αὐτὸ
3250 1982 3441 2050 μόνον
3483 1982 3650 2034 Θεόν.

2318 2092 2381 2143 Ei
2415 2091 2490 2161 μὴ
2533 2092 2594 2143 τὸ
2628 2092 2815 2162 Πατὴρ
2857 2092 3030 2162 ὄνομα
3062 2093 3393 2164 κυριώτερόν
3425 2092 3542 2156 πώς
3586 2096 3703 2147 ἐστι
3734 2094 3831 2147 καὶ

2246 2181 2667 2252 ἀξιολογώτερον
2715 2184 2807 2235 ἐπὶ
2854 2184 2987 2236 Θεοῦ
3035 2185 3232 2256 ῆαὺτὸ
3276 2184 3340 2254 δὴ
3368 2184 3525 2237 τοῦτο
3564 2185 3623 2238 τὸ
3671 2185 3828 2252 Θεὸς,

2246 2272 2367 2324 ὅτου
2416 2271 2481 2341 δὴ
2533 2272 2693 2342 χάριν
2741 2273 2833 2324 ἐπὶ
2878 2273 2937 2326 τὸ
2977 2272 3260 2343 βαπτίζειν
3305 2274 3650 2327 ἀποστέλλων
3700 2275 3829 2339 τοὺς

2249 2363 2445 2418 ἑαυτοῦ
2485 2363 2733 2434 μαθητὰς
2757 2364 2784 2415 ό
2812 2364 3022 2433 Σωτὴρ,
3058 2364 3157 2416 οὐκ
3191 2362 3441 2416 ἐκέλευσε
3462 2363 3739 2433 βαπτίζειν
3759 2363 3829 2415 τὰ

2251 2456 2378 2526 ἔθνη
2408 2455 2488 2517 είς
2521 2454 2689 2525 ὄνομα
2713 2452 2871 2519 Θεοῦ,
2892 2456 2985 2507 καὶ
3002 2454 3155 2515 Υἱοῦ,
3186 2456 3279 2506 καὶ
3305 2454 3457 2522 ἁγίου
3488 2454 3826 2523 Πνεῦματος,

2253 2547 2389 2601 ἀλλὰ
2430 2546 2490 2599 τὸ
2539 2545 2900 2615 ἀληθέστερον
2946 2545 3225 2615 σημαίνων
3266 2547 3365 2615 τῆς
3419 2546 3566 2609 θείας
3612 2545 3828 2614 φύσεως

2247 2635 2498 2705 ἀξίωμα’
2546 2654 2564 2685 ι
2606 2633 2699 2696 El;
2726 2633 2965 2703 Πατέρα,
2994 2635 3147 2702 φησι,
3180 2634 3274 2686 καὶ
3317 2637 3398 2697 είς
3447 2635 3596 2697 Υίὸν,
3629 2636 3723 2689 καὶ
3746 2634 3827 2698 είς

2245 2728 2307 2780 τὸ
2337 2727 2561 2796 Πνεῦμα
2602 2726 2661 2778 τὸ
2705 2726 2892 2792 ἆγιον;
2943 2725 3003 2777 Ὁ
3037 2725 3094 2778 δέ
3125 2742 3189 2791 γε
3225 2725 3488 2790 Φίλιππος
3525 2728 3625 2797 τὴν
3654 2727 3824 2792 θείαν,

2249 2818 2314 2871 ἵν’
2345 2817 2517 2879 οὕτως
2540 2819 2700 2878 εἴπω,
2734 2816 3226 2886 περιεργαζόμενος
3252 2817 3435 2886 φύσιν,
3465 2817 3669 2886 ἔφασκε
3695 2819 3828 2888 πρὸς

2247 2908 2441 2962 αὐτόν·
2486 2928 2503 2959 ι
2544 2908 2725 2974 Δεῖξον
2756 2909 2889 2977 ἡμῖν
2920 2907 3013 2959 τὸν
3056 2908 3295 2979 Πατέρα.
3333 2928 3351 2959 ι
3399 2910 3560 2980 Ὁρᾷς
3585 2910 3734 2971 ὅπως
3765 2908 3825 2960 οὐ

2248 2998 2379 3051 Θεὸν
2406 2996 2657 3067 ὀνομάζει
2686 2995 2867 3059 πάλιν,
2893 2994 3029 3049 ἀλλὰ
3060 2997 3280 3068 Πατέρα
3307 2997 3465 3051 καλεῖ
3488 3014 3502 3063 ;
3522 2999 3642 3050 ’Καὶ
3666 2998 3827 3060 αὐτὸς

560 3088 614 3133 et
641 3094 747 3134 non
788 3080 927 3134 nosti
964 3094 1070 3145 me,
1124 3078 1410 3149 Philippe?
1438 3081 1539 3147 Qui
1589 3081 1720 3133 vidit
1757 3096 1864 3146 me,
1916 3081 2048 3134 vidit
2091 3089 2141 3135 et

2248 3089 2306 3142 δὲ
2333 3089 2467 3159 πρὸς
2491 3087 2645 3141 τοῦτό
2672 3104 2836 3159 φησιν
2857 3089 2884 3140 ὁ
2907 3087 3099 3158 Σωτήρ
3117 3102 3130 3116 ’
3158 3107 3175 3139 ι
3198 3088 3466 3142 Τοσοῦτον
3487 3088 3678 3158 χρόνον
3710 3088 3824 3159 μεθ’

564 3173 775 3228 Patrem
804 3174 903 3226 ⁸³⁸.»
938 3174 1148 3229 Rursus
1172 3188 1279 3227 non
1306 3174 1442 3227 dixit
1470 3174 1603 3228 vidit
1631 3174 1822 3236 Deum,
1884 3176 1979 3227 sed
2040 3174 2143 3227 Pa-

565 3274 724 3329 trem,
749 3264 800 3319 id
837 3266 979 3333 quod
1012 3264 1219 3332 majus,
1252 3280 1356 3319 non
1390 3267 1533 3334 quod
1580 3266 1762 3319 minus
1816 3275 1920 3330 est,
1950 3266 1998 3319 ei
2048 3265 2147 3318 tri-

565 3359 761 3412 buens.
796 3357 926 3413 Cum
956 3358 1101 3412 enim
1135 3367 1364 3413 vocatur
1403 3357 1585 3422 Pater,
1623 3372 1689 3411 ex
1740 3358 1945 3424 majore
1974 3366 2030 3411 et
2064 3357 2147 3412 di-

562 3451 771 3519 guiore,
807 3451 1062 3504 nimirum
1110 3449 1267 3514 Filio,
1301 3448 1663 3518 signiﬁcatur.
1700 3448 1929 3515 Quando
1965 3458 2146 3504 autem

562 3541 728 3609 Deus,
752 3558 817 3596 ex
848 3542 1142 3597 creaturis:
1176 3543 1317 3612 quod
1346 3542 1524 3597 minus
1547 3550 1649 3605 est,
1681 3550 1735 3595 et
1754 3541 1970 3610 quidem
1998 3549 2148 3595 tanto

563 3641 823 3699 quantum
857 3633 1081 3687 interest
1111 3631 1252 3686 inter
1273 3645 1492 3685 servam
1548 3637 1603 3687 et
1655 3629 1957 3695 dominum,
2013 3644 2148 3700 opus

563 3729 616 3772 et
646 3718 910 3790 opillcem.

1232 4002 1461 4059 ALIUD.

561 4116 692 4174 Cum
748 4121 1027 4191 manifesta
1060 4188 1081 4191 _
1109 4120 1551 4191 demonstratione
1611 4120 1750 4191 quod
1818 4120 2044 4186 primum
2074 4118 2140 4171 sit

634 4190 816 4255 Pater,
842 4188 1027 4245 deinde
1049 4188 1205 4252 Deus,
1231 4189 1437 4243 tametsi
1470 4190 1627 4244 etiam
1657 4189 1812 4243 sintut
1842 4197 2138 4256 utrumque.

630 4373 908 4439 Servator,
941 4389 1064 4429 cum
1091 4380 1308 4443 peracta
1351 4374 1655 4427 teconomia
1691 4380 1890 4428 nostra:
1922 4372 2133 4438 salutis,

2250 3179 2406 3249 ὑμῶν
2442 3180 2578 3248 είμι,
2608 3178 2703 3232 καὶ
2745 3178 2845 3231 οὐκ
2876 3178 3121 3246 ἔγνωκάς
3151 3196 3219 3249 με
3257 3180 3525 3245 Φίλιππες
3569 3181 3627 3234 '0
3658 3182 3826 3251 ἑωρα-

2250 3270 2360 3333 κὼς
2408 3270 2506 3339 ἐμὲ
2550 3268 2762 3331 ἑώρακε
2818 3269 2909 3321 τὸν
2954 3270 3193 3341 Πατέρα.
3242 3289 3259 3322 t
3309 3271 3478 3325 Πάλιν
3517 3272 3615 3325 οὐκ
3651 3268 3822 3335 εἶπεν,

2260 3354 2505 3428 Ἑώρακε
2534 3357 2625 3410 τὸν
2648 3357 2801 3420 Θεὸν,
2838 3357 2975 3411 ἀλλὰ
3003 3358 3094 3410 τὸν
3121 3359 3360 3430 Πατέρα,
3384 3360 3446 3412 τὸ
3470 3360 3658 3430 μεῖζον
3688 3363 3824 3414 ἀπο-

2248 3446 2428 3515 νέμων
2463 3444 2631 3515 αὐτῷ,
2682 3448 2775 3498 καὶ
2822 3446 2882 3499 οὑ
2915 3447 2976 3499 τὸ
3017 3446 3256 3502 ἔλαττον.
3288 3449 3415 3502 Ὅτε
3461 3450 3560 3519 μὲν
3587 3451 3697 3521 γὰρ
3726 3469 3827 3503 κα-

2247 3538 2418 3589 λεῖται
2471 3538 2685 3608 Πατὴρ,
2737 3539 2800 3590 ὲκ
2841 3538 2934 3590 τοῦ
2983 3539 3230 3609 μείζονος
3266 3540 3360 3593 καὶ⁹
3404 3540 3825 3613 ἁξιολογωτέρου

2251 3630 2590 3699 σημαίνεται,
2640 3629 2922 3681 τουτέστιν
2951 3630 3015 3681 ὲκ
3044 3629 3138 3683 τοῦ
3168 3629 3298 3682 Υίοῦ
3318 3647 3334 3662 ο
3362 3630 3449 3683 ὅτε
3480 3630 3538 3684 δὲ
3566 3632 3719 3695 Θεὸς,
3763 3634 3825 3685 ἐκ

2247 3721 2355 3773 τῶν
2391 3720 2711 3790 ποιημάτων
2732 3735 2747 3749 ·
2797 3721 2934 3789 ὅπερ
2983 3722 3131 3773 ἐστὶν
3159 3721 3407 3774 ἔλαττον·
3452 3723 3547 3777 καὶ
3575 3722 3827 3776 τοσοῦτον

2246 3814 2370 3865 ὅσον
2418 3812 2537 3864 ἐστὶ
2567 3812 2627 3864 τὸ
2680 3812 2883 3881 μεταξὺ
2919 3812 3107 3864 δούλου
3152 3812 3245 3867 καὶ
3272 3811 3555 3879 δεσπότου,
3602 3813 3825 3885 ποιητοῦ

2248 3904 2339 3957 καὶ
2368 3904 2688 3975 ποιήματος.

2923 4015 3012 4066 AA
3022 4015 3128 4069 ΛΟ.

2245 4125 2404 4178 Μετὰ
2425 4125 2659 4193 σαφοῦς
2674 4125 3055 4193 ἀποδείξεως,
3079 4126 3167 4181 ὅτι
3190 4127 3424 4196 πρῶτόν
3444 4129 3574 4183 ἐστι
3599 4132 3821 4201 Πατὴρ,

2510 4212 2636 4269 εἶτα
2670 4216 2833 4282 Θεὸς,
2866 4219 2919 4270 εί
2945 4217 3042 4271 καὶ
3073 4217 3194 4283 ἅμα
3224 4218 3545 4287 ἀμφότερα.

2317 4392 2444 4444 ’Ὁτε
2496 4392 2593 4461 τὴν
2648 4392 2771 4447 καθ’
2810 4393 2970 4465 ήμῶν
3015 4394 3419 4466 ἀποπληρώσας
3450 4398 3764 4468 οἰκονομίαν
3791 4401 3822 4453 ό

558 4475 680 4533 post
709 4480 924 4519 crucem
971 4464 1214 4518 ascendit
1254 4463 1321 4518 ad
1354 4463 1521 4519 cmlos
1547 4505 1562 4531 ,
1590 4466 1664 4519 ita
1696 4465 1988 4535 discipulos
2009 4480 2139 4520 suos

2244 4484 2435 4555 Σωτὴρ
2464 4457 2724 4553 ἠπείγετο
2765 4457 2903 4555 μετὰ
2928 4485 3020 4539 τὸν
3054 4457 3286 4559 σταυρὸν
3319 4457 3702 4557 είςγοὺρανοῦς,
3729 4490 3823 4542 λέ-

556 4566 643 4610 est
699 4556 965 4610 allocutus
991 4573 1003 4609 :
1033 4573 1050 4606 ι
1078 4556 1327 4611 Ascendo
1351 4560 1418 4610 ad
1446 4555 1660 4611 Patrem
1689 4574 1885 4625 meum,
1930 4567 1985 4613 et
2038 4557 2140 4613 Pa-

560 4661 696 4701 trem
728 4657 1063 4714 vestrum,et
1097 4650 1263 4703 Deum
1300 4666 1476 4705 meunt
1503 4661 1558 4704 et
1582 4649 1748 4705 Deum
1775 4659 2012 4706 vestrum
2036 4653 2133 4705 ⁸⁸.»

560 4738 794 4793 Videsne
829 4738 917 4792 hic
963 4737 1301 4793 manifestam
1336 4739 1617 4793 nominum
1670 4741 2078 4797 distinctionem
2116 4742 2139 4795 ?

557 4826 721 4882 Vides
751 4840 857 4897 quo
888 4837 1046 4897 pacto
1072 4828 1230 4883 Pater
1256 4829 1475 4900 quidem
1519 4831 1791 4887 referatur
1809 4833 1881 4887 ad
1914 4833 2132 4897 Filium,

560 4920 701 4975 Deus
750 4933 878 4973 vero
926 4919 993 4974 ad
1032 4920 1247 4975 servilia
1279 4931 1334 4978 et
1363 4926 1701 4980 creaturas?
1751 4923 2018 4992 Quocirca
2086 4927 2133 4982 si

556 5011 827 5079 posterior
880 5020 963 5067 est
1008 5014 1213 5068 creatio
1251 5024 1624 5069 creaturarum
1690 5034 1848 5086 quam
1903 5035 2132 5090 genera-

560 5105 634 5158 tio
667 5103 811 5168 Filii,
838 5105 1066 5173 primum
1105 5106 1207 5161 hoc
1239 5108 1400 5162 habet
1447 5111 1585 5178 quod
1618 5111 1692 5164 sit
1731 5109 1909 5177 Pater,
1945 5128 2134 5169 conse-

558 5210 733 5263 quens
766 5209 892 5249 vero
939 5198 1084 5266 quod
1127 5198 1199 5252 sit
1240 5199 1401 5254 Dens.
1449 5199 1587 5257 lliuc
1629 5217 1757 5257 vero
1794 5204 2133 5262 manifestius

556 5288 879 5342 ostendetur
949 5291 1422 5361 contentplatiOnis
1476 5294 1635 5365 hujus
1698 5298 1855 5355 ratio.
1896 5298 2135 5368 Dignita-

560 5388 666 5434 tem
706 5380 848 5433 enim
880 5396 1031 5436 snam
1066 5397 1183 5451 quae
1207 5386 1253 5438 ei
1298 5388 1617 5442 naturaliter
1660 5389 1821 5457 inest,
1880 5406 1991 5460 prae
2034 5392 2136 5445 im-

557 5485 740 5524 mensa
788 5487 883 5527 sua
916 5473 1250 5545 benignitate
1295 5480 1450 5535 nobis
1480 5484 1915 5549 communicans,
1947 5484 2134 5550 addit;

560 5581 577 5615 ι
604 5561 819 5621 Patrem
839 5577 1099 5622 vestrum:
1131 5568 1408 5640 ijadoptati
1433 5573 1575 5628 enim
1605 5589 1793 5629 sumus
1820 5590 1914 5643 per
1938 5575 2135 5645 ipsum,

2237 4593 2322 4643 γει
2358 4576 2494 4646 πρὸς
2527 4577 2653 4641 τοὺς
2701 4576 2897 4630 ἑαυτοῦ
2948 4577 3233 4650 μαθητάςο
3273 4596 3291 4629 ι
3342 4579 3645 4633 Ἀναϐαίνω
3687 4582 3824 4651 πρὸς

2236 4669 2328 4720 τὸν
2366 4667 2585 4739 Πατέρα
2644 4685 2745 4736 μου
2781 4668 2873 4721 καὶ
2922 4669 3140 4741 Πατέρα
3191 4669 3367 4738 ὑμῶν,
3417 4671 3509 4723 καὶ
3551 4670 3685 4724 Θεόν
3718 4689 3821 4738 μου

2236 4760 2331 4812 καὶ
2376 4758 2507 4813 Θεὸν
2545 4758 2723 4830 ὑμῶν.
2770 4780 2787 4812 t
2839 4761 3002 4831 Ὁρᾷς
3047 4762 3105 4815 ἐν
3148 4761 3322 4831 τούτῳ
3374 4762 3520 4832 σαφῆ
3569 4764 3669 4832 τὴν
3713 4764 3823 4817 τῶν

2233 4849 2516 4921 ὀνομάτων
2574 4850 2893 4923 διαστολήν;
2947 4854 3106 4925 Ὁρᾷς
3157 4854 3237 4906 ὄτι
3285 4856 3314 4907 ὁ
3364 4854 3552 4926 Πατὴρ
3602 4854 3705 4925 μὲν
3746 4855 3824 4919 ὡς

2241 4942 2376 5013 πρὸς
2409 4943 2535 4995 Υἱὸν
2578 4946 2801 5007 νοεῖται,
2834 4944 2966 5009 Θεὸς
3010 4945 3091 5007 δὲ,
3131 4943 3206 5007 ὼς
3243 4943 3379 5016 πρὸς
3420 4945 3489 4998 τὰ
3532 4945 3695 4999 δοῦλα
3729 4948 3823 5001 καὶ

2243 5035 2620 5105 πεποιημένα;
2663 5036 2872 5090 Οὐκοῦν
2900 5038 2950 5089 εί
2992 5035 3219 5106 δεύτερα
3260 5037 3360 5107 τῆς
3393 5041 3696 5108 γεννήσεως
3728 5038 3821 5091 τοῦ

2246 5124 2377 5179 Υίοῦ
2428 5128 2496 5181 τὰ
2531 5129 2833 5199 ποιήματα,
2883 5129 3096 5199 πρῶτον
3140 5127 3252 5199 ἔχει
3311 5129 3373 5182 τὸ
3421 5125 3558 5183 εἶναι
3609 5130 3820 5202 Πατὴρ,

2243 5218 2641 5272 ἐπακολουθοῦν
2666 5221 2723 5273 δὲ
2751 5220 2866 5291 ἅμα
2898 5222 2991 5275 καὶ
3022 5220 3084 5274 τὸ
3117 5216 3257 5274 εἶναι
3289 5220 3438 5285 Θεός.
3465 5221 3822 5293 Δειχθήσεται
3876 5244 3880 5249 ο

2234 5308 2290 5362 δὲ
2337 5308 2729 5381 ἀκριϐέστερον
2761 5312 3073 5384 ὲντεῦθενή
3121 5310 3214 5365 τοῦ
3258 5314 3525 5383 νοήματος
3568 5313 3819 5383 δύναμις.

2236 5398 2309 5450 Τὸ
2339 5400 2447 5470 γὰρ
2482 5401 2681 5471 προσὸν
2710 5402 2857 5472 αὑτῷ
2892 5403 3031 5457 κατὰ
3067 5403 3228 5472 φύσιν
3262 5402 3477 5473 ἀξίωμα
3525 5402 3823 5475 χαριζόμε-

2238 5509 2327 5554 νος
2374 5493 2506 5562 ἡμῖν
2551 5493 2639 5547 διὰ
2682 5493 2882 5565 πολλὴν
2936 5494 3372 5566 φιλανθρωπίαν,
3432 5495 3821 5566 προστέθεικεν

2238 5583 2338 5644 ὅτι,
2377 5603 2394 5633 ι
2432 5586 2524 5637 καὶ
2560 5586 2780 5656 Πατέρα
2813 5586 2967 5657 ὑμῶν
2990 5601 3004 5617 '
3052 5607 3069 5640 ι
3102 5586 3417 5658 κεκλήμεθα
3458 5588 3565 5659 γὰρ
3600 5589 3678 5653 είς
3708 5586 3820 5643 uio-

627 5744 672 5775 ⁸⁸
708 5741 863 5801 Joan.
905 5762 945 5817 t,
978 5747 1028 5802 5.
1107 5750 1150 5781 ⁵⁹
1190 5748 1379 5805 Matth.
1422 5765 1611 5819 xxvttt,
1657 5751 1741 5808 l9.
1821 5754 1863 5785 ⁶⁰
1904 5753 2057 5809 .loan.
2105 5771 2232 5826 xw,
2278 5761 2328 5814 8.
2407 5761 2448 5793 “
2494 5761 2623 5816 ibid.
2667 5763 2720 5818 9.
2783 5765 2844 5837 f'
2884 5763 3039 5820 Joan.
3082 5781 3173 5829 xx,
3222 5766 3325 5835 17.]
