4144 6534
571 328 631 377 'lt
1546 321 1605 377 S.
1642 321 1918 378 CYRIILI
1959 319 2428 378 ALEXANDRINI
2465 322 2787 379 ARCIIIEP.
3768 324 3845 379 72

571 449 690 503 quae
725 447 788 487 ex
818 433 985 487 nobis
1022 431 1174 501 ipsis.
1203 431 1338 485 Cum
1374 434 1537 503 igitur
1565 433 1733 491 Filius
1766 450 1870 488 non
1900 435 1970 487 sit
1995 447 2149 503 opus,

2273 435 2552 506 ;πειδήπερ
2573 436 2673 489 οὑκ
2695 436 2855 508 ἔργον
2876 437 3025 490 ἐστὶν
3052 438 3079 489 ὁ
3109 435 3257 499 Υἱὸς,
3287 433 3531 503 γέννημα
3553 431 3609 484 δὲ
3636 433 3847 502 μᾶλλον

571 528 664 582 sed
710 527 894 595 potius
930 525 1180 592 genimen
1231 527 1423 580 arterni
1488 528 1688 594 Patris,
1726 537 1947 597 paterna
1991 526 2151 579 etiam

572 616 847 669 nobilitate
894 616 1154 686 praeditus
1204 616 1331 682 erit,
1387 626 1620 672 aeternus
1675 618 1946 672 exsistens
1987 614 2155 670 Filius

574 716 631 759 ut
660 706 766 760 ille.

1239 814 1481 872 ALIUD.

643 929 721 985 Ne
766 930 931 986 nimis
985 931 1309 986 contentiosi
1362 945 1485 987 esse
1529 930 1842 993 videamur,
1898 931 2154 987 dabimus

574 1020 820 1075 hostibus
854 1021 953 1075 Dei
993 1022 1302 1077 dicentibus
1331 1024 1563 1076 activam
1603 1036 1726 1077 esse
1755 1026 2154 1091 generationem

578 1110 722 1177 Filii,
776 1113 919 1181 quod
975 1128 1080 1167 non
1131 1128 1198 1167 ex
1242 1113 1499 1181 passione
1533 1113 1782 1181 genuerit
1821 1112 2001 1166 Pater.
2050 1112 2155 1167 Sed

576 1204 1031 1272 quemadmodum
1084 1212 1167 1258 est
1223 1204 1422 1268 activa,
1461 1205 1531 1257 ita
1577 1203 1737 1257 etiam
1786 1206 2050 1260 naturalis
2105 1214 2158 1261 et

577 1295 901 1359 essentialis,
937 1306 989 1349 ct
1030 1295 1100 1349 ab
1134 1296 1414 1365 bypostasi
1459 1294 1575 1363 ejus
1616 1295 2011 1363 inseparabilis.
2056 1296 2159 1351 Ne-

578 1388 873 1442 cessarium
926 1388 1089 1457 igitur
1130 1391 1353 1443 omnino
1396 1398 1499 1452 est,
1542 1389 1749 1442 tametsi
1794 1387 1955 1442 Pater
1985 1389 2158 1444 active

579 1479 775 1534 Filium
836 1488 1080 1549 generet,
1147 1493 1269 1535 esse
1313 1479 1475 1548 plane
1520 1490 1850 1534 coaeternum
1904 1480 2155 1535 :dictum

579 1570 722 1624 enim
757 1580 840 1625 est
913 1572 1088 1639 ipsum
1125 1571 1348 1640 gignere
1378 1586 1405 1622 a
1446 1570 1666 1639 prOpria
1692 1571 1860 1640 ipsius
1884 1572 2159 1642 bypnstasi

580 1664 816 1731 separari
855 1678 959 1716 non
991 1677 1169 1731 posse.
1202 1662 1334 1716 Cum
1373 1677 1501 1717 vero
1529 1663 1643 1731 ejus
1684 1663 1991 1733 bypostasis
2020 1679 2160 1717 sem-

2255 525 2428 578 ἀϊδίου
2465 526 2698 597 Πατρὺς,
2730 528 2841 593 ἕξει
2880 527 3082 597 δηλαδὴ
3115 525 3208 579 τοῦ
3238 523 3489 589 τεκόντος
3532 522 3631 592 τὴν
3677 522 3847 590 εὐγέ-

2257 635 2426 685 νειαν,
2460 619 2630 684 ἀΐδιος
2661 620 2736 673 ὢν
2766 620 2841 684 ὡς
2871 622 3094 682 ἐκεῖνος.

2941 818 3150 872 ΑΛΛΟ.

2330 928 2447 982 Ἵνα
2493 930 2569 999 μὴ
2618 931 2823 1001 σφόδρα
2874 932 3168 998 φιλόνεικοι
3196 950 3339 996 τινες
3382 928 3521 986 εἶναι
3570 933 3842 1005 δοκῶμεν,

2257 1019 2641 1091 συνθησόμεθα
2688 1026 2801 1085 τοῖς
2848 1024 3240 1094 χριστομάχοις
3292 1024 3649 1096 ὲνεργητικὴν
3699 1022 3844 1080 εἶναι

2256 1112 2475 1180 λέγουσι
2503 1113 2601 1185 τὴν
2630 1115 2881 1185 γέννησιν
2908 1116 3003 1168 τοῦ
3037 1116 3189 1179 Υἱοῦ,
3223 1116 3311 1171 διὰ
3347 1118 3409 1170 rb
3442 1117 3516 1188 μὴ
3544 1119 3609 1170 ἐκ
3634 1118 3845 1181 πάθους

2256 1204 2538 1257 τετοκέναι
2563 1205 2654 1257 τὸν
2677 1206 2915 1275 Πατέρα.
2934 1206 3073 1259 Ἀλλ’
3098 1206 3287 1277 ὥσπερ
3312 1207 3459 1259 ἐστὶν
3489 1209 3841 1278 ένεργητικὴ,

2258 1296 2401 1350 οῦτω
2428 1296 2491 1367 δὴ
2520 1299 2720 1368 φυσική
2748 1315 2807 1350 τε
2829 1298 2921 1350 καὶ
2951 1296 3235 1367 οὑσιὼδης,
3256 1300 3349 1350 καὶ
3370 1298 3469 1368 τῆς
3491 1299 3845 1360 ὑποστάσεως

2260 1384 2839 1456 ἀχώριστος.Ἀνάγκη
2882 1385 3190 1456 τοιγαροῦν,
3223 1385 3326 1439 κᾶν
3376 1386 3511 1457 τέκῃ
3571 1386 3663 1440 τὸν
3717 1386 3845 1439 Υἱὸν

2256 1478 2628 1548 ὲνεργητικῶς
2658 1479 2686 1531 ὁ
2718 1477 2925 1547 Πατὴρ,
2954 1473 3091 1530 ε’ίναι
3118 1478 3332 1539 πάντως
3354 1477 3514 1531 αὑτὸν
3542 1478 3839 1531 ωναῖδιονθ

2262 1570 2587 1640 προείρηται
2615 1571 2724 1639 γὰρ
2756 1569 2839 1621 ὅτι
2861 1568 2961 1638 τῆς
2993 1569 3131 1631 ἰδίας
3162 1568 3512 1629 ὑποστάσεως
3540 1567 3845 1638 ἀχώριστον

2263 1664 2374 1734 ἔχει
2396 1664 2455 1716 rb
2480 1664 2704 1716 τίκτειν.
2733 1659 2914 1730 Οὔσης
2942 1660 2998 1713 δὲ
3026 1661 3112 1713 ἀεὶ
3138 1661 3239 1731 τῆς
3271 1661 3621 1723 ὑποστάσεως
3652 1660 3841 1723 αὑτοῦ,

578 1766 675 1820 ρει·
707 1752 796 1817 sit,
844 1752 950 1806 erit
991 1752 1155 1806 etiam
1192 1767 1409 1822 semper
1444 1768 1512 1807 ex
1556 1764 1749 1808 natura
1776 1755 1944 1824 ipsius
1970 1770 2160 1823 proce-

2273 1754 2401 1811 εἶναι
2438 1757 2519 1810 δεῖ
2549 1757 2762 1817 πάντως
2790 1754 2885 1807 καὶ
2924 1752 2984 1806 rb
3030 1752 3090 1818 ἐξ
3129 1753 3300 1825 αὐτῆς
3336 1752 3598 1824 προελθὸν
3629 1753 3844 1821 φύσεως

580 1847 712 1899 dens
749 1844 977 1900 fructus.
1015 1844 1295 1908 Quomodo
1340 1846 1506 1915 igitur
1550 1862 1655 1901 non
1701 1847 1806 1901 erit
1860 1855 2160 1902 coaeternus

2273 1849 2508 1918 ὑπάρχον
2555 1847 2788 1919 καρπός.
2820 1846 2944 1910 Πῶς
2997 1842 3091 1899 οῦν
3144 1846 3245 1899 οὑκ
3298 1845 3451 1899 ἔσται
3504 1844 3769 1907 συναῖδιος
3815 1846 3846 1897 ὁ

580 1935 781 1991 Filius?

1256 2048 1491 2105 ALIUD.

656 2163 852 2218 Videre
898 2172 979 2219 est
1017 2164 1071 2218 in
1110 2165 1178 2219 iis
1210 2179 1333 2233 qua:
1383 2178 1412 2216 a
1460 2164 1568 2217 Deo
1607 2173 1787 2217 creata
1829 2172 1976 2229 sunt,
2019 2165 2162 2234 quod

583 2271 921 2327 qnzecunque
987 2257 1278 2325 generandi
1340 2254 1653 2309 facultatem
1714 2256 1909 2323 partite
1967 2257 2166 2311 habent

587 2349 724 2421 (haec
748 2348 892 2400 enim
924 2362 1211 2415 corporum
1250 2346 1333 2399 lex
1365 2348 1492 2415 eet),
1534 2357 1589 2401 et
1622 2346 1838 2415 quando
1868 2345 1934 2398 ad
1962 2355 2163 2401 certam

584 2442 761 2496 :etatis
816 2454 1125 2494 mensuram
1177 2440 1549 2509 pervenerint,
1597 2447 1710 2493 tum
1766 2438 1995 2507 primum
2043 2446 2166 2493 actu

587 2548 849 2603 generare
875 2546 1053 2603 posse,
1084 2540 1141 2585 ut
1166 2531 1354 2595 homo,
1382 2533 1600 2585 brutum
1639 2528 1861 2593 animal,
1890 2537 1945 2582 et
1962 2528 2163 2597 planta.

589 2625 716 2679 "th
765 2624 909 2678 enim
958 2637 1080 2677 cum
1135 2623 1313 2677 adhuc
1352 2636 1515 2691 parva
1566 2620 1697 2685 sint,
1744 2634 1849 2673 non
1898 2621 2163 2689 gignunt:

588 2716 679 2771 ubi
716 2730 843 2770 vero
884 2714 1120 2784 perfeCta
1151 2723 1284 2768 actas
1322 2713 1573 2778 accessit,
1612 2712 1858 2781 gignunt.
1900 2712 2038 2778 Quid
2067 2713 2168 2782 igi-

588 2816 681 2862 tur
735 2805 1010 2862 obstiterit
1056 2806 1344 2875 quominus
1402 2803 1706 2857 substantia
1778 2801 1989 2863 Patris,
2047 2816 2168 2854 cum

588 2898 830 2970 perfecta
867 2898 957 2961 sit,
1003 2895 1253 2966 genuerit
1302 2909 1366 2949 ex
1405 2909 1465 2948 se
1513 2895 1651 2948 citra
1694 2902 1905 2963 tempus
1947 2902 2171 2947 cowter-

590 3007 717 3045 num
760 2988 862 3045 sibi
901 2986 1194 3057 genimen?
1234 2985 1420 3055 Neque
1455 2986 1600 3041 enim
1646 2984 1931 3054 quisquam
1976 2983 2173 3038 dixerit

588 3082 949 3138 substantiam
982 3080 1077 3135 Dei
1109 3077 1407 3149 perlectam
1442 3077 1498 3131 in
1544 3085 1788 3146 tempore
1818 3074 1986 3130 fuisse
2008 3092 2020 3129 :
2046 3090 2168 3129 cum

589 3189 806 3243 semper
853 3173 1043 3227 eodem
1089 3171 1249 3225 modo
1297 3184 1358 3224 se
1392 3168 1612 3235 habeat,
1664 3181 1839 3236 neque
1883 3176 2172 3234 augmento

591 3266 701 3321 ullo
730 3273 907 3335 egeat,
948 3278 1124 3333 neque
1162 3261 1333 3316 minui
1374 3260 1482 3315 ulla
1526 3260 1738 3314 ratione
1774 3258 1963 3325 possit.
2001 3255 2175 3325 Opor-

592 3360 698 3413 tuit
730 3357 919 3426 itaque
964 3354 1222 3410 demirari
1255 3367 1348 3408 eos
1396 3351 1501 3405 nisi
1543 3358 1870 3405 coaeternum
1906 3356 2026 3402 erat
2066 3346 2176 3401 Deo

595 3453 648 3508 id
683 3451 827 3521 quod
867 3465 934 3504 ex
966 3463 1030 3503 eo
1057 3446 1324 3517 procedit,
1372 3459 1480 3498 non
1523 3458 1590 3498 ex
1622 3440 1913 3497 contrariis
1946 3440 2176 3494 interro-

595 3558 726 3617 gare
756 3543 910 3607 illud,
953 3541 1181 3607 Quando
1204 3538 1394 3608 genuit
1423 3534 1656 3589 Filium?
1684 3533 1829 3587 Patri
1859 3533 2003 3586 enim
2038 3545 2176 3586 sem-

598 3652 695 3705 per
727 3634 1000 3704 perfecto,
1036 3628 1609 3686 convenientissimum
1648 3634 1733 3680 est
1770 3625 1838 3679 ab
1867 3634 2070 3678 aeterno
2108 3625 2179 3678 ci-

601 3743 682 3786 tra
707 3739 921 3799 tempus
947 3741 1230 3799 generare.

1273 3834 1504 3891 ALIUD.

669 3956 1076 4014 Contentiosius
1123 3954 1265 4021 fvero
1329 3946 1791 4017 interrogantibus
1839 3962 1853 3998 :
1897 3944 1978 3997 An
2023 3943 2183 3997 Pater

599 4052 895 4122 aliquando
930 4048 1184 4119 genuerit
1220 4042 1439 4105 Filium,
1484 4040 1643 4107 obiici
1682 4046 1879 4107 potest,
1918 4051 1983 4090 ac
2023 4035 2128 4089 dici
2165 4052 2178 4087 :

2262 1944 2389 2007 Υἱός
2410 1962 2423 2007 ;

2943 2055 3150 2107 ΑΛΛΟ.

2347 2168 2591 2239 Ὀρῶμεν
2620 2169 2676 2221 ὲν
2704 2168 2813 2231 τοῖς
2846 2165 3235 2237 πεποιημένοις
3279 2164 3427 2235 παρὰ
3451 2164 3623 2234 ζΘεοῦ,
3653 2164 3849 2235 ὅτιπερ

2263 2263 2365 2317 ὅσα
2397 2261 2491 2315 τοῦ
2520 2262 2714 2331 γεννᾷν
2746 2260 2845 2331 τὴν
2875 2260 3104 2329 δύναμιν
3130 2258 3243 2328 ἔχει
3279 2257 3697 2328 μεμερισμένως
3725 2251 3849 2327 (οὑ-

2266 2372 2357 2417 τος
2388 2354 2498 2424 γὰρ
2546 2354 2814 2424 σωμάτων
2852 2351 3058 2423 νόμος),
3094 2351 3189 2404 καὶ
3233 2351 3358 2403 ὅταν
3388 2352 3468 2412 εἰς
3500 2349 3697 2418 μέτρον
3727 2347 3850 2416 ἡλι-

2267 2448 2392 2511 κίας
2419 2446 2547 2517 ἔλθῃ
2574 2445 2824 2515 φανερὸν,
2848 2444 2969 2496 τότε
3000 2442 3095 2496 καὶ
3117 2441 3338 2512 ἐνεργὸν
3368 2442 3506 2510 ῖσχει
3533 2439 3594 2492 rb
3621 2438 3849 2499 τίκτειν,

2268 2532 2379 2591 οἷον
2407 2536 2709 2608 ἄνθρωπος,
2738 2534 2876 2600 ζῶον
2924 2534 3139 2601 ἄλογον,
3167 2532 3260 2585 καὶ
3305 2530 3489 2599 φυτόν.
3522 2527 3703 2582 Ταῦτα
3742 2526 3851 2595 γὰρ

2273 2627 2445 2700 μικρὰ
2472 2628 2622 2691 ὄντα,
2654 2627 2860 2680 τίκτειν
2890 2626 2950 2680 οὑ
2982 2625 3207 2679 δύναται
3227 2641 3241 2655 ·
3269 2622 3475 2675 τελειοὺ
3486 2638 3620 2691 μενα
3649 2619 3727 2684 δὲ,
3757 2619 3854 2671 καὶ

2270 2721 2427 2776 τοῦτο
2460 2724 2625 2775 ποιεῖ.
2657 2720 2721 2772 Τί
2746 2715 2839 2774 οὖν
2864 2719 3068 2772 ἐκώλυε
3091 2715 3300 2769 τελείαν
3343 2710 3509 2768 οὖσαν
3536 2712 3633 2783 τὴν
3666 2709 3855 2764 οὐσίαν

2269 2812 2365 2866 τοῦ
2389 2812 2599 2882 Πατρὸς
2620 2812 2823 2864 τίκτειν
2847 2811 2907 2863 rb
2928 2810 2986 2876 ἐξ
3017 2811 3189 2880 αὐτῆς
3211 2807 3454 2878 ἁχρόνως
3483 2806 3558 2869 ὼς
3587 2803 3856 2858 συναῖδιον

2273 2906 2440 2975 αὑτῇς
2496 2905 2570 2957 Ob
2604 2904 2713 2974 γὰρ
2740 2904 2911 2975 δήπου
2944 2905 3166 2972 φήσειεν
3192 2903 3258 2957 ἄν
3282 2919 3366 2964 τις
3397 2900 3473 2964 ὡς
3502 2900 3559 2953 ὲν
3588 2898 3763 2970 χρόνῳ
3791 2896 3859 2948 rb

2273 2997 2474 3049 τέλειον
2528 2995 2684 3065 ἔσχεν
2734 2998 2767 3065 ή
2823 2995 2918 3049 τοῦ
2968 2994 3183 3065 Πατρὸς
3232 2993 3412 3055 οὑσία,
3455 2992 3543 3045 ἀεὶ
3595 2988 3859 3050 ὡσαύτως

2275 3089 2492 3159 ἔχουσα,
2541 3088 2634 3140 καὶ
2684 3087 2808 3139 οῦτε
2869 3086 3186 3156 προσθήκης
3235 3085 3380 3147 τινὸς
3432 3083 3679 3153 δεομένη,
3732 3077 3859 3132 οὔτε

2282 3178 2504 3248 μείωσιν
2558 3178 2859 3247 ὑποστῆναι
2910 3177 3363 3247 δυναμένη.Ἔδει
3402 3173 3689 3243 τοιγαροῦν
3719 3173 3861 3225 ἀπο-

2278 3268 2575 3337 θαυμάζειν
2608 3266 2825 3331 αὑτοὺς,
2862 3268 2910 3319 εί
2943 3268 3018 3337 μὴ
3064 3267 3331 3319 συναῖδιον
3363 3261 3431 3335 ἦν
3462 3264 3539 3333 τῷ
3565 3263 3684 3331 Θεῷ
3712 3260 3770 3313 rb
3797 3261 3860 3327 ἐξ

2276 3358 2464 3423 αὑτοῦ,
2494 3361 2594 3411 οὑκ
2622 3359 2687 3411 ὲκ
2720 3359 2830 3412 τῶν
2869 3360 3129 3413 ἐναντίων
3166 3358 3450 3428 ἐπερωτᾷν
3490 3356 3571 3420 rb,
3602 3354 3737 3407 Πότε
3763 3370 3861 3420 γε-

2278 3454 2509 3522 γέννηκε
2538 3454 2628 3505 τὸν
2659 3454 2815 3515 Υίόν;
2846 3453 2935 3523 Τῷ
2965 3452 3075 3522 γὰρ
3105 3451 3191 3504 ἀεὶ
3224 3450 3415 3519 τελείῳ
3448 3448 3624 3517 Πατρὶ
3650 3446 3710 3499 rb
3734 3462 3863 3514 γεν-

2279 3545 2375 3614 νᾷν
2403 3543 2646 3615 ἀχρὸνως
2676 3543 3147 3614 πρεπωδέστατον.

2967 3824 3171 3877 ΑΛΛΟ.

2356 3941 2480 4003 Τοῖς
2512 3938 2809 4010 διερωτῶσι
2843 3936 3293 4007 φιλονεικώτερον
3314 3977 3329 4001 ,
3366 3936 3593 4004 πότερόν
3620 3954 3748 3990 ποτε
3770 3953 3865 4006 γε·

2284 4034 2515 4103 γέννηκε
2542 4033 2633 4083 τὸν
2674 4032 2799 4083 Υίὸν
2833 4032 2861 4083 ὁ
2888 4028 3097 4100 Πατὴρ,
3129 4027 3420 4081 ἀκόλουθον
3448 4029 3741 4082 ἀντιθεῖναι
3774 4034 3868 4084 καὶ

601 4119 827 4211 Quando
857 4140 997 4209 ignis
1026 4151 1186 4191 urere
1216 4132 1464 4202 coeperit.
1509 4130 1615 4185 Sed
1650 4144 1757 4183 non
1797 4135 2047 4197 poterunt
2079 4124 2170 4178 hu-

2282 4124 2493 4192 λέγειν’
2530 4123 2666 4175 Πότε
2711 4122 2771 4174 rb
2820 4121 2931 4190 πῦρ
2969 4120 3065 4173 τοῦ
3114 4120 3287 4173 καίειν
3320 4119 3556 4190 ἦρξατο;
3599 4120 3739 4173 Ἀλλ’
3772 4123 3871 4191 οὑχ

599 4237 688 4307 jus
734 4232 947 4289 initiuln
1000 4236 1305 4282 monstrare
1336 4242 1349 4278 :
1384 4221 1542 4277 simul
1595 4236 1661 4275 ac
1702 4220 1846 4274 enim
1886 4218 2059 4270 factus
2101 4226 2170 4269 esl

2285 4220 2579 4288 εὑρήσουσι
2627 4214 2795 4278 δεῖξαι
2831 4213 3040 4285 ,τούτου
3095 4213 3195 4282 τὴν
3231 4213 3437 4283 ἀρχὴν·
3493 4213 3608 4282 ἅμα
3650 4231 3710 4266 τε
3762 4214 3871 4285 γὰρ

606 4303 769 4393 ignis,
807 4318 999 4375 urendi
1033 4315 1261 4371 facultas
1291 4312 1340 4367 ei
1376 4311 1559 4366 infuit.
1605 4309 1662 4363 Si
1702 4322 1834 4376 ergo
1862 4304 2126 4360 creaturis
2150 4318 2170 4357 ε

2286 4310 2501 4379 ἐγένετο
2532 4308 2663 4379 πῦρ,
2696 4309 2789 4361 καὶ
2831 4303 2900 4378 ἦν
2928 4306 3241 4360 καυστικόν.
3273 4306 3335 4357 Et
3360 4304 3539 4358 τοίνυν
3566 4308 3678 4368 τοῖς
3720 4306 3875 4375 παρὰ

605 4416 718 4469 Deo
750 4412 907 4467 lactis
935 4416 991 4463 et
1024 4421 1166 4469 esse,
1202 4413 1256 4459 et
1285 4417 1350 4457 eo
1380 4403 1539 4457 modo
1567 4415 1690 4455 esse
1710 4402 1870 4464 inest,
1899 4396 2028 4467 quid
2055 4409 2170 4465 pro-

2285 4402 2421 4455 Θεοῦ
2456 4402 2841 4471 πεποιημένοις
2868 4399 3002 4469 ὁμοῦ
3038 4399 3133 4453 καὶ
3161 4398 3221 4451 rb
3248 4394 3387 4452 εἶναι
3419 4398 3511 4452 καὶ
3541 4398 3764 4451 τοιῶσδε
3795 4394 3876 4449 εἷ-

606 4505 816 4563 bibebit
861 4502 1155 4572 quominus
1212 4499 1478 4552 fateamur
1503 4493 1723 4548 Patrem
1773 4491 2029 4561 operibus
2072 4490 2170 4544 suis

2289 4512 2376 4547 ναι
2408 4492 2663 4563 ὑπάρχει,
2695 4492 2749 4543 τί
2797 4490 3029 4543 κωλύσει
3065 4488 3286 4559 μείζονα
3314 4489 3422 4542 τῶν
3449 4490 3665 4542 οἰκείων
3695 4489 3877 4559 ἔργων

609 4600 867 4667 majorem
924 4608 1066 4656 esse,
1125 4590 1395 4659 simulque
1449 4596 1505 4643 et
1553 4601 1701 4651 esse,
1760 4582 2063 4651 Filiumque
2120 4595 2170 4635 et

2287 4582 2568 4652 ὁμολογεῖν
2597 4576 2735 4633 εἶναι
2778 4580 2869 4631 τὸν
2919 4579 3156 4649 Πατέρα,
3187 4578 3323 4646 ὁμοῦ
3375 4577 3556 4632 καὶτὸ
3585 4573 3742 4642 εἶναι,
3782 4578 3877 4629 καὶ

608 4692 786 4761 seipse
815 4688 1055 4759 genitum
1092 4682 1329 4739 habere?

978 4832 1550 4930 ASSERTIO
1633 4834 1795 4925 VI.

610 4998 716 5070 43
741 4994 891 5062 Quod
918 4991 1081 5046 Pater
1102 4991 1231 5069 citra
1258 4985 1563 5065 divisionem
1581 4983 1785 5070 etcitra
1807 4982 2190 5051 corruptionem

998 5078 1062 5116 ex
1110 5061 1277 5127 seipso
1310 5055 1545 5126 genuerit
1580 5051 1801 5107 Filium.

1073 5171 1308 5241 Objectio
1345 5184 1410 5224 ea:
1448 5166 1733 5223 Eunomia.

684 5295 755 5349 At
786 5291 1077 5362 quomodo,
1112 5286 1309 5355 inquit,
1365 5298 1470 5339 non
1508 5282 1669 5337 fuerit
1710 5280 2071 5336 necessarium
2114 5277 2193 5331 fa-

615 5388 718 5443 teri
752 5385 1068 5439 diminutam
1115 5396 1234 5436 esse
1278 5378 1455 5432 Patris
1503 5375 1889 5436 substantiam,
1926 5373 1969 5425 si
2018 5387 2085 5426 ex
2126 5386 2190 5425 ea

618 5474 881 5545 processit
909 5470 1078 5526 Filius
1098 5469 1249 5539 quasi
1290 5484 1417 5538 pars
1452 5466 1697 5536 quadam
1733 5462 1850 5529 ejus
1881 5461 2191 5517 exsistens?

620 5572 677 5625 Si
713 5578 893 5623 autem
915 5565 1079 5631 vultis
1104 5563 1254 5629 Patri
1283 5559 1776 5616 immutabilitatem
1804 5571 2041 5619 servare,
2076 5555 2193 5607 nul-

622 5665 767 5733 lique
821 5658 1179 5716 Imminutioni
1246 5656 1539 5709 obnoxium
1610 5658 1884 5713 statuere,
1954 5648 2192 5703 fatemini

621 5751 1025 5811 etiam‘Filium
1079 5765 1182 5805 non
1236 5762 1356 5803 esse
1412 5752 1624 5811 partem
1683 5740 1997 5796 subatantiac
2050 5739 2189 5805 eius,

2288 4673 2380 4726 rbv
2415 4674 2541 4726 Υίὸν
2568 4672 2759 4741 ἔχοντα
2790 4670 3065 4741 γεννητῶς
3094 4670 3152 4736 ἐξ
3180 4668 3413 4735 ἐαυτοῦς

2790 4816 3155 4900 ΛΟΓΟΣ
3229 4812 3369 4911 εἷ’.

2294 4979 2422 5031 Ὀτι
2450 4979 2483 5030 ὁ
2499 4973 2704 5042 Πατὴρ
2731 4974 3065 5042 ἁμερίστως
3091 4974 3189 5026 καὶ
3221 4974 3527 5041 ἀρεύστως
3547 4973 3877 5043 ἐγέννησεν

2744 5046 2813 5109 ἐξ
2856 5045 3074 5097 ἑαυτοῦ
3110 5046 3217 5096 τὸν
3266 5044 3421 5098 Υἱόν.

2564 5162 2891 5225 Ἀντίθεσις
2928 5160 3007 5224 ὠς
3044 5159 3111 5212 ἐκ
3150 5158 3267 5211 τῶν
3302 5158 3618 5226 Εὐνομίου.

2366 5277 2477 5330 Καὶ
2509 5272 2647 5341 πῶς,
2679 5275 2863 5345 φησὶν,
2896 5274 2996 5326 οὑκ
3042 5274 3340 5341 ἀναγκαῖον
3386 5270 3671 5342 ὁμολογεῖν
3716 5271 3865 5340 ἠλατν

2294 5368 2502 5423 τῶσθαι
2531 5368 2626 5421 τοῦ
2648 5367 2860 5437 Πατρὸς
2886 5366 2983 5435 τὴν
3005 5366 3214 5431 οὐσίαν,
3253 5365 3411 5436 εἴπερ
3457 5361 3518 5428 ἐξ
3547 5363 3717 5433 αὑτῆς
3745 5380 3872 5433 προ-

2294 5462 2458 5532 ῆλθεν
2489 5462 2518 5514 ὁ
2545 5460 2675 5523 Υἱὸς
2701 5461 2866 5531 μέρος
2895 5457 3082 5528 ὥσπερ
3107 5475 3159 5510 τι
3191 5456 3475 5526 τυγχάνων
3498 5454 3699 5523 αὑτῆς’;
3734 5454 3797 5505 Εἰ
3825 5453 3879 5505 δὲ

2299 5552 2552 5623 βούλεσθε
2597 5551 2659 5604 rb
2702 5551 2968 5619 ἄτρεπτον
3000 5551 3188 5622 τηρεῖν
3218 5547 3293 5618 τῷ
3333 5546 3509 5618 Πατρὶ
3551 5545 3645 5599 καὶ
3676 5544 3739 5598 rb
3770 5546 3882 5598 ἄνω

2299 5644 2507 5698 κεῖσθαι
2544 5644 2643 5714 τῆς
2691 5642 3058 5705 ἐλαττώσεως,
3111 5642 3172 5694 οὑ
3213 5636 3617 5709 παραιτήσεσθε
3666 5638 3882 5705 φρονεῖν

2297 5741 2369 5804 ὡς
2415 5740 2513 5793 οὑκ
2544 5739 2607 5792 ἂν
2640 5739 2721 5799 εἴη
2772 5737 2935 5798 μέρος
2964 5736 2991 5787 ὁ
3022 5734 3144 5797 Tib;
3178 5732 3276 5795 τῆς
3309 5732 3494 5793 οὐσίας
3544 5727 3729 5783 αὑτοῦ.
3761 5727 3884 5781 οὐδὲ
