4144 6556
242 401 313 458 73
1650 383 2092 445 TIIESAURUS.
3431 388 3499 443 74

244 515 305 583 ἐξ
337 512 531 579 αὺτοῦ,
571 512 686 567 ἀλλ’
719 510 940 579 ἔξωθεν,
967 509 1062 564 καὶ
1082 511 1222 565 κατὰ
1242 510 1467 580 δύναμιν
1495 507 1592 578 τὴν
1617 509 1674 560 ἐν
1705 508 1824 577 βου-

1941 518 2103 573 teque
2141 517 2206 559 ex
2238 502 2355 571 ipso
2385 514 2527 567 esse,
2581 501 2673 555 sed
2718 504 3059 559 extrinsecus
3103 508 3158 557 et
3201 502 3496 558 secundum

244 608 401 677 λήσει
438 605 576 678 μόνῃ
598 603 696 674 τὴν
728 602 1058 674 συνύπαρξιν
1088 601 1219 673 ἔχει.

725 820 885 886 Πρὸς
922 814 1096 872 τοῦτο
1132 820 1333 883 λύσις.

323 932 554 1003 Μικρὸν,
588 923 633 983 ὧ
658 930 927 1001 βέλτιστε,
965 928 1160 983 σαυτὸν
1187 930 1299 983 ἄνω
1330 929 1598 997 σωμάτων
1620 927 1711 999 ἔχε
1732 929 1823 981 καὶ

244 1023 352 1076 τῶν
384 1024 509 1093 περὶ
537 1023 606 1076 τὰ
634 1022 861 1091 σώματα
891 1020 1108 1074 παθῶν·
1141 1020 1267 1090 περὶ
1293 1019 1429 1073 Θεοῦ
1463 1020 1571 1088 γὰρ
1593 1020 1622 1072 ὁ
1644 1020 1821 1087 λόγος.

243 1115 305 1166 Εί
353 1114 463 1182 γὰρ
509 1112 609 1166 οίει
656 1111 909 1181 καθάπερ
939 1109 1225 1181 ἄνθρωπον
1257 1109 1506 1162 τίκτοντα
1549 1108 1641 1162 τὸν
1690 1107 1823 1161 Θεὸν

242 1204 592 1258 ἐλαττοῦσθαί
621 1221 734 1267 πως
760 1204 879 1265 ταῖς
911 1202 1251 1273 ἀποῤῥοίαις,
1292 1201 1386 1255 καὶ
1411 1201 1534 1270 δίχα
1565 1200 1709 1263 τινὸς
1730 1200 1825 1270 ζη-

247 1295 376 1363 μίας
415 1293 489 1364 μὴ
531 1292 791 1346 δύνασθαι
832 1288 990 1345 τοῦτο
1020 1294 1215 1356 ποιεῖν,
1252 1291 1604 1364 μεριζόμενον
1636 1291 1824 1362 ὥσπερ

241 1387 322 1448 είς
353 1385 448 1437 τὸν
475 1384 535 1448 ἐξ
560 1385 723 1437 αὐτοῦ
770 1382 1102 1455 προελθόντα
1145 1383 1340 1451 Λόγον,
1365 1384 1417 1436 τί
1459 1382 1699 1437 κωλύσαι
1727 1381 1825 1452 τὴν

242 1475 413 1546 αὐτὴν
460 1477 758 1544 ἐπαγαγεῖν
807 1474 1176 1545 βλασφημίαν,
1208 1475 1301 1526 καὶ
1352 1474 1447 1526 ἐπὶ
1488 1476 1600 1534 τοῖς
1647 1472 1827 1532 ἄλλοις

243 1570 416 1623 ἅπασι
469 1570 583 1631 τοῖς
632 1567 930 1638 προσοῦσιν
974 1566 1155 1637 αὐτῷ;
1201 1567 1262 1619 Εἰ
1294 1564 1404 1636 γὰρ
1430 1565 1507 1627 ὼς
1541 1563 1827 1633 ἄνθρωπος

240 1659 417 1712 τίκτει
450 1658 706 1729 ρευστῶς,
736 1658 1129 1729 δημιουργήσει
1154 1658 1247 1709 καὶ
1274 1655 1349 1718 ὡς
1378 1654 1661 1725 ἄνθρωπος
1688 1652 1827 1722 μετὰ

243 1751 431 1804 πόνου.
461 1750 525 1802 Et
570 1750 627 1803 δέ
659 1749 815 1805 τοῦτο
843 1751 1043 1805 ἄτοπον
1079 1748 1177 1814 (οὐ
1207 1746 1313 1817 γὰρ
1365 1746 1440 1808 ὡς
1483 1743 1767 1815 ἄνθρωπος
1798 1743 1826 1795 ὁ

1924 594 2233 650 facultatem
2298 595 2411 649 sive
2454 592 2748 661 potentiam
2790 608 2910 662 quae
2959 594 3011 647 in
3062 593 3176 649 sola
3224 591 3501 650 voluntate

1920 698 2021 752 est,
2053 686 2405 742 coexsistere.

2410 820 2631 890 {Salutio
2667 820 2989 892 objectiom’s.

1994 934 2157 991 Paulo
2187 934 2372 998 altius,
2417 934 2558 988 bone
2590 933 2696 997 vir,
2737 946 2899 1001 supra
2946 945 3173 1003 corpora
3209 926 3505 1002 eorumque

1923 1025 2237 1081 affectiones
2265 1033 2500 1080 mentem
2531 1022 2721 1079 attolle
2754 1041 2767 1077 :
2798 1023 2863 1079 de
2895 1023 3004 1078 Deo
3037 1023 3180 1077 enim
3212 1023 3270 1077 lit
3300 1036 3499 1077 sermo.

1924 1116 1983 1172 Si
2012 1116 2155 1171 enim
2191 1130 2384 1170 censes
2418 1114 2531 1171 Deo
2560 1115 2787 1183 perinde
2825 1122 2988 1184 atque
3019 1114 3221 1167 homini
3255 1113 3306 1167 in
3339 1127 3502 1182 gene-

1926 1209 2098 1263 rando
2127 1207 2328 1276 aliquid
2360 1208 2649 1272 decedere,
2697 1222 2876 1277 neque
2905 1206 2957 1260 id
2997 1205 3176 1260 facere
3210 1219 3367 1273 posse
3397 1205 3503 1258 nisi

1926 1300 2127 1370 aliquid
2147 1300 2225 1355 illi
2247 1301 2524 1370 depereat,
2561 1301 2635 1356 ita
2660 1309 2719 1355 ut
2746 1299 3141 1370 quodammodo
3164 1299 3217 1353 in
3247 1298 3503 1362 Verbum,

1926 1392 2069 1460 quod
2101 1406 2166 1447 ex
2196 1392 2312 1460 ipso
2332 1391 2595 1461 procedit,
2622 1390 2916 1458 dividatur,
2932 1390 3056 1459 quid
3078 1390 3349 1444 obstiterit
3369 1403 3507 1459 quo-

1931 1481 2109 1536 minus
2140 1482 2385 1536 eamdem
2412 1481 2804 1552 blasphemiam
2846 1482 2912 1535 ad
2956 1481 3192 1551 reliquas
3229 1480 3346 1550 ejus
3378 1494 3505 1548 pro-

1928 1573 2185 1642 prietates
2216 1573 2735 1629 accommodemus?
2781 1572 2837 1627 Si
2882 1574 3025 1627 enim
3058 1588 3152 1642 per
3184 1570 3385 1626 ﬂuxum
3429 1571 3508 1640 gi-

1927 1665 2043 1734 gnit
2084 1673 2143 1720 ut
2185 1665 2368 1728 homo,
2406 1666 2613 1720 creabit
2643 1666 2807 1720 etiam
2846 1674 2902 1719 ut
2942 1665 3102 1719 homo
3130 1679 3251 1719 cum
3301 1662 3505 1719 labore.

1928 1754 1999 1809 At
2026 1755 2069 1811 si
2104 1755 2153 1809 id
2178 1755 2473 1810 absurdum
2496 1765 2578 1810 est
2606 1755 2808 1827 (neque
2825 1757 2968 1810 enim
2996 1757 3136 1812 Deus
3167 1758 3241 1813 ita
3265 1765 3324 1811 ut
3347 1756 3509 1813 homo

242 1841 375 1904 Θεὸς
403 1840 785 1913 δημιουργεῖ),
830 1838 951 1893 οὐδὲ
990 1838 1065 1902 ὠς
1090 1837 1373 1907 ἄνθρωπος
1405 1836 1512 1907 ἄρα
1551 1835 1822 1905 γεννήσει,

1941 1853 2082 1900 :reat
2102 1845 2143 1916 ),
2175 1859 2353 1916 neque
2376 1844 2544 1915 igitur
2572 1847 2752 1916 gignet
2782 1856 2839 1900 ut
2866 1847 3051 1912 homo,
3082 1849 3176 1902 sed
3214 1848 3507 1902 humanam

238 1932 379 1987 ἀλλὰ
407 1933 505 2003 τὴν
536 1931 827 2004 ἀνθρώπου
848 1932 1010 1999 φύσιν
1035 1931 1138 1983 κάν
1161 1927 1335 1999 τούτῳ
1360 1926 1523 1981 πάλιν
1548 1922 1820 1995 ἀναϐήσε-

242 2044 352 2092 ται,
387 2024 595 2094 γεννῶν
621 2024 958 2097 ἀμερίστως.

951 2139 1154 2191 ΑΛΛΟ.

312 2252 377 2305 EI
408 2250 658 2323 καθάπερ
688 2249 970 2322 ἄνθρωπος
1003 2248 1177 2302 τίκτει
1202 2247 1356 2311 Θεὸς,
1388 2245 1682 2318 ἐργάζεται
1731 2243 1825 2297 καὶ

241 2343 319 2407 ὥς
347 2344 651 2412 ἄνθρωπος.
682 2344 792 2397 Καὶ
821 2342 1120 2411 ἐπειδήπερ
1144 2342 1303 2412 ἡμεῖς
1334 2338 1466 2409 ὕλης
1486 2335 1827 2407 παρακειμέ-

245 2451 345 2505 νης
369 2434 511 2498 τινὸς
539 2434 629 2487 διὰ
657 2435 925 2501 κινήσεως
970 2430 1167 2502 χειρῶν
1212 2428 1581 2499 ἀποτελοῦμεν
1619 2445 1672 2479 τι
1723 2425 1830 2478 τῶν

247 2528 349 2580 ὅσα
402 2528 577 2579 ποιεῖν
624 2525 947 2596 βουλόμεθα,
981 2525 1124 2578 οὕτω
1173 2524 1267 2599 καί.
1310 2523 1463 2585 Θεός.
1516 2521 1579 2573 Et
1616 2518 1675 2571 δέ
1707 2517 1834 2587 δίχα

246 2617 447 2688 χειρῶν
493 2617 587 2670 καὶ
628 2616 762 2686 ὕλης
795 2617 860 2668 ἐκ
904 2614 997 2669 τοῦ
1169 2614 1322 2677 ὄντος
1350 2614 1429 2676 είς
1481 2611 1541 2665 τὸ
1584 2606 1722 2663 εἶναι
1764 2608 1833 2661 τὰ

247 2707 427 2760 πάντα
463 2706 606 2776 λόγῳ
655 2706 918 2775 παράγει,
946 2705 1044 2773 τὴν
1091 2702 1379 2773 ἀνθρώπου
1430 2702 1593 2771 φύσιν
1643 2699 1831 2763 νικῶν,

244 2797 460 2869 νικήσει
492 2797 711 2859 πάντως
741 2797 912 2866 αὐτὴν
945 2797 1038 2849 καὶ
1066 2796 1197 2866 περὶ
1226 2795 1316 2848 τὸν
1342 2793 1435 2848 τοῦ
1470 2795 1664 2865 γεννᾷν
1707 2792 1833 2864 τρό-

248 2904 350 2941 πον
357 2927 370 2941 ο

942 2995 1144 3048 AAAO.

318 3106 401 3160 Τὰ
452 3105 745 3176 συνέχοντά
792 3120 934 3169 τινα,
986 3107 1149 3160 οἱονεὶ
1200 3106 1386 3177 κύκλῳ
1442 3104 1833 3176 περιτετάσθαι

1926 1947 2175 1992 naturam
2222 1938 2389 1992 etiam
2437 1937 2490 1991 in
2542 1936 2646 1993 hoc
2680 1938 2999 2007 superabit,
3047 1951 3313 2007 generatis
3370 1938 3508 1993 citra

1927 2027 2270 2085 divisionem.

2610 2141 2837 2199 ALIUD.

1999 2256 2058 2312 Si
2084 2258 2226 2313 Deus
2253 2256 2424 2328 gignit
2449 2255 2640 2312 eadem
2665 2255 2876 2311 ratione
2903 2269 3007 2324 qua
3036 2256 3221 2322 homo,
3250 2264 3511 2327 operatur

1929 2349 2095 2404 etiam
2145 2358 2206 2404 ut
2249 2350 2433 2405 homo.
2470 2348 2536 2403 Et
2584 2364 2707 2404 cum
2736 2349 3011 2419 proposita
3053 2349 3236 2418 aliqua
3284 2350 3511 2404 materia

1933 2440 2262 2495 adminiculo
2288 2455 2543 2494 manuum
2575 2455 2639 2496 ea
2663 2455 2783 2510 qua:
2810 2439 3058 2495 volumus
3082 2439 3411 2509 perﬁcimns,
3438 2440 3512 2493 ita

1933 2544 2064 2601 ergo
2090 2532 2256 2587 etiam
2307 2532 2470 2586 Deus.
2521 2531 2593 2586 At
2640 2532 2688 2586 si
2744 2531 2886 2587 Deus
2931 2533 3136 2603 absque
3164 2530 3415 2587 manibus
3459 2542 3514 2586 et

1939 2623 2164 2677 materia
2211 2637 2277 2678 ex
2327 2622 2495 2677 nihilo
2532 2632 2727 2678 cuncta
2777 2624 2944 2679 verbo
2988 2625 3055 2679 ad
3101 2638 3227 2680 esse
3260 2624 3508 2689 traducit,

1938 2715 2225 2768 humanam
2255 2724 2504 2768 naturam
2539 2713 2695 2781 longe
2730 2727 3018 2785 superans,
3040 2716 3206 2770 etiam
3240 2714 3516 2785 superabit

1938 2800 2109 2869 ipsam
2144 2800 2196 2854 in
2221 2802 2510 2871 generandi
2542 2801 2724 2857 modo.

2612 3002 2839 3058 ALIUD.

2011 3115 2084 3170 Ea
2117 3130 2237 3185 quae
2267 3116 2369 3169 alia
2403 3116 2457 3170 in
2483 3130 2540 3170 se
2571 3119 2873 3182 continent,
2906 3132 3131 3173 necesse
3160 3126 3242 3174 est
3269 3125 3329 3172 ut
3352 3117 3518 3173 veluti

249 3200 467 3263 πάντως
496 3200 793 3266 ἀναγκαῖον
823 3198 932 3252 τῶν
951 3197 1051 3251 ὅσα
1080 3197 1313 3269 συνέχει.
1337 3197 1410 3250 Τὸ
1437 3196 1494 3250 δέ
1524 3198 1602 3259 είς
1630 3194 1829 3249 κύκλον

1941 3207 1992 3262 in
2028 3208 2213 3262 orbem
2252 3206 2596 3271 circumjecta
2641 3208 2751 3261 sint
2783 3208 3035 3263 omnibus
3087 3208 3154 3264 iis
3188 3223 3308 3277 qua:
3347 3208 3521 3263 conti-

250 3288 588 3345 ἐκτείνεσθαι
634 3289 902 3358 σωμάτων
933 3289 1082 3343 ῖδιον.
1116 3289 1241 3351 Πῶς
1272 3283 1365 3341 οὖν
1400 3288 1470 3340 τὰ
1503 3288 1680 3340 πάντα
1711 3303 1833 3340 συν-

251 3381 364 3453 έχει
407 3383 437 3435 ὁ
482 3381 614 3444 Θεὸς
663 3382 949 3451 ἀσώματος
1003 3381 1099 3445 ὣν,
1132 3383 1226 3435 καὶ
1272 3381 1360 3434 διὰ
1408 3378 1564 3433 τοῦτο
1612 3378 1746 3449 μηδέ
1775 3379 1832 3431 ἐν

250 3473 403 3545 τόπῳ
429 3472 663 3527 νοεῖσθαι
692 3471 1023 3543 δυνάμενος;
1061 3472 1221 3525 Ἀλλά
1256 3472 1467 3541 συνέχει
1504 3471 1604 3539 τὴν
1628 3471 1686 3522 ἐν
1706 3469 1833 3522 τούς

252 3581 366 3629 τοις
397 3563 718 3618 ἀκολουθίαν
758 3562 833 3627 ὡς
877 3562 1029 3625 Θεὸς,
1066 3563 1390 3616 ἀναϐαίνων.
1422 3563 1537 3615 Οὐκ
1582 3560 1690 3631 ἄρα
1724 3561 1836 3623 τοῖς

257 3653 582 3727 σωματικῶν
613 3653 959 3708 ὑποκείσεται
983 3654 1169 3722 νόμοις
1185 3669 1198 3682 ·
1222 3650 1419 3707 οὐκοῦν
1441 3651 1560 3704 οὐδὲ
1579 3650 1653 3713 ὡς
1677 3649 1838 3719 σῶμα

256 3747 530 3817 γεννήσει.

953 3859 1156 3912 AAAO.

331 3976 405 4028 Τδ
433 3977 491 4029 ἐν
518 3977 683 4030 πᾶσιν
709 3974 769 4027 δν
806 3974 898 4026 καὶ
928 3972 1016 4025 διὰ
1046 3973 1264 4026 πάντων
1293 3970 1497 4041 διῆκον,
1533 3970 1841 4041 συμπλέκε-

262 4068 384 4122 σθαι
415 4071 528 4133 τοῖς
557 4069 723 4121 πᾶσιν
755 4069 1070 4135 ἀναγκαῖον.
1111 4065 1265 4119 Οῢτω
1293 4066 1400 4135 γὰρ
1436 4064 1501 4117 ἂν
1533 4064 1618 4133 εἴη
1664 4064 1756 4117 καὶ
1785 4064 1843 4117 ἐν

263 4162 445 4217 πᾶσιν.
490 4158 627 4213 Ἀλλ’
656 4159 717 4212 οὐ
768 4156 1181 4228 συμπεπλέχθαι
1229 4157 1327 4228 μὲν
1373 4156 1470 4227 τὴν
1518 4156 1705 4209 οὐσίαν
1747 4153 1841 4207 τοῦ

254 4251 394 4305 Θεοῦ
423 4254 489 4323 τῇ
520 4249 764 4322 ποικιλίᾳ
786 4249 894 4302 τῶν
922 4251 978 4302 ἐν
1005 4249 1194 4320 κόσμῳ
1224 4248 1491 4317 σωμάτων
1518 4248 1845 4317 ὁμολογήσο-

264 4362 398 4414 μεν*
441 4344 591 4415 μένει
622 4342 729 4412 γὰρ
765 4341 847 4409 ἐφ’
873 4341 1070 4410 ἐαυτῆς
1102 4340 1322 4410 καθαρά
1350 4358 1407 4393 τε
1447 4342 1539 4392 καὶ
1566 4341 1666 4409 τῆς
1709 4341 1845 4411 πρὸς

258 4436 450 4506 ἕτερον
488 4434 793 4500 κοινωνίας,
820 4434 1169 4505 ἀσύμπλοκος
1199 4435 1444 4504 φυσικῶς
1466 4451 1478 4464 ·
1530 4436 1705 4505 διήκει
1734 4435 1789 4487 δὲ
1820 4438 1847 4488 ὀ

1943 3309 2091 3353 nent.
2138 3298 2209 3352 At
2233 3313 2362 3353 vero
2392 3299 2445 3352 in
2477 3297 2663 3353 orbem
2708 3297 2851 3352 ﬂecti
2887 3306 3049 3367 atque
3078 3299 3292 3353 extendi
3329 3312 3523 3367 corpo-

1944 3405 2060 3444 rum
2087 3398 2190 3443 est.
2213 3388 2329 3456 Quo
2357 3398 2516 3457 pacto
2544 3388 2706 3457 igitur
2732 3388 2912 3442 omnia
2936 3388 3182 3442 continet
3205 3388 3365 3453 Deus,
3394 3403 3522 3443 cum

1942 3482 2013 3536 sit
2043 3481 2409 3549 incorporeus,
2439 3478 2550 3551 ﬂ
2582 3488 2744 3549 atque
2773 3479 2841 3533 ob
2866 3478 2917 3534 id
2957 3494 3023 3533 ne
3070 3479 3121 3533 in
3159 3478 3274 3533 loco
3304 3478 3522 3548 quidem

1943 3586 2065 3625 esse
2102 3570 2325 3640 intelligi
2364 3571 2573 3639 possit?
2603 3568 2710 3624 Sed
2744 3570 2987 3624 continet
3027 3570 3272 3624 ordinem
3318 3585 3522 3637 rerum,

1946 3671 2004 3716 ut
2028 3662 2192 3726 Deus,
2222 3662 2633 3716 transcendens.
2658 3658 2774 3714 Non
2809 3660 2991 3730 itaque
3019 3661 3295 3729 corporeis
3316 3661 3526 3731 legibus

1947 3752 2247 3823 subjacebit
2276 3765 2291 3806 :
2324 3765 2455 3823 ergo
2485 3766 2661 3821 neque
2690 3760 2749 3806 ut
2785 3766 2982 3821 corpus
3013 3750 3314 3822 generabit.

2625 3858 2852 3916 ALIUD.

2020 3972 2078 4028 Id
2107 3973 2249 4043 quod
2291 3972 2344 4029 in
2388 3973 2640 4030 omnibus
2672 3972 2887 4029 exsistit
2922 3980 3224 4040 cunctaque
3263 3981 3529 4041 permeat.

1950 4065 2196 4121 connecti
2224 4064 2476 4120 omnibus
2502 4078 2728 4119 necesse
2759 4072 2862 4118 est.
2899 4062 2977 4117 ita
3006 4062 3150 4119 enim
3189 4062 3244 4115 in
3282 4063 3532 4117 omnibus

1952 4156 2136 4213 fuerit.
2164 4156 2431 4213 Caeterum
2462 4165 2803 4226 nequaquam
2838 4154 3126 4210 fatebimur
3166 4154 3260 4209 Dei
3284 4154 3533 4209 substan-

1955 4250 2084 4305 tiam
2147 4249 2315 4304 variis
2379 4249 2561 4303 mundi
2624 4248 2951 4318 corporibus
3000 4261 3302 4302 connexam
3358 4261 3530 4302 esse:

1955 4352 2140 4399 manet
2172 4342 2317 4397 enim
2342 4342 2427 4395 illa
2465 4342 2517 4396 in
2551 4354 2609 4396 se
2637 4355 2773 4411 pura
2804 4350 2858 4394 et
2890 4338 3177 4405 naturalis,
3211 4353 3331 4393 cum
3364 4338 3535 4393 altero

1955 4436 2310 4491 connexionis
2353 4449 2593 4504 expers;
2644 4442 2888 4503 permeat
2918 4440 3095 4486 tamen
3136 4431 3315 4485 omnia
3355 4431 3536 4485 admi-

265 4527 365 4597 μέν
402 4526 490 4579 διὰ
529 4525 749 4579 πάντων
800 4524 1119 4595 παραδόξως
1153 4525 1247 4578 καὶ
1278 4526 1553 4596 ἀρρήτως.
1592 4525 1703 4578 Οὐκ
1742 4525 1835 4597 ἄρα

1958 4527 2127 4582 rando
2174 4527 2406 4597 quodam
2459 4535 2621 4594 atque
2674 4522 2929 4579 ineﬂ‘abili
2976 4523 3154 4577 modo.
3207 4522 3321 4578 Non
3376 4523 3537 4592 igitur

260 4618 385 4679 ταῖς
414 4617 681 4685 σωμάτων
723 4614 1065 4678 ἀκολουθίαις
1096 4615 1466 4669 ὑποκείσεται.
1501 4616 1698 4686 Διόπερ
1727 4616 1847 4668 οὖδέ

262 4707 408 4762 κατὰ
440 4707 539 4779 τὴν
563 4706 670 4760 τῶν
708 4706 978 4777 σωμάτων
1010 4705 1173 4775 φύσιν
1198 4707 1467 4776 γεννήσει.

943 4842 1148 4897 ΔΔΛΟ.

338 4956 402 5008 ΕΞ
450 4953 651 5018 απλοῦς
691 4956 786 5007 καὶ
831 4953 1123 5017 ἀσύνθετός
1156 4954 1273 5005 ἐστι
1318 4952 1413 5006 καὶ
1456 4953 1654 5006 νοεῖται
1695 4950 1849 5018 Θεος,

268 5047 388 5109 πῶς
437 5046 727 5117 διαφόρους
786 5046 884 5101 καὶ
935 5045 1184 5109 ποικίλας
1236 5045 1348 5115 ἔχει
1397 5045 1496 5108 τὰς
1551 5045 1849 5115 ἐνεργείας,

269 5136 439 5189 πολλὰ
485 5137 804 5208 ποιημάτων
838 5136 954 5206 εἴδη
996 5136 1141 5189 κατὰ
1185 5137 1412 5206 καιροὺς
1455 5136 1850 5206 ἐργαζόμενος;

269 5228 335 5280 Ei
361 5226 418 5280 δέ
450 5227 602 5280 οὐδὲν
631 5229 709 5290 εἰς
738 5226 800 5279 τὸ
827 5226 1031 5289 ἁπλοῦς
1060 5223 1197 5280 εἶναι
1224 5226 1551 5302 βλαβήσεται
1582 5224 1856 5293 διαφόρως

270 5320 332 5371 ἐν
369 5320 582 5390 ἑκάστῳ
617 5319 726 5371 τῶν
759 5318 928 5372 ὄντων
961 5319 1219 5386 ἐνεργῶν,
1256 5320 1376 5373 ἐπεὶ
1418 5318 1493 5389 μὴ
1529 5317 1667 5369 κατὰ
1700 5314 1858 5384 σῶμά

273 5413 445 5475 ἐστιν,
478 5412 588 5463 ἄνω
617 5409 887 5481 σωμάτων
922 5410 1014 5462 καὶ
1048 5412 1105 5464 ὲν
1133 5410 1211 5481 τῷ
1240 5411 1433 5480 γεννᾷν
1461 5408 1721 5461 κείσεται.

539 5613 868 5682 Ἀντίθεσις
904 5616 985 5682 ὡς
1021 5617 1090 5670 ἐκ
1130 5616 1248 5669 τῶν
1287 5617 1611 5686 Εὑνομίου.

348 5724 413 5777 El
466 5723 738 5794 βούλεσθε,
766 5727 921 5798 φησι,
953 5727 1045 5789 τὸν
1074 5726 1200 5779 Υίὸν
1248 5728 1313 5779 ἐκ
1358 5726 1458 5796 τῆς
1505 5725 1600 5778 τοῦ
1651 5726 1861 5817 Πατρδς

1956 4632 2242 4687 corporum
2294 4615 2617 4671 connexittni
2665 4614 2939 4681 subjectus
2993 4621 3099 4667 est.
3167 4610 3308 4682 Ergo
3362 4624 3539 4683 neque

1954 4708 2107 4777 juxta
2134 4722 2422 4778 corporum
2459 4715 2707 4761 naturam
2741 4704 3042 4773 generabit.

2636 4838 2867 4895 ALIUD.

2031 4956 2088 5009 Si
2118 4954 2345 5025 simplex
2363 4963 2417 5009 et
2445 4967 2551 5008 non
2572 4953 2905 5022 compositus
2924 4961 3011 5007 est
3030 4960 3193 5019 atque
3222 4948 3542 5017 intelligitur

1962 5047 2124 5111 Dens,
2151 5062 2258 5116 quo
2290 5056 2448 5115 pacto
2480 5046 2721 5100 diversas
2755 5044 3042 5113 variasque
3069 5043 3228 5096 habet
3270 5038 3541 5109 operatio-

1964 5155 2080 5203 nes,
2136 5138 2331 5193 multas
2354 5149 2731 5195 creaturarum
2764 5139 2973 5209 species
3004 5152 3099 5206 per
3123 5145 3365 5206 tempora
3409 5149 3541 5205 ope-

1966 5230 2136 5284 rans?
2166 5228 2223 5285 Si
2260 5245 2388 5285 vero
2424 5230 2637 5287 diversa
2681 5232 2797 5301 ejus
2822 5232 2875 5285 in
2902 5228 3126 5298 singulis
3157 5216 3405 5299 Operatio
3436 5243 3541 5283 non

1968 5319 2192 5389 impedit
2219 5319 2510 5389 quominus
2556 5322 2785 5390 simplex
2817 5321 2907 5384 sit,
2945 5334 3068 5374 cum
3114 5336 3218 5375 non
3248 5320 3543 5376 secundum

1967 5424 2163 5479 corpus
2218 5409 2472 5474 exsistat,
2522 5426 2811 5482 corporum
2870 5412 3033 5468 etiam
3082 5412 3451 5470 conditionem
3486 5410 3541 5466 in

1968 5502 2276 5570 generando
2314 5503 2613 5573 superabit.

2492 5619 2729 5689 Objectio
2762 5614 3027 5679 Eunomii.
3068 5618 3085 5640 "
3103 5620 3123 5632 ”

2044 5730 2102 5785 Si
2152 5730 2353 5799 velitis,
2405 5731 2603 5802 inquit,
2656 5731 2850 5789 Filium
2900 5750 2966 5790 ex
3021 5731 3197 5803 Patris
3246 5729 3549 5788 substantia

275 5814 466 5880 οὐσίας
498 5818 903 5890 προεληλυθότα
919 5819 1119 5886 λέγειν,
1141 5819 1356 5890 ἀνάγκη
1388 5820 1650 5890 πρότερον
1676 5814 1835 5891 ὁμολο

1974 5824 2323 5893 processisse,
2356 5824 2630 5881 fatendum
2656 5828 2877 5883 omnino
2902 5834 2984 5882 est
3016 5840 3137 5881 cum
3170 5825 3323 5894 prius
3354 5822 3409 5874 in
3429 5819 3549 5890 ipso

601 5906 881 5975 Ρηιιοι.
922 5912 1043 5973 Gtt.
1075 5911 1322 5973 LXXV.

3154 5914 3190 5974 3
