4144 6514
600 356 671 410 75
1634 350 1689 401 S.
1734 344 2009 402 CYRILLI
2050 346 2516 401 ALEXANLRINI
2560 346 2877 401 ARCHIEP.
3800 345 3874 404 76

600 466 893 523 ex’stitisse.
922 466 995 519 Ita
1017 465 1161 520 enim
1184 478 1250 518 ex
1279 477 1343 519 eo
1366 470 1698 534 processisse
1722 467 2010 523 videbitur.
2036 470 2106 523 At
2129 469 2173 524 si

2280 468 2399 538 γεῖν
2426 464 2855 537 προϋποκεῖσθαι
2876 462 3061 514 τοῦτον
3088 462 3144 514 ἐν
3172 460 3342 531 αὐτῷ.
3369 459 3526 513 Οὕτω
3548 459 3657 532 γὰρ
3684 460 3750 533 δὴ
3774 462 3873 516 καὶ

602 559 794 612 Filium
829 556 1010 621 Pater,
1042 556 1357 623 nullumque
1398 554 1562 607 alium
1596 564 1716 623 post
1745 571 1867 611 eum
1894 559 2177 628 geniturus

599 657 681 703 est
701 646 1036 716 (unigenitus
1058 646 1201 699 enim
1226 647 1354 714 est),
1370 658 1590 698 necesse
1612 654 1693 700 est
1716 647 2034 715 utzdicamus
2054 663 2176 703 eum

598 738 893 806 generandi
922 746 1189 807 potestate
1222 737 1488 804 privatum
1529 752 1674 802 esse,
1729 748 1889 805 atque
1920 753 1984 793 ex
2024 748 2179 809 parte

600 829 967 895 imminutum,
1001 828 1183 898 genito
1218 829 1387 884 semel
1418 828 1579 896 Filio,
1615 844 1793 900 neque
1840 830 2072 901 amplius
2123 831 2177 886 in

601 934 667 975 eo
698 929 754 974 ut
785 921 938 990 prius
964 919 1277 975 exsistente.

1271 1116 1496 1172 Salutio.

669 1252 881 1309 Rursus
910 1267 971 1306 ea
1012 1267 1130 1319 qua:
1158 1252 1475 1321 corporibus
1508 1253 1726 1323 propria
1772 1264 1900 1309 sunt
1935 1255 2026 1310 Dei
2085 1271 2181 1310 na-

600 1351 737 1397 tura:
759 1343 1031 1397 ascribere
1054 1357 1155 1395 non
1181 1341 1497 1396 erubescis?
1523 1342 1710 1411 Neque
1726 1344 1869 1397 enim
1902 1354 1959 1398 ut
1984 1360 2183 1416 corpus

602 1436 654 1489 in
682 1450 925 1503 corpore,
953 1435 1023 1488 ita
1056 1434 1248 1487 Filium
1275 1435 1326 1487 in
1353 1434 1514 1490 Patre
1543 1436 1809 1490 contineri
1837 1439 2181 1507 cogitandum

602 1536 702 1580 est.
733 1526 918 1593 Neque
970 1524 1423 1594 quemadmodum
1450 1542 1568 1595 quae
1610 1542 1674 1580 ex
1708 1528 1863 1581 nobis
1892 1529 2184 1598 gignuntur

600 1618 653 1668 in
686 1623 967 1683 parentum
997 1614 1449 1683 lumbisjacuisse
1471 1617 1783 1681 creduntur,
1805 1616 1877 1669 ita
1900 1616 1969 1671 de
1998 1617 2186 1672 divino

597 1704 867 1774 genimine
902 1705 1243 1760 sentiendum
1273 1714 1376 1759 est.
1424 1704 1482 1760 Si
1530 1706 1653 1775 quis
1681 1707 1824 1762 enim
1849 1721 1915 1764 eo
1948 1709 2184 1764 audaciae

2281 557 2341 621 ἐξ
2381 555 2544 611 αὐτοῦ
2578 555 2857 627 προελθὼν
2907 554 3166 623 φαίνοιτο.
3203 554 3313 605 Καὶ
3346 554 3395 605 εί
3427 553 3518 606 τὸν
3551 552 3679 606 Υἱδν
3708 553 3871 621 ἐγέν-

2281 666 2443 721 νησεν
2467 651 2495 702 6
2527 648 2738 719 Πατήρ,
2773 648 2868 700 καὶ
2913 647 3100 717 ἕτερον
3126 646 3214 698 ἐπ’
3247 644 3397 716 αὐτῷ
3430 644 3622 699 οὐδένα
3654 646 3874 710 τέξεται

2282 739 2603 811 (μονογενὴς
2621 738 2777 811 γὰρ),
2798 737 3116 811 ἀφῃρῆσθαι
3149 737 3245 790 καὶ
3267 737 3431 791 αὑτὸν
3452 737 3666 806 ἀνάγκη
3690 736 3876 804 λέγειν

2280 832 2381 901 τῆς
2409 830 2734 900 γεννητικῆς
2761 829 3065 901 δυνάμεως,
3091 829 3435 899 ήλαττῶσθαι
3466 829 3523 883 δὲ
3553 829 3649 884 καὶ
3678 830 3743 883 ἐκ
3768 829 3873 900 μέ-

2283 940 2431 994 ρους,
2461 922 2817 994 γεννηθέντος
2850 922 2998 989 ἀπαξ
3043 921 3137 976 τοῦ
3174 921 3307 975 Υίοῦ
3346 922 3442 977 καὶ⁵
3490 923 3689 994 μηκέτι
3718 922 3876 986 δντος

2281 1015 2341 1067 ἐν
2369 1013 2519 1085 αὐτῷ
2544 1012 2795 1085 καθάπερ
2830 1014 2927 1068 και)⁸
2958 1013 3245 1086 πρότερον.

2767 1125 2925 1194 Πρὸς
2961 1126 3139 1180 τοῦτο
3175 1127 3374 1193 λύσις.

2352 1256 2523 1311 Πάλιν
2551 1257 2620 1309 τὰ
2652 1256 2920 1326 σωμάτων
2946 1258 3055 1311 ίδια
3084 1261 3151 1331 τῇ
3188 1260 3283 1313 τοῦ
3311 1260 3446 1315 Θεοῦ
3476 1260 3634 1332 φύσει
3664 1280 3879 1335 περιτι-

2284 1348 2400 1412 θεὶς
2424 1349 2523 1402 οὑκ
2551 1349 2837 1421 ἐρυθριᾷς;
2871 1350 2946 1403 Οὐ
2972 1351 3079 1421 γάρ
3108 1352 3359 1422 καθάπερ
3390 1356 3550 1425 σῶμα
3578 1357 3635 1408 ἐν
3660 1355 3876 1427 σώματι

2283 1441 2375 1494 τὸν
2421 1441 2551 1494 Υίὸν
2609 1444 2667 1495 ἐν
2722 1442 2896 1511 ΙΙατρὶ
2955 1443 3167 1496 κεῖσθαι
3220 1444 3427 1499 δίκαιον
3482 1449 3704 1504 ἐννοεῖν.
3736 1450 3873 1504 Οὐδὲ

2285 1531 2474 1603 ὥσπερ
2515 1533 2582 1585 τά
2634 1532 2692 1598 ἐξ
2737 1532 2895 1603 ήμῶν
2930 1533 3249 1604 γεννώμενα
3290 1540 3355 1606 τῇ
3404 1538 3513 1590 τῶν
3560 1539 3874 1607 γεννώντων

2284 1623 2447 1691 ὀσφύϊ
2476 1624 2824 1695 περιέχεσθαι
2853 1625 3132 1681 πιστεύειν
3162 1628 3457 1698 εὐπρεπὲς,
3484 1631 3627 1686 οὕτω
3657 1633 3750 1687 καὶ
3778 1634 3873 1687 ἐπὶ

2285 1715 2378 1769 τοῦ
2405 1716 2551 1769 θείου
2573 1718 2912 1787 γεννήματος
2943 1701 3260 1788 φρονητέον.
3284 1722 3346 1773 Εἰ
3372 1723 3479 1792 γάρ
3502 1741 3583 1787 τις
3612 1726 3692 1789 είς
3715 1726 3875 1779 τοῦτο

596 1797 903 1865 proruperit
947 1807 1007 1851 ut
1056 1797 1123 1852 ad
1183 1812 1473 1866 corporum
1528 1798 1805 1853 miseriam
1857 1799 2173 1855 ineffabilem

2285 1808 2568 1880 προϐαίνει
2591 1809 2798 1880 τόλμης
2822 1810 2898 1873 ὡς
2924 1811 3004 1873 είς
3026 1811 3127 1883 τὴν
3153 1812 3265 1866 τῶν
3288 1814 3557 1883 σωμάτων
3582 1816 3872 1887 ἀθλιότητα

595 1885 691 1938 Dei
736 1886 1028 1940 essentiam
1076 1887 1384 1956 protrudat,
1414 1885 1547 1955 quid
1577 1888 1846 1942 obstiterit
1888 1891 2175 1956 quominus

595 1989 663 2027 ne
688 1988 976 2043 generasse
999 1975 1215 2043 quidem
1249 1973 1465 2029 Patrem
1505 1976 1836 2031 contendat?
1878 1977 1986 2049 45
2023 1978 2175 2044 Quod

598 2065 854 2117 nimirum
892 2078 1089 2132 parere
1123 2064 1284 2117 matri
1311 2065 1494 2133 potius
1527 2081 1689 2134 quam
1712 2066 1831 2121 viro
1850 2070 2178 2123 conveniat?

594 2155 727 2209 Cum
763 2170 890 2210 vero
920 2154 1062 2209 Deus
1112 2157 1466 2226 incorporeus
1506 2156 1599 2223 sit,
1641 2172 1812 2227 neque
1858 2158 2177 2215 differentiis

593 2262 715 2315 qum
744 2248 795 2300 in
827 2262 1053 2316 corpora
1088 2248 1288 2302 cadunt
1310 2248 1580 2302 obnoxius
1612 2248 1926 2317 (masculus
1954 2252 2096 2304 enim
2124 2260 2178 2305 et

596 2338 797 2390 femina
832 2347 1040 2391 tantum
1068 2338 1121 2393 in
1152 2338 1341 2393 formis
1365 2341 1644 2408 corporeis
1672 2341 2047 2413 quaeruntur),
2081 2346 2175 2398 sed

596 2428 858 2498 simplicis
884 2430 1325 2500 incorporeaeque
1351 2442 1577 2497 naturaa,
1596 2442 1650 2488 et
1680 2448 1830 2488 mens
1861 2435 2172 2502 purissima,

591 2535 713 2575 eam
743 2522 811 2575 ob
839 2536 1081 2586 causam,
1120 2524 1333 2590 opinor,
1380 2524 1424 2578 si
1458 2524 1580 2593 quis
1623 2528 2027 2594 generationem
2058 2544 2177 2595 qnze

596 2610 706 2665 Deo
739 2610 993 2665 convenit
1024 2613 1352 2682 investigare
1378 2614 1528 2677 velit,
1552 2613 1937 2668 fecunditatem
1975 2631 2095 2685 quae
2128 2622 2175 2667 in

593 2712 776 2759 mente
797 2703 1046 2759 consistit
1071 2705 1417 2759 considerare
1448 2705 1623 2773 debet,
1659 2715 1824 2774 atque
1851 2707 1975 2760 hinc
1997 2708 2178 2775 potius

591 2794 755 2850 Verbi
807 2796 1207 2865 generationem
1254 2811 1597 2867 comparare,
1643 2814 1751 2852 non
1783 2808 1963 2853 autem
1998 2799 2177 2855 dicere

591 2888 762 2942 Deum
814 2888 992 2942 minus
1032 2902 1154 2943 esse
1225 2886 1511 2943 fecundum
1558 2905 1722 2959 quam
1766 2891 1875 2945 sint
1923 2906 2171 2960 corpora.

590 2979 779 3048 Neque
792 2980 933 3033 enim
952 2988 1010 3033 ut
1030 2993 1229 3049 corpus
1247 2989 1490 3047 generat,
1512 2981 1779 3050 siquidem
1802 2991 1857 3037 et
1880 2984 2173 3038 humanam

589 3081 828 3125 mentem
881 3071 1102 3141 gignere
1131 3071 1364 3125 dicimus
1390 3073 1744 3139 cogitationes
1768 3073 1959 3145 bonas.
1994 3075 2174 3131 Bonus

2279 1898 2378 1970 τὴν
2412 1900 2651 1971 ἀρῥητον
2680 1898 2776 1953 τοῦ
2803 1899 2939 1952 Θεοῦ
2964 1902 3297 1973 καταφέρειν
3326 1906 3538 1970 οὐσίαν,
3562 1907 3614 1960 τί
3640 1908 3871 1962 κωλύσει

2280 1991 2456 2059 λέγειν
2492 1993 2625 2063 μηδὲ
2654 1992 2788 2056 ὅλως
2821 1996 3211 2066 γεγεννηκέναι
3260 1997 3349 2050 τὸν
3399 1999 3660 2069 Πατέρα;
3718 2001 3872 2054 Ἐπεὶ

2279 2083 2340 2136 τὸ
2370 2084 2574 2137 τίκτειν
2609 2085 2779 2156 μητρὶ
2834 2086 3037 2155 μᾶλλον
3086 2087 3118 2158 ἢ
3163 2088 3324 2159 ’ἀνδρὶ
3376 2091 3869 2163 πρεπωδέστερονς

2293 2174 2508 2244 Ἐπειδὴ
2554 2175 2611 2228 δὲ
2657 2174 2780 2228 οὔτε
2822 2177 2983 2249 σῶμα
3034 2178 3188 2243 Θεὸς,
3219 2178 3343 2232 οὔτε
3394 2180 3501 2251 μὴν
3544 2181 3643 2250 τὴν
3675 2182 3732 2234 ἐν
3758 2185 3873 2246 τοῖς

2282 2264 2527 2335 σώμασιν
2564 2265 2676 2335 ἔχει
2703 2266 2964 2339 διαφορὰν
2993 2269 3180 2337 (ἄρσεν
3212 2268 3318 2339 γάρ
3346 2271 3442 2323 καὶ
3474 2270 3606 2341 θῆλυ
3633 2272 3789 2343 μόνον
3811 2274 3871 2325 ἐν

2278 2358 2391 2418 τοῖς
2438 2356 2547 2409 τῶν
2598 2358 2867 2426 σωμάτων
2914 2360 3159 2431 ζητεῖται
3200 2363 3534 2431 σχήμασιν),
3574 2364 3778 2427 ἁπλοῦς
3812 2364 3871 2417 δὲ

2280 2448 2373 2500 καὶ
2409 2446 2716 2517 ἀσώματος,
2770 2451 2865 2503 καὶ
2912 2451 3043 2504 αὐτὸ
3068 2452 3151 2522 ,δὴ
3197 2452 3355 2506 τοῦτο
3411 2454 3537 2518 νοῦς
3576 2458 3604 2508 6
3656 2457 3870 2511 πάντων

2278 2537 2685 2607 καθαρώτατος,
2717 2541 2807 2594 διά
2857 2542 3061 2612 ταύτην
3113 2539 3268 2614 οἶμαι
3314 2545 3413 2617 τήν
3462 2546 3641 2601 αἰτίαν
3674 2548 3872 2619 χρῆναι

2276 2631 2384 2683 δεῖν
2407 2632 2532 2695 τοὺς
2556 2633 2669 2685 ὅσοι
2699 2634 2797 2704 τὴν
2830 2636 2917 2687 ἐπ’
2946 2635 3110 2688 αὑτοῦ
3141 2637 3399 2707 γέννησιν
3442 2638 3718 2705 ἐξετάζειν
3743 2640 3873 2711 βού-

2275 2721 2477 2787 λονται,
2504 2723 2604 2786 τὰς
2645 2726 2708 2777 ἐκ
2740 2724 2835 2779 νοῦ
2876 2727 3256 2798 καρποφορίας
3288 2728 3492 2796 ζητεῖν,
3524 2731 3618 2783 καὶ
3646 2732 3873 2798 ταύταις

2282 2814 2481 2886 μᾶλλον
2510 2816 2788 2887 ἐξομοιοῦν
2812 2818 3126 2887 ἐπείγεσθαι
3152 2818 3244 2873 τοῦ
3269 2820 3445 2889 Λόγου
3468 2822 3565 2891 τὴν
3591 2824 3868 2895 γέννησιν,

2278 2905 2373 2957 καὶ
2405 2904 2478 2975 μή
2506 2905 2685 2973 λέγειν
2732 2907 2999 2977 σωμάτων
3030 2906 3370 2980 ἀγονώτερον
3400 2904 3539 2963 εἶναι
3564 2911 3715 2979 Θεὸν,
3746 2913 3872 2967 ἐπεὶ

2282 2996 2356 3068 μὴ
2391 2998 2466 3061 ὡς
2500 2998 2659 3068 σῶμα
2699 3001 2881 3070 γεννᾷ.
2914 3001 3112 3071 Γεννᾷν
3151 3000 3253 3071 μὲν
3274 3001 3382 3073 γὰρ
3406 3002 3502 3055 καὶ
3539 3003 3629 3057 τὸν
3656 3004 3869 3075 ἀνθρὼ-

2277 3103 2430 3141 πινον
2478 3087 2604 3142 νοῦν
2653 3090 2872 3153 πάντως
2904 3092 2971 3145 ἂν
3012 3092 3452 3163 ὁμολογήσαιμεν
3485 3094 3869 3167 διαλογισμοὺς

589 3161 733 3215 enim
764 3162 867 3228 vir,
894 3162 1069 3230 inquit
1094 3160 1374 3227 SerVator,
1417 3176 1449 3217 e
1488 3165 1652 3219 corde
1682 3167 1889 3233 profert
1926 3169 2062 3222 bona
2102 3170 2167 3222 ⁸³.

2277 3176 2535 3245 ἀγαθούς.
2594 3180 2727 3232 Ἀπὸ
2762 3181 2871 3251 γὰρ
2896 3181 2995 3251 τῆς
3021 3160 3250 3253 καρδίας
3276 3184 3305 3235 6
3332 3160 3535 3253 ἀγαθὸς
3557 3160 3868 3257 ἄνθρωπος,

591 3249 651 3305 Si
669 3265 796 3320 ergo
821 3251 1045 3321 impium
1066 3261 1150 3306 est
1173 3252 1354 3307 dicere
1373 3264 1605 3308 mentem
1625 3257 1917 3312 humanam
1942 3258 2172 3314 fructum

590 3342 796 3394 nullum
834 3340 1096 3409 proferre,
1147 3356 1267 3396 cum
1322 3343 1374 3397 id
1426 3344 1686 3402 Dominus
1724 3349 1837 3417 ipse
1871 3360 2094 3406 testetur
2123 3362 2178 3408 et

593 3446 680 3485 res
734 3432 845 3501 ipsa
898 3434 1107 3501 probet,
1142 3449 1249 3505 quo
1300 3445 1457 3504 pacto
1513 3452 1618 3491 non
1671 3441 1961 3495 absurdum
2016 3443 2176 3499 fuerit

590 3522 773 3575 dicere
830 3538 1136 3590 supremam
1194 3525 1435 3579 omnium
1510 3538 1743 3583 mentem
1804 3532 2172 3600 infrugiferam

592 3627 733 3677 esse,
771 3622 824 3668 et
846 3613 1179 3671 fecunditate
1211 3632 1331 3687 quae
1359 3621 1408 3674 ei
1436 3623 1687 3676 convenit
1719 3624 1974 3693 privare;
2004 3639 2096 3679 aut
2128 3627 2173 3680 si

592 3706 795 3772 dicant,
831 3720 1115 3776 generare,
1156 3712 1431 3780 corporeis
1475 3712 1680 3783 legibus
1708 3716 1979 3785 subjicere
2014 3730 2173 3786 atque

592 3798 664 3849 ita
690 3796 913 3867 perinde
932 3812 997 3852 ae
1020 3813 1215 3868 corpus
1235 3816 1521 3872 generare,
1544 3820 1667 3861 cum
1702 3822 1767 3862 ne
1788 3823 1939 3863 mens
1958 3810 2171 3878 quidem

591 3900 710 3952 quae
744 3890 796 3939 in
840 3887 993 3942 nobis
1024 3899 1109 3944 est
1153 3906 1415 3959 corporeo
1461 3896 1621 3951 modo
1656 3900 1916 3967 generet?
1954 3902 2021 3954 At
2049 3916 2175 3957 vero

590 3978 681 4045 qui
708 3978 960 4035 universa
987 3985 1320 4039 transcendit
1345 3985 1607 4055 longeque
1634 4000 1852 4057 superat
1878 3991 2036 4056 Deus,
2066 4007 2174 4060 quo

571 4079 748 4137 pacto
791 4085 895 4123 non
931 4081 1167 4127 mentem
1199 4074 1363 4129 etiam
1408 4079 1776 4146 generationis
1819 4082 1979 4136 modo
2021 4098 2177 4151 supe-

592 4157 751 4221 rabit,
800 4176 904 4213 non
939 4161 1230 4217 amissione
1273 4173 1361 4219 aut
1405 4166 1550 4222 ﬂuxu
1591 4169 1906 4240 cujusquam
1947 4175 2087 4242 quod
2122 4175 2169 4229 ei

589 4247 739 4315 prius
773 4250 966 4315 inerat,
998 4253 1091 4307 sed
1121 4253 1479 4313 illustratione
1498 4258 1632 4313 citra
1661 4260 1822 4315 ullam
1850 4263 2170 4320 divisionem

590 4356 654 4391 ex
699 4341 877 4409 scipso
950 4344 1175 4412 gignens
1217 4346 1454 4414 Filium,
1510 4354 1803 4408 secundum
1849 4355 2169 4413 ineffabilem

588 4446 749 4500 atque
786 4436 1206 4495 iuenarrabilem
1260 4442 1454 4499 divinae
1484 4447 1846 4515 generationis
1876 4450 2137 4505 modum?

1269 4643 1498 4699 ALIUD.

657 4766 925 4839 Quidquid
955 4774 1021 4827 ad
1050 4775 1456 4833 similitudinem
1481 4780 1704 4835 alterius
1734 4784 1934 4838 factum
1968 4794 2073 4852 est,
2098 4789 2165 4840 ab

584 4859 888 4926 aequalitate
920 4864 1077 4932 primi
1104 4871 1435 4940 exemplaris
1466 4875 1688 4941 recedit,
1725 4886 1780 4930 et
1810 4881 2073 4932 secundas
2096 4880 2163 4933 ab

586 4948 676 5001 illo
701 4960 887 5017 partes
914 4966 1076 5013 tenet.
1097 4960 1286 5015 Creata
1322 4965 1502 5032 itaque
1530 4976 1720 5019 natura
1750 4982 1846 5034 per
1867 4970 2159 5035 potentiam

585 5041 678 5093 Dei
723 5042 909 5099 eliecta
947 5060 1030 5102 est
1064 5050 1317 5117 fecunda,
1359 5066 1415 5108 et
1461 5056 1638 5111 cilicia
1683 5074 1779 5127 per
1816 5062 2043 5130 gratiam
2094 5066 2158 5116 ad

584 5132 729 5186 illam
755 5152 871 5204 qua:
896 5156 1018 5195 vere
1040 5160 1101 5198 ac
1121 5148 1337 5214 proprie
1358 5146 1585 5203 fecunda
1605 5161 1706 5205 est.
1729 5151 1953 5209 Deficiet
1981 5156 2161 5225 itaque
2181 5177 2189 5184 ·

584 5222 803 5275 omnino
833 5226 1016 5282 altilia
1050 5234 1275 5286 veritate
1302 5250 1419 5301 qua:
1451 5236 1523 5290 illi
1554 5238 1691 5294 inest
1725 5242 1775 5295 in
1816 5247 1971 5299 modo
2000 5222 2164 5313 gene—

585 5311 772 5405 randi
797 5322 849 5367 et
879 5321 1160 5386 generabit
1190 5323 1432 5391 quidem,
1469 5331 1561 5383 sed
1590 5347 1696 5385 non
1726 5334 1799 5386 ita
1838 5311 2163 5405 atque—illius

584 5400 651 5453 ad
685 5404 839 5475 cujus
870 5408 1278 5468 similitudinem
1309 5416 1541 5474 edictum
1568 5432 1670 5477 est.
1701 5426 1852 5490 Quod
1879 5400 1925 5481 si
1962 5432 2030 5483 ita
2061 5442 2162 5497 est,

580 5500 862 5561 generabit
916 5501 1073 5569 Deus,
1105 5520 1211 5560 non
1255 5519 1309 5563 ut
1350 5525 1596 5567 creatura
1636 5531 1752 5585 qua:
1800 5534 1894 5587 per
1932 5524 2160 5589 gratiam

649 5722 697 5755 “
734 5718 923 5779 Matth.
966 5742 1063 5791 xu,
1095 5730 1183 5782 55.

2278 3268 2422 3322 καθά
2469 3287 2634 3341 φησιν
2666 3272 2695 3323 6
2719 3272 2931 3342 Σωτὴρ,
2964 3274 3231 3347 προφέρει
3260 3276 3327 3329 τά
3360 3279 3559 3346 ἀγαθά.
3599 3281 3662 3333 Εἰ
3689 3282 3868 3334 τοίνυν

2277 3359 2471 3423 ἀσεϐὲς
2493 3363 2668 3413 εἰπεῖν
2692 3362 2781 3414 τὸν
2811 3362 3153 3433 ἀνθρώπινον
3187 3367 3313 3421 νοῦν
3341 3370 3554 3441 καρπὸν
3572 3372 3673 3425 οὑκ
3700 3371 3865 3442 ἔχειν,

2278 3450 2371 3502 καὶ
2401 3449 2494 3502 τοῦ
2527 3452 2733 3522 Κυρίου
2773 3453 3075 3522 φάσκοντος
3112 3457 3205 3510 καὶ
3239 3458 3401 3512 αὐτοῦ
3431 3459 3487 3513 δέ
3516 3461 3745 3530 βοῶντος
3769 3462 3866 3515 τοῦ

2277 3541 2625 3611 πράγματος,
2659 3544 2777 3606 πῶς
2825 3546 2925 3598 οὑκ
2961 3545 3163 3601 ἄτοπον
3196 3549 3288 3602 τὸν
3333 3551 3473 3621 ὑπὲρ
3513 3554 3691 3607 πάντα
3741 3554 3867 3607 νοῦν

2277 3629 2527 3698 ἄκαρπον
2554 3628 2692 3685 εἶναι
2721 3633 2925 3701 λέγειν,
2957 3636 3049 3689 καὶ
3077 3638 3176 3708 τῆς
3205 3641 3523 3712 πρεπούσης
3551 3644 3701 3714 αὐτῷ
3727 3662 3863 3715 καρ-

2277 3722 2543 3791 ποφορίας
2575 3724 2933 3794 ἀποστερεῖν;
2982 3726 3015 3798 ἢ
3044 3730 3092 3781 εί
3127 3728 3375 3798 λέγονται
3402 3737 3616 3806 γεννᾷν,
3646 3737 3865 3791 ὑποκεῖ-

2280 3811 2404 3865 σθαι
2437 3817 2558 3878 ταῖς
2592 3815 2699 3869 τῶν
2730 3818 2997 3887 σωμάτων
3026 3821 3293 3889 ἀνάγκαις
3326 3825 3750 3897 ὑπολαμϐάνειν,
3772 3831 3865 3884 καὶ

2276 3902 2446 3968 οὕτως
2492 3906 2653 3960 αὑτὸν
2686 3908 2761 3970 ὡς
2790 3909 2946 3980 σῶμα
2994 3915 3209 3983 γεννᾷν,
3236 3915 3357 3969 οὐδὲ
3384 3918 3474 3971 τοῦ
3504 3920 3560 3971 ἐν
3592 3923 3723 3991 ήμῖν
3761 3924 3864 3977 ὑπ·

2278 3995 2533 4066 άρχοντος
2578 4001 2670 4051 νοῦ
2714 4000 2853 4053 κατὰ
2892 4002 2981 4055 τὸν
3010 4003 3118 4056 τῶν
3156 4009 3421 4077 σωμάτων
3452 4014 3749 4079 γεννῶντος
3779 4017 3865 4070 νό-

2278 4105 2377 4156 μον
2399 4105 2412 4152 ;
2446 4088 2501 4141 '0
2522 4090 2579 4142 δὲ
2610 4092 2721 4145 ἄνω
2750 4094 2967 4149 πάντων
2993 4097 3351 4168 ἀναϐεϐηκὼς
3373 4104 3466 4155 καὶ
3494 4106 3671 4159 πάντα
3694 4109 3865 4180 ὑπερο

2275 4179 2524 4249 κείμενος
2552 4182 2703 4246 Θεὸς,
2737 4186 2853 4249 πῶς
2896 4189 2957 4240 οὺ
3006 4191 3259 4259 γεννήσει
3290 4194 3384 4246 καὶ
3411 4194 3552 4266 ὑπὲρ
3584 4196 3729 4261 νοῦν,
3762 4200 3865 4253 οὐκ

2275 4270 2547 4340 ἀποϐολὴν
2576 4273 2609 4343 ἥ
2643 4274 2945 4346 ἀπόρροιαν
2983 4281 3456 4358 προῦποκειμένου
3476 4285 3620 4349 τινὸς
3652 4287 3866 4358 ὑπομέ-

2274 4379 2399 4426 νων,
2434 4362 2549 4416 ἀλλ⁹
2582 4366 2869 4437 ἐκλάμψας
2913 4354 3227 4441 ἀμὲρίστως
3270 4374 3328 4440 ἐξ
3363 4376 3557 4430 ἑαυτοῦ
3591 4379 3679 4432 τὸν
3711 4354 3866 4447 Υίὸν,

2273 4452 2415 4505 κατὰ
2447 4452 2536 4544 τὸν
2566 4455 2803 4525 ἄρῤητόν
2836 4477 2894 4512 τε
2930 4462 3022 4514 καὶ
3056 4463 3333 4535 ἄφραστον
3369 4467 3466 4537 τῆς
3497 4468 3643 4534 θείας
3670 4474 3866 4544 γεννή-

2202 4522 2246 4575 Ῑ)
2279 4559 2414 4605 σεως
2441 4543 2640 4613 τρόπον
2662 4563 2676 4611 ;

2961 4683 3165 4738 ΑΛΛΟ.

2342 4799 2455 4853 Πᾶν
2483 4801 2619 4874 ὅπερ
2662 4805 2727 4859 ἂν
2757 4808 2876 4860 καθ’
2901 4810 3160 4880 ὁμοίωσιν
3204 4814 3413 4880 γένοιτό
3446 4833 3611 4879 τινος,
3639 4818 3861 4872 ἀπολεί-

2272 4907 2431 4944 πεται
2465 4893 2684 4959 πάντως
2716 4898 2814 4967 τῆς
2839 4901 2975 4971 πρὸς
3002 4903 3063 4955 τὸ
3089 4906 3443 4975 πρωτότυπον
3470 4909 3732 4980 ἰσότητος,
3761 4913 3859 4965 καὶ

2268 4981 2367 5050 τῆς
2400 4985 2609 5039 ἐκείνου
2654 4987 2811 5058 δόξης
2845 4992 2962 5043 ἐστὶ
3000 4994 3511 5067 δεύτερον.”Αγεται
3556 5003 3735 5055 τοίνυν
3766 5003 3858 5056 διά

2269 5072 2549 5145 δυνάμεως
2598 5078 2731 5159 Θεοῦ
2786 5082 2923 5152 πρὸς
2970 5089 3337 5156 καρπογονίαν
3364 5091 3396 5160 ή
3422 5092 3625 5161 γενητὴ
3670 5093 3854 5162 φύσις,

2270 5166 2407 5233 πρὸς
2434 5169 2649 5239 ἐκείνην
2678 5176 3029 5247 μορφουμένη
3058 5176 3145 5229 διά
3171 5180 3391 5249 χάριτος
3425 5182 3523 5253 τὴν
3550 5183 3721 5246 ὅντως
3760 5186 3857 5238 καὶ

2268 5258 2485 5329 ἀληθῶς
2510 5266 3001 5339 καρπογ6νον.”Αρ’
3025 5264 3117 5321 οὖν
3148 5270 3603 5345 ἀπολειφθήσεται
3632 5276 3854 5339 πάντως

2269 5350 2489 5421 καὶτῆς
2535 5353 2716 5425 ἐκείνῃ
2771 5358 3081 5427 προσούσης
3132 5360 3387 5430 ἀληθείας
3442 5365 3569 5434 περὶ
3615 5364 3705 5417 τὸν
3755 5365 3852 5418 τοῦ

2268 5443 2461 5512 γεννᾷν
2489 5446 2686 5514 τρόπον
2712 5463 2723 5474 ·
2774 5448 2868 5501 καὶ
2901 5453 3152 5522 γεννήσει
3196 5454 3311 5523 μὲν,
3340 5456 3437 5525 οὐχ
3465 5456 3540 5520 ὡς
3570 5459 3746 5509 ἐκεῖνο
3773 5458 3851 5524 δὲ,

2270 5531 2402 5601 πρὸς
2425 5532 2451 5584 ὃ
2483 5536 2576 5587 καὶ
2624 5540 3001 5609 μεμόρφωται.
3036 5544 3097 5595 Εἰ
3125 5543 3180 5597 δὲ
3208 5545 3365 5599 τοῦτο
3399 5547 3616 5617 ἀληθὲς,
3653 5549 3851 5618 γεννή-
