4144 6560
316 407 383 460 ’⁷⁸7
1721 393 1907 451 ΤΗΕδ.

2010 393 2160 450 RUS.
3487 390 3556 445 78

318 536 400 573 σει
432 518 532 589 μὲν
572 520 600 571 ό
645 518 796 582 Θεὸς,
826 518 926 588 οὑχ
951 517 1026 581 ὡς
1069 518 1102 588 ἡ
1150 516 1324 580 κτίσις
1352 517 1411 570 δὲ
1443 514 1582 569 κατὰ
1609 514 1768 585 χάριν
1795 513 1889 565 καὶ

2010 524 2130 564 tanc
2158 524 2277 564 cum
2302 521 2366 563 eo
2396 506 2805 563 similitudinem
2837 515 2918 562 est
2944 515 3250 570 consecuta,
3284 504 3378 562 sed
3404 502 3560 575 longe

316 609 521 679 ταύτην
551 607 788 661 λαϐοῦσα
816 608 912 691 τὴν
944 607 1078 676 πρὸς
1112 607 1273 661 αὑτὸν
1311 606 1586 676 ὁμοίωσιν,
1618 604 1729 657 ἀλλ’
1751 603 1888 673 ὑπὲρ

319 700 495 753 πάντα
527 699 592 753 τὰ
619 697 842 766 γενττά.

960 812 1161 865 ΑΛΛΟ.

594 919 910 987 Ἐρώτησις
944 920 1025 986 ὡς
1062 920 1131 973 ἐκ
1168 918 1274 973 τοῦ
1312 922 1633 989 Eur-quiat).

408 1032 464 1085 Ὀ
495 1031 681 1104 Πατὴρ
712 1032 1002 1103 ἐγέννησεν
1032 1031 1091 1098 ἐξ
1120 1031 1316 1087 ἑαυτοῦ
1348 1031 1438 1086 τὸν
1464 1033 1614 1096 Υἱὸν,
1644 1030 1894 1101 καθάπερ

324 1124 480 1194 ὑμεῖς
529 1140 666 1192 φατε
712 1123 763 1175 οἱ
811 1123 904 1175 ἐπὶ
948 1123 1116 1195 πολλῇ
1150 1122 1271 1177 λίαν
1317 1123 1567 1195 ὀρθότητι
1611 1123 1895 1191 δογμάτων

320 1212 851 1282 ἀωσεμνυνὸμενοι·
902 1211 1017 1266 ἀλλ’
1043 1213 1207 1283 ὁρᾶτε
1251 1212 1347 1265 καὶ
1380 1212 1554 1265 τοῦτο.
1591 1212 1806 1274 Τέλειος
1830 1207 1897 1281 ἦν

321 1307 351 1357 ὁ
378 1304 568 1374 Πατὴρ
601 1304 707 1373 πρὸ
749 1302 850 1373 τῆς
897 1304 1202 1374 γεννήσεως
1243 1303 1336 1356 τοῦ
1371 1303 1522 1369 Υἱοῦ,
1553 1302 1668 1356 ἀλλ’
1700 1304 1748 1355 εξ
1777 1318 1897 1371 γεν-

322 1396 489 1465 νήσας
519 1396 599 1458 εἰς
629 1394 793 1448 δυάδα
826 1392 1172 1465 μεμέρισται,
1202 1393 1321 1458 πῶς
1341 1393 1419 1447 ἔτι
1441 1394 1501 1446 τὸ
1522 1393 1722 1446 τέλειον
1749 1392 1894 1458 ἓξει’;

323 1488 372 1538 εί
402 1486 477 1556 μὴ
507 1486 613 1556 ἄρα
642 1486 835 1554 γέγονε
858 1485 989 1555 περὶ
1015 1485 1115 1556 τὴν
1143 1484 1334 1538 οὐσίαν
1364 1483 1528 1537 αὑτοῦ
1558 1483 1895 1553 πληθυσμὸς,

320 1572 487 1628 οἱονεὶ
520 1573 579 1626 τὸ
609 1573 842 1627 κενωθὲν
871 1572 1217 1643 ἀναπληρῶν.
1237 1572 1473 1643 Ἀνάγκη
1507 1572 1617 1643 γάρ
1650 1573 1799 1625 πᾶσα
1837 1572 1898 1626 τὸ

323 1666 383 1731 ἐξ
412 1666 597 1729 ὲνάδος
625 1666 705 1728 είς
726 1664 894 1718 δυάδα
924 1666 1274 1735 τεμνόμενον,
1307 1665 1527 1718 ἔλαττον
1555 1664 1748 1717 ἑαυτοῦ
1775 1665 1899 1734 φαί-

321 1761 531 1823 νεσθαι,
567 1761 612 1812 εί
648 1761 721 1831 μή
760 1777 843 1823 τις
875 1758 1015 1830 αὔξη
1042 1758 1525 1830 παρεισδραμοῦσα
1550 1756 1812 1829 προσθείη
1836 1757 1897 1810 τὸ

1994 600 2374 656 excellentiore
2399 613 2560 668 quam
2589 612 2778 655 omnes
2806 608 3066 653 creaturae
3097 598 3273 653 modo.

2666 802 2896 859 ALIUD.

2244 913 2598 987 Interrogatio
2636 933 2700 971 ea:
2729 916 3014 986 objectione
3050 912 3313 969 Eunomii.

2070 1031 2228 1086 Pater
2257 1030 2439 1101 genuit
2470 1028 2666 1084 Filium
2701 1044 2768 1083 ex
2804 1028 3005 1096 seipso,
3043 1032 3102 1080 ut
3125 1040 3219 1079 vos
3247 1024 3359 1097 46
3387 1024 3564 1081 dicitis

1997 1123 2089 1191 qui
2131 1124 2197 1177 de
2245 1136 2453 1176 summa
2492 1121 2800 1192 dogmatum
2852 1118 3177 1174 rectitudine
3225 1117 3562 1187 gloriamini;

1998 1215 2090 1269 sed
2124 1214 2300 1268 videte
2331 1215 2494 1269 etiam
2525 1214 2647 1269 hoc.
2672 1213 2833 1267 Pater
2862 1220 2986 1267 ante
3013 1211 3411 1278 generationem
3447 1206 3565 1264 Filii

1998 1304 2270 1375 perfectus
2293 1313 2442 1371 erat;
2468 1307 2560 1359 sed
2588 1305 2631 1359 si
2664 1313 2942 1372 postquam
2975 1301 3158 1371 genuit
3186 1301 3237 1355 in
3261 1298 3567 1353 dualitatem

1999 1397 2201 1452 divisus
2228 1407 2331 1463 est,
2363 1412 2470 1466 quo
2506 1408 2660 1466 pacto
2688 1394 2926 1450 manebit
2969 1390 3275 1462 perfectus?
3314 1388 3419 1444 nisi
3462 1387 3570 1441 lor—

2003 1500 2145 1545 tasse
2192 1492 2245 1544 in
2299 1490 2416 1561 ejus
2464 1487 2767 1544 substantia
2818 1484 3084 1554 suppletio
3129 1481 3372 1551 quaedam
3428 1478 3569 1531 facta

2000 1579 2186 1643 fuerit,
2216 1595 2337 1637 aure
2365 1577 2760 1648 quodammodo
2791 1577 2842 1630 id
2866 1575 3008 1645 quod
3040 1575 3359 1630 exhaustum
3398 1570 3573 1625 fuerat

1998 1673 2282 1741 supplevit.
2329 1669 2704 1725 Necessarium
2746 1669 2889 1721 enim
2939 1680 3161 1737 prorsus
3197 1673 3283 1720 est
3332 1672 3392 1718 ut
3430 1662 3571 1732 quod

1999 1777 2064 1815 ex
2120 1762 2326 1816 unitate
2380 1762 2432 1815 in
2494 1760 2810 1814 dualitatem
2866 1768 3104 1822 secatur,
3163 1756 3339 1811 minus
3393 1753 3573 1822 seipso

321 1852 650 1915 ἐκλελοιπός.
681 1853 743 1905 Εἰ
784 1852 839 1905 δὲ
879 1851 1118 1905 τοιοῦτον
1150 1851 1301 1906 οὐδὲν
1331 1852 1456 1922 περὶ
1487 1852 1587 1921 τὴν
1621 1850 1772 1903 θείαν
1804 1850 1896 1902 οὑ-

2010 1850 2287 1916 eﬂiciatur,
2330 1852 2431 1907 nisi
2478 1852 2871 1907 incrementum
2904 1847 3120 1917 aliquod
3164 1845 3388 1901 accedat
3430 1844 3572 1913 quod

323 1943 445 1997 σίαν
478 1943 795 2013 συμϐαίνειν
832 1942 1075 2006 δύναται,
1105 1943 1205 1996 οὑκ
1233 1942 1520 2013 ἐγέννησεν
1549 1943 1656 2012 ἄρα
1681 1941 1739 2006 ἐξ
1773 1942 1897 1994 ἐαυ-

319 2034 415 2086 τοῦ
443 2033 534 2088 τὸν
565 2034 691 2088 Υίὸν
722 2036 749 2087 ὁ
777 2033 985 2105 Πατὴρ,
1020 2035 1104 2087 ἵνα
1132 2034 1205 2104 μὴ
1234 2034 1487 2105 φαίνηται
1520 2033 1891 2106 μεριζόμενος·

321 2120 594 2193 ὑπέστησε
625 2122 681 2176 δὲ
704 2121 866 2177 αὑτὸν
895 2123 1079 2193 ὅμοιον
1104 2123 1280 2192 ἑαυτῷ
1308 2123 1449 2177 κατὰ
1472 2124 1668 2178 πάντα.

797 2430 953 2498 Πρὸς
989 2429 1166 2484 τοῦτο
1203 2432 1405 2498 λύσις.

399 2543 555 2596 Ἐστι
592 2542 688 2613 μὲν
735 2543 828 2595 καὶ
861 2544 920 2610 ὲξ
953 2544 1155 2616 ἑτέρων
1202 2545 1331 2598 ἰδεῖν
1362 2546 1445 2598 ὅτι
1478 2544 1676 2616 πολλὴν
1704 2546 1753 2598 οἱ
1786 2564 1903 2617 χρι-

327 2633 589 2702 στομάχοι
614 2632 829 2687 νοσοῦσι
857 2635 1071 2705 φρενῶν
1100 2636 1354 2706 ἐρημίαν,
1376 2636 1524 2689 οὐδὲν
1547 2636 1604 2688 δὲ
1628 2632 1789 2707 ἦττον
1811 2638 1903 2691 καὶ

321 2726 411 2778 διὰ
434 2726 658 2781 τούτων.
697 2726 1009 2779 Πλανῶνται
1057 2727 1166 2799 γὰρ
1216 2728 1403 2792 ὅντως,
1442 2728 1515 2798 μὴ
1563 2729 1765 2793 εἰδότες
1808 2731 1905 2793 τὰς

322 2815 545 2883 Γραφάς
580 2814 715 2884 μηδὲ
746 2814 844 2884 τὴν
867 2814 1097 2884 δύναμιν
1128 2815 1223 2868 τοῦ
1255 2815 1407 2869 Θεοῦ.
1439 2815 1563 2878 Πῶς
1589 2816 1697 2885 γάρ
1722 2818 1905 2886 ὅμοιον

323 2907 474 2960 ἔσται
508 2906 649 2960 κατὰ
678 2908 856 2959 πάντα
885 2905 964 2975 τῷ
1001 2908 1243 2976 άκτίστῳ
1279 2907 1375 2960 καὶ
1403 2908 1490 2959 ἀεὶ
1518 2907 1631 2960 ὄντι
1662 2909 1783 2979 Θεῷ
1810 2913 1903 2962 καὶ

324 2998 518 3067 Πατρὶ,
551 2997 609 3050 τὸ
649 2994 709 3059 ἐξ
750 2996 851 3048 οὑκ
890 2995 1061 3048 ὄντων
1091 2997 1171 3059 είς
1201 2996 1496 3052 ὑπόστασιν
1541 2998 1794 3068 ἐνεχθέν;
1842 3002 1901 3052 Ei

323 3090 431 3161 γὰρ
460 3090 594 3152 ὅλως
624 3089 852 3159 ὑπέστη,
878 3089 978 3141 οὑκ
1012 3084 1079 3158 ἦν
1115 3087 1356 3157 δηλονότι
1382 3088 1535 3142 ποτέ.
1567 3090 1691 3153 Πῶς
1719 3092 1776 3144 δὲ
1804 3094 1904 3145 οὑκ

2000 1942 2270 1997 defectum
2296 1952 2610 2010 compenset
2648 1956 2713 1995 ac
2748 1939 3012 2009 suppleat.
3053 1937 3108 1991 Si
3153 1950 3284 1990 vero
3318 1942 3571 1989 neutrum

2000 2034 2191 2088 horum
2236 2033 2287 2087 in
2331 2033 2509 2087 divina
2544 2041 2735 2086 natura
2776 2029 3025 2085 accidere
3061 2035 3259 2098 potest,
3297 2039 3426 2094 ergo
3466 2037 3585 2077 non.

2000 2124 2183 2192 genuit
2209 2122 2369 2178 Pater
2393 2138 2457 2178 ex
2484 2123 2660 2192 seipso
2684 2121 2899 2184 Filium,
2931 2134 2996 2173 ne
3022 2118 3226 2172 divisus
3243 2130 3366 2171 esse
3394 2115 3577 2169 videa-

2003 2225 2127 2279 tur;
2158 2230 2279 2269 eum
2315 2230 2444 2269 vero
2470 2214 2568 2268 sibi
2598 2212 2831 2267 similem
2865 2212 2917 2264 in
2959 2210 3211 2265 omnibus
3252 2208 3379 2264 fecit
3414 2214 3575 2276 atque

2000 2306 2293 2361 constituit.

2474 2444 2476 2446 ⁷
2507 2441 2715 2495 Salutio
2746 2439 3070 2507 objectionis.

2076 2548 2208 2602 Cum
2240 2563 2303 2602 ex
2330 2549 2448 2602 aliis
2475 2549 2655 2604 multis
2676 2560 2886 2605 constet
2910 2560 3111 2619 quanta
3158 2548 3354 2603 mentis
3397 2546 3577 2617 inopia

2008 2636 2253 2691 laborent
2304 2638 2488 2692 hostes
2550 2638 2677 2704 Dei,
2752 2646 2861 2692 tum
2922 2638 3267 2692 nihilominus
3319 2652 3384 2692 ex
3438 2637 3575 2691 istis.

2009 2728 2203 2781 Errant
2257 2729 2400 2783 enim
2457 2743 2698 2797 prorsus,
2752 2742 2924 2797 neque
2961 2728 3195 2783 scientes
3244 2728 3577 2797 Scripturas,

2009 2832 2181 2886 neque
2220 2820 2472 2872 virtutem
2528 2818 2617 2871 Dei
2651 2818 2715 2871 ⁸⁵.
2756 2818 3033 2884 Quomodo
3059 2817 3202 2871 enim
3236 2817 3441 2886 aequale
3486 2833 3584 2888 per

2005 2910 2190 2963 omnia
2228 2909 2336 2964 Deo
2366 2924 2431 2963 ac
2471 2909 2617 2962 Patri
2660 2909 2902 2963 iucreato
2935 2923 3258 2979 semperque
3298 2910 3582 2964 exsistenti

2009 3001 2171 3053 fuerit
2202 3000 2251 3053 id
2284 3000 2424 3069 quod
2459 3015 2526 3054 ex
2568 2999 2736 3053 nihilo
2770 2998 2835 3053 ad
2875 3014 2996 3055 esse
3031 3001 3335 3054 traductum
3365 3000 3485 3054 est?
3524 3000 3581 3052 Si

2006 3096 2151 3149 enim
2194 3095 2371 3149 factus
2412 3106 2466 3150 et
2505 3097 2833 3152 constitutus
2866 3096 2987 3163 fuit,
3037 3096 3225 3166 procul
3271 3097 3437 3151 dubio
3488 3097 3584 3149 ali-

324 3181 666 3250 αἰσχύνονται
707 3180 1009 3251 μερισμοὺς
1038 3182 1130 3232 καὶ
1162 3180 1445 3249 ἀποτομὰς
1478 3180 1607 3251 περὶ
1633 3180 1731 3253 τὴν
1756 3181 1904 3235 θείαν

2010 3184 2221 3252 quando
2262 3200 2366 3238 non
2401 3185 2521 3242 fuit.
2558 3187 2671 3253 Quo
2707 3196 2865 3255 pacto
2911 3196 3090 3240 autem
3138 3202 3241 3239 non
3284 3187 3446 3255 pudet
3492 3202 3585 3241 cos

336 3274 575 3342 γέννησιν
623 3271 987 3341 εἰσφέροντες,
1032 3271 1128 3322 xui.
1158 3272 1270 3333 τοῖς
1299 3270 1401 3339 τῆς
1432 3269 1663 3342 γενητῆς
1694 3272 1905 3341 φύσεως

329 3364 510 3432 νόμοις
539 3362 883 3424 ὑποτιθέντες
930 3362 1027 3431 τὴν
1068 3361 1305 3433 ἄρρητον
1330 3361 1554 3426 οὑσίαν;
1600 3363 1673 3415 Οὑ
1705 3362 1814 3435 γὰρ
1842 3365 1903 3434 δή

328 3471 430 3508 που
480 3457 592 3517 τοῖς
643 3455 861 3517 οἰκείοις
908 3455 1207 3524 ποιήμασιν
1254 3456 1369 3516 ἴσος
1414 3453 1563 3507 ἔσται
1597 3455 1750 3520 Θεὸς,
1787 3456 1906 3508 οὑδὲ

328 3544 471 3598 οὑτω
506 3544 758 3613 γεννήσει
788 3543 1040 3614 καθάπερ
1071 3544 1274 3596 ἐκεῖνα·
1299 3542 1414 3596 ἀλλ’
1455 3542 1643 3614 ὥσπερ
1670 3547 1727 3596 ὲν
1759 3545 1905 3598 άπα-

336 3656 420 3691 σιν
472 3636 729 3707 ὑπερέχει
778 3635 977 3697 αὑτῶν,
1034 3633 1206 3697 οὑτως
1258 3635 1512 3705 ὑπερέξει
1561 3636 1662 3688 κάν
1710 3635 1904 3705 τούτῳ.

332 3729 439 3782 Καὶ
472 3729 520 3780 εἰ
550 3728 727 3796 πάσης
770 3725 882 3779 ἄνω
908 3726 1141 3795 γενητῆς
1187 3726 1376 3789 οὐσίας
1407 3726 1554 3778 ἐστὶν
1594 3728 1622 3779 ό
1652 3726 1783 3790 Θεὸς
1816 3728 1909 3781 καὶ

331 3819 540 3888 Πατὴρ,
578 3818 688 3871 ἄνω
736 3816 898 3870 πάλιν
927 3817 1097 3886 αὐτῆς
1135 3813 1284 3868 ἔσται
1327 3817 1421 3869 καὶ
1460 3816 1601 3870 κατὰ
1628 3817 1717 3871 τὸν
1745 3819 1801 3869 ὲν
1833 3817 1909 3887 τῷ

330 3911 524 3981 γεννᾷν
567 3910 786 3981 τρόπον,
829 3909 1082 3978 ἀρρήτως
1125 3907 1283 3959 τοῦτο
1330 3906 1498 3961 ποιῶν
1545 3908 1639 3961 καὶ
1687 3908 1909 3979 θεοπρε-

333 4000 472 4065 πιῖις.
1011 3985 1018 3997 λ

1016 4112 1217 4165 ΔΛΛΟ.

404 4228 722 4301 Μερισμοὺς
739 4227 830 4280 xat
848 4225 1174 4288 ἐλαττώσεις
1194 4225 1510 4294 ὑπομένειν,
1542 4224 1713 4298 αὔξην
1734 4245 1792 4281 τε
1820 4231 1911 4282 καὶ

304 4388 309 4393 γ
335 4320 673 4391 πληθυσμὸν,
698 4319 789 4371 καὶ
822 4318 921 4381 τὰς
955 4319 1011 4370 ὲν
1054 4314 1131 4387 τῷ
1148 4317 1368 4403 *τίκτειν
1398 4318 1696 4389 ἀπορροίας
1725 4322 1913 4390 σωμά-

332 4428 463 4475 των,
498 4410 627 4463 ῐδιον
661 4408 754 4462 καὶ
786 4409 894 4461 τῶν
927 4409 1024 4461 ὅσα
1052 4406 1155 4476 τῆς
1175 4408 1408 4477 γενητῆς
1442 4408 1628 4472 οὐσίας
1657 4410 1819 4463 ἐστίν.
1852 4409 1911 4462 Εἰ

334 4502 512 4556 τοίνυν
541 4500 682 4554 οὕτω
707 4501 877 4552 τίκτει
917 4499 1068 4562 Θεὸς.
1098 4500 1289 4569 ὥσπερ
1316 4500 1411 4554 καὶ
1440 4501 1507 4554 τά
1542 4499 1785 4571 σώματα,
1820 4503 1913 4555 καὶ

337 4592 601 4663 κρατήσει
628 4591 789 4660 νόμος
821 4590 906 4642 ἐπ’
930 4588 1093 4643 αὑτοῦ
1123 4590 1362 4654 τοιοῦτος
1392 4592 1575 4655 ὁποῖος
1606 4594 1662 4645 ὲν
1685 4594 1797 4656 τοῖς
1818 4611 1915 4646 πε-

336 4684 673 4754 ποιημένοις,
706 4683 849 4735 οὑτω
892 4681 986 4734 καὶ
1014 4682 1408 4753 δημιουργήσει
1446 4684 1697 4753 καθάπερ
1725 4685 1818 4737 καὶ
1845 4686 1914 4739 τά

340 4779 588 4848 σώματα,
621 4777 871 4846 ὀργάνοις
898 4775 1096 4845 δηλαδὴ
1132 4776 1226 4828 καὶ
1259 4777 1412 4846 χερσὶ
1460 4778 1813 4848 κεχρημένος.
1854 4779 1915 4833 Εἰ

336 4871 393 4923 δὲ
419 4872 517 4940 τῆς
546 4868 861 4939 σωματικῆς
892 4868 986 4920 καὶ
1015 4867 1248 4937 γενητῆς
1277 4868 1487 4935 φύσεως
1522 4869 1663 4923 οὑτω
1688 4871 1918 4940 δυναμέ-

338 4978 437 5033 νης
467 4960 819 5031 δημιουργεῖν
850 4959 943 5011 καὶ
967 4959 1066 5028 οὑχ
1092 4958 1472 5031 ὲτέρως,λόγῳ
1500 4960 1566 5014 τά
1592 4962 1769 5015 πάντα
1790 4963 1921 5025 Θεὸς

339 5048 653 5123 ἐργάζεται,
702 5049 797 5102 καὶ
840 5048 897 5101 ὲν
931 5050 996 5119 τῇ
1046 5045 1501 5118 αὑτοῦτβουλήσει
1543 5050 1611 5103 τὰ
1651 5050 1777 5103 ὄντα
1822 5052 1921 5121 τὴν

342 5147 600 5201 σύστασιν
630 5143 763 5213 ἔχει,
782 5140 898 5204 πῶς
923 5141 983 5194 οὑ
1012 5141 1217 5211 γελοῖον
1249 5144 1306 5195 ὲν
1335 5145 1449 5206 τοῖς
1479 5142 1923 5213 άξιολογωτέροις

342 5240 439 5293 καὶ
470 5236 678 5308 μείζοσι
713 5234 787 5306 μὴ
822 5233 933 5287 ἅνω
961 5234 1173 5287 κεῖσθαι
1203 5234 1413 5298 πάθους
1463 5234 1552 5287 τὸν
1598 5235 1749 5299 Θεὸν,
1788 5235 1921 5305 μηδὲ

342 5328 659 5398 ἐξάλλεσθαι
688 5327 758 5380 τὰ
784 5329 897 5389 τοῖς
923 5324 1166 5397 σώμασιν
1197 5328 1423 5381 εἰωθότα
1456 5327 1771 5398 συμϐαίνειν
1793 5329 1923 5397 περὶ

339 5420 401 5472 τὸ
425 5420 619 5489 γεννᾷν
644 5459 658 5483 ,
691 5418 806 5470 ἀλλ’
844 5417 918 5481 ὡς
954 5416 1013 5481 ἐξ
1045 5419 1294 5491 ἀνάγκης
1325 5418 1498 5483 οὕτως
1534 5417 1671 5473 εῖναι
1702 5419 1830 5490 περ)¹
1863 5418 1923 5471 τὸ

339 5511 559 5578 γεννᾷν,
578 5508 830 5577 καθάπερ
853 5508 945 5560 καὶ
969 5509 1037 5562 τά
1063 5508 1528 5581 σώματα.Ὣσπερ
1552 5505 1646 5563 οὖν
1665 5510 1925 5580 δημιουρ-

342 5601 434 5669 γεῖ
467 5599 562 5669 μὲν
617 5598 713 5669 οὑχ
741 5598 815 5660 ὡς
846 5597 1151 5668 ἅνθρωπος,
1191 5600 1312 5653 οὑδὲ
1356 5600 1431 5663 ὡς
1460 5600 1640 5671 σῶμα,
1663 5599 1805 5653 οὕτω
1833 5599 1927 5653 καὶ

344 5692 514 5761 γεννᾷ
533 5692 651 5755 ταῖς
670 5691 778 5743 τῶν
805 5690 1073 5760 σωμάτιον
1094 5691 1402 5763 συνηθείαις
1420 5693 1517 5763 οὑχ
1542 5693 1921 5764 ὑποκείμενος.

422 5809 469 5840 “
508 5807 693 5864 Matth.
736 5821 870 5865 xx".
910 5806 999 5859 29.

2010 3275 2304 3330 divisiones
2356 3286 2411 3329 et
2462 3278 2729 3332 sectiones
2780 3278 2831 3331 in
2882 3277 3116 3331 divinam
3180 3278 3583 3347 generationem

2010 3364 2286 3432 inducere,
2311 3374 2365 3419 et
2392 3364 2714 3421 inell‘abilem
2755 3366 3111 3421 substantiam
3154 3376 3349 3423 creata:
3380 3378 3586 3423 natura:

2010 3455 2217 3525 legibus
2263 3455 2577 3526 subjicere?
2624 3457 2807 3527 Neque
2858 3459 3003 3513 enim
3060 3461 3322 3513 creaturis
3376 3461 3472 3515 abs
3528 3476 3587 3516 se

2012 3544 2171 3601 tactis
2190 3546 2418 3616 aequalis
2441 3557 2526 3601 est
2548 3547 2711 3613 Deus,
2733 3562 2906 3617 neque
2925 3549 3110 3602 eadem
3133 3549 3346 3613 ratione
3363 3560 3587 3619 generat

2010 3652 2116 3707 qua
2146 3638 2270 3705 illa;
2304 3640 2396 3693 sed
2433 3640 2576 3694 sicut
2605 3639 2657 3693 in
2689 3640 2901 3694 caeteris
2926 3640 3179 3695 omnibus
3199 3640 3317 3694 illas
3342 3642 3585 3703 excellit,

2011 3728 2088 3783 ita
2116 3729 2277 3783 etiam
2311 3730 2363 3783 in
2390 3729 2514 3784 hoc.
2544 3728 2613 3782 Et
2642 3729 2686 3783 si
2714 3744 2927 3784 onmem
2958 3737 3192 3784 creatam
3226 3730 3585 3786 substantiam

2012 3819 2157 3873 Deus
2176 3833 2239 3874 ac
2270 3817 2434 3873 Pater
2467 3818 2623 3890 longe
2655 3830 2893 3889 superat,
2920 3820 3028 3874 erit
3056 3821 3218 3876 etiam
3243 3837 3304 3875 ea
3339 3823 3588 3891 superior

2013 3912 2309 3979 generandi
2346 3912 2525 3975 modo,
2578 3911 2922 3966 ineﬂabiliter
2957 3913 3241 3982 divineque
3274 3916 3323 3968 id
3361 3916 3583 3973 faciens.

2682 4111 2910 4167 ALIUD.

2102 4224 2399 4278 Divisiones
2481 4231 2534 4277 et
2614 4222 3037 4291 imminutiones,
3118 4225 3470 4293 incrementa,
3537 4235 3593 4280 et

2015 4316 2383 4385 suppletiones
2434 4330 2497 4370 ac
2544 4312 2788 4369 dcﬂuxus
2837 4315 2890 4368 in
2944 4319 3252 4385 generando
3303 4331 3589 4384 corporum

2017 4408 2235 4478 prepria
2287 4415 2431 4470 sunt,
2473 4415 2743 4461 eteorum
2794 4421 2915 4476 quae
2945 4416 3181 4461 creatam
3232 4408 3588 4462 substantiam

2019 4499 2239 4553 habent.
2290 4498 2345 4552 Si
2396 4499 2558 4568 igitur
2605 4497 2749 4552 Deus
2813 4499 2884 4552 ita
2936 4499 3109 4569 gignit
3150 4498 3288 4552 sicut
3338 4513 3590 4568 corpora,

2020 4591 2318 4659 eademque
2353 4592 2466 4659 lege
2497 4601 2707 4645 tenetur
2728 4605 2832 4660 qua
2867 4600 3149 4653 creaturae,
3189 4592 3400 4646 creabit.
3426 4592 3593 4645 etiam

2022 4682 2482 4752 quemadmodum
2516 4696 2765 4750 corpora,
2817 4682 3193 4736 instrumentis
3240 4682 3495 4736 nimirum
3540 4692 3625 4735 et.

2026 4775 2276 4829 manibus
2316 4783 2497 4828 utens.
2549 4774 2605 4828 Si
2656 4788 2787 4828 vero
2837 4788 2958 4827 cum
3009 4788 3267 4842 corporea
3314 4782 3369 4828 et
3414 4782 3595 4827 creata

2025 4878 2218 4923 natura
2270 4867 2340 4921 ita
2369 4865 2584 4935 operari
2624 4866 2793 4934 possit
2838 4879 3012 4934 neque
3042 4864 3216 4927 aliter,
3263 4864 3406 4918 Deus
3432 4863 3621 4918 verbo.

2024 4959 2206 5015 omnia
2251 4965 2527 5026 operatur,
2574 4963 2628 5007 et
2671 4953 2725 5008 in
2762 4954 2879 5024 ejus
2918 4954 3195 5007 voluntate
3237 4953 3417 5006 omnia
3462 4967 3596 5006 con-

2028 5050 2245 5111 sistunt,
2278 5062 2384 5115 quo
2431 5054 2587 5115 pacto
2632 5060 2737 5099 non
2790 5044 3075 5098 ridiculum
3133 5041 3296 5096 fuerit
3334 5042 3388 5095 in
3438 5042 3600 5097 rebus

1978 5196 1984 5202 _
2030 5138 2369 5209 dignioribus
2411 5147 2466 5191 et
2500 5137 2757 5192 momenti
2810 5135 2979 5189 Deum
3026 5150 3129 5188 non
3162 5147 3283 5187 esse
3320 5143 3596 5203 expertem

2030 5231 2319 5298 passionis,
2351 5229 2458 5300 (‘7
2476 5243 2653 5298 neque
2678 5241 2960 5294 corporum
2992 5225 3045 5279 in
3068 5223 3377 5295 generando
3410 5226 3599 5280 condi-

2029 5323 2228 5376 tionem
2262 5334 2519 5389 superare
2539 5359 2554 5384 ,
2579 5320 2671 5373 sed
2701 5318 2863 5372 veluti
2906 5318 3231 5372 necessitate
3268 5319 3497 5387 quadam
3527 5318 3597 5373 ita

2028 5424 2288 5483 generare
2345 5418 2403 5464 ut
2442 5408 2675 5478 corpus?
2715 5406 3178 5475 Quemadmodum
3235 5408 3397 5477 igitur
3451 5418 3600 5463 creat

2029 5520 2133 5560 non
2164 5512 2222 5558 ut
2258 5503 2438 5567 homo,
2476 5515 2650 5571 neque
2695 5509 2754 5555 ut
2797 5514 3016 5571 corpus,
3056 5502 3128 5555 ita
3178 5501 3338 5555 etiam
3380 5507 3601 5571 generat

2018 5604 2315 5670 ‘corporum
2340 5592 2713 5654 consuetudini
2752 5606 3091 5664 nequaquam
3123 5594 3400 5650 astrictus.
