4144 6514
541 374 617 436 ’19
1527 371 1585 429 S.
1622 370 1893 429 CYRILLI
1932 371 2401 430 ALEXANDRINI
2441 371 2767 431 ARCHIEP.
3717 370 3795 428 $0

884 488 1114 555 ALIUD,
1140 490 1208 546 ad
1237 489 1309 543 rei
1343 488 1765 558 explicationem.
2142 497 2186 550 Α

1711 506 1765 543 η.
2142 497 2186 550 Α
2659 490 2863 549 ΑΛΛΟ,
2894 485 3347 557 διηγηματικῶς.

620 605 778 659 Pater
810 600 1004 656 Filium
1032 616 1096 655 ex
1128 601 1307 669 seipso
1332 600 1537 668 absque
1570 599 1840 655 divisione
1886 609 1979 653 aut
2027 600 2111 653 in-

2296 605 2356 655 '0
2386 604 2573 675 Πατὴρ
2608 600 2905 671 ἐξέλαμψεν
2953 598 3012 663 ἐξ
3053 597 3247 652 ἑαυτοῦ
3279 598 3371 649 τδν
3422 596 3550 650 Υίδν
3599 597 3793 668 ἀμερί-

546 692 770 749 tervallo
808 692 1079 760 produxit,
1122 689 1580 758 quemadmodum
1628 695 1680 741 et
1733 687 1815 741 sol
1863 688 2114 756 splendo-

2218 712 2357 758 στως
2397 712 2455 746 τε
2495 694 2589 746 καὶ
2617 691 2973 754 ἁδιαστάτως,
3016 688 3205 758 ὥσπερ
3243 683 3336 741 οῦν
3364 687 3456 740 καὶ
3491 688 3521 739 ὸ
3546 687 3694 758 ἥλιος
3732 687 3796 739 τδ

551 801 661 840 rem
678 799 751 837 ex
803 798 861 837 se
909 782 1190 836 emissum.
1234 779 1494 845 Quamvis
1538 778 1790 847 splendor
1824 779 1959 833 solis
2002 794 2109 832 non

2218 782 2276 848 ἐξ
2314 780 2481 834 αὑτοῦ
2523 780 2874 850 πεμπόμενον
2916 777 3281 847 ἀπαύγασμα.
3320 776 3457 830 Ἀλλ’
3490 777 3665 829 ἐκεῖνο
3697 777 3796 847 μὲν

548 877 746 931 habeat
798 872 1070 943 propriam
1116 870 1473 940 liypostasim,
1510 882 1685 936 neque
1723 868 1961 935 perfecte
2000 869 2115 938 ipse

2216 873 2316 924 οὑκ
2362 871 2727 925 ίδιοσύστατον
2769 869 2889 922 οὐδὲ
2917 869 3014 939 τὴν
3047 868 3235 922 οὑσίαν
3263 866 3474 930 ἐντελὲς
3506 866 3639 920 αὑτὸ
3670 864 3793 919 καθ’

549 969 603 1020 in
648 966 828 1035 seipso
863 968 1097 1017 essentia
1147 963 1266 1015 sit:
1321 961 1481 1014 habet
1514 959 1660 1013 enim
1705 974 1863 1014 suum
1894 974 2015 1015 esse
2061 960 2112 1014 in

2219 963 2383 1016 αὑτό·
2417 962 2528 1032 ἔχει
2582 962 2690 1033 γὰρ
2737 963 2794 1014 ὲν
2837 958 2913 1030 τῷ
2948 959 3086 1030 ἡλίῳ
3125 959 3185 1010 τὸ
3232 953 3406 1011 εἶναι’
3445 956 3505 1009 τὸ
3549 957 3607 1009 δὲ
3654 956 3796 1009 θεῖον

549 1057 694 1120 sole;
743 1056 984 1109 divinum
1029 1068 1159 1106 vero
1205 1052 1452 1119 genimen
1501 1051 1601 1104 hoc
1653 1058 1861 1104 tantum
1905 1064 1968 1105 ex
2012 1049 2114 1104 hoc

2219 1052 2463 1123 γέννημα
2514 1053 2673 1123 μόνον
2725 1051 2846 1122 ἔχον
2895 1051 2959 1103 ἐκ
3002 1049 3095 1103 τοῦ
3146 1048 3591 1119 παραδείγματος
3625 1048 3685 1099 τὸ
3731 1048 3798 1100 ὲκ

548 1149 794 1218 exemplo
823 1147 980 1200 habet
1026 1142 1166 1212 quod
1210 1157 1276 1197 ex
1317 1141 1479 1195 Patre
1518 1141 1776 1210 procedat
1816 1140 1953 1195 citra
1982 1140 2117 1195 divi-

2221 1141 2428 1213 Πατρδς
2460 1140 2740 1212 προελθεῖν
2784 1138 3097 1209 ἀμερίστως
3128 1138 3222 1191 καὶ
3268 1136 3625 1199 ἀδιαστάτως,
3664 1135 3798 1187 ίδίαν

550 1242 758 1297 sionem
790 1238 950 1291 ullam
992 1244 1046 1291 et
1072 1235 1276 1303 absque
1315 1234 1513 1302 spatio,
1544 1234 1925 1302 propriamque
1955 1232 2116 1287 habet

2218 1232 2331 1302 ἔχει
2366 1233 2465 1303 τὴν
2498 1230 2731 1304 ὕπαρξιν
2760 1230 2819 1283 οὕ
2854 1229 3269 1299 κεχωρισμένην
3296 1227 3391 1280 τοῦ
3420 1226 3651 1297 Πατρὸς,
3683 1218 3798 1279 ἀλλ’

551 1328 887 1400 hypostasim
917 1342 1021 1379 non
1049 1334 1353 1393 separatam
1398 1338 1424 1376 a
1452 1322 1631 1385 Patre,
1664 1323 1757 1376 sed
1791 1324 1842 1375 in
1869 1322 2029 1377 Patre
2064 1332 2119 1376 et

2220 1326 2277 1377 ὲν
2312 1324 2486 1392 Πατρὶ
2514 1322 2609 1375 καὶ
2644 1321 2780 1393 μετὰ
2808 1320 3018 1392 Πατρὸς
3062 1319 3360 1388 νοουμένην
3394 1318 3491 1371 καὶ
3528 1319 3800 1387 ὑπάρχου-

552 1435 672 1474 cum
726 1417 888 1472 Patre
927 1416 1252 1470 intellectam
1298 1423 1459 1482 atque
1513 1413 1885 1467 exsistentem.
1931 1411 2119 1466 Dicere

2223 1432 2342 1468 σαν.
2371 1413 2527 1466 Tarae
2564 1412 2741 1480 λέγειν
2786 1411 2868 1465 ὅτι
2900 1410 3040 1481 τομὴ
3094 1410 3188 1462 καὶ
3236 1410 3491 1480 ἀποκοπὴ
3535 1410 3661 1479 περ)⁸
3702 1408 3802 1478 τὴν

554 1519 733 1564 autem
774 1508 1066 1564 sectionem
1122 1516 1175 1560 et
1218 1505 1542 1559 decisionem
1588 1504 1641 1558 in
1672 1504 1849 1558 divina
1903 1516 2120 1572 genera-

2220 1507 2473 1578 γέννησιν
2522 1506 2686 1559 αὑτοῦ
2746 1506 2971 1575 γέγονε,
3030 1505 3225 1575 μανίας
3282 1504 3521 1574 ἀμέτρου
3578 1504 3802 1573 σημεῖόν

554 1601 700 1653 tione
727 1596 923 1652 factam
951 1597 1135 1660 fuisse,
1170 1594 1422 1648 immanis
1456 1592 1678 1646 insaniae
1713 1602 1795 1647 est
1826 1594 2122 1646 documen-

2223 1599 2387 1652 ἐστιν.
2431 1597 2649 1667 Ἐπειδὴ
2701 1597 2810 1666 γὰρ
2859 1598 2959 1649 οὑκ
2993 1598 3049 1649 ὲν
3097 1595 3247 1665 τόπῳ
3305 1595 3691 1666 περιείληπται
3742 1593 3805 1646 τὸ

555 1698 688 1742 ιυηι.
719 1686 848 1742 Cum
881 1687 1021 1740 enim
1046 1685 1299 1739 divinitas
1332 1683 1450 1737 loco
1482 1698 1587 1737 non
1612 1681 2115 1746 circumscribatur,

2225 1688 2389 1752 θεῖον,
2428 1689 2547 1743 οὑδὲ
2575 1691 2632 1742 έν
2663 1692 2813 1759 τόπῳ
2842 1687 3068 1759 τοιούτῳ
3097 1688 3157 1741 τὸ
3192 1686 3252 1752 ἐξ
3284 1686 3467 1739 αὑτοῦ.
3515 1685 3589 1738 Τὸ
3633 1685 3691 1738 δὲ
3725 1682 3803 1755 μὴ

553 1794 623 1833 ne
652 1778 702 1832 id
725 1777 940 1846 quidem
974 1777 1114 1846 quod
1139 1791 1205 1831 ex
1232 1791 1297 1831 eo
1317 1774 1561 1843 procedit
1584 1774 1636 1827 in
1669 1774 1787 1827 loco
1824 1773 1946 1827 erit.
1967 1772 2117 1839 Quod

2223 1777 2282 1831 δν
2315 1780 2372 1830 ἐν
2400 1778 2567 1848 τόπῳ,
2611 1778 2642 1849 ἢ
2677 1780 2770 1832 καὶ
2807 1778 2880 1850 μὴ
2926 1773 3064 1831 εῖναι
3109 1778 3425 1847 δυνάμενον,
3461 1775 3579 1838 πῶς
3624 1775 3803 1828 ἐπιδέ-

552 1885 682 1925 vero
705 1883 878 1938 neque
904 1870 954 1923 in
991 1870 1109 1922 loco
1136 1877 1242 1932 est,
1272 1881 1448 1935 neque
1481 1881 1599 1920 esse
1628 1873 1825 1935 potest,
1856 1863 2123 1933 quomodo
2157 1856 2188 1913 ll

2168 1856 2196 1913 Β
2225 1887 2376 1939 χεται
2422 1868 2717 1939 μερισμόν;
2764 1870 2863 1922 Ilo!
2922 1869 3030 1939 γὰρ
3070 1870 3311 1940 χωρήσει
3341 1868 3401 1920 τὸ
3434 1867 3804 1937 τεμνόμενον;

554 1962 792 2033 separari
816 1961 1027 2031 potest?
1046 1960 1292 2027 Quonam
1320 1959 1462 2011 enim
1490 1956 1587 2011 ibit
1609 1956 1752 2025 quod
1778 1965 1982 2010 sectum
2006 1953 2124 2007 est?

2226 1962 2258 2031 ἢ
2289 1964 2352 2015 ὲκ
2378 1961 2520 2025 τίνος
2546 1962 2625 2024 είς
2652 1962 2705 2013 τί
2738 1962 3119 2032 μετοιχήσεται
3146 1978 3160 2027 ;
3192 1960 3365 2015 ταῦτα
3394 1959 3503 2030 γὰρ
3539 1959 3806 2028 σωμάτων

556 2062 648 2109 aut
673 2068 705 2106 e
740 2066 848 2121 quo
874 2052 926 2105 in
950 2066 1110 2120 quem
1144 2046 1541 2103 transferetur?
1570 2047 1685 2101 haec
1712 2043 1976 2114 siquidem
2004 2058 2125 2097 cor-

2232 2052 2330 2122 μὲν
2363 2052 2499 2116 ἴδια,
2535 2053 2633 2121 τῆς
2675 2052 2732 2105 δὲ
2762 2053 3053 2123 ἀσωμάτου
3091 2051 3304 2121 φύσεως
3348 2048 3626 2113 παντελῶς
3654 2048 3809 2104 ἀλλό-

557 2158 748 2214 porum
798 2148 923 2195 sunt
970 2139 1230 2209 propria,
1278 2139 1345 2192 ab
1399 2137 1717 2205 incorporea
1770 2148 1898 2188 vero
1934 2144 2123 2187 natura

2227 2160 2373 2213 τρια.
2409 2143 2501 2213 Μὴ
2532 2142 2709 2195 τοίνυν
2734 2141 3009 2204 δυσσεϐῶς
3041 2140 3472 2195 ἀναπλάττωσάν
3502 2156 3647 2202 τινες
3681 2138 3809 2208 περὶ

556 2248 781 2306 prorsus
828 2231 1024 2285 aliena.
1070 2229 1146 2284 Ne
1195 2230 1359 2299 igitur
1393 2228 1557 2297 impie
1588 2230 1639 2281 in
1689 2226 1870 2281 divina
1899 2242 2130 2299 genera-

2227 2235 2328 2305 τὴν
2373 2233 2523 2288 θείαν
2569 2234 2820 2302 γέννησιν
2861 2233 2957 2295 τάς
2985 2250 3046 2285 τε
3099 2234 3442 2302 καλουμένας
3470 2229 3809 2304 ἀπορροίας,

561 2325 707 2379 tione
758 2318 1041 2382 deﬂuxus,
1100 2319 1496 2388 separationes,
1564 2327 1727 2386 atque
1784 2318 1870 2372 his
1933 2317 2130 2371 similia

2232 2324 2327 2377 καὶ
2363 2330 2684 2394 μερισμοῦς,
2729 2324 2824 2376 καὶ
2853 2323 2952 2376 ὅσα
2988 2324 3126 2395 πρὸς
3166 2323 3339 2377 ταῦτα
3365 2323 3462 2394 τὴν
3492 2323 3811 2391 συγγένειαν

558 2411 1067 2468 comminiscantur.
1109 2406 1373 2476 Suprema
1426 2408 1568 2460 enim
1615 2406 1704 2460 illa
1743 2407 1984 2461 omnium
2031 2421 2129 2459 na-

2232 2412 2365 2482 ἕχει.
2399 2415 2545 2465 Ἀνω
2592 2415 2701 2482 γὰρ
2737 2412 2942 2475 πάθους
2975 2413 3072 2465 καὶ
3108 2411 3379 2484 μερισμοῦ
3412 2414 3506 2467 καὶ
3537 2412 3736 2483 τομῆς,
3776 2413 3810 2482 ἡ

562 2515 683 2559 tura
708 2502 840 2557 nulli
869 2499 1127 2570 passioni,
1162 2498 1485 2567 separationi
1522 2507 1615 2551 aut
1643 2498 1868 2552 sectioni
1920 2507 2003 2551 est
2031 2498 2130 2551 ob-

2231 2502 2340 2555 τῶν
2370 2504 2586 2556 πάντων
2625 2503 2994 2573 ὑπερκειμένη
3026 2502 3209 2571 φύσις,
3237 2504 3331 2558 καὶ
3368 2504 3468 2557 οὑκ
3502 2502 3810 2567 ὲκιδέξεται

561 2593 747 2660 noxia,
805 2605 982 2660 neque
1031 2604 1316 2657 corporum
1372 2589 1729 2658 proprietates
1779 2589 1990 2658 recipit.
2023 2587 2127 2644 Sed

2230 2593 2302 2646 τὰ
2350 2595 2616 2664 σωμάτων
2649 2594 2774 2648 ἴδια.
2820 2595 2958 2648 Ἀλλ’
2989 2595 3181 2666 ὥσπερ
3221 2596 3545 2668 δημιουργεῖ
3573 2595 3812 2667 παραδό-

560 2682 1009 2753 quemadmodum
1064 2688 1213 2734 creat
1274 2677 1636 2743 mirabiliter,
1691 2678 1960 2748 longeque
2025 2678 2131 2731 alio

2235 2683 2374 2749 ξως,
2417 2686 2477 2737 οὑ
2509 2684 2649 2738 κατὰ
2692 2686 2781 2738 τὸν
2829 2688 2928 2756 τῆς
2971 2687 3281 2759 κρατούσης
3334 2687 3466 2759 παρ’
3510 2688 3644 2760 ἡμῖν
3688 2705 3814 2741 συν-

560 2786 722 2842 quam
776 2779 960 2825 nostra
1008 2768 1340 2824 consuetudo
1375 2768 1479 2821 fert
1513 2767 1691 2833 modo,
1749 2767 1822 2820 ita
1861 2767 2021 2820 etiam
2048 2779 2135 2834 ge-

2232 2776 2420 2847 ηθείας
2453 2778 2634 2848 νόμον,
2664 2779 2807 2832 οὕτω
2837 2781 2931 2833 καὶ
2967 2780 3218 2849 γεννήσει
3244 2779 3306 2833 τὸ
3338 2778 3397 2846 ἐξ
3440 2780 3612 2850 αὑτῆς
3652 2779 3818 2847 ξένως

563 2873 717 2918 uerat
741 2876 807 2916 ex
840 2875 901 2915 se
933 2859 1036 2913 alia
1068 2857 1280 2912 ratione
1307 2871 1468 2925 quam
1503 2871 1625 2911 nos.

989 2859 1036 2913 ia
1068 2857 1280 2912 ratione
1307 2871 1468 2925 quam
1503 2871 1625 2911 nos.
2234 2865 2269 2938 ἢ
2296 2866 2416 2920 καθ’
2445 2866 2625 2938 ἡμῶν,

564 2996 837 3070 Exempla
875 2994 1230 3070 particulatim
1274 2990 1603 3070 declaranda
1641 3006 1742 3057 quo
1769 2999 1921 3070 pacto
1961 2989 2136 3046 Filius

2250 2998 2685 3068 ’Υποδείγματα
2750 3016 3034 3070 μερικωςλ
3075 3000 3452 3070 σημαίνοντα
3521 2999 3619 3070 τὸ,
3694 3015 3820 3065 πως

794 3059 926 3121 citra
957 3063 1339 3133 separatione»:
1381 3077 1407 3115 e
1441 3059 1599 3113 Patre
1622 3062 1897 3127 processit.
2380 3070 2430 3138 ἀγ

2380 3059 2714 3138 ἀμερίστως
2742 3059 3083 3136 ἓκήατρὸς
3116 3059 3425 3137 αξοοῆλθεν
3456 3072 3489 3123 ό
3522 3059 3656 3135 Υἱός

636 3200 829 3255 Sermo
857 3196 1253 3259 enuntiativus,
1284 3208 1394 3261 quo
1427 3193 1649 3257 utimur,
1686 3194 1738 3246 in
1778 3204 1959 3248 mente
1989 3204 2040 3247 et
2069 3210 2135 3248 ex
2164 3188 2206 3242 C

2188 3189 2206 3242 ἶ
2318 3202 2377 3254 '0
2430 3198 2582 3270 λόγος
2619 3194 2773 3264 οὕτος
2821 3202 2849 3254 ὁ
2886 3200 3219 3271 προφορικδς
3265 3194 3309 3268 ᾧ
3356 3200 3709 3273 κεχρήμεθα,
3743 3202 3824 3264 εἰς

564 3300 747 3346 mente
773 3288 1033 3357 gignitur,
1066 3295 1230 3354 atque
1252 3283 1393 3339 alius
1416 3283 1634 3353 quidem
1675 3284 1890 3337 videtur
1914 3298 2037 3339 esse
2069 3285 2137 3337 ab

2239 3292 2363 3347 νοῦν
2391 3293 2488 3347 καὶ
2518 3294 2584 3346 ὲκ
2614 3291 2706 3348 νοῦ
2748 3295 3027 3362 γεννᾶται,
3060 3296 3154 3348 καὶ
3193 3294 3341 3347 δοκεῖ
3373 3295 3474 3365 μὲν
3514 3295 3700 3367 ἕτερος
3746 3291 3825 3349 sl-

565 3395 632 3435 eo
667 3380 757 3448 qui
800 3378 854 3431 in
896 3377 1059 3431 conte
1091 3373 1352 3445 agitatur,
1384 3382 1653 3442 quatenus
1686 3383 1841 3428 extra
1876 3389 1940 3429 os
1970 3374 2134 3429 veluti

2242 3401 2328 3437 ναι
2359 3382 2510 3453 παρὰ
2538 3383 2630 3436 τὸν
2658 3384 2717 3437 ὲν
2745 3383 2943 3454 καρδία
2982 3388 3370 3454 στρεφόμενον,
3404 3383 3543 3435 καθὸ
3574 3383 3679 3449 ἔξω
3708 3385 3827 3438 στό-

564 3487 598 3526 e
622 3469 867 3524 tenebris
898 3469 953 3522 in
984 3467 1158 3521 lucem
1188 3465 1457 3520 emittitur
1483 3481 1498 3529 ;
1530 3472 1615 3520 est
1644 3474 1824 3520 autem
1862 3480 2052 3520 rursus
2085 3467 2135 3519 in

2243 3489 2412 3542 ματος
2465 3472 2705 3540 γίγνεται
2750 3473 3103 3543 πεμπόμενος
3145 3473 3335 3543 ὥσπερ
3386 3474 3449 3525 ἐκ
3505 3472 3701 3543 βάθους
3746 3475 3827 3536 είς

566 3578 654 3627 eo,
679 3561 980 3629 similisque
1017 3560 1065 3613 ei
1117 3567 1201 3612 est
1241 3572 1337 3625 per
1369 3557 1574 3611 omnia.
1612 3557 1666 3611 ln
1711 3571 1960 3612 sermone
1993 3558 2136 3611 enim

2241 3563 2374 3632 φῶς.
2409 3564 2564 3616 Ἔστι
2595 3563 2652 3616 δὲ
2691 3563 2851 3617 πάλιν
2884 3565 2941 3616 ὲν
2969 3562 3139 3633 αὑτῷ,
3172 3564 3267 3616 καὶ
3293 3565 3477 3634 ὅμοιος
3508 3564 3657 3635 αὑτῷ
3685 3565 3826 3620 κατὰ

566 3653 781 3707 videtur
821 3649 1078 3719 cogitatio
1110 3647 1312 3711 cordis,
1335 3655 1391 3702 et
1428 3662 1617 3703 rursus
1653 3646 1704 3701 in
1735 3655 1917 3701 mente
1959 3661 2138 3701 sermo

2241 3654 2436 3708 πάντα.
2466 3656 2619 3707 Ἐστι
2662 3654 2771 3725 γὰρ
2803 3655 2928 3707 ἰδεῖν
2973 3656 3030 3707 ἐν
3060 3654 3209 3726 αὑτῷ
3245 3655 3389 3727 λόγῳ
3421 3658 3510 3709 τὸν
3542 3658 3600 3709 ὲν
3629 3657 3826 3728 καρδίᾳ

569 3744 805 3800 nondum
857 3740 1125 3809 loquendo
1162 3751 1480 3807 expressus.
1510 3737 1583 3791 Ita
1624 3737 1787 3793 etiam
1823 3737 1991 3791 Filius
2022 3737 2137 3799 Dei,

2242 3744 2507 3812 κληθέντα
2538 3746 2817 3815 λογισμὸν,
2845 3746 2939 3798 καὶ
2964 3745 3127 3799 πάλιν
3157 3748 3214 3800 ὲν
3245 3746 3322 3817 τῷ
3344 3747 3419 3818 νῷ
3447 3748 3535 3800 τὸν
3561 3749 3720 3818 λόγον
3744 3748 3826 3801 ἐτι

569 3838 774 3906 absque
816 3832 1165 3904 separatione
1207 3844 1238 3884 e
1280 3829 1442 3885 Patre
1492 3828 1811 3899 procedens,
1857 3827 1970 3901 48
2012 3828 2141 3883 cha-

2244 3841 2616 3913 σιωπὼμενον.
2660 3842 2816 3895 Οὕτω
2850 3844 2943 3897 καὶ
2974 3845 3001 3896 ό
3035 3842 3165 3905 Υἱὸς
3199 3842 3289 3896 τοῦ
3323 3843 3482 3907 Θεοῦ,
3513 3844 3824 3915 ἀμερίστως

572 3939 749 3983 ractcr
777 3936 860 3981 est
884 3934 934 3981 et
961 3936 1221 3995 expressa
1250 3923 1423 3992 ﬁgura
1451 3921 1802 3991 proprietatis
1824 3936 1935 3976 sua:
1960 3938 1973 3975 :
2008 3920 2142 3978 Ver-

2242 3936 2307 3987 ἐκ
2329 3933 2542 4005 Πατρὸς
2566 3933 2864 4003 προελθὼν,
2885 3935 3172 4005 χαρακτήρ
3193 3935 3308 3987 ὲστι
3336 3935 3430 3988 καὶ
3451 3934 3699 4005 ὁμοίωμα
3728 3937 3826 4006 τῆς

567 4021 693 4075 bum
732 4018 874 4072 enim
924 4023 1009 4071 est
1048 4013 1388 4083 lnypostatice
1432 4011 1702 4067 exsistens
1745 4019 1801 4067 et
1847 4010 2035 4065 vivens
2074 4026 2139 4064 ex

2247 4029 2504 4099 ἰδιότητος
2549 4028 2736 4092 αὑτοῦ,
2763 4026 2933 4095 Λόγος
2962 4025 3039 4078 ὣν
3086 4025 3455 4089 ὲνυπόστατος
3503 4026 3596 4080 καλ⁸
3628 4026 3734 4089 ζῶν
3762 4029 3826 4080 ὲκ

566 4112 689 4163 vivo
722 4106 899 4161 Patre.
1284 4158 1287 4163 _

2244 4120 2442 4183 ζῶντος
2479 4119 2711 4190 Πατρός.

1244 4230 1469 4289 ALIUD.

2928 4252 3132 4307 ΑΛΛΟ.

640 4350 713 4403 lta
747 4347 931 4416 genuit
954 4361 1019 4399 ex
1048 4360 1105 4399 se
1138 4344 1299 4399 Pater
1321 4344 1515 4399 Filium
1549 4346 1754 4415 absque
1780 4346 2141 4416 separatione,

2315 4365 2503 4431 Οὕτως
2563 4366 2854 4438 ἐγέννησεν
2903 4365 2963 4431 ἐξ
3016 4365 3211 4420 ἑαυτοῦ
3261 4366 3353 4419 τὸν
3400 4366 3527 4420 Υίὸν
3575 4368 3604 4419 ό
3638 4368 3826 4437 Πατὴρ

567 4455 632 4496 ac
664 4441 707 4495 si
739 4437 955 4505 sapiens
981 4436 1179 4505 aliquis
1221 4436 1407 4505 gignat
1441 4436 1656 4506 aliquod
1697 4439 1998 4503 inventum,
2029 4437 2143 4493 sive

2246 4436 2701 4528 dpepforwqﬁb;
2737 4436 2801 4509 διν
2834 4457 2883 4509 εί
2924 4456 3089 4525 σοφὸς
3123 4455 3381 4510 ἁποτέκοι
3428 4456 3606 4527 νόημα
3643 4436 3824 4526 σοφὸν,

570 4527 969 4591 mechanicum,
1006 4527 1119 4581 sive
1145 4528 1559 4595 geometricum,
1597 4528 1711 4584 sive
1744 4527 2007 4596 ejusmodi
2039 4529 2139 4582 ali-
2171 4527 2206 4582 Ι]

2193 4527 2557 4614 )μηχανικὴν
2602 4543 2785 4612 τυχὸν,
2832 4543 2865 4614 ἢ
2901 4544 3264 4615 γεωμετρίαν,
3312 4545 3345 4615 ἢ
3393 4545 3577 4617 ἔτερόν
3619 4564 3669 4599 τι
3720 4546 3829 4598 τῶν

568 4618 717 4690 quid.
742 4616 1007 4671 Videntur
1034 4616 1177 4669 extim
1211 4617 1613 4685 quodammodo
1638 4620 1917 4688 sapientiae
1935 4621 2142 4675 fructus

2246 4634 2522 4688 τοιούτων.
2555 4638 2711 4689 Δοκεῖ
2746 4636 2843 4705 μὲν
2878 4637 2987 4707 γάρ
3027 4654 3145 4700 πως
3191 4638 3384 4706 σοφίας
3436 4616 3573 4691 εἶναι
3622 4640 3829 4708 καρπὸς

568 4724 711 4774 esse,
739 4717 899 4777 atque
928 4707 1000 4761 ita
1036 4714 1229 4759 natura
1263 4723 1320 4762 se
1366 4709 1599 4774 habent;
1628 4712 1780 4780 atqui
1814 4725 1919 4765 non
1948 4720 2029 4765 est
2060 4726 2143 4763 se-

2245 4727 2312 4779 τὰ
2360 4726 2609 4789 τοιαῦτα,
2642 4729 2738 4780 καὶ
2781 4726 2954 4791 οὕτως
2984 4727 3096 4798 ἔχει
3128 4727 3226 4799 τὴν
3262 4728 3453 4798 φύσιν·
3489 4729 3601 4781 ἀλλ’
3635 4730 3695 4782 οὕ
3730 4748 3827 4800 μεο

568 4809 757 4871 parata
790 4813 820 4851 a
866 4800 1130 4866 sapientia
1176 4811 1264 4851 ars
1295 4814 1412 4867 quae
1460 4815 1524 4854 ex
1573 4815 1635 4855 ea
1670 4809 1753 4855 est
1792 4800 2139 4870 excogitata:

2251 4818 2501 4888 μέρισται
2530 4820 2628 4888 τῆς
2662 4819 2851 4886 σοφίας
2891 4821 2924 4889 ὴ
2960 4820 3019 4885 ἐξ
3047 4819 3219 4890 αὐτῆς
3265 4821 3612 4889 ὲπινοηθεῖσα
3636 4822 3826 4890 τέχνη·

569 4896 666 4947 sed
694 4899 779 4946 est
818 4904 884 4944 ex
932 4889 1047 4957 ipsa
1082 4899 1135 4942 et
1166 4889 1217 4941 in
1269 4891 1380 4958 ipsa
1408 4892 1687 4961 genitricis
1720 4907 1831 4946 suae
1856 4892 2142 4961 imaginem

2246 4908 2359 4961 ἀλλ’
2382 4907 2531 4961 ἐστιν
2564 4908 2623 4975 ἐξ
2659 4909 2829 4979 αὑτῆς
2870 4910 2965 4963 καὶ
3001 4910 3059 4965 ὲν
3094 4889 3231 4981 αὑτῇ
3263 4910 3361 4980 τὴν
3401 4911 3666 4964 τεκοῦσαν
3692 4912 3832 4976 ἐξει-

569 4985 880 5055 exprimens
904 5022 919 5047 ,
970 4987 1027 5037 et
1063 4981 1195 5035 citra
1238 4984 1639 5051 separationem
1675 4984 1822 5038 aliud
1865 4985 2143 5054 quidpiam

2246 4999 2556 5066 κονίζουσα,
2598 5000 2692 5054 καὶ⁴
2730 5001 3043 5073 ἀμερίστως
3071 5001 3257 5073 ἕτερόν
3290 5020 3341 5056 τι
3382 5006 3511 5074 παρ’
3546 5005 3716 5074 αὑτὴν
3750 4998 3828 5057 εἶ-

572 5091 697 5132 esse
723 5075 954 5131 videtur.
981 5073 1061 5128 Ita
1107 5082 1160 5128 et
1196 5075 1471 5144 generatio
1501 5074 1644 5141 Filii,
1674 5092 1795 5131 cum
1829 5076 1899 5130 sit
1937 5078 2143 5146 absque

2247 5108 2333 5144 ναι
2360 5090 2611 5147 δοκοῦσα.
2639 5092 2823 5156 Οὕτως
2846 5095 2879 5163 ὴ
2904 5091 3035 5145 Υίοῦ
3061 5093 3337 5163 γέννησις,
3364 5073 3679 5167 ἀμερίστως
3698 5090 3832 5149 οῦσα

572 5169 913 5238 separatione
960 5182 1025 5222 ex
1067 5165 1245 5232 Patre,
1299 5169 1348 5222 in
1400 5183 1495 5221 sua
1541 5168 1816 5239 hypostasi
1856 5178 2141 5234 servatur,

2246 5181 2311 5234 ὲκ
2355 5181 2589 5251 Πατρδς,
2620 5184 2675 5236 ὲν
2710 5183 2815 5253 ἰδίᾳ
2844 5183 3141 5237 ὑποστάσει
3188 5184 3442 5249 σώζεται,
3473 5165 3571 5256 τὴν
3604 5186 3697 5240 τοῦ
3731 5203 3834 5239 πα-

569 5264 733 5333 longe
759 5271 936 5316 tamen
980 5258 1138 5327 hujus
1170 5260 1400 5329 exempli
1460 5260 1573 5314 sive
1605 5260 1976 5315 similitudinis
2037 5262 2142 5315 vim

1656 5260 1976 5315 mililUdilliS
2037 5262 2142 5315 Vim
2251 5272 2608 5345 ραδείγματος
2637 5274 3008 5345 ὑπεραίρουσα
3038 5276 3286 5346 δύναμιν.

568 5352 852 5407 excedens.

1239 5466 1470 5523 ALIUD.
2938 5462 3140 5535 ΑᾹΛο,

639 5581 739 5649 Qui
766 5583 1068 5637 divinorum
1099 5581 1409 5651 dogmatum
1432 5580 1715 5636 veritatem
1740 5593 2014 5652 quaerunt,
2038 5598 2142 5638 non

2319 5593 2381 5645 Ol
2411 5593 2511 5665 τὴν
2535 5595 2592 5648 ὲν
2620 5596 2732 5659 τοῖς
2760 5594 2921 5660 θείοις
2951 5596 3183 5667 δόγμασι
3210 5596 3497 5668 ζητοῦντες
3525 5593 3827 5665 ἀκρίϐειαν,

570 5672 625 5725 in
651 5673 915 5728 humanas
968 5673 1204 5727 rationes
1242 5670 1441 5726 mentis
1463 5671 1652 5727 oculos
1689 5673 2011 5741 conjiciunt.
2040 5672 2146 5730 Nc-

2248 5686 2307 5739 οὑ
2338 5687 2465 5750 ταῖς
2488 5686 2855 5758 ἀνθρωπίναις
2884 5688 3280 5753 ὲνατενίζουσιν
3308 5685 3672 5748 ἁκολουθίαις.
3698 5684 3828 5741 Οὑδδ

571 5778 676 5821 aue
733 5764 858 5831 quia
892 5763 1054 5821 Pater
1090 5762 1274 5833 genuit
1323 5762 1564 5833 Filium,
1627 5764 1971 5823 imminutum
2018 5785 2140 5825 eum

2252 5779 2437 5848 ἐπειδὴ
2481 5778 2775 5849 γεγέννηκε
2828 5780 2919 5832 τὸν
2973 5779 3098 5832 Υἱὸν
3134 5782 3162 5831 ὁ
3209 5777 3432 5848 Πατὴρ,
3484 5774 3828 5847 ἡλαττῶσθαι
