  <div class='ocr_page' id='page_1' title='image "/cluster/home/n/w/nwhite01/storage/ocr_20150623/75/hvd.32044019207935/048.png"; bbox 0 0 4144 6524; ppageno 0'>
   <div class='ocr_carea' id='block_1_1' title="bbox 384 361 3652 437">
    <p class='ocr_par' dir='ltr' id='par_1_1' title="bbox 384 361 3652 437">
     <span class='ocr_line' id='line_1_1' title="bbox 384 361 3652 437; baseline -0.006 0"><span class='ocrx_word' id='word_1_1' title='bbox 384 383 451 437; x_wconf 73' lang='lat'><strong>8!</strong></span> <span class='ocrx_word' id='word_1_2' title='bbox 1794 362 2233 428; x_wconf 74' lang='lat' dir='ltr'><strong>THESAURUS.</strong></span> <span class='ocrx_word' id='word_1_3' title='bbox 3580 361 3652 416; x_wconf 64' lang='lat'><strong>82</strong></span> 
     </span>
    </p>
   </div>
   <div class='ocr_carea' id='block_1_2' title="bbox 382 478 1978 576">
    <p class='ocr_par' dir='ltr' id='par_1_2' title="bbox 382 489 1973 576">
     <span class='ocr_line' id='line_1_2' title="bbox 382 489 1973 576; baseline -0.009 -18"><span class='ocrx_word' id='word_1_4' title='bbox 382 503 651 576; x_wconf 75' lang='grc' dir='ltr'><strong>φήσουσιν</strong></span> <span class='ocrx_word' id='word_1_5' title='bbox 696 502 876 565; x_wconf 84' lang='grc' dir='ltr'><strong>αὑτὸν,</strong></span> <span class='ocrx_word' id='word_1_6' title='bbox 907 501 982 563; x_wconf 87' lang='grc' dir='ltr'><strong>ὼς</strong></span> <span class='ocrx_word' id='word_1_7' title='bbox 1015 501 1094 563; x_wconf 87' lang='grc' dir='ltr'><strong>εἰς</strong></span> <span class='ocrx_word' id='word_1_8' title='bbox 1142 499 1311 554; x_wconf 80' lang='grc' dir='ltr'><strong>δυάδα</strong></span> <span class='ocrx_word' id='word_1_9' title='bbox 1363 496 1764 570; x_wconf 71' lang='grc' dir='ltr'><strong>μεμερισμένον</strong></span> <span class='ocrx_word' id='word_1_10' title='bbox 1801 489 1973 564; x_wconf 71' lang='grc' dir='ltr'><strong>(οὗτος</strong></span> 
     </span>
    </p>
   </div>
   <div class='ocr_carea' id='block_1_3' title="bbox 2083 478 3654 576">
    <p class='ocr_par' dir='ltr' id='par_1_3' title="bbox 2083 478 3654 555">
     <span class='ocr_line' id='line_1_3' title="bbox 2083 478 3654 555; baseline -0.007 -10"><span class='ocrx_word' id='word_1_11' title='bbox 2083 496 2325 553; x_wconf 86' lang='lat' dir='ltr'><strong>censent,</strong></span> <span class='ocrx_word' id='word_1_12' title='bbox 2358 484 2580 555; x_wconf 90' lang='lat' dir='ltr'><strong>perinde</strong></span> <span class='ocrx_word' id='word_1_13' title='bbox 2616 498 2679 538; x_wconf 89' lang='lat' dir='ltr'><strong>ac</strong></span> <span class='ocrx_word' id='word_1_14' title='bbox 2728 483 2772 538; x_wconf 86' lang='lat' dir='ltr'><strong>si</strong></span> <span class='ocrx_word' id='word_1_15' title='bbox 2828 485 2881 537; x_wconf 93' lang='lat' dir='ltr'><strong>in</strong></span> <span class='ocrx_word' id='word_1_16' title='bbox 2927 481 3244 537; x_wconf 89' lang='lat' dir='ltr'><strong>dualitatem</strong></span> <span class='ocrx_word' id='word_1_17' title='bbox 3273 478 3476 534; x_wconf 85' lang='lat' dir='ltr'><strong>divisus</strong></span> <span class='ocrx_word' id='word_1_18' title='bbox 3508 486 3654 535; x_wconf 80' lang='lat' dir='ltr'><strong>esset</strong></span> 
     </span>
    </p>
   </div>
   <div class='ocr_carea' id='block_1_4' title="bbox 384 584 1971 664">
    <p class='ocr_par' dir='ltr' id='par_1_4' title="bbox 384 584 1971 664">
     <span class='ocr_line' id='line_1_4' title="bbox 384 584 1971 664; baseline -0.008 -17"><span class='ocrx_word' id='word_1_19' title='bbox 384 593 493 664; x_wconf 80' lang='grc' dir='ltr'><strong>γὰρ</strong></span> <span class='ocrx_word' id='word_1_20' title='bbox 527 594 637 654; x_wconf 73' lang='grc' dir='ltr'><strong>τοῖς</strong></span> <span class='ocrx_word' id='word_1_21' title='bbox 676 588 1060 661; x_wconf 84' lang='grc' dir='ltr'><strong>χριστομάχοις</strong></span> <span class='ocrx_word' id='word_1_22' title='bbox 1089 590 1117 641; x_wconf 82' lang='grc' dir='ltr'><strong>ὁ</strong></span> <span class='ocrx_word' id='word_1_23' title='bbox 1147 589 1346 657; x_wconf 86' lang='grc' dir='ltr'><strong>λόγος),</strong></span> <span class='ocrx_word' id='word_1_24' title='bbox 1375 587 1499 642; x_wconf 76' lang='grc' dir='ltr'><strong>οὔτε</strong></span> <span class='ocrx_word' id='word_1_25' title='bbox 1536 586 1642 656; x_wconf 84' lang='grc' dir='ltr'><strong>μὴν</strong></span> <span class='ocrx_word' id='word_1_26' title='bbox 1669 584 1971 655; x_wconf 79' lang='grc' dir='ltr'><strong>άπόρροιάν</strong></span> 
     </span>
    </p>
   </div>
   <div class='ocr_carea' id='block_1_5' title="bbox 383 677 1967 751">
    <p class='ocr_par' dir='ltr' id='par_1_5' title="bbox 383 677 1967 751">
     <span class='ocr_line' id='line_1_5' title="bbox 383 677 1967 751; baseline -0.005 -15"><span class='ocrx_word' id='word_1_27' title='bbox 383 700 506 737; x_wconf 88' lang='grc' dir='ltr'><strong>τινα</strong></span> <span class='ocrx_word' id='word_1_28' title='bbox 552 680 834 750; x_wconf 88' lang='grc' dir='ltr'><strong>γίγνεσθαι</strong></span> <span class='ocrx_word' id='word_1_29' title='bbox 886 680 1017 751; x_wconf 74' lang='grc' dir='ltr'><strong>περὶ</strong></span> <span class='ocrx_word' id='word_1_30' title='bbox 1068 680 1166 751; x_wconf 83' lang='grc' dir='ltr'><strong>τὴν</strong></span> <span class='ocrx_word' id='word_1_31' title='bbox 1229 680 1419 733; x_wconf 80' lang='grc' dir='ltr'><strong>οὐσίαν</strong></span> <span class='ocrx_word' id='word_1_32' title='bbox 1480 678 1646 733; x_wconf 84' lang='grc' dir='ltr'><strong>αὐτοῦ</strong></span> <span class='ocrx_word' id='word_1_33' title='bbox 1707 677 1967 748; x_wconf 62' lang='grc' dir='ltr'><strong>θομιοῦσι.</strong></span> 
     </span>
    </p>
   </div>
   <div class='ocr_carea' id='block_1_6' title="bbox 386 768 1971 843">
    <p class='ocr_par' dir='ltr' id='par_1_6' title="bbox 386 768 1971 843">
     <span class='ocr_line' id='line_1_6' title="bbox 386 768 1971 843; baseline -0.003 -17"><span class='ocrx_word' id='word_1_34' title='bbox 386 773 569 829; x_wconf 87' lang='grc' dir='ltr'><strong>Ταῦτα</strong></span> <span class='ocrx_word' id='word_1_35' title='bbox 602 773 712 843; x_wconf 86' lang='grc' dir='ltr'><strong>γὰρ</strong></span> <span class='ocrx_word' id='word_1_36' title='bbox 740 774 826 840; x_wconf 78' lang='grc' dir='ltr'><strong>ἐφ’</strong></span> <span class='ocrx_word' id='word_1_37' title='bbox 868 771 1028 843; x_wconf 86' lang='grc' dir='ltr'><strong>ἡμῶν</strong></span> <span class='ocrx_word' id='word_1_38' title='bbox 1060 772 1160 841; x_wconf 74' lang='grc' dir='ltr'><strong>μὲν</strong></span> <span class='ocrx_word' id='word_1_39' title='bbox 1193 771 1486 826; x_wconf 78' lang='grc' dir='ltr'><strong>ἀκόλουθον</strong></span> <span class='ocrx_word' id='word_1_40' title='bbox 1519 772 1719 824; x_wconf 82' lang='grc' dir='ltr'><strong>ἐννοεῖν</strong></span> <span class='ocrx_word' id='word_1_41' title='bbox 1745 788 1757 798; x_wconf 92' lang='grc'>·</span> <span class='ocrx_word' id='word_1_42' title='bbox 1790 769 1883 822; x_wconf 75' lang='grc' dir='ltr'><strong>ἐπὶ</strong></span> <span class='ocrx_word' id='word_1_43' title='bbox 1914 768 1971 822; x_wconf 87' lang='grc' dir='ltr'><strong>δέ</strong></span> 
     </span>
    </p>
   </div>
   <div class='ocr_carea' id='block_1_7' title="bbox 385 859 1973 932">
    <p class='ocr_par' dir='ltr' id='par_1_7' title="bbox 385 859 1973 932">
     <span class='ocr_line' id='line_1_7' title="bbox 385 859 1973 932; baseline -0.003 -16"><span class='ocrx_word' id='word_1_44' title='bbox 385 862 517 916; x_wconf 88' lang='grc' dir='ltr'><strong>Θεοῦ</strong></span> <span class='ocrx_word' id='word_1_45' title='bbox 548 862 667 916; x_wconf 93' lang='grc' dir='ltr'><strong>λίαν</strong></span> <span class='ocrx_word' id='word_1_46' title='bbox 691 862 909 925; x_wconf 76' lang='grc' dir='ltr'><strong>ἀσεϐές.</strong></span> <span class='ocrx_word' id='word_1_47' title='bbox 937 860 1204 914; x_wconf 79' lang='grc' dir='ltr'><strong>Φευκτέον</strong></span> <span class='ocrx_word' id='word_1_48' title='bbox 1227 860 1517 932; x_wconf 82' lang='grc' dir='ltr'><strong>τοιγαροῦν</strong></span> <span class='ocrx_word' id='word_1_49' title='bbox 1544 861 1644 930; x_wconf 83' lang='grc' dir='ltr'><strong>τὴν</strong></span> <span class='ocrx_word' id='word_1_50' title='bbox 1674 862 1732 914; x_wconf 81' lang='grc' dir='ltr'><strong>ἐν</strong></span> <span class='ocrx_word' id='word_1_51' title='bbox 1759 859 1973 921; x_wconf 80' lang='grc' dir='ltr'><strong>τούτοις</strong></span> 
     </span>
    </p>
   </div>
   <div class='ocr_carea' id='block_1_8' title="bbox 385 951 1972 1023">
    <p class='ocr_par' dir='ltr' id='par_1_8' title="bbox 385 951 1972 1023">
     <span class='ocr_line' id='line_1_8' title="bbox 385 951 1972 1023; baseline -0.003 -16"><span class='ocrx_word' id='word_1_52' title='bbox 385 954 635 1016; x_wconf 82' lang='grc' dir='ltr'><strong>ἀτοπίαν,</strong></span> <span class='ocrx_word' id='word_1_53' title='bbox 668 955 761 1009; x_wconf 80' lang='grc' dir='ltr'>καὶ</span> <span class='ocrx_word' id='word_1_54' title='bbox 795 954 1013 1023; x_wconf 86' lang='grc' dir='ltr'><strong>νοητέον</strong></span> <span class='ocrx_word' id='word_1_55' title='bbox 1050 954 1191 1006; x_wconf 72' lang='grc' dir='ltr'><strong>οὕτω</strong></span> <span class='ocrx_word' id='word_1_56' title='bbox 1226 952 1582 1022; x_wconf 82' lang='grc' dir='ltr'><strong>γεγεννῆσθαι</strong></span> <span class='ocrx_word' id='word_1_57' title='bbox 1614 951 1705 1004; x_wconf 84' lang='grc' dir='ltr'><strong>τὸν</strong></span> <span class='ocrx_word' id='word_1_58' title='bbox 1738 952 1864 1004; x_wconf 79' lang='grc' dir='ltr'><strong>Υίὸν</strong></span> <span class='ocrx_word' id='word_1_59' title='bbox 1910 953 1972 1004; x_wconf 87' lang='grc' dir='ltr'><strong>ἐκ</strong></span> 
     </span>
    </p>
   </div>
   <div class='ocr_carea' id='block_1_9' title="bbox 384 1043 1972 1116">
    <p class='ocr_par' dir='ltr' id='par_1_9' title="bbox 384 1043 1972 1116">
     <span class='ocr_line' id='line_1_9' title="bbox 384 1043 1972 1116; baseline -0.003 -16"><span class='ocrx_word' id='word_1_60' title='bbox 384 1047 477 1100; x_wconf 89' lang='grc' dir='ltr'><strong>τοῦ</strong></span> <span class='ocrx_word' id='word_1_61' title='bbox 528 1048 770 1116; x_wconf 83' lang='grc' dir='ltr'><strong>Πατρὸς,</strong></span> <span class='ocrx_word' id='word_1_62' title='bbox 806 1047 881 1110; x_wconf 86' lang='grc' dir='ltr'><strong>ὡς</strong></span> <span class='ocrx_word' id='word_1_63' title='bbox 917 1046 1108 1115; x_wconf 77' lang='grc' dir='ltr'>σοφίαν</span> <span class='ocrx_word' id='word_1_64' title='bbox 1151 1048 1216 1099; x_wconf 89' lang='grc' dir='ltr'><strong>ἐκ</strong></span> <span class='ocrx_word' id='word_1_65' title='bbox 1260 1046 1375 1111; x_wconf 91' lang='grc' dir='ltr'><strong>νοῦ,</strong></span> <span class='ocrx_word' id='word_1_66' title='bbox 1418 1046 1452 1116; x_wconf 74' lang='grc' dir='ltr'>ἢ</span> <span class='ocrx_word' id='word_1_67' title='bbox 1493 1044 1587 1099; x_wconf 78' lang='grc' dir='ltr'><strong>καὶ</strong></span> <span class='ocrx_word' id='word_1_68' title='bbox 1639 1043 1733 1097; x_wconf 89' lang='grc' dir='ltr'><strong>τοῦ</strong></span> <span class='ocrx_word' id='word_1_69' title='bbox 1780 1044 1972 1112; x_wconf 87' lang='grc' dir='ltr'><strong>γεννή-</strong></span> 
     </span>
    </p>
   </div>
   <div class='ocr_carea' id='block_1_10' title="bbox 356 1136 1973 1207">
    <p class='ocr_par' dir='ltr' id='par_1_10' title="bbox 356 1136 1973 1207">
     <span class='ocr_line' id='line_1_10' title="bbox 356 1136 1973 1207; baseline -0.001 -19"><span class='ocrx_word' id='word_1_70' title='bbox 356 1153 576 1200; x_wconf 63' lang='grc' dir='ltr'><strong>-σαντος</strong></span> <span class='ocrx_word' id='word_1_71' title='bbox 600 1137 704 1202; x_wconf 74' lang='grc' dir='ltr'><strong>ἔξω</strong></span> <span class='ocrx_word' id='word_1_72' title='bbox 732 1154 849 1200; x_wconf 84' lang='grc' dir='ltr'><strong>πως</strong></span> <span class='ocrx_word' id='word_1_73' title='bbox 883 1136 1136 1205; x_wconf 78' lang='grc' dir='ltr'><strong>γενέσθαι</strong></span> <span class='ocrx_word' id='word_1_74' title='bbox 1158 1137 1390 1191; x_wconf 85' lang='grc' dir='ltr'><strong>δοκοῦσα</strong></span> <span class='ocrx_word' id='word_1_75' title='bbox 1422 1136 1562 1190; x_wconf 79' lang='grc' dir='ltr'><strong>κατὰ</strong></span> <span class='ocrx_word' id='word_1_76' title='bbox 1584 1136 1682 1207; x_wconf 86' lang='grc' dir='ltr'><strong>τὴν</strong></span> <span class='ocrx_word' id='word_1_77' title='bbox 1712 1136 1973 1204; x_wconf 75' lang='grc' dir='ltr'><strong>ἔκφανσιν</strong></span> 
     </span>
    </p>
   </div>
   <div class='ocr_carea' id='block_1_11' title="bbox 384 1226 1975 1301">
    <p class='ocr_par' dir='ltr' id='par_1_11' title="bbox 384 1226 1975 1301">
     <span class='ocr_line' id='line_1_11' title="bbox 384 1226 1975 1301; baseline -0.001 -21"><span class='ocrx_word' id='word_1_78' title='bbox 384 1229 574 1299; x_wconf 71' lang='grc' dir='ltr'><strong>αὐτῆς,</strong></span> <span class='ocrx_word' id='word_1_79' title='bbox 604 1229 766 1283; x_wconf 87' lang='grc' dir='ltr'><strong>πάλιν</strong></span> <span class='ocrx_word' id='word_1_80' title='bbox 796 1229 942 1283; x_wconf 74' lang='grc' dir='ltr'><strong>ἐστιν</strong></span> <span class='ocrx_word' id='word_1_81' title='bbox 967 1230 1025 1282; x_wconf 86' lang='grc' dir='ltr'><strong>ἐν</strong></span> <span class='ocrx_word' id='word_1_82' title='bbox 1052 1229 1222 1299; x_wconf 78' lang='grc' dir='ltr'><strong>αὐτῷ,</strong></span> <span class='ocrx_word' id='word_1_83' title='bbox 1246 1230 1307 1282; x_wconf 77' lang='grc' dir='ltr'><strong>οὐ</strong></span> <span class='ocrx_word' id='word_1_84' title='bbox 1341 1226 1975 1301; x_wconf 83' lang='grc' dir='ltr'><strong>μεμερισμένωςπροελ-</strong></span> 
     </span>
    </p>
   </div>
   <div class='ocr_carea' id='block_1_12' title="bbox 386 1319 1971 1393">
    <p class='ocr_par' dir='ltr' id='par_1_12' title="bbox 386 1319 1971 1393">
     <span class='ocr_line' id='line_1_12' title="bbox 386 1319 1971 1393; baseline 0 -22"><span class='ocrx_word' id='word_1_85' title='bbox 386 1319 573 1373; x_wconf 88' lang='grc' dir='ltr'><strong>θοῦσα.</strong></span> <span class='ocrx_word' id='word_1_86' title='bbox 622 1319 761 1374; x_wconf 78' lang='grc' dir='ltr'><strong>Οῦτε</strong></span> <span class='ocrx_word' id='word_1_87' title='bbox 804 1322 910 1393; x_wconf 79' lang='grc' dir='ltr'><strong>μὴν</strong></span> <span class='ocrx_word' id='word_1_88' title='bbox 960 1320 1258 1392; x_wconf 76' lang='grc' dir='ltr'><strong>άπόρῤοιάν</strong></span> <span class='ocrx_word' id='word_1_89' title='bbox 1296 1338 1418 1374; x_wconf 88' lang='grc' dir='ltr'><strong>τινα</strong></span> <span class='ocrx_word' id='word_1_90' title='bbox 1483 1320 1735 1388; x_wconf 82' lang='grc' dir='ltr'><strong>γενέσθαι</strong></span> <span class='ocrx_word' id='word_1_91' title='bbox 1793 1335 1971 1388; x_wconf 88' lang='grc' dir='ltr'><strong>παρα-</strong></span> 
     </span>
    </p>
   </div>
   <div class='ocr_carea' id='block_1_13' title="bbox 388 1410 1971 1482">
    <p class='ocr_par' dir='ltr' id='par_1_13' title="bbox 388 1410 1971 1482">
     <span class='ocr_line' id='line_1_13' title="bbox 388 1410 1971 1482; baseline 0 -21"><span class='ocrx_word' id='word_1_92' title='bbox 388 1412 705 1465; x_wconf 81' lang='grc' dir='ltr'>σκευάσασα</span> <span class='ocrx_word' id='word_1_93' title='bbox 736 1412 866 1482; x_wconf 75' lang='grc' dir='ltr'><strong>περὶ</strong></span> <span class='ocrx_word' id='word_1_94' title='bbox 892 1413 982 1465; x_wconf 83' lang='grc' dir='ltr'><strong>τὸν</strong></span> <span class='ocrx_word' id='word_1_95' title='bbox 1013 1412 1138 1465; x_wconf 85' lang='grc' dir='ltr'><strong>νοῦν</strong></span> <span class='ocrx_word' id='word_1_96' title='bbox 1163 1413 1254 1465; x_wconf 82' lang='grc' dir='ltr'><strong>τὸν</strong></span> <span class='ocrx_word' id='word_1_97' title='bbox 1296 1413 1749 1482; x_wconf 80' lang='grc' dir='ltr'><strong>άπογεννήσαντα</strong></span> <span class='ocrx_word' id='word_1_98' title='bbox 1783 1410 1971 1479; x_wconf 78' lang='grc' dir='ltr'><strong>αὐτὴν,</strong></span> 
     </span>
    </p>
   </div>
   <div class='ocr_carea' id='block_1_14' title="bbox 388 1500 1974 1575">
    <p class='ocr_par' dir='ltr' id='par_1_14' title="bbox 388 1500 1974 1575">
     <span class='ocr_line' id='line_1_14' title="bbox 388 1500 1974 1575; baseline 0.001 -23"><span class='ocrx_word' id='word_1_99' title='bbox 388 1500 502 1553; x_wconf 80' lang='grc' dir='ltr'><strong>ἀλλ’</strong></span> <span class='ocrx_word' id='word_1_100' title='bbox 528 1503 586 1555; x_wconf 87' lang='grc' dir='ltr'><strong>ἐν</strong></span> <span class='ocrx_word' id='word_1_101' title='bbox 620 1503 899 1574; x_wconf 82' lang='grc' dir='ltr'><strong>ὁλοκλήρῳ</strong></span> <span class='ocrx_word' id='word_1_102' title='bbox 927 1504 1259 1558; x_wconf 81' lang='grc' dir='ltr'><strong>καταστάσει</strong></span> <span class='ocrx_word' id='word_1_103' title='bbox 1296 1504 1614 1575; x_wconf 77' lang='grc' dir='ltr'>τηρήσασα,</span> <span class='ocrx_word' id='word_1_104' title='bbox 1647 1502 1741 1556; x_wconf 74' lang='grc' dir='ltr'>καὶ</span> <span class='ocrx_word' id='word_1_105' title='bbox 1772 1502 1890 1553; x_wconf 83' lang='grc' dir='ltr'><strong>ὅλον</strong></span> <span class='ocrx_word' id='word_1_106' title='bbox 1918 1502 1974 1554; x_wconf 86' lang='grc' dir='ltr'><strong>ἐν</strong></span> 
     </span>
    </p>
   </div>
   <div class='ocr_carea' id='block_1_15' title="bbox 388 1592 1863 1666">
    <p class='ocr_par' dir='ltr' id='par_1_15' title="bbox 388 1592 1863 1666">
     <span class='ocr_line' id='line_1_15' title="bbox 388 1592 1863 1666; baseline 0.001 -23"><span class='ocrx_word' id='word_1_107' title='bbox 388 1592 553 1664; x_wconf 71' lang='grc' dir='ltr'><strong>ἑαυτῇ</strong></span> <span class='ocrx_word' id='word_1_108' title='bbox 586 1592 971 1664; x_wconf 74' lang='grc' dir='ltr'><strong>ζωγραφοῦσα,</strong></span> <span class='ocrx_word' id='word_1_109' title='bbox 1010 1596 1101 1648; x_wconf 73' lang='grc' dir='ltr'><strong>καὶ</strong></span> <span class='ocrx_word' id='word_1_110' title='bbox 1130 1595 1382 1666; x_wconf 81' lang='grc' dir='ltr'><strong>ὁρωμένη</strong></span> <span class='ocrx_word' id='word_1_111' title='bbox 1418 1595 1578 1648; x_wconf 90' lang='grc' dir='ltr'><strong>πάλιν</strong></span> <span class='ocrx_word' id='word_1_112' title='bbox 1612 1595 1669 1646; x_wconf 84' lang='grc' dir='ltr'><strong>ἐν</strong></span> <span class='ocrx_word' id='word_1_113' title='bbox 1693 1593 1863 1663; x_wconf 80' lang='grc' dir='ltr'><strong>αὐτῷ.</strong></span> 
     </span>
    </p>
   </div>
   <div class='ocr_carea' id='block_1_16' title="bbox 1078 1803 1284 1856">
    <p class='ocr_par' dir='ltr' id='par_1_16' title="bbox 1078 1803 1284 1856">
     <span class='ocr_line' id='line_1_16' title="bbox 1078 1803 1284 1856; baseline 0.005 -1"><span class='ocrx_word' id='word_1_114' title='bbox 1078 1803 1284 1856; x_wconf 82' lang='lat' dir='ltr'><strong>AAAO.</strong></span> 
     </span>
    </p>
   </div>
   <div class='ocr_carea' id='block_1_17' title="bbox 460 1910 1973 1984">
    <p class='ocr_par' dir='ltr' id='par_1_17' title="bbox 460 1910 1973 1984">
     <span class='ocr_line' id='line_1_17' title="bbox 460 1910 1973 1984; baseline 0.002 -20"><span class='ocrx_word' id='word_1_115' title='bbox 460 1910 714 1965; x_wconf 85' lang='grc' dir='ltr'><strong>Τοιοῦτον</strong></span> <span class='ocrx_word' id='word_1_116' title='bbox 761 1911 913 1966; x_wconf 78' lang='grc' dir='ltr'><strong>ἔσται</strong></span> <span class='ocrx_word' id='word_1_117' title='bbox 963 1914 1023 1967; x_wconf 83' lang='grc' dir='ltr'><strong>τὸ</strong></span> <span class='ocrx_word' id='word_1_118' title='bbox 1076 1912 1391 1984; x_wconf 85' lang='grc' dir='ltr'><strong>γεννητικὸν</strong></span> <span class='ocrx_word' id='word_1_119' title='bbox 1440 1914 1533 1967; x_wconf 86' lang='grc' dir='ltr'><strong>τοῦ</strong></span> <span class='ocrx_word' id='word_1_120' title='bbox 1581 1913 1737 1975; x_wconf 84' lang='grc' dir='ltr'><strong>Θεοῦ,</strong></span> <span class='ocrx_word' id='word_1_121' title='bbox 1790 1915 1973 1967; x_wconf 81' lang='grc' dir='ltr'><strong>ὁποῖον</strong></span> 
     </span>
    </p>
   </div>
   <div class='ocr_carea' id='block_1_18' title="bbox 389 2001 1973 2078">
    <p class='ocr_par' dir='ltr' id='par_1_18' title="bbox 389 2001 1973 2078">
     <span class='ocr_line' id='line_1_18' title="bbox 389 2001 1973 2078; baseline 0.003 -23"><span class='ocrx_word' id='word_1_122' title='bbox 389 2001 455 2055; x_wconf 78' lang='grc' dir='ltr'><strong>ἄν</strong></span> <span class='ocrx_word' id='word_1_123' title='bbox 509 2020 592 2067; x_wconf 90' lang='grc' dir='ltr'><strong>τις</strong></span> <span class='ocrx_word' id='word_1_124' title='bbox 635 2004 894 2058; x_wconf 84' lang='grc' dir='ltr'><strong>ὑπολάϐοι</strong></span> <span class='ocrx_word' id='word_1_125' title='bbox 958 2004 1053 2057; x_wconf 74' lang='grc' dir='ltr'>καὶ</span> <span class='ocrx_word' id='word_1_126' title='bbox 1083 2004 1143 2058; x_wconf 78' lang='grc' dir='ltr'><strong>τὸ</strong></span> <span class='ocrx_word' id='word_1_127' title='bbox 1191 2005 1599 2076; x_wconf 89' lang='grc' dir='ltr'><strong>δημιουργικόν.</strong></span> <span class='ocrx_word' id='word_1_128' title='bbox 1630 2008 1837 2078; x_wconf 86' lang='grc' dir='ltr'><strong>Ὄνπερ</strong></span> <span class='ocrx_word' id='word_1_129' title='bbox 1867 2006 1973 2077; x_wconf 82' lang='grc' dir='ltr'><strong>γάρ</strong></span> 
     </span>
    </p>
   </div>
   <div class='ocr_carea' id='block_1_19' title="bbox 388 2092 1974 2169">
    <p class='ocr_par' dir='ltr' id='par_1_19' title="bbox 388 2092 1974 2169">
     <span class='ocr_line' id='line_1_19' title="bbox 388 2092 1974 2169; baseline 0.005 -27"><span class='ocrx_word' id='word_1_130' title='bbox 388 2092 587 2161; x_wconf 85' lang='grc' dir='ltr'><strong>τρόπον</strong></span> <span class='ocrx_word' id='word_1_131' title='bbox 608 2093 774 2147; x_wconf 77' lang='grc' dir='ltr'><strong>πολλὰ</strong></span> <span class='ocrx_word' id='word_1_132' title='bbox 794 2093 888 2146; x_wconf 74' lang='grc' dir='ltr'>καὶ</span> <span class='ocrx_word' id='word_1_133' title='bbox 907 2094 1138 2166; x_wconf 84' lang='grc' dir='ltr'><strong>διάφορα</strong></span> <span class='ocrx_word' id='word_1_134' title='bbox 1159 2096 1526 2169; x_wconf 82' lang='grc' dir='ltr'><strong>δημιουργῶν,</strong></span> <span class='ocrx_word' id='word_1_135' title='bbox 1550 2098 1648 2150; x_wconf 75' lang='grc' dir='ltr'><strong>οὐκ</strong></span> <span class='ocrx_word' id='word_1_136' title='bbox 1671 2100 1749 2161; x_wconf 86' lang='grc' dir='ltr'><strong>εἰς</strong></span> <span class='ocrx_word' id='word_1_137' title='bbox 1770 2099 1974 2151; x_wconf 72' lang='grc' dir='ltr'><strong>ἕκαστα</strong></span> 
     </span>
    </p>
   </div>
   <div class='ocr_carea' id='block_1_20' title="bbox 387 2182 1972 2257">
    <p class='ocr_par' dir='ltr' id='par_1_20' title="bbox 387 2182 1972 2257">
     <span class='ocr_line' id='line_1_20' title="bbox 387 2182 1972 2257; baseline 0.005 -23"><span class='ocrx_word' id='word_1_138' title='bbox 387 2182 496 2235; x_wconf 85' lang='grc' dir='ltr'><strong>τῶν</strong></span> <span class='ocrx_word' id='word_1_139' title='bbox 538 2184 839 2254; x_wconf 82' lang='grc' dir='ltr'><strong>γινομένων</strong></span> <span class='ocrx_word' id='word_1_140' title='bbox 878 2183 1157 2256; x_wconf 74' lang='grc' dir='ltr'><strong>μερίζεται</strong></span> <span class='ocrx_word' id='word_1_141' title='bbox 1218 2188 1360 2241; x_wconf 80' lang='grc' dir='ltr'><strong>κατὰ</strong></span> <span class='ocrx_word' id='word_1_142' title='bbox 1398 2189 1495 2257; x_wconf 85' lang='grc' dir='ltr'><strong>τὴν</strong></span> <span class='ocrx_word' id='word_1_143' title='bbox 1541 2189 1748 2252; x_wconf 80' lang='grc' dir='ltr'><strong>οὐσίαν,</strong></span> <span class='ocrx_word' id='word_1_144' title='bbox 1797 2190 1972 2242; x_wconf 86' lang='grc' dir='ltr'><strong>καίτοι</strong></span> 
     </span>
    </p>
   </div>
   <div class='ocr_carea' id='block_1_21' title="bbox 388 2271 1975 2346">
    <p class='ocr_par' dir='ltr' id='par_1_21' title="bbox 388 2271 1975 2346">
     <span class='ocr_line' id='line_1_21' title="bbox 388 2271 1975 2346; baseline 0.004 -23"><span class='ocrx_word' id='word_1_145' title='bbox 388 2271 659 2341; x_wconf 84' lang='grc' dir='ltr'><strong>διαφόρως</strong></span> <span class='ocrx_word' id='word_1_146' title='bbox 709 2274 950 2342; x_wconf 90' lang='grc' dir='ltr'><strong>ἐνεργῶν</strong></span> <span class='ocrx_word' id='word_1_147' title='bbox 986 2276 1068 2343; x_wconf 75' lang='grc' dir='ltr'><strong>ἐφ’</strong></span> <span class='ocrx_word' id='word_1_148' title='bbox 1101 2275 1347 2346; x_wconf 81' lang='grc' dir='ltr'><strong>ἑκάστῳ,</strong></span> <span class='ocrx_word' id='word_1_149' title='bbox 1396 2277 1531 2330; x_wconf 66' lang='grc' dir='ltr'><strong>ἀλλὰ</strong></span> <span class='ocrx_word' id='word_1_150' title='bbox 1580 2278 1667 2330; x_wconf 72' lang='grc' dir='ltr'><strong>διὰ</strong></span> <span class='ocrx_word' id='word_1_151' title='bbox 1720 2278 1846 2346; x_wconf 84' lang='grc' dir='ltr'><strong>μιᾶς</strong></span> <span class='ocrx_word' id='word_1_152' title='bbox 1881 2275 1975 2329; x_wconf 78' lang='grc' dir='ltr'><strong>καὶ</strong></span> 
     </span>
    </p>
   </div>
   <div class='ocr_carea' id='block_1_22' title="bbox 391 2360 1975 2435">
    <p class='ocr_par' dir='ltr' id='par_1_22' title="bbox 391 2360 1975 2435">
     <span class='ocr_line' id='line_1_22' title="bbox 391 2360 1975 2435; baseline 0.004 -25"><span class='ocrx_word' id='word_1_153' title='bbox 391 2360 631 2430; x_wconf 69' lang='grc' dir='ltr'><strong>ἀρρήτου</strong></span> <span class='ocrx_word' id='word_1_154' title='bbox 669 2361 951 2431; x_wconf 76' lang='grc' dir='ltr'><strong>δυνάμεως</strong></span> <span class='ocrx_word' id='word_1_155' title='bbox 994 2363 1061 2416; x_wconf 76' lang='grc' dir='ltr'><strong>τὰ</strong></span> <span class='ocrx_word' id='word_1_156' title='bbox 1098 2365 1271 2416; x_wconf 85' lang='grc' dir='ltr'><strong>πάντα</strong></span> <span class='ocrx_word' id='word_1_157' title='bbox 1313 2364 1663 2435; x_wconf 75' lang='grc' dir='ltr'><strong>δημιουργεῖ,</strong></span> <span class='ocrx_word' id='word_1_158' title='bbox 1696 2366 1838 2417; x_wconf 71' lang='grc' dir='ltr'><strong>οὕτω</strong></span> <span class='ocrx_word' id='word_1_159' title='bbox 1882 2367 1975 2419; x_wconf 66' lang='grc' dir='ltr'>καὶ</span> 
     </span>
    </p>
   </div>
   <div class='ocr_carea' id='block_1_23' title="bbox 393 2452 1971 2524">
    <p class='ocr_par' dir='ltr' id='par_1_23' title="bbox 393 2452 1971 2524">
     <span class='ocr_line' id='line_1_23' title="bbox 393 2452 1971 2524; baseline 0.005 -24"><span class='ocrx_word' id='word_1_160' title='bbox 393 2452 576 2519; x_wconf 83' lang='grc' dir='ltr'><strong>γεννᾷ,</strong></span> <span class='ocrx_word' id='word_1_161' title='bbox 609 2452 668 2503; x_wconf 82' lang='grc' dir='ltr'><strong>οὐ</strong></span> <span class='ocrx_word' id='word_1_162' title='bbox 704 2452 1079 2523; x_wconf 76' lang='grc' dir='ltr'><strong>μεριζόμενος,</strong></span> <span class='ocrx_word' id='word_1_163' title='bbox 1109 2454 1184 2516; x_wconf 87' lang='grc' dir='ltr'><strong>ὡς</strong></span> <span class='ocrx_word' id='word_1_164' title='bbox 1222 2455 1415 2507; x_wconf 77' lang='grc' dir='ltr'><strong>ἐκεῖνοί</strong></span> <span class='ocrx_word' id='word_1_165' title='bbox 1449 2473 1600 2524; x_wconf 80' lang='grc' dir='ltr'><strong>φασι.</strong></span> <span class='ocrx_word' id='word_1_166' title='bbox 1631 2457 1737 2507; x_wconf 74' lang='grc' dir='ltr'><strong>Καὶ</strong></span> <span class='ocrx_word' id='word_1_167' title='bbox 1774 2457 1971 2508; x_wconf 87' lang='grc' dir='ltr'><strong>πάλιν·</strong></span> 
     </span>
    </p>
   </div>
   <div class='ocr_carea' id='block_1_24' title="bbox 398 2537 1976 2612">
    <p class='ocr_par' dir='ltr' id='par_1_24' title="bbox 398 2537 1976 2612">
     <span class='ocr_line' id='line_1_24' title="bbox 398 2537 1976 2612; baseline 0.004 -24"><span class='ocrx_word' id='word_1_168' title='bbox 398 2537 609 2607; x_wconf 83' lang='grc' dir='ltr'><strong>Ὥσπερ</strong></span> <span class='ocrx_word' id='word_1_169' title='bbox 646 2539 706 2590; x_wconf 86' lang='grc' dir='ltr'><strong>τὸ</strong></span> <span class='ocrx_word' id='word_1_170' title='bbox 756 2538 975 2609; x_wconf 81' lang='grc' dir='ltr'><strong>Πνεῦμα</strong></span> <span class='ocrx_word' id='word_1_171' title='bbox 1020 2542 1081 2593; x_wconf 82' lang='grc' dir='ltr'><strong>τὸ</strong></span> <span class='ocrx_word' id='word_1_172' title='bbox 1113 2542 1267 2609; x_wconf 64' lang='grc' dir='ltr'><strong>ἅγιον</strong></span> <span class='ocrx_word' id='word_1_173' title='bbox 1299 2543 1358 2594; x_wconf 81' lang='grc' dir='ltr'><strong>οῦ</strong></span> <span class='ocrx_word' id='word_1_174' title='bbox 1405 2541 1668 2612; x_wconf 79' lang='grc' dir='ltr'><strong>μερισμὸν</strong></span> <span class='ocrx_word' id='word_1_175' title='bbox 1717 2544 1976 2612; x_wconf 82' lang='grc' dir='ltr'><strong>ὑπομένει</strong></span> 
     </span>
    </p>
   </div>
   <div class='ocr_carea' id='block_1_25' title="bbox 395 2630 1978 2703">
    <p class='ocr_par' dir='ltr' id='par_1_25' title="bbox 395 2630 1978 2703">
     <span class='ocr_line' id='line_1_25' title="bbox 395 2630 1978 2703; baseline 0.004 -22"><span class='ocrx_word' id='word_1_176' title='bbox 395 2630 527 2699; x_wconf 74' lang='grc' dir='ltr'><strong>περὶ</strong></span> <span class='ocrx_word' id='word_1_177' title='bbox 566 2630 664 2700; x_wconf 85' lang='grc' dir='ltr'><strong>τὴν</strong></span> <span class='ocrx_word' id='word_1_178' title='bbox 700 2632 909 2695; x_wconf 74' lang='grc' dir='ltr'><strong>οὐσίαν,</strong></span> <span class='ocrx_word' id='word_1_179' title='bbox 941 2633 1229 2703; x_wconf 77' lang='grc' dir='ltr'><strong>διαφόρους</strong></span> <span class='ocrx_word' id='word_1_180' title='bbox 1275 2633 1557 2703; x_wconf 80' lang='grc' dir='ltr'><strong>ἐκπέμπον</strong></span> <span class='ocrx_word' id='word_1_181' title='bbox 1596 2634 1722 2696; x_wconf 79' lang='grc' dir='ltr'><strong>τοὺς</strong></span> <span class='ocrx_word' id='word_1_182' title='bbox 1767 2634 1824 2685; x_wconf 87' lang='grc' dir='ltr'><strong>ἐν</strong></span> <span class='ocrx_word' id='word_1_183' title='bbox 1866 2638 1978 2698; x_wconf 87' lang='grc' dir='ltr'><strong>τοῖς</strong></span> 
     </span>
    </p>
   </div>
   <div class='ocr_carea' id='block_1_26' title="bbox 396 2722 1979 2795">
    <p class='ocr_par' dir='ltr' id='par_1_26' title="bbox 396 2722 1979 2795">
     <span class='ocr_line' id='line_1_26' title="bbox 396 2722 1979 2795; baseline 0.003 -22"><span class='ocrx_word' id='word_1_184' title='bbox 396 2722 699 2791; x_wconf 86' lang='grc' dir='ltr'><strong>χαρίσμασι</strong></span> <span class='ocrx_word' id='word_1_185' title='bbox 728 2723 965 2792; x_wconf 81' lang='grc' dir='ltr'><strong>τρόπους</strong></span> <span class='ocrx_word' id='word_1_186' title='bbox 997 2724 1091 2775; x_wconf 77' lang='grc' dir='ltr'><strong>καὶ</strong></span> <span class='ocrx_word' id='word_1_187' title='bbox 1125 2724 1259 2795; x_wconf 80' lang='grc' dir='ltr'><strong>πρὸς</strong></span> <span class='ocrx_word' id='word_1_188' title='bbox 1289 2724 1349 2775; x_wconf 86' lang='grc' dir='ltr'><strong>τὸ</strong></span> <span class='ocrx_word' id='word_1_189' title='bbox 1380 2724 1610 2776; x_wconf 77' lang='grc' dir='ltr'><strong>ἑκάστου</strong></span> <span class='ocrx_word' id='word_1_190' title='bbox 1639 2725 1835 2794; x_wconf 78' lang='grc' dir='ltr'><strong>μέτρον</strong></span> <span class='ocrx_word' id='word_1_191' title='bbox 1868 2728 1979 2789; x_wconf 83' lang='grc' dir='ltr'><strong>τοῖς</strong></span> 
     </span>
    </p>
   </div>
   <div class='ocr_carea' id='block_1_27' title="bbox 393 2808 1979 2881">
    <p class='ocr_par' dir='ltr' id='par_1_27' title="bbox 393 2808 1979 2881">
     <span class='ocr_line' id='line_1_27' title="bbox 393 2808 1979 2881; baseline 0.004 -20"><span class='ocrx_word' id='word_1_192' title='bbox 393 2808 563 2873; x_wconf 78' lang='grc' dir='ltr'><strong>ἀξίοις</strong></span> <span class='ocrx_word' id='word_1_193' title='bbox 592 2813 881 2881; x_wconf 81' lang='grc' dir='ltr'><strong>χορηγοῦν,</strong></span> <span class='ocrx_word' id='word_1_194' title='bbox 917 2814 1033 2865; x_wconf 83' lang='grc' dir='ltr'><strong>ἀλλ’</strong></span> <span class='ocrx_word' id='word_1_195' title='bbox 1056 2813 1202 2866; x_wconf 74' lang='grc' dir='ltr'><strong>ἐστιν</strong></span> <span class='ocrx_word' id='word_1_196' title='bbox 1235 2814 1293 2866; x_wconf 82' lang='grc' dir='ltr'><strong>ἓν</strong></span> <span class='ocrx_word' id='word_1_197' title='bbox 1326 2816 1418 2867; x_wconf 82' lang='grc' dir='ltr'>καὶ</span> <span class='ocrx_word' id='word_1_198' title='bbox 1457 2816 1516 2867; x_wconf 75' lang='grc' dir='ltr'><strong>τὸ</strong></span> <span class='ocrx_word' id='word_1_199' title='bbox 1552 2816 1685 2867; x_wconf 78' lang='grc' dir='ltr'><strong>αὐτὸ</strong></span> <span class='ocrx_word' id='word_1_200' title='bbox 1718 2815 1979 2878; x_wconf 79' lang='grc' dir='ltr'><strong>ποικίλως</strong></span> 
     </span>
    </p>
   </div>
   <div class='ocr_carea' id='block_1_28' title="bbox 397 2902 1979 2976">
    <p class='ocr_par' dir='ltr' id='par_1_28' title="bbox 397 2902 1979 2976">
     <span class='ocr_line' id='line_1_28' title="bbox 397 2902 1979 2976; baseline 0.002 -21"><span class='ocrx_word' id='word_1_201' title='bbox 397 2903 489 2956; x_wconf 80' lang='grc' dir='ltr'><strong>καὶ</strong></span> <span class='ocrx_word' id='word_1_202' title='bbox 532 2902 760 2966; x_wconf 76' lang='grc' dir='ltr'><strong>ἀπαθῶς</strong></span> <span class='ocrx_word' id='word_1_203' title='bbox 802 2906 859 2955; x_wconf 86' lang='grc' dir='ltr'><strong>ἐν</strong></span> <span class='ocrx_word' id='word_1_204' title='bbox 896 2907 1059 2957; x_wconf 79' lang='grc' dir='ltr'><strong>πᾶσιν</strong></span> <span class='ocrx_word' id='word_1_205' title='bbox 1101 2905 1376 2975; x_wconf 80' lang='grc' dir='ltr'><strong>ἐνεργοῦν,</strong></span> <span class='ocrx_word' id='word_1_206' title='bbox 1420 2904 1563 2957; x_wconf 75' lang='grc' dir='ltr'><strong>οὕτω</strong></span> <span class='ocrx_word' id='word_1_207' title='bbox 1596 2906 1689 2958; x_wconf 83' lang='grc' dir='ltr'><strong>καὶ</strong></span> <span class='ocrx_word' id='word_1_208' title='bbox 1723 2906 1822 2976; x_wconf 86' lang='grc' dir='ltr'><strong>τὴν</strong></span> <span class='ocrx_word' id='word_1_209' title='bbox 1859 2923 1979 2973; x_wconf 84' lang='grc' dir='ltr'><strong>γεν-</strong></span> 
     </span>
    </p>
   </div>
   <div class='ocr_carea' id='block_1_29' title="bbox 396 2992 1978 3065">
    <p class='ocr_par' dir='ltr' id='par_1_29' title="bbox 396 2992 1978 3065">
     <span class='ocr_line' id='line_1_29' title="bbox 396 2992 1978 3065; baseline 0.001 -19"><span class='ocrx_word' id='word_1_210' title='bbox 396 2994 619 3065; x_wconf 82' lang='grc' dir='ltr'><strong>νητικὴν</strong></span> <span class='ocrx_word' id='word_1_211' title='bbox 644 2995 834 3047; x_wconf 79' lang='grc' dir='ltr'><strong>οὐσίαν</strong></span> <span class='ocrx_word' id='word_1_212' title='bbox 860 2994 951 3048; x_wconf 89' lang='grc' dir='ltr'><strong>τοῦ</strong></span> <span class='ocrx_word' id='word_1_213' title='bbox 983 2995 1116 3049; x_wconf 83' lang='grc' dir='ltr'><strong>Θεοῦ</strong></span> <span class='ocrx_word' id='word_1_214' title='bbox 1146 2997 1245 3048; x_wconf 82' lang='grc' dir='ltr'><strong>οὐκ</strong></span> <span class='ocrx_word' id='word_1_215' title='bbox 1283 2996 1347 3049; x_wconf 82' lang='grc' dir='ltr'>ἄν</span> <span class='ocrx_word' id='word_1_216' title='bbox 1378 3013 1461 3058; x_wconf 90' lang='grc' dir='ltr'><strong>τις</strong></span> <span class='ocrx_word' id='word_1_217' title='bbox 1489 2996 1596 3048; x_wconf 84' lang='grc' dir='ltr'><strong>τῶν</strong></span> <span class='ocrx_word' id='word_1_218' title='bbox 1628 2992 1685 3050; x_wconf 82' lang='grc' dir='ltr'><strong>εὖ</strong></span> <span class='ocrx_word' id='word_1_219' title='bbox 1721 2996 1978 3065; x_wconf 79' lang='grc' dir='ltr'><strong>φρονούν-</strong></span> 
     </span>
    </p>
   </div>
   <div class='ocr_carea' id='block_1_30' title="bbox 395 3084 1980 3158">
    <p class='ocr_par' dir='ltr' id='par_1_30' title="bbox 395 3084 1980 3158">
     <span class='ocr_line' id='line_1_30' title="bbox 395 3084 1980 3158; baseline 0.002 -22"><span class='ocrx_word' id='word_1_220' title='bbox 395 3101 503 3138; x_wconf 88' lang='grc' dir='ltr'><strong>των</strong></span> <span class='ocrx_word' id='word_1_221' title='bbox 526 3084 826 3140; x_wconf 82' lang='grc' dir='ltr'><strong>ἀδικεῖσθαι</strong></span> <span class='ocrx_word' id='word_1_222' title='bbox 850 3086 1126 3157; x_wconf 80' lang='grc' dir='ltr'><strong>φήσειενῆ</strong></span> <span class='ocrx_word' id='word_1_223' title='bbox 1162 3086 1447 3156; x_wconf 77' lang='grc' dir='ltr'><strong>μερισμὸν,</strong></span> <span class='ocrx_word' id='word_1_224' title='bbox 1473 3086 1506 3156; x_wconf 78' lang='grc' dir='ltr'>ἢ</span> <span class='ocrx_word' id='word_1_225' title='bbox 1534 3087 1833 3158; x_wconf 77' lang='grc' dir='ltr'><strong>ἀπόρῤοιάν</strong></span> <span class='ocrx_word' id='word_1_226' title='bbox 1860 3104 1980 3139; x_wconf 86' lang='grc' dir='ltr'><strong>τινα</strong></span> 
     </span>
    </p>
   </div>
   <div class='ocr_carea' id='block_1_31' title="bbox 2080 569 3652 652">
    <p class='ocr_par' dir='ltr' id='par_1_31' title="bbox 2080 569 3652 652">
     <span class='ocr_line' id='line_1_31' title="bbox 2080 569 3652 652; baseline -0.006 -18"><span class='ocrx_word' id='word_1_227' title='bbox 2080 582 2175 652; x_wconf 89' lang='lat' dir='ltr'><strong>(ita</strong></span> <span class='ocrx_word' id='word_1_228' title='bbox 2207 580 2350 635; x_wconf 91' lang='lat' dir='ltr'><strong>enim</strong></span> <span class='ocrx_word' id='word_1_229' title='bbox 2396 580 2579 632; x_wconf 90' lang='lat' dir='ltr'><strong>hostes</strong></span> <span class='ocrx_word' id='word_1_230' title='bbox 2608 575 2699 630; x_wconf 95' lang='lat' dir='ltr'><strong>Dei</strong></span> <span class='ocrx_word' id='word_1_231' title='bbox 2740 574 3081 644; x_wconf 74' lang='lat' dir='ltr'><strong>opinantur),</strong></span> <span class='ocrx_word' id='word_1_232' title='bbox 3115 587 3214 628; x_wconf 92' lang='lat' dir='ltr'><strong>nec</strong></span> <span class='ocrx_word' id='word_1_233' title='bbox 3239 570 3507 628; x_wconf 75' lang='lat' dir='ltr'><strong>deﬂuxum</strong></span> <span class='ocrx_word' id='word_1_234' title='bbox 3554 569 3652 624; x_wconf 90' lang='lat' dir='ltr'><strong>ali-</strong></span> 
     </span>
    </p>
   </div>
   <div class='ocr_carea' id='block_1_32' title="bbox 2075 660 3649 740">
    <p class='ocr_par' dir='ltr' id='par_1_32' title="bbox 2075 660 3649 740">
     <span class='ocr_line' id='line_1_32' title="bbox 2075 660 3649 740; baseline -0.008 -15"><span class='ocrx_word' id='word_1_235' title='bbox 2075 686 2237 740; x_wconf 88' lang='lat' dir='ltr'><strong>quem</strong></span> <span class='ocrx_word' id='word_1_236' title='bbox 2289 670 2340 723; x_wconf 92' lang='lat' dir='ltr'><strong>in</strong></span> <span class='ocrx_word' id='word_1_237' title='bbox 2384 668 2566 722; x_wconf 89' lang='lat' dir='ltr'><strong>divina</strong></span> <span class='ocrx_word' id='word_1_238' title='bbox 2608 666 2844 721; x_wconf 74' lang='lat' dir='ltr'><strong>essentia</strong></span> <span class='ocrx_word' id='word_1_239' title='bbox 2892 664 3283 732; x_wconf 77' lang='lat' dir='ltr'><strong>imaginantur.</strong></span> <span class='ocrx_word' id='word_1_240' title='bbox 3333 660 3460 716; x_wconf 72' lang='lat' dir='ltr'><strong>lla-c</strong></span> <span class='ocrx_word' id='word_1_241' title='bbox 3506 660 3649 714; x_wconf 90' lang='lat' dir='ltr'><strong>enim</strong></span> 
     </span>
    </p>
   </div>
   <div class='ocr_carea' id='block_1_33' title="bbox 2073 750 3671 823">
    <p class='ocr_par' dir='ltr' id='par_1_33' title="bbox 2073 750 3671 823">
     <span class='ocr_line' id='line_1_33' title="bbox 2073 750 3671 823; baseline -0.008 -6"><span class='ocrx_word' id='word_1_242' title='bbox 2073 765 2219 817; x_wconf 92' lang='lat' dir='ltr'><strong>sicut</strong></span> <span class='ocrx_word' id='word_1_243' title='bbox 2254 763 2319 816; x_wconf 92' lang='lat' dir='ltr'><strong>de</strong></span> <span class='ocrx_word' id='word_1_244' title='bbox 2347 759 2503 815; x_wconf 91' lang='lat' dir='ltr'><strong>nobis</strong></span> <span class='ocrx_word' id='word_1_245' title='bbox 2527 772 2653 813; x_wconf 91' lang='lat' dir='ltr'><strong>vere</strong></span> <span class='ocrx_word' id='word_1_246' title='bbox 2700 756 2805 810; x_wconf 90' lang='lat' dir='ltr'><strong>dici</strong></span> <span class='ocrx_word' id='word_1_247' title='bbox 2844 764 3106 823; x_wconf 90' lang='lat' dir='ltr'><strong>possunt,</strong></span> <span class='ocrx_word' id='word_1_248' title='bbox 3137 755 3207 807; x_wconf 86' lang='lat' dir='ltr'><strong>ita</strong></span> <span class='ocrx_word' id='word_1_249' title='bbox 3241 755 3305 807; x_wconf 89' lang='lat' dir='ltr'><strong>de</strong></span> <span class='ocrx_word' id='word_1_250' title='bbox 3339 753 3446 806; x_wconf 89' lang='lat' dir='ltr'><strong>Deo</strong></span> <span class='ocrx_word' id='word_1_251' title='bbox 3489 750 3671 819; x_wconf 77' lang='lat' dir='ltr'><strong>impiei</strong></span> 
     </span>
    </p>
   </div>
   <div class='ocr_carea' id='block_1_34' title="bbox 2075 840 3653 921">
    <p class='ocr_par' dir='ltr' id='par_1_34' title="bbox 2075 840 3653 921">
     <span class='ocr_line' id='line_1_34' title="bbox 2075 840 3653 921; baseline -0.01 -13"><span class='ocrx_word' id='word_1_252' title='bbox 2075 854 2402 921; x_wconf 91' lang='lat' dir='ltr'><strong>cogitantur.</strong></span> <span class='ocrx_word' id='word_1_253' title='bbox 2438 849 2763 906; x_wconf 83' lang='lat' dir='ltr'><strong>Detestanda</strong></span> <span class='ocrx_word' id='word_1_254' title='bbox 2792 848 2953 917; x_wconf 88' lang='lat' dir='ltr'><strong>igitur</strong></span> <span class='ocrx_word' id='word_1_255' title='bbox 2989 857 3073 901; x_wconf 87' lang='lat' dir='ltr'><strong>est</strong></span> <span class='ocrx_word' id='word_1_256' title='bbox 3106 846 3223 899; x_wconf 63' lang='lat' dir='ltr'><strong>haec</strong></span> <span class='ocrx_word' id='word_1_257' title='bbox 3244 840 3653 905; x_wconf 88' lang='lat' dir='ltr'><strong>absurditas,ct</strong></span> 
     </span>
    </p>
   </div>
   <div class='ocr_carea' id='block_1_35' title="bbox 2080 930 3652 1003">
    <p class='ocr_par' dir='ltr' id='par_1_35' title="bbox 2080 930 3652 1003">
     <span class='ocr_line' id='line_1_35' title="bbox 2080 930 3652 1003; baseline -0.01 -5"><span class='ocrx_word' id='word_1_258' title='bbox 2080 942 2426 998; x_wconf 86' lang='lat' dir='ltr'><strong>statuendum</strong></span> <span class='ocrx_word' id='word_1_259' title='bbox 2451 939 2605 994; x_wconf 89' lang='lat' dir='ltr'><strong>nobis</strong></span> <span class='ocrx_word' id='word_1_260' title='bbox 2633 947 2717 993; x_wconf 85' lang='lat' dir='ltr'><strong>est</strong></span> <span class='ocrx_word' id='word_1_261' title='bbox 2749 938 2822 991; x_wconf 87' lang='lat' dir='ltr'><strong>ita</strong></span> <span class='ocrx_word' id='word_1_262' title='bbox 2853 953 2915 991; x_wconf 80' lang='lat' dir='ltr'><strong>ex</strong></span> <span class='ocrx_word' id='word_1_263' title='bbox 2953 936 3115 990; x_wconf 84' lang='lat' dir='ltr'><strong>Patre</strong></span> <span class='ocrx_word' id='word_1_264' title='bbox 3142 933 3384 1003; x_wconf 88' lang='lat' dir='ltr'><strong>genitum</strong></span> <span class='ocrx_word' id='word_1_265' title='bbox 3416 946 3535 986; x_wconf 88' lang='lat' dir='ltr'><strong>esse</strong></span> <span class='ocrx_word' id='word_1_266' title='bbox 3560 930 3652 985; x_wconf 84' lang='lat' dir='ltr'><strong>Fi-</strong></span> 
     </span>
    </p>
   </div>
   <div class='ocr_carea' id='block_1_36' title="bbox 2075 1022 3653 1104">
    <p class='ocr_par' dir='ltr' id='par_1_36' title="bbox 2075 1022 3653 1104">
     <span class='ocr_line' id='line_1_36' title="bbox 2075 1022 3653 1104; baseline -0.008 -15"><span class='ocrx_word' id='word_1_267' title='bbox 2075 1036 2225 1102; x_wconf 91' lang='lat' dir='ltr'><strong>lium,</strong></span> <span class='ocrx_word' id='word_1_268' title='bbox 2251 1043 2308 1088; x_wconf 93' lang='lat' dir='ltr'><strong>ut</strong></span> <span class='ocrx_word' id='word_1_269' title='bbox 2334 1032 2652 1103; x_wconf 85' lang='lat' dir='ltr'><strong>sapientiam</strong></span> <span class='ocrx_word' id='word_1_270' title='bbox 2675 1046 2739 1085; x_wconf 79' lang='lat' dir='ltr'><strong>ex</strong></span> <span class='ocrx_word' id='word_1_271' title='bbox 2776 1038 2953 1084; x_wconf 91' lang='lat' dir='ltr'><strong>mente</strong></span> <span class='ocrx_word' id='word_1_272' title='bbox 2984 1045 2996 1081; x_wconf 92' lang='lat'><strong>:</strong></span> <span class='ocrx_word' id='word_1_273' title='bbox 3022 1043 3141 1104; x_wconf 62' lang='lat' dir='ltr'><strong>qua!</strong></span> <span class='ocrx_word' id='word_1_274' title='bbox 3167 1035 3221 1081; x_wconf 92' lang='lat' dir='ltr'><strong>et</strong></span> <span class='ocrx_word' id='word_1_275' title='bbox 3258 1022 3653 1094; x_wconf 89' lang='lat' dir='ltr'><strong>quodammodo</strong></span> 
     </span>
    </p>
   </div>
   <div class='ocr_carea' id='block_1_37' title="bbox 2075 1113 3653 1196">
    <p class='ocr_par' dir='ltr' id='par_1_37' title="bbox 2075 1113 3653 1196">
     <span class='ocr_line' id='line_1_37' title="bbox 2075 1113 3653 1196; baseline -0.011 -12"><span class='ocrx_word' id='word_1_276' title='bbox 2075 1138 2229 1184; x_wconf 72' lang='lat' dir='ltr'><strong>extra</strong></span> <span class='ocrx_word' id='word_1_277' title='bbox 2259 1126 2559 1196; x_wconf 87' lang='lat' dir='ltr'><strong>genitorem</strong></span> <span class='ocrx_word' id='word_1_278' title='bbox 2612 1136 2733 1177; x_wconf 86' lang='lat' dir='ltr'><strong>esse</strong></span> <span class='ocrx_word' id='word_1_279' title='bbox 2782 1121 3017 1183; x_wconf 88' lang='lat' dir='ltr'><strong>videtur,</strong></span> <span class='ocrx_word' id='word_1_280' title='bbox 3050 1117 3258 1171; x_wconf 84' lang='lat' dir='ltr'><strong>ratione</strong></span> <span class='ocrx_word' id='word_1_281' title='bbox 3286 1113 3653 1183; x_wconf 80' lang='lat' dir='ltr'><strong>expressionis</strong></span> 
     </span>
    </p>
   </div>
   <div class='ocr_carea' id='block_1_38' title="bbox 2077 1209 3654 1287">
    <p class='ocr_par' dir='ltr' id='par_1_38' title="bbox 2077 1209 3654 1287">
     <span class='ocr_line' id='line_1_38' title="bbox 2077 1209 3654 1287; baseline -0.011 -14"><span class='ocrx_word' id='word_1_282' title='bbox 2077 1218 2192 1273; x_wconf 84' lang='lat' dir='ltr'><strong>sive</strong></span> <span class='ocrx_word' id='word_1_283' title='bbox 2219 1213 2736 1287; x_wconf 66' lang='lat' dir='ltr'><strong>repraesentationis,</strong></span> <span class='ocrx_word' id='word_1_284' title='bbox 2766 1219 2820 1265; x_wconf 91' lang='lat' dir='ltr'><strong>et</strong></span> <span class='ocrx_word' id='word_1_285' title='bbox 2845 1224 3035 1264; x_wconf 88' lang='lat' dir='ltr'><strong>rursus</strong></span> <span class='ocrx_word' id='word_1_286' title='bbox 3073 1209 3124 1261; x_wconf 93' lang='lat' dir='ltr'><strong>in</strong></span> <span class='ocrx_word' id='word_1_287' title='bbox 3163 1209 3277 1277; x_wconf 88' lang='lat' dir='ltr'><strong>ipso</strong></span> <span class='ocrx_word' id='word_1_288' title='bbox 3307 1215 3413 1268; x_wconf 91' lang='lat' dir='ltr'><strong>est,</strong></span> <span class='ocrx_word' id='word_1_289' title='bbox 3440 1219 3545 1257; x_wconf 89' lang='lat' dir='ltr'><strong>non</strong></span> <span class='ocrx_word' id='word_1_290' title='bbox 3572 1216 3654 1257; x_wconf 85' lang='lat' dir='ltr'><strong>se-</strong></span> 
     </span>
    </p>
   </div>
   <div class='ocr_carea' id='block_1_39' title="bbox 2078 1292 3655 1374">
    <p class='ocr_par' dir='ltr' id='par_1_39' title="bbox 2078 1292 3655 1374">
     <span class='ocr_line' id='line_1_39' title="bbox 2078 1292 3655 1374; baseline -0.011 -14"><span class='ocrx_word' id='word_1_291' title='bbox 2078 1306 2305 1374; x_wconf 87' lang='lat' dir='ltr'><strong>paratim</strong></span> <span class='ocrx_word' id='word_1_292' title='bbox 2343 1316 2650 1374; x_wconf 87' lang='lat' dir='ltr'><strong>progressa.</strong></span> <span class='ocrx_word' id='word_1_293' title='bbox 2683 1299 2871 1368; x_wconf 83' lang='lat' dir='ltr'><strong>Neque</strong></span> <span class='ocrx_word' id='word_1_294' title='bbox 2897 1297 3140 1353; x_wconf 83' lang='lat' dir='ltr'><strong>deﬂuxus</strong></span> <span class='ocrx_word' id='word_1_295' title='bbox 3181 1295 3377 1363; x_wconf 86' lang='lat' dir='ltr'><strong>aliquis</strong></span> <span class='ocrx_word' id='word_1_296' title='bbox 3423 1302 3514 1345; x_wconf 90' lang='lat' dir='ltr'><strong>aut</strong></span> <span class='ocrx_word' id='word_1_297' title='bbox 3562 1292 3655 1344; x_wconf 88' lang='lat' dir='ltr'><strong>im-</strong></span> 
     </span>
    </p>
   </div>
   <div class='ocr_carea' id='block_1_40' title="bbox 2077 1384 3654 1463">
    <p class='ocr_par' dir='ltr' id='par_1_40' title="bbox 2077 1384 3654 1463">
     <span class='ocr_line' id='line_1_40' title="bbox 2077 1384 3654 1463; baseline -0.009 -12"><span class='ocrx_word' id='word_1_298' title='bbox 2077 1399 2307 1451; x_wconf 88' lang='lat' dir='ltr'><strong>minutio</strong></span> <span class='ocrx_word' id='word_1_299' title='bbox 2346 1398 2509 1450; x_wconf 89' lang='lat' dir='ltr'><strong>menti</strong></span> <span class='ocrx_word' id='word_1_300' title='bbox 2551 1409 2670 1463; x_wconf 67' lang='lat' dir='ltr'><strong>qua:</strong></span> <span class='ocrx_word' id='word_1_301' title='bbox 2714 1392 2856 1445; x_wconf 86' lang='lat' dir='ltr'><strong>illam</strong></span> <span class='ocrx_word' id='word_1_302' title='bbox 2894 1390 3078 1459; x_wconf 84' lang='lat' dir='ltr'><strong>genuit</strong></span> <span class='ocrx_word' id='word_1_303' title='bbox 3131 1389 3253 1441; x_wconf 86' lang='lat' dir='ltr'><strong>inde</strong></span> <span class='ocrx_word' id='word_1_304' title='bbox 3300 1385 3515 1448; x_wconf 86' lang='lat' dir='ltr'><strong>accidit,</strong></span> <span class='ocrx_word' id='word_1_305' title='bbox 3559 1384 3654 1437; x_wconf 88' lang='lat' dir='ltr'><strong>sed</strong></span> 
     </span>
    </p>
   </div>
   <div class='ocr_carea' id='block_1_41' title="bbox 2079 1475 3653 1560">
    <p class='ocr_par' dir='ltr' id='par_1_41' title="bbox 2079 1475 3653 1560">
     <span class='ocr_line' id='line_1_41' title="bbox 2079 1475 3653 1560; baseline -0.01 -16"><span class='ocrx_word' id='word_1_306' title='bbox 2079 1491 2287 1560; x_wconf 72' lang='lat' dir='ltr'><strong>integra</strong></span> <span class='ocrx_word' id='word_1_307' title='bbox 2333 1488 2530 1542; x_wconf 90' lang='lat' dir='ltr'><strong>mentis</strong></span> <span class='ocrx_word' id='word_1_308' title='bbox 2581 1486 2926 1541; x_wconf 72' lang='lat' dir='ltr'><strong>conservatio</strong></span> <span class='ocrx_word' id='word_1_309' title='bbox 2973 1484 3255 1544; x_wconf 87' lang='lat' dir='ltr'><strong>retinetur,</strong></span> <span class='ocrx_word' id='word_1_310' title='bbox 3299 1488 3355 1532; x_wconf 88' lang='lat' dir='ltr'><strong>et</strong></span> <span class='ocrx_word' id='word_1_311' title='bbox 3392 1475 3653 1545; x_wconf 85' lang='lat' dir='ltr'><strong>sapientia</strong></span> 
     </span>
    </p>
   </div>
   <div class='ocr_carea' id='block_1_42' title="bbox 2080 1569 3656 1651">
    <p class='ocr_par' dir='ltr' id='par_1_42' title="bbox 2080 1569 3656 1651">
     <span class='ocr_line' id='line_1_42' title="bbox 2080 1569 3656 1651; baseline -0.008 -18"><span class='ocrx_word' id='word_1_312' title='bbox 2080 1581 2339 1651; x_wconf 86' lang='lat' dir='ltr'><strong>integram</strong></span> <span class='ocrx_word' id='word_1_313' title='bbox 2376 1578 2520 1632; x_wconf 88' lang='lat' dir='ltr'><strong>illam</strong></span> <span class='ocrx_word' id='word_1_314' title='bbox 2549 1578 2601 1630; x_wconf 92' lang='lat' dir='ltr'><strong>in</strong></span> <span class='ocrx_word' id='word_1_315' title='bbox 2626 1592 2683 1631; x_wconf 85' lang='lat' dir='ltr'><strong>se</strong></span> <span class='ocrx_word' id='word_1_316' title='bbox 2706 1576 2970 1646; x_wconf 86' lang='lat' dir='ltr'><strong>depingit,</strong></span> <span class='ocrx_word' id='word_1_317' title='bbox 2994 1584 3048 1629; x_wconf 92' lang='lat' dir='ltr'><strong>et</strong></span> <span class='ocrx_word' id='word_1_318' title='bbox 3070 1574 3121 1627; x_wconf 90' lang='lat' dir='ltr'><strong>in</strong></span> <span class='ocrx_word' id='word_1_319' title='bbox 3150 1571 3240 1625; x_wconf 90' lang='lat' dir='ltr'><strong>illa</strong></span> <span class='ocrx_word' id='word_1_320' title='bbox 3272 1569 3509 1624; x_wconf 87' lang='lat' dir='ltr'><strong>vicissim</strong></span> <span class='ocrx_word' id='word_1_321' title='bbox 3536 1581 3656 1622; x_wconf 89' lang='lat' dir='ltr'><strong>cer-</strong></span> 
     </span>
    </p>
   </div>
   <div class='ocr_carea' id='block_1_43' title="bbox 2080 1673 2242 1725">
    <p class='ocr_par' dir='ltr' id='par_1_43' title="bbox 2080 1673 2242 1725">
     <span class='ocr_line' id='line_1_43' title="bbox 2080 1673 2242 1725; baseline 0 0"><span class='ocrx_word' id='word_1_322' title='bbox 2080 1673 2242 1725; x_wconf 90' lang='lat' dir='ltr'><strong>nitur.</strong></span> 
     </span>
    </p>
   </div>
   <div class='ocr_carea' id='block_1_44' title="bbox 2750 1776 2982 1833">
    <p class='ocr_par' dir='ltr' id='par_1_44' title="bbox 2750 1776 2982 1833">
     <span class='ocr_line' id='line_1_44' title="bbox 2750 1776 2982 1833; baseline -0.009 -3"><span class='ocrx_word' id='word_1_323' title='bbox 2750 1776 2982 1833; x_wconf 80' lang='lat' dir='ltr'><strong>ALIUD.</strong></span> 
     </span>
    </p>
   </div>
   <div class='ocr_carea' id='block_1_45' title="bbox 2149 1882 3657 1960">
    <p class='ocr_par' dir='ltr' id='par_1_45' title="bbox 2149 1882 3657 1960">
     <span class='ocr_line' id='line_1_45' title="bbox 2149 1882 3657 1960; baseline -0.006 -15"><span class='ocrx_word' id='word_1_324' title='bbox 2149 1890 2296 1946; x_wconf 86' lang='lat' dir='ltr'><strong>Talis</strong></span> <span class='ocrx_word' id='word_1_325' title='bbox 2334 1899 2416 1945; x_wconf 91' lang='lat' dir='ltr'><strong>est</strong></span> <span class='ocrx_word' id='word_1_326' title='bbox 2460 1888 2767 1960; x_wconf 78' lang='lat' dir='ltr'><strong>generativa</strong></span> <span class='ocrx_word' id='word_1_327' title='bbox 2822 1888 3046 1942; x_wconf 81' lang='lat' dir='ltr'><strong>facultas</strong></span> <span class='ocrx_word' id='word_1_328' title='bbox 3114 1886 3228 1950; x_wconf 90' lang='lat' dir='ltr'><strong>Dei,</strong></span> <span class='ocrx_word' id='word_1_329' title='bbox 3272 1884 3485 1954; x_wconf 90' lang='lat' dir='ltr'><strong>qualem</strong></span> <span class='ocrx_word' id='word_1_330' title='bbox 3534 1882 3657 1952; x_wconf 89' lang='lat' dir='ltr'><strong>quis</strong></span> 
     </span>
    </p>
   </div>
   <div class='ocr_carea' id='block_1_46' title="bbox 2076 1973 3656 2039">
    <p class='ocr_par' dir='ltr' id='par_1_46' title="bbox 2076 1973 3656 2039">
     <span class='ocr_line' id='line_1_46' title="bbox 2076 1973 3656 2039; baseline -0.008 -1"><span class='ocrx_word' id='word_1_331' title='bbox 2076 1986 2237 2039; x_wconf 88' lang='lat' dir='ltr'><strong>etiam</strong></span> <span class='ocrx_word' id='word_1_332' title='bbox 2271 1983 2568 2037; x_wconf 88' lang='lat' dir='ltr'><strong>creativam</strong></span> <span class='ocrx_word' id='word_1_333' title='bbox 2597 1997 2717 2035; x_wconf 84' lang='lat' dir='ltr'><strong>esse</strong></span> <span class='ocrx_word' id='word_1_334' title='bbox 2753 1980 3030 2034; x_wconf 81' lang='lat' dir='ltr'><strong>statuerit.</strong></span> <span class='ocrx_word' id='word_1_335' title='bbox 3066 1978 3264 2031; x_wconf 88' lang='lat' dir='ltr'><strong>Eodem</strong></span> <span class='ocrx_word' id='word_1_336' title='bbox 3306 1977 3452 2031; x_wconf 91' lang='lat' dir='ltr'><strong>enim</strong></span> <span class='ocrx_word' id='word_1_337' title='bbox 3498 1973 3656 2030; x_wconf 75' lang='lat' dir='ltr'><strong>modo</strong></span> 
     </span>
    </p>
   </div>
   <div class='ocr_carea' id='block_1_47' title="bbox 2078 2066 3657 2147">
    <p class='ocr_par' dir='ltr' id='par_1_47' title="bbox 2078 2066 3657 2147">
     <span class='ocr_line' id='line_1_47' title="bbox 2078 2066 3657 2147; baseline -0.008 -18"><span class='ocrx_word' id='word_1_338' title='bbox 2078 2086 2238 2147; x_wconf 89' lang='lat' dir='ltr'><strong>atque</strong></span> <span class='ocrx_word' id='word_1_339' title='bbox 2271 2077 2434 2129; x_wconf 88' lang='lat' dir='ltr'><strong>multa</strong></span> <span class='ocrx_word' id='word_1_340' title='bbox 2464 2091 2527 2129; x_wconf 89' lang='lat' dir='ltr'><strong>ac</strong></span> <span class='ocrx_word' id='word_1_341' title='bbox 2551 2075 2761 2129; x_wconf 89' lang='lat' dir='ltr'><strong>diversa</strong></span> <span class='ocrx_word' id='word_1_342' title='bbox 2786 2087 2999 2135; x_wconf 90' lang='lat' dir='ltr'><strong>crcans,</strong></span> <span class='ocrx_word' id='word_1_343' title='bbox 3024 2086 3126 2123; x_wconf 92' lang='lat' dir='ltr'><strong>non</strong></span> <span class='ocrx_word' id='word_1_344' title='bbox 3164 2078 3339 2121; x_wconf 89' lang='lat' dir='ltr'><strong>tamen</strong></span> <span class='ocrx_word' id='word_1_345' title='bbox 3362 2066 3657 2121; x_wconf 87' lang='lat' dir='ltr'><strong>secundum</strong></span> 
     </span>
    </p>
   </div>
   <div class='ocr_carea' id='block_1_48' title="bbox 2076 2157 3658 2235">
    <p class='ocr_par' dir='ltr' id='par_1_48' title="bbox 2076 2157 3658 2235">
     <span class='ocr_line' id='line_1_48' title="bbox 2076 2157 3658 2235; baseline -0.008 -12"><span class='ocrx_word' id='word_1_346' title='bbox 2076 2167 2371 2223; x_wconf 87' lang='lat' dir='ltr'><strong>essentiam</strong></span> <span class='ocrx_word' id='word_1_347' title='bbox 2397 2182 2551 2222; x_wconf 90' lang='lat' dir='ltr'><strong>suam</strong></span> <span class='ocrx_word' id='word_1_348' title='bbox 2582 2167 2634 2221; x_wconf 92' lang='lat' dir='ltr'><strong>in</strong></span> <span class='ocrx_word' id='word_1_349' title='bbox 2665 2164 2873 2235; x_wconf 87' lang='lat' dir='ltr'><strong>singula</strong></span> <span class='ocrx_word' id='word_1_350' title='bbox 2902 2173 3081 2218; x_wconf 88' lang='lat' dir='ltr'><strong>creata</strong></span> <span class='ocrx_word' id='word_1_351' title='bbox 3114 2160 3397 2224; x_wconf 84' lang='lat' dir='ltr'><strong>dividitur,</strong></span> <span class='ocrx_word' id='word_1_352' title='bbox 3438 2157 3658 2212; x_wconf 81' lang='lat' dir='ltr'><strong>tametsi</strong></span> 
     </span>
    </p>
   </div>
   <div class='ocr_carea' id='block_1_49' title="bbox 2078 2257 3658 2327">
    <p class='ocr_par' dir='ltr' id='par_1_49' title="bbox 2078 2257 3658 2327">
     <span class='ocr_line' id='line_1_49' title="bbox 2078 2257 3658 2327; baseline -0.005 -16"><span class='ocrx_word' id='word_1_353' title='bbox 2078 2260 2438 2314; x_wconf 84' lang='lat' dir='ltr'><strong>diversimode</strong></span> <span class='ocrx_word' id='word_1_354' title='bbox 2494 2260 2546 2312; x_wconf 91' lang='lat' dir='ltr'><strong>in</strong></span> <span class='ocrx_word' id='word_1_355' title='bbox 2599 2259 2679 2315; x_wconf 91' lang='lat' dir='ltr'><strong>eis</strong></span> <span class='ocrx_word' id='word_1_356' title='bbox 2721 2265 2995 2327; x_wconf 88' lang='lat' dir='ltr'><strong>operetur,</strong></span> <span class='ocrx_word' id='word_1_357' title='bbox 3036 2257 3129 2309; x_wconf 87' lang='lat' dir='ltr'><strong>sed</strong></span> <span class='ocrx_word' id='word_1_358' title='bbox 3174 2268 3268 2323; x_wconf 88' lang='lat' dir='ltr'><strong>per</strong></span> <span class='ocrx_word' id='word_1_359' title='bbox 3296 2268 3456 2306; x_wconf 87' lang='lat' dir='ltr'><strong>uuam</strong></span> <span class='ocrx_word' id='word_1_360' title='bbox 3496 2258 3658 2318; x_wconf 88' lang='lat' dir='ltr'><strong>atque</strong></span> 
     </span>
    </p>
   </div>
   <div class='ocr_carea' id='block_1_50' title="bbox 2080 2345 3654 2422">
    <p class='ocr_par' dir='ltr' id='par_1_50' title="bbox 2080 2345 3654 2422">
     <span class='ocr_line' id='line_1_50' title="bbox 2080 2345 3654 2422; baseline -0.006 -18"><span class='ocrx_word' id='word_1_361' title='bbox 2080 2350 2404 2407; x_wconf 79' lang='lat' dir='ltr'><strong>ineffabilem</strong></span> <span class='ocrx_word' id='word_1_362' title='bbox 2455 2352 2752 2422; x_wconf 87' lang='lat' dir='ltr'><strong>potentiam</strong></span> <span class='ocrx_word' id='word_1_363' title='bbox 2792 2357 2982 2404; x_wconf 88' lang='lat' dir='ltr'><strong>cuncta</strong></span> <span class='ocrx_word' id='word_1_364' title='bbox 3030 2355 3215 2412; x_wconf 86' lang='lat' dir='ltr'><strong>creat;</strong></span> <span class='ocrx_word' id='word_1_365' title='bbox 3261 2346 3331 2399; x_wconf 89' lang='lat' dir='ltr'><strong>lta</strong></span> <span class='ocrx_word' id='word_1_366' title='bbox 3370 2345 3531 2398; x_wconf 88' lang='lat' dir='ltr'><strong>etiam</strong></span> <span class='ocrx_word' id='word_1_367' title='bbox 3569 2356 3654 2410; x_wconf 90' lang='lat' dir='ltr'><strong>ge-</strong></span> 
     </span>
    </p>
   </div>
   <div class='ocr_carea' id='block_1_51' title="bbox 2082 2435 3654 2507">
    <p class='ocr_par' dir='ltr' id='par_1_51' title="bbox 2082 2435 3654 2507">
     <span class='ocr_line' id='line_1_51' title="bbox 2082 2435 3654 2507; baseline -0.006 -11"><span class='ocrx_word' id='word_1_368' title='bbox 2082 2450 2258 2507; x_wconf 89' lang='lat' dir='ltr'><strong>nerat,</strong></span> <span class='ocrx_word' id='word_1_369' title='bbox 2327 2458 2433 2497; x_wconf 91' lang='lat' dir='ltr'><strong>non</strong></span> <span class='ocrx_word' id='word_1_370' title='bbox 2468 2443 2723 2507; x_wconf 86' lang='lat' dir='ltr'><strong>divisus,</strong></span> <span class='ocrx_word' id='word_1_371' title='bbox 2780 2450 2836 2494; x_wconf 91' lang='lat' dir='ltr'><strong>ut</strong></span> <span class='ocrx_word' id='word_1_372' title='bbox 2885 2440 2959 2493; x_wconf 91' lang='lat' dir='ltr'><strong>illi</strong></span> <span class='ocrx_word' id='word_1_373' title='bbox 3034 2439 3243 2494; x_wconf 88' lang='lat' dir='ltr'><strong>volunt.</strong></span> <span class='ocrx_word' id='word_1_374' title='bbox 3297 2435 3365 2489; x_wconf 83' lang='lat' dir='ltr'><strong>Et</strong></span> <span class='ocrx_word' id='word_1_375' title='bbox 3420 2448 3654 2489; x_wconf 85' lang='lat' dir='ltr'><strong>rursus:</strong></span> 
     </span>
    </p>
   </div>
   <div class='ocr_carea' id='block_1_52' title="bbox 2080 2525 3658 2602">
    <p class='ocr_par' dir='ltr' id='par_1_52' title="bbox 2080 2525 3658 2602">
     <span class='ocr_line' id='line_1_52' title="bbox 2080 2525 3658 2602; baseline -0.006 -14"><span class='ocrx_word' id='word_1_376' title='bbox 2080 2534 2545 2599; x_wconf 84' lang='lat' dir='ltr'><strong>Quemadmodum</strong></span> <span class='ocrx_word' id='word_1_377' title='bbox 2571 2533 2807 2602; x_wconf 89' lang='lat' dir='ltr'><strong>Spiritus</strong></span> <span class='ocrx_word' id='word_1_378' title='bbox 2843 2539 3065 2587; x_wconf 89' lang='lat' dir='ltr'><strong>sanctus</strong></span> <span class='ocrx_word' id='word_1_379' title='bbox 3097 2529 3300 2584; x_wconf 89' lang='lat' dir='ltr'><strong>nullam</strong></span> <span class='ocrx_word' id='word_1_380' title='bbox 3331 2528 3383 2582; x_wconf 92' lang='lat' dir='ltr'><strong>iu</strong></span> <span class='ocrx_word' id='word_1_381' title='bbox 3416 2525 3658 2582; x_wconf 81' lang='lat' dir='ltr'><strong>essentia</strong></span> 
     </span>
    </p>
   </div>
   <div class='ocr_carea' id='block_1_53' title="bbox 2082 2620 3657 2694">
    <p class='ocr_par' dir='ltr' id='par_1_53' title="bbox 2082 2620 3657 2694">
     <span class='ocr_line' id='line_1_53' title="bbox 2082 2620 3657 2694; baseline -0.005 -15"><span class='ocrx_word' id='word_1_382' title='bbox 2082 2626 2478 2694; x_wconf 86' lang='lat' dir='ltr'><strong>separationem</strong></span> <span class='ocrx_word' id='word_1_383' title='bbox 2517 2626 2685 2690; x_wconf 80' lang='lat' dir='ltr'><strong>subit,</strong></span> <span class='ocrx_word' id='word_1_384' title='bbox 2728 2624 2976 2693; x_wconf 87' lang='lat' dir='ltr'><strong>quamvis</strong></span> <span class='ocrx_word' id='word_1_385' title='bbox 3023 2622 3253 2675; x_wconf 86' lang='lat' dir='ltr'><strong>diversis</strong></span> <span class='ocrx_word' id='word_1_386' title='bbox 3290 2620 3464 2675; x_wconf 90' lang='lat' dir='ltr'><strong>modis</strong></span> <span class='ocrx_word' id='word_1_387' title='bbox 3517 2622 3657 2673; x_wconf 90' lang='lat' dir='ltr'><strong>dona</strong></span> 
     </span>
    </p>
   </div>
   <div class='ocr_carea' id='block_1_54' title="bbox 2084 2709 3662 2785">
    <p class='ocr_par' dir='ltr' id='par_1_54' title="bbox 2084 2709 3662 2785">
     <span class='ocr_line' id='line_1_54' title="bbox 2084 2709 3662 2785; baseline -0.007 -13"><span class='ocrx_word' id='word_1_388' title='bbox 2084 2732 2181 2772; x_wconf 89' lang='lat' dir='ltr'><strong>sua</strong></span> <span class='ocrx_word' id='word_1_389' title='bbox 2233 2718 2469 2782; x_wconf 90' lang='lat' dir='ltr'><strong>emittat,</strong></span> <span class='ocrx_word' id='word_1_390' title='bbox 2507 2726 2561 2771; x_wconf 91' lang='lat' dir='ltr'><strong>et</strong></span> <span class='ocrx_word' id='word_1_391' title='bbox 2610 2730 2707 2785; x_wconf 91' lang='lat' dir='ltr'><strong>pro</strong></span> <span class='ocrx_word' id='word_1_392' title='bbox 2753 2713 3179 2782; x_wconf 87' lang='lat' dir='ltr'><strong>uniuscujusque</strong></span> <span class='ocrx_word' id='word_1_393' title='bbox 3229 2711 3444 2765; x_wconf 87' lang='lat' dir='ltr'><strong>modulo</strong></span> <span class='ocrx_word' id='word_1_394' title='bbox 3482 2709 3662 2778; x_wconf 88' lang='lat' dir='ltr'><strong>dignis</strong></span> 
     </span>
    </p>
   </div>
   <div class='ocr_carea' id='block_1_55' title="bbox 2082 2802 3657 2879">
    <p class='ocr_par' dir='ltr' id='par_1_55' title="bbox 2082 2802 3657 2879">
     <span class='ocr_line' id='line_1_55' title="bbox 2082 2802 3657 2879; baseline -0.004 -16"><span class='ocrx_word' id='word_1_395' title='bbox 2082 2810 2381 2879; x_wconf 87' lang='lat' dir='ltr'><strong>largiatur,</strong></span> <span class='ocrx_word' id='word_1_396' title='bbox 2428 2810 2567 2864; x_wconf 90' lang='lat' dir='ltr'><strong>idem</strong></span> <span class='ocrx_word' id='word_1_397' title='bbox 2617 2818 2795 2863; x_wconf 88' lang='lat' dir='ltr'><strong>tamen</strong></span> <span class='ocrx_word' id='word_1_398' title='bbox 2845 2818 2950 2871; x_wconf 88' lang='lat' dir='ltr'><strong>est,</strong></span> <span class='ocrx_word' id='word_1_399' title='bbox 2984 2807 3236 2875; x_wconf 85' lang='lat' dir='ltr'><strong>idemque</strong></span> <span class='ocrx_word' id='word_1_400' title='bbox 3266 2806 3433 2859; x_wconf 89' lang='lat' dir='ltr'><strong>variis</strong></span> <span class='ocrx_word' id='word_1_401' title='bbox 3481 2802 3657 2858; x_wconf 84' lang='lat' dir='ltr'><strong>modis</strong></span> 
     </span>
    </p>
   </div>
   <div class='ocr_carea' id='block_1_56' title="bbox 2083 2896 3649 2969">
    <p class='ocr_par' dir='ltr' id='par_1_56' title="bbox 2083 2896 3649 2969">
     <span class='ocr_line' id='line_1_56' title="bbox 2083 2896 3649 2969; baseline -0.004 -16"><span class='ocrx_word' id='word_1_402' title='bbox 2083 2902 2217 2953; x_wconf 88' lang='lat' dir='ltr'><strong>citra</strong></span> <span class='ocrx_word' id='word_1_403' title='bbox 2260 2899 2423 2953; x_wconf 90' lang='lat' dir='ltr'><strong>ullam</strong></span> <span class='ocrx_word' id='word_1_404' title='bbox 2460 2900 2767 2965; x_wconf 87' lang='lat' dir='ltr'><strong>passionem</strong></span> <span class='ocrx_word' id='word_1_405' title='bbox 2812 2900 2867 2954; x_wconf 90' lang='lat' dir='ltr'><strong>in</strong></span> <span class='ocrx_word' id='word_1_406' title='bbox 2909 2897 3020 2969; x_wconf 68' lang='grc'><strong>49</strong></span> <span class='ocrx_word' id='word_1_407' title='bbox 3051 2896 3305 2951; x_wconf 84' lang='lat' dir='ltr'><strong>nuinibus</strong></span> <span class='ocrx_word' id='word_1_408' title='bbox 3349 2902 3608 2964; x_wconf 84' lang='lat' dir='ltr'><strong>operatur</strong></span> <span class='ocrx_word' id='word_1_409' title='bbox 3636 2909 3649 2925; x_wconf 72' lang='grc' dir='ltr'><strong><em>ο</em></strong></span> 
     </span>
    </p>
   </div>
   <div class='ocr_carea' id='block_1_57' title="bbox 2084 2985 3661 3057">
    <p class='ocr_par' dir='ltr' id='par_1_57' title="bbox 2084 2985 3661 3057">
     <span class='ocr_line' id='line_1_57' title="bbox 2084 2985 3661 3057; baseline -0.003 -15"><span class='ocrx_word' id='word_1_410' title='bbox 2084 2990 2164 3044; x_wconf 91' lang='lat' dir='ltr'><strong>sic</strong></span> <span class='ocrx_word' id='word_1_411' title='bbox 2196 2991 2361 3044; x_wconf 89' lang='lat' dir='ltr'><strong>etiam</strong></span> <span class='ocrx_word' id='word_1_412' title='bbox 2398 3006 2556 3045; x_wconf 90' lang='lat' dir='ltr'><strong>nemo</strong></span> <span class='ocrx_word' id='word_1_413' title='bbox 2593 2998 2738 3045; x_wconf 90' lang='lat' dir='ltr'><strong>recte</strong></span> <span class='ocrx_word' id='word_1_414' title='bbox 2778 2991 3019 3046; x_wconf 91' lang='lat' dir='ltr'><strong>sentiens</strong></span> <span class='ocrx_word' id='word_1_415' title='bbox 3050 2989 3249 3044; x_wconf 80' lang='lat' dir='ltr'><strong>dixerit</strong></span> <span class='ocrx_word' id='word_1_416' title='bbox 3290 2985 3661 3057; x_wconf 87' lang='lat' dir='ltr'><strong>generativam</strong></span> 
     </span>
    </p>
   </div>
   <div class='ocr_carea' id='block_1_58' title="bbox 2088 3078 3662 3150">
    <p class='ocr_par' dir='ltr' id='par_1_58' title="bbox 2088 3078 3662 3150">
     <span class='ocr_line' id='line_1_58' title="bbox 2088 3078 3662 3150; baseline -0.001 -19"><span class='ocrx_word' id='word_1_417' title='bbox 2088 3078 2179 3134; x_wconf 92' lang='lat' dir='ltr'><strong>Dei</strong></span> <span class='ocrx_word' id='word_1_418' title='bbox 2204 3083 2498 3136; x_wconf 86' lang='lat' dir='ltr'><strong>essentiam</strong></span> <span class='ocrx_word' id='word_1_419' title='bbox 2538 3083 2792 3136; x_wconf 90' lang='lat' dir='ltr'><strong>damnum</strong></span> <span class='ocrx_word' id='word_1_420' title='bbox 2829 3082 2999 3136; x_wconf 91' lang='lat' dir='ltr'><strong>ullum</strong></span> <span class='ocrx_word' id='word_1_421' title='bbox 3027 3080 3298 3150; x_wconf 91' lang='lat' dir='ltr'><strong>accipere,</strong></span> <span class='ocrx_word' id='word_1_422' title='bbox 3324 3088 3416 3133; x_wconf 90' lang='lat' dir='ltr'><strong>aut</strong></span> <span class='ocrx_word' id='word_1_423' title='bbox 3443 3092 3662 3147; x_wconf 87' lang='lat' dir='ltr'><strong>separa-</strong></span> 
     </span>
    </p>
   </div>
   <div class='ocr_carea' id='block_1_59' title="bbox 399 3167 1978 3248">
    <p class='ocr_par' dir='ltr' id='par_1_59' title="bbox 399 3175 1976 3248">
     <span class='ocr_line' id='line_1_59' title="bbox 399 3175 1976 3248; baseline 0.003 -21"><span class='ocrx_word' id='word_1_424' title='bbox 399 3176 611 3244; x_wconf 82' lang='grc' dir='ltr'><strong>παθείν,</strong></span> <span class='ocrx_word' id='word_1_425' title='bbox 639 3176 735 3230; x_wconf 73' lang='grc' dir='ltr'><strong>ἕνα</strong></span> <span class='ocrx_word' id='word_1_426' title='bbox 764 3178 859 3231; x_wconf 76' lang='grc' dir='ltr'><strong>καὶ</strong></span> <span class='ocrx_word' id='word_1_427' title='bbox 902 3176 1061 3247; x_wconf 89' lang='grc' dir='ltr'><strong>μόνον</strong></span> <span class='ocrx_word' id='word_1_428' title='bbox 1098 3175 1160 3241; x_wconf 78' lang='grc' dir='ltr'><strong>ἐξ</strong></span> <span class='ocrx_word' id='word_1_429' title='bbox 1187 3177 1384 3248; x_wconf 80' lang='grc' dir='ltr'><strong>ἑαυτῆς</strong></span> <span class='ocrx_word' id='word_1_430' title='bbox 1426 3178 1785 3248; x_wconf 75' lang='grc' dir='ltr'>ἐκλάμψασαν</span> <span class='ocrx_word' id='word_1_431' title='bbox 1828 3178 1976 3232; x_wconf 76' lang='grc' dir='ltr'><strong>Υίόν.</strong></span> 
     </span>
    </p>
   </div>
   <div class='ocr_carea' id='block_1_60' title="bbox 2083 3167 3660 3248">
    <p class='ocr_par' dir='ltr' id='par_1_60' title="bbox 2087 3168 3660 3244">
     <span class='ocr_line' id='line_1_60' title="bbox 2087 3168 3660 3244; baseline 0 -21"><span class='ocrx_word' id='word_1_432' title='bbox 2087 3171 2287 3226; x_wconf 85' lang='lat' dir='ltr'><strong>tionem</strong></span> <span class='ocrx_word' id='word_1_433' title='bbox 2323 3172 2485 3226; x_wconf 90' lang='lat' dir='ltr'><strong>ullam</strong></span> <span class='ocrx_word' id='word_1_434' title='bbox 2524 3174 2605 3227; x_wconf 86' lang='lat' dir='ltr'><strong>vel</strong></span> <span class='ocrx_word' id='word_1_435' title='bbox 2631 3172 2882 3227; x_wconf 74' lang='lat' dir='ltr'><strong>ellluxuui</strong></span> <span class='ocrx_word' id='word_1_436' title='bbox 2918 3174 3052 3244; x_wconf 88' lang='lat' dir='ltr'><strong>pati,</strong></span> <span class='ocrx_word' id='word_1_437' title='bbox 3100 3187 3222 3228; x_wconf 90' lang='lat' dir='ltr'><strong>cum</strong></span> <span class='ocrx_word' id='word_1_438' title='bbox 3256 3186 3395 3227; x_wconf 88' lang='lat' dir='ltr'><strong>unus</strong></span> <span class='ocrx_word' id='word_1_439' title='bbox 3422 3185 3485 3226; x_wconf 86' lang='lat' dir='ltr'><strong>ac</strong></span> <span class='ocrx_word' id='word_1_440' title='bbox 3513 3168 3660 3225; x_wconf 79' lang='lat' dir='ltr'><strong>solus</strong></span> 
     </span>
    </p>
   </div>
   <div class='ocr_carea' id='block_1_61' title="bbox 1090 3374 1291 3428">
    <p class='ocr_par' dir='ltr' id='par_1_61' title="bbox 1090 3374 1291 3428">
     <span class='ocr_line' id='line_1_61' title="bbox 1090 3374 1291 3428; baseline 0 -1"><span class='ocrx_word' id='word_1_441' title='bbox 1090 3374 1291 3428; x_wconf 78' lang='grc' dir='ltr'><strong>ΑΛΛΟ.</strong></span> 
     </span>
    </p>
   </div>
   <div class='ocr_carea' id='block_1_62' title="bbox 690 3485 1717 3557">
    <p class='ocr_par' dir='ltr' id='par_1_62' title="bbox 690 3485 1717 3557">
     <span class='ocr_line' id='line_1_62' title="bbox 690 3485 1717 3557; baseline 0.004 -19"><span class='ocrx_word' id='word_1_442' title='bbox 690 3486 1008 3552; x_wconf 75' lang='grc' dir='ltr'><strong>Ἄντίθεσις</strong></span> <span class='ocrx_word' id='word_1_443' title='bbox 1042 3487 1121 3554; x_wconf 83' lang='grc' dir='ltr'><strong>ὡς</strong></span> <span class='ocrx_word' id='word_1_444' title='bbox 1146 3487 1214 3539; x_wconf 82' lang='grc' dir='ltr'><strong>ἐκ</strong></span> <span class='ocrx_word' id='word_1_445' title='bbox 1244 3485 1364 3540; x_wconf 82' lang='grc' dir='ltr'><strong>τῶν</strong></span> <span class='ocrx_word' id='word_1_446' title='bbox 1396 3488 1717 3557; x_wconf 77' lang='grc' dir='ltr'><strong>Εὐνομίου.</strong></span> 
     </span>
    </p>
   </div>
   <div class='ocr_carea' id='block_1_63' title="bbox 470 3592 1983 3666">
    <p class='ocr_par' dir='ltr' id='par_1_63' title="bbox 470 3592 1983 3666">
     <span class='ocr_line' id='line_1_63' title="bbox 470 3592 1983 3666; baseline 0.005 -21"><span class='ocrx_word' id='word_1_447' title='bbox 470 3592 534 3646; x_wconf 79' lang='lat' dir='ltr'><strong>Et</strong></span> <span class='ocrx_word' id='word_1_448' title='bbox 588 3595 905 3665; x_wconf 75' lang='grc' dir='ltr'><strong>γεγέννηκε,</strong></span> <span class='ocrx_word' id='word_1_449' title='bbox 953 3596 1138 3666; x_wconf 68' lang='grc' dir='ltr'><strong>φησιν,</strong></span> <span class='ocrx_word' id='word_1_450' title='bbox 1170 3596 1227 3663; x_wconf 78' lang='grc' dir='ltr'><strong>ἐξ</strong></span> <span class='ocrx_word' id='word_1_451' title='bbox 1276 3596 1469 3649; x_wconf 82' lang='grc' dir='ltr'><strong>ἑαυτοῦ</strong></span> <span class='ocrx_word' id='word_1_452' title='bbox 1501 3597 1593 3650; x_wconf 79' lang='grc' dir='ltr'><strong>τὸν</strong></span> <span class='ocrx_word' id='word_1_453' title='bbox 1638 3599 1762 3651; x_wconf 83' lang='grc' dir='ltr'><strong>Υἱὸν</strong></span> <span class='ocrx_word' id='word_1_454' title='bbox 1800 3602 1827 3653; x_wconf 85' lang='grc' dir='ltr'><strong>ὁ</strong></span> <span class='ocrx_word' id='word_1_455' title='bbox 1872 3601 1983 3653; x_wconf 75' lang='lat' dir='ltr'><strong>lla-</strong></span> 
     </span>
    </p>
   </div>
   <div class='ocr_carea' id='block_1_64' title="bbox 400 3685 1980 3760">
    <p class='ocr_par' dir='ltr' id='par_1_64' title="bbox 400 3685 1980 3760">
     <span class='ocr_line' id='line_1_64' title="bbox 400 3685 1980 3760; baseline 0.006 -24"><span class='ocrx_word' id='word_1_456' title='bbox 400 3685 522 3756; x_wconf 81' lang='grc' dir='ltr'><strong>τὴρ,</strong></span> <span class='ocrx_word' id='word_1_457' title='bbox 553 3686 646 3737; x_wconf 77' lang='grc' dir='ltr'><strong>καὶ</strong></span> <span class='ocrx_word' id='word_1_458' title='bbox 684 3685 830 3738; x_wconf 77' lang='grc' dir='ltr'><strong>ἐστιν</strong></span> <span class='ocrx_word' id='word_1_459' title='bbox 865 3686 1053 3757; x_wconf 72' lang='grc' dir='ltr'><strong>ἕτερος</strong></span> <span class='ocrx_word' id='word_1_460' title='bbox 1082 3689 1209 3759; x_wconf 83' lang='grc' dir='ltr'><strong>παρ’</strong></span> <span class='ocrx_word' id='word_1_461' title='bbox 1235 3688 1396 3741; x_wconf 80' lang='grc' dir='ltr'>αὑτὸν</span> <span class='ocrx_word' id='word_1_462' title='bbox 1430 3691 1487 3742; x_wconf 89' lang='grc' dir='ltr'><strong>ἐν</strong></span> <span class='ocrx_word' id='word_1_463' title='bbox 1521 3688 1625 3760; x_wconf 78' lang='grc' dir='ltr'><strong>ἰδίᾳ</strong></span> <span class='ocrx_word' id='word_1_464' title='bbox 1650 3707 1707 3742; x_wconf 90' lang='grc' dir='ltr'><strong>τε</strong></span> <span class='ocrx_word' id='word_1_465' title='bbox 1736 3690 1811 3743; x_wconf 84' lang='grc' dir='ltr'><strong>ὢν</strong></span> <span class='ocrx_word' id='word_1_466' title='bbox 1848 3694 1980 3745; x_wconf 83' lang='grc' dir='ltr'><strong>ὑπο-</strong></span> 
     </span>
    </p>
   </div>
   <div class='ocr_carea' id='block_1_65' title="bbox 403 3777 1981 3855">
    <p class='ocr_par' dir='ltr' id='par_1_65' title="bbox 403 3777 1981 3855">
     <span class='ocr_line' id='line_1_65' title="bbox 403 3777 1981 3855; baseline 0.005 -25"><span class='ocrx_word' id='word_1_467' title='bbox 403 3777 608 3841; x_wconf 73' lang='grc' dir='ltr'><strong>στάσει,</strong></span> <span class='ocrx_word' id='word_1_468' title='bbox 652 3781 745 3832; x_wconf 68' lang='grc' dir='ltr'><strong>καὶ</strong></span> <span class='ocrx_word' id='word_1_469' title='bbox 782 3779 912 3833; x_wconf 83' lang='grc' dir='ltr'><strong>Υῑοῦ</strong></span> <span class='ocrx_word' id='word_1_470' title='bbox 944 3780 1131 3850; x_wconf 77' lang='grc' dir='ltr'><strong>Πατὴρ</strong></span> <span class='ocrx_word' id='word_1_471' title='bbox 1162 3780 1471 3851; x_wconf 84' lang='grc' dir='ltr'><strong>νοούμενος,</strong></span> <span class='ocrx_word' id='word_1_472' title='bbox 1524 3784 1851 3853; x_wconf 82' lang='grc' dir='ltr'><strong>μεμέρισται</strong></span> <span class='ocrx_word' id='word_1_473' title='bbox 1884 3784 1981 3855; x_wconf 83' lang='grc' dir='ltr'><strong>δη-</strong></span> 
     </span>
    </p>
   </div>
   <div class='ocr_carea' id='block_1_66' title="bbox 402 3868 1982 3947">
    <p class='ocr_par' dir='ltr' id='par_1_66' title="bbox 402 3868 1982 3947">
     <span class='ocr_line' id='line_1_66' title="bbox 402 3868 1982 3947; baseline 0.004 -26"><span class='ocrx_word' id='word_1_474' title='bbox 402 3868 533 3937; x_wconf 84' lang='grc' dir='ltr'><strong>λαδὴ</strong></span> <span class='ocrx_word' id='word_1_475' title='bbox 574 3870 667 3923; x_wconf 76' lang='grc' dir='ltr'>καὶ</span> <span class='ocrx_word' id='word_1_476' title='bbox 708 3870 885 3923; x_wconf 89' lang='grc' dir='ltr'><strong>πάντα</strong></span> <span class='ocrx_word' id='word_1_477' title='bbox 928 3872 997 3924; x_wconf 85' lang='grc' dir='ltr'><strong>τὰ</strong></span> <span class='ocrx_word' id='word_1_478' title='bbox 1037 3871 1130 3924; x_wconf 91' lang='grc' dir='ltr'><strong>τοῦ</strong></span> <span class='ocrx_word' id='word_1_479' title='bbox 1176 3873 1415 3943; x_wconf 84' lang='grc' dir='ltr'><strong>Πατρὺς,</strong></span> <span class='ocrx_word' id='word_1_480' title='bbox 1459 3873 1556 3927; x_wconf 73' lang='grc' dir='ltr'><strong>καὶ</strong></span> <span class='ocrx_word' id='word_1_481' title='bbox 1598 3875 1697 3928; x_wconf 83' lang='grc' dir='ltr'><strong>οὐκ</strong></span> <span class='ocrx_word' id='word_1_482' title='bbox 1736 3878 1791 3928; x_wconf 83' lang='grc' dir='ltr'><strong>ἐν</strong></span> <span class='ocrx_word' id='word_1_483' title='bbox 1834 3877 1982 3947; x_wconf 83' lang='grc' dir='ltr'>αὑτῴ</span> 
     </span>
    </p>
   </div>
   <div class='ocr_carea' id='block_1_67' title="bbox 406 3962 1982 4038">
    <p class='ocr_par' dir='ltr' id='par_1_67' title="bbox 406 3962 1982 4038">
     <span class='ocr_line' id='line_1_67' title="bbox 406 3962 1982 4038; baseline 0.005 -25"><span class='ocrx_word' id='word_1_484' title='bbox 406 3962 661 4031; x_wconf 83' lang='grc' dir='ltr'><strong>μείναντα</strong></span> <span class='ocrx_word' id='word_1_485' title='bbox 711 3962 879 4030; x_wconf 86' lang='grc' dir='ltr'><strong>μόνῳ,</strong></span> <span class='ocrx_word' id='word_1_486' title='bbox 919 3962 1055 4015; x_wconf 83' lang='grc' dir='ltr'><strong>ἀλλὰ</strong></span> <span class='ocrx_word' id='word_1_487' title='bbox 1088 3962 1179 4014; x_wconf 73' lang='grc' dir='ltr'>καὶ</span> <span class='ocrx_word' id='word_1_488' title='bbox 1208 3964 1285 4025; x_wconf 84' lang='grc' dir='ltr'><strong>είς</strong></span> <span class='ocrx_word' id='word_1_489' title='bbox 1316 3964 1406 4016; x_wconf 78' lang='grc' dir='ltr'><strong>τὸν</strong></span> <span class='ocrx_word' id='word_1_490' title='bbox 1446 3966 1594 4029; x_wconf 78' lang='grc' dir='ltr'><strong>Υίὸν,</strong></span> <span class='ocrx_word' id='word_1_491' title='bbox 1620 3966 1982 4038; x_wconf 77' lang='grc' dir='ltr'><strong>διαϐεϐηκότα</strong></span> 
     </span>
    </p>
   </div>
   <div class='ocr_carea' id='block_1_68' title="bbox 404 4052 1984 4128">
    <p class='ocr_par' dir='ltr' id='par_1_68' title="bbox 404 4052 1984 4128">
     <span class='ocr_line' id='line_1_68' title="bbox 404 4052 1984 4128; baseline 0.005 -24"><span class='ocrx_word' id='word_1_492' title='bbox 404 4052 670 4120; x_wconf 74' lang='grc' dir='ltr'><strong>φαίνεται.</strong></span> <span class='ocrx_word' id='word_1_493' title='bbox 702 4052 912 4105; x_wconf 74' lang='grc' dir='ltr'><strong>Οὐκοῦν</strong></span> <span class='ocrx_word' id='word_1_494' title='bbox 944 4053 977 4123; x_wconf 81' lang='grc' dir='ltr'><strong>ἢ</strong></span> <span class='ocrx_word' id='word_1_495' title='bbox 1012 4054 1192 4107; x_wconf 73' lang='grc' dir='ltr'><strong>οὐκέτι</strong></span> <span class='ocrx_word' id='word_1_496' title='bbox 1238 4054 1447 4108; x_wconf 88' lang='grc' dir='ltr'><strong>τελείαν</strong></span> <span class='ocrx_word' id='word_1_497' title='bbox 1476 4055 1587 4125; x_wconf 78' lang='grc' dir='ltr'><strong>ἔχει</strong></span> <span class='ocrx_word' id='word_1_498' title='bbox 1634 4057 1730 4128; x_wconf 83' lang='grc' dir='ltr'><strong>τὴν</strong></span> <span class='ocrx_word' id='word_1_499' title='bbox 1766 4057 1924 4124; x_wconf 81' lang='grc' dir='ltr'><strong>δόξαν</strong></span> <span class='ocrx_word' id='word_1_500' title='bbox 1957 4062 1984 4113; x_wconf 80' lang='grc' dir='ltr'><strong>ό</strong></span> 
     </span>
    </p>
   </div>
   <div class='ocr_carea' id='block_1_69' title="bbox 404 4144 1980 4220">
    <p class='ocr_par' dir='ltr' id='par_1_69' title="bbox 404 4144 1980 4220">
     <span class='ocr_line' id='line_1_69' title="bbox 404 4144 1980 4220; baseline 0.004 -25"><span class='ocrx_word' id='word_1_501' title='bbox 404 4144 613 4214; x_wconf 79' lang='grc' dir='ltr'><strong>Πατὴρ,</strong></span> <span class='ocrx_word' id='word_1_502' title='bbox 653 4144 1064 4216; x_wconf 80' lang='grc' dir='ltr'><strong>μεμερισμένης</strong></span> <span class='ocrx_word' id='word_1_503' title='bbox 1108 4146 1199 4197; x_wconf 75' lang='grc' dir='ltr'>καὶ</span> <span class='ocrx_word' id='word_1_504' title='bbox 1244 4148 1413 4216; x_wconf 81' lang='grc' dir='ltr'><strong>αὐτῆς</strong></span> <span class='ocrx_word' id='word_1_505' title='bbox 1453 4148 1511 4198; x_wconf 83' lang='grc' dir='ltr'><strong>ἐν</strong></span> <span class='ocrx_word' id='word_1_506' title='bbox 1544 4147 1621 4217; x_wconf 87' lang='grc' dir='ltr'><strong>τῷ</strong></span> <span class='ocrx_word' id='word_1_507' title='bbox 1673 4149 1807 4219; x_wconf 81' lang='grc' dir='ltr'>Υἱῷ,</span> <span class='ocrx_word' id='word_1_508' title='bbox 1858 4150 1890 4220; x_wconf 79' lang='grc' dir='ltr'><strong>ἢ</strong></span> <span class='ocrx_word' id='word_1_509' title='bbox 1932 4152 1980 4202; x_wconf 86' lang='grc' dir='ltr'><strong>εί</strong></span> 
     </span>
    </p>
   </div>
   <div class='ocr_carea' id='block_1_70' title="bbox 403 4234 1983 4307">
    <p class='ocr_par' dir='ltr' id='par_1_70' title="bbox 403 4234 1983 4307">
     <span class='ocr_line' id='line_1_70' title="bbox 403 4234 1983 4307; baseline 0.003 -20"><span class='ocrx_word' id='word_1_510' title='bbox 403 4235 615 4288; x_wconf 85' lang='grc' dir='ltr'><strong>τελείαν</strong></span> <span class='ocrx_word' id='word_1_511' title='bbox 651 4235 763 4304; x_wconf 80' lang='grc' dir='ltr'><strong>ἔχει</strong></span> <span class='ocrx_word' id='word_1_512' title='bbox 792 4234 889 4306; x_wconf 81' lang='grc' dir='ltr'><strong>τὴν</strong></span> <span class='ocrx_word' id='word_1_513' title='bbox 913 4235 1092 4299; x_wconf 83' lang='grc' dir='ltr'><strong>δόξαν,</strong></span> <span class='ocrx_word' id='word_1_514' title='bbox 1121 4236 1413 4307; x_wconf 84' lang='grc' dir='ltr'><strong>ἀποστερεῖ</strong></span> <span class='ocrx_word' id='word_1_515' title='bbox 1443 4238 1535 4290; x_wconf 76' lang='grc' dir='ltr'><strong>τὸν</strong></span> <span class='ocrx_word' id='word_1_516' title='bbox 1565 4238 1713 4303; x_wconf 81' lang='grc' dir='ltr'>Υξὸν,</span> <span class='ocrx_word' id='word_1_517' title='bbox 1743 4240 1803 4291; x_wconf 77' lang='grc' dir='ltr'><strong>τὸ</strong></span> <span class='ocrx_word' id='word_1_518' title='bbox 1832 4239 1983 4292; x_wconf 78' lang='grc' dir='ltr'><strong>δοθὲν</strong></span> 
     </span>
    </p>
   </div>
   <div class='ocr_carea' id='block_1_71' title="bbox 404 4324 1981 4401">
    <p class='ocr_par' dir='ltr' id='par_1_71' title="bbox 404 4324 1981 4401">
     <span class='ocr_line' id='line_1_71' title="bbox 404 4324 1981 4401; baseline 0.002 -21"><span class='ocrx_word' id='word_1_519' title='bbox 404 4328 594 4399; x_wconf 78' lang='grc' dir='ltr'><strong>ὥσπερ</strong></span> <span class='ocrx_word' id='word_1_520' title='bbox 635 4330 713 4391; x_wconf 75' lang='grc' dir='ltr'><strong>εἰς</strong></span> <span class='ocrx_word' id='word_1_521' title='bbox 761 4328 951 4380; x_wconf 79' lang='grc' dir='ltr'><strong>ἑαυτὸν</strong></span> <span class='ocrx_word' id='word_1_522' title='bbox 998 4324 1154 4389; x_wconf 77' lang='grc' dir='ltr'><strong>αὖθις</strong></span> <span class='ocrx_word' id='word_1_523' title='bbox 1202 4329 1601 4383; x_wconf 81' lang='grc' dir='ltr'><strong>ἐπανακλίνων·</strong></span> <span class='ocrx_word' id='word_1_524' title='bbox 1636 4332 1729 4382; x_wconf 74' lang='grc' dir='ltr'><strong>καὶ</strong></span> <span class='ocrx_word' id='word_1_525' title='bbox 1772 4332 1804 4401; x_wconf 82' lang='grc' dir='ltr'>ἠ</span> <span class='ocrx_word' id='word_1_526' title='bbox 1851 4333 1981 4401; x_wconf 75' lang='grc' dir='ltr'><strong>πρόο</strong></span> 
     </span>
    </p>
   </div>
   <div class='ocr_carea' id='block_1_72' title="bbox 405 4416 1983 4488">
    <p class='ocr_par' dir='ltr' id='par_1_72' title="bbox 405 4416 1983 4488">
     <span class='ocr_line' id='line_1_72' title="bbox 405 4416 1983 4488; baseline 0.003 -20"><span class='ocrx_word' id='word_1_527' title='bbox 405 4434 561 4486; x_wconf 83' lang='grc' dir='ltr'><strong>τερον</strong></span> <span class='ocrx_word' id='word_1_528' title='bbox 591 4420 648 4470; x_wconf 89' lang='grc' dir='ltr'><strong>ἐν</strong></span> <span class='ocrx_word' id='word_1_529' title='bbox 681 4416 869 4487; x_wconf 84' lang='grc' dir='ltr'><strong>μονάδι</strong></span> <span class='ocrx_word' id='word_1_530' title='bbox 902 4416 1091 4487; x_wconf 87' lang='grc' dir='ltr'><strong>θεότης</strong></span> <span class='ocrx_word' id='word_1_531' title='bbox 1122 4417 1330 4470; x_wconf 83' lang='grc' dir='ltr'><strong>τελείαν</strong></span> <span class='ocrx_word' id='word_1_532' title='bbox 1360 4418 1559 4488; x_wconf 76' lang='grc' dir='ltr'><strong>ἔχουσα</strong></span> <span class='ocrx_word' id='word_1_533' title='bbox 1588 4419 1764 4483; x_wconf 79' lang='grc' dir='ltr'><strong>δόξαν,</strong></span> <span class='ocrx_word' id='word_1_534' title='bbox 1800 4421 1895 4472; x_wconf 85' lang='grc' dir='ltr'><strong>νῦν</strong></span> <span class='ocrx_word' id='word_1_535' title='bbox 1925 4423 1983 4472; x_wconf 82' lang='grc' dir='ltr'><strong>ἐν</strong></span> 
     </span>
    </p>
   </div>
   <div class='ocr_carea' id='block_1_73' title="bbox 2084 3260 2731 3331">
    <p class='ocr_par' dir='ltr' id='par_1_73' title="bbox 2084 3260 2731 3331">
     <span class='ocr_line' id='line_1_73' title="bbox 2084 3260 2731 3331; baseline 0 -14"><span class='ocrx_word' id='word_1_536' title='bbox 2084 3278 2149 3317; x_wconf 81' lang='lat' dir='ltr'><strong>ex</strong></span> <span class='ocrx_word' id='word_1_537' title='bbox 2178 3278 2241 3317; x_wconf 85' lang='lat' dir='ltr'><strong>ea</strong></span> <span class='ocrx_word' id='word_1_538' title='bbox 2271 3260 2522 3331; x_wconf 57' lang='lat' dir='ltr'><strong>el‘ulgeat</strong></span> <span class='ocrx_word' id='word_1_539' title='bbox 2545 3263 2731 3317; x_wconf 85' lang='lat' dir='ltr'><strong>Filius.</strong></span> 
     </span>
    </p>
   </div>
   <div class='ocr_carea' id='block_1_74' title="bbox 2738 3374 2964 3431">
    <p class='ocr_par' dir='ltr' id='par_1_74' title="bbox 2738 3374 2964 3431">
     <span class='ocr_line' id='line_1_74' title="bbox 2738 3374 2964 3431; baseline 0 -4"><span class='ocrx_word' id='word_1_540' title='bbox 2738 3374 2964 3431; x_wconf 86' lang='lat' dir='ltr'><strong>ALIUD.</strong></span> 
     </span>
    </p>
   </div>
   <div class='ocr_carea' id='block_1_75' title="bbox 2552 3486 3197 3553">
    <p class='ocr_par' dir='ltr' id='par_1_75' title="bbox 2552 3486 3197 3553">
     <span class='ocr_line' id='line_1_75' title="bbox 2552 3486 3197 3553; baseline 0.002 -13"><span class='ocrx_word' id='word_1_541' title='bbox 2552 3486 2788 3553; x_wconf 77' lang='lat' dir='ltr'><strong>Objectio</strong></span> <span class='ocrx_word' id='word_1_542' title='bbox 2820 3504 2883 3540; x_wconf 73' lang='lat' dir='ltr'><strong>ea:</strong></span> <span class='ocrx_word' id='word_1_543' title='bbox 2916 3487 3197 3541; x_wconf 77' lang='lat' dir='ltr'><strong>Eunomia.</strong></span> 
     </span>
    </p>
   </div>
   <div class='ocr_carea' id='block_1_76' title="bbox 2157 3598 3661 3670">
    <p class='ocr_par' dir='ltr' id='par_1_76' title="bbox 2157 3598 3661 3670">
     <span class='ocr_line' id='line_1_76' title="bbox 2157 3598 3661 3670; baseline 0.002 -17"><span class='ocrx_word' id='word_1_544' title='bbox 2157 3598 2212 3653; x_wconf 93' lang='lat' dir='ltr'><strong>Si</strong></span> <span class='ocrx_word' id='word_1_545' title='bbox 2246 3598 2426 3663; x_wconf 85' lang='lat' dir='ltr'><strong>Pater,</strong></span> <span class='ocrx_word' id='word_1_546' title='bbox 2482 3600 2672 3670; x_wconf 82' lang='lat' dir='ltr'><strong>inquit,</strong></span> <span class='ocrx_word' id='word_1_547' title='bbox 2711 3601 2889 3670; x_wconf 88' lang='lat' dir='ltr'><strong>genuit</strong></span> <span class='ocrx_word' id='word_1_548' title='bbox 2930 3600 3122 3654; x_wconf 85' lang='lat' dir='ltr'><strong>Filium</strong></span> <span class='ocrx_word' id='word_1_549' title='bbox 3156 3616 3222 3655; x_wconf 83' lang='lat' dir='ltr'><strong>ex</strong></span> <span class='ocrx_word' id='word_1_550' title='bbox 3260 3601 3461 3670; x_wconf 91' lang='lat' dir='ltr'><strong>seipso,</strong></span> <span class='ocrx_word' id='word_1_551' title='bbox 3495 3610 3549 3654; x_wconf 91' lang='lat' dir='ltr'><strong>et</strong></span> <span class='ocrx_word' id='word_1_552' title='bbox 3575 3608 3661 3655; x_wconf 86' lang='lat' dir='ltr'><strong>est</strong></span> 
     </span>
    </p>
   </div>
   <div class='ocr_carea' id='block_1_77' title="bbox 2086 3688 3657 3760">
    <p class='ocr_par' dir='ltr' id='par_1_77' title="bbox 2086 3688 3657 3760">
     <span class='ocr_line' id='line_1_77' title="bbox 2086 3688 3657 3760; baseline 0.002 -20"><span class='ocrx_word' id='word_1_553' title='bbox 2086 3689 2225 3744; x_wconf 87' lang='lat' dir='ltr'><strong>alius</strong></span> <span class='ocrx_word' id='word_1_554' title='bbox 2247 3690 2313 3744; x_wconf 88' lang='lat' dir='ltr'><strong>ab</strong></span> <span class='ocrx_word' id='word_1_555' title='bbox 2338 3690 2452 3758; x_wconf 89' lang='lat' dir='ltr'><strong>ipso</strong></span> <span class='ocrx_word' id='word_1_556' title='bbox 2480 3690 2530 3742; x_wconf 90' lang='lat' dir='ltr'><strong>in</strong></span> <span class='ocrx_word' id='word_1_557' title='bbox 2564 3691 2776 3759; x_wconf 89' lang='lat' dir='ltr'><strong>propria</strong></span> <span class='ocrx_word' id='word_1_558' title='bbox 2809 3690 3079 3744; x_wconf 80' lang='lat' dir='ltr'><strong>cxsistens</strong></span> <span class='ocrx_word' id='word_1_559' title='bbox 3118 3690 3418 3760; x_wconf 84' lang='lat' dir='ltr'><strong>hypostasi,</strong></span> <span class='ocrx_word' id='word_1_560' title='bbox 3445 3700 3500 3745; x_wconf 93' lang='lat' dir='ltr'><strong>et</strong></span> <span class='ocrx_word' id='word_1_561' title='bbox 3534 3688 3657 3744; x_wconf 85' lang='lat' dir='ltr'><strong>Filii</strong></span> 
     </span>
    </p>
   </div>
   <div class='ocr_carea' id='block_1_78' title="bbox 2086 3779 3659 3844">
    <p class='ocr_par' dir='ltr' id='par_1_78' title="bbox 2086 3779 3659 3844">
     <span class='ocr_line' id='line_1_78' title="bbox 2086 3779 3659 3844; baseline -0.001 -10"><span class='ocrx_word' id='word_1_562' title='bbox 2086 3779 2245 3834; x_wconf 88' lang='lat' dir='ltr'><strong>Pater</strong></span> <span class='ocrx_word' id='word_1_563' title='bbox 2295 3779 2619 3844; x_wconf 90' lang='lat' dir='ltr'><strong>intellectus,</strong></span> <span class='ocrx_word' id='word_1_564' title='bbox 2673 3780 2842 3834; x_wconf 89' lang='lat' dir='ltr'><strong>divisa</strong></span> <span class='ocrx_word' id='word_1_565' title='bbox 2899 3788 3041 3835; x_wconf 86' lang='lat' dir='ltr'><strong>certe</strong></span> <span class='ocrx_word' id='word_1_566' title='bbox 3090 3789 3250 3833; x_wconf 88' lang='lat' dir='ltr'><strong>erunt</strong></span> <span class='ocrx_word' id='word_1_567' title='bbox 3304 3781 3480 3833; x_wconf 87' lang='lat' dir='ltr'><strong>omnia</strong></span> <span class='ocrx_word' id='word_1_568' title='bbox 3536 3796 3659 3844; x_wconf 80' lang='lat' dir='ltr'><strong>qua:</strong></span> 
     </span>
    </p>
   </div>
   <div class='ocr_carea' id='block_1_79' title="bbox 2084 3869 3657 3939">
    <p class='ocr_par' dir='ltr' id='par_1_79' title="bbox 2084 3869 3657 3939">
     <span class='ocr_line' id='line_1_79' title="bbox 2084 3869 3657 3939; baseline -0.004 -12"><span class='ocrx_word' id='word_1_569' title='bbox 2084 3872 2264 3927; x_wconf 88' lang='lat' dir='ltr'><strong>Patris</strong></span> <span class='ocrx_word' id='word_1_570' title='bbox 2290 3882 2434 3935; x_wconf 90' lang='lat' dir='ltr'><strong>sunt,</strong></span> <span class='ocrx_word' id='word_1_571' title='bbox 2455 3887 2555 3926; x_wconf 89' lang='lat' dir='ltr'><strong>nec</strong></span> <span class='ocrx_word' id='word_1_572' title='bbox 2578 3873 2629 3925; x_wconf 89' lang='lat' dir='ltr'><strong>in</strong></span> <span class='ocrx_word' id='word_1_573' title='bbox 2652 3873 2770 3939; x_wconf 87' lang='lat' dir='ltr'><strong>ipso</strong></span> <span class='ocrx_word' id='word_1_574' title='bbox 2792 3872 2906 3925; x_wconf 90' lang='lat' dir='ltr'><strong>solo</strong></span> <span class='ocrx_word' id='word_1_575' title='bbox 2938 3871 3233 3931; x_wconf 87' lang='lat' dir='ltr'><strong>manentia,</strong></span> <span class='ocrx_word' id='word_1_576' title='bbox 3262 3870 3354 3924; x_wconf 86' lang='lat' dir='ltr'><strong>sed</strong></span> <span class='ocrx_word' id='word_1_577' title='bbox 3389 3871 3440 3924; x_wconf 90' lang='lat' dir='ltr'><strong>in</strong></span> <span class='ocrx_word' id='word_1_578' title='bbox 3465 3869 3657 3922; x_wconf 87' lang='lat' dir='ltr'><strong>Filium</strong></span> 
     </span>
    </p>
   </div>
   <div class='ocr_carea' id='block_1_80' title="bbox 2087 3960 3657 4035">
    <p class='ocr_par' dir='ltr' id='par_1_80' title="bbox 2087 3960 3657 4035">
     <span class='ocr_line' id='line_1_80' title="bbox 2087 3960 3657 4035; baseline -0.003 -16"><span class='ocrx_word' id='word_1_579' title='bbox 2087 3980 2301 4035; x_wconf 87' lang='lat' dir='ltr'><strong>quoque</strong></span> <span class='ocrx_word' id='word_1_580' title='bbox 2319 3966 2634 4019; x_wconf 89' lang='lat' dir='ltr'><strong>transmissa</strong></span> <span class='ocrx_word' id='word_1_581' title='bbox 2658 3964 2995 4017; x_wconf 89' lang='lat' dir='ltr'><strong>videbuntur.</strong></span> <span class='ocrx_word' id='word_1_582' title='bbox 3018 3963 3280 4027; x_wconf 82' lang='lat' dir='ltr'><strong>Quocirca</strong></span> <span class='ocrx_word' id='word_1_583' title='bbox 3311 3971 3403 4015; x_wconf 87' lang='lat' dir='ltr'><strong>aut</strong></span> <span class='ocrx_word' id='word_1_584' title='bbox 3422 3976 3525 4014; x_wconf 90' lang='lat' dir='ltr'><strong>non</strong></span> <span class='ocrx_word' id='word_1_585' title='bbox 3546 3960 3657 4026; x_wconf 88' lang='lat' dir='ltr'><strong>jam</strong></span> 
     </span>
    </p>
   </div>
   <div class='ocr_carea' id='block_1_81' title="bbox 2084 4050 3657 4125">
    <p class='ocr_par' dir='ltr' id='par_1_81' title="bbox 2084 4050 3657 4125">
     <span class='ocr_line' id='line_1_81' title="bbox 2084 4050 3657 4125; baseline -0.001 -18"><span class='ocrx_word' id='word_1_586' title='bbox 2084 4056 2312 4125; x_wconf 84' lang='lat' dir='ltr'><strong>amplius</strong></span> <span class='ocrx_word' id='word_1_587' title='bbox 2324 4053 2616 4124; x_wconf 77' lang='lat' dir='ltr'><strong>perfectam</strong></span> <span class='ocrx_word' id='word_1_588' title='bbox 2632 4053 2853 4124; x_wconf 84' lang='lat' dir='ltr'><strong>gloriam</strong></span> <span class='ocrx_word' id='word_1_589' title='bbox 2876 4054 3036 4106; x_wconf 86' lang='lat' dir='ltr'><strong>habet</strong></span> <span class='ocrx_word' id='word_1_590' title='bbox 3055 4050 3235 4115; x_wconf 90' lang='lat' dir='ltr'><strong>Pater,</strong></span> <span class='ocrx_word' id='word_1_591' title='bbox 3257 4066 3376 4105; x_wconf 89' lang='lat' dir='ltr'><strong>cum</strong></span> <span class='ocrx_word' id='word_1_592' title='bbox 3394 4066 3514 4105; x_wconf 89' lang='lat' dir='ltr'><strong>eam</strong></span> <span class='ocrx_word' id='word_1_593' title='bbox 3533 4066 3657 4105; x_wconf 89' lang='lat' dir='ltr'><strong>cum</strong></span> 
     </span>
    </p>
   </div>
   <div class='ocr_carea' id='block_1_82' title="bbox 2084 4142 3655 4214">
    <p class='ocr_par' dir='ltr' id='par_1_82' title="bbox 2084 4142 3655 4214">
     <span class='ocr_line' id='line_1_82' title="bbox 2084 4142 3655 4214; baseline -0.003 -15"><span class='ocrx_word' id='word_1_594' title='bbox 2084 4144 2221 4201; x_wconf 87' lang='lat' dir='ltr'><strong>Filio</strong></span> <span class='ocrx_word' id='word_1_595' title='bbox 2253 4147 2481 4214; x_wconf 85' lang='lat' dir='ltr'><strong>partitus</strong></span> <span class='ocrx_word' id='word_1_596' title='bbox 2523 4146 2622 4211; x_wconf 90' lang='lat' dir='ltr'><strong>sit;</strong></span> <span class='ocrx_word' id='word_1_597' title='bbox 2654 4155 2746 4199; x_wconf 90' lang='lat' dir='ltr'><strong>aut</strong></span> <span class='ocrx_word' id='word_1_598' title='bbox 2785 4144 2831 4199; x_wconf 93' lang='lat' dir='ltr'><strong>si</strong></span> <span class='ocrx_word' id='word_1_599' title='bbox 2884 4142 3179 4213; x_wconf 83' lang='lat' dir='ltr'><strong>perfectam</strong></span> <span class='ocrx_word' id='word_1_600' title='bbox 3214 4142 3373 4196; x_wconf 87' lang='lat' dir='ltr'><strong>habet</strong></span> <span class='ocrx_word' id='word_1_601' title='bbox 3402 4143 3655 4211; x_wconf 79' lang='lat' dir='ltr'><strong>gloriam,</strong></span> 
     </span>
    </p>
   </div>
   <div class='ocr_carea' id='block_1_83' title="bbox 2087 4235 3660 4308">
    <p class='ocr_par' dir='ltr' id='par_1_83' title="bbox 2087 4235 3660 4308">
     <span class='ocr_line' id='line_1_83' title="bbox 2087 4235 3660 4308; baseline -0.001 -16"><span class='ocrx_word' id='word_1_602' title='bbox 2087 4239 2315 4308; x_wconf 87' lang='lat' dir='ltr'><strong>privabit</strong></span> <span class='ocrx_word' id='word_1_603' title='bbox 2346 4237 2561 4303; x_wconf 84' lang='lat' dir='ltr'><strong>Filium,</strong></span> <span class='ocrx_word' id='word_1_604' title='bbox 2587 4237 2840 4291; x_wconf 91' lang='lat' dir='ltr'><strong>nimirum</strong></span> <span class='ocrx_word' id='word_1_605' title='bbox 2876 4236 2927 4290; x_wconf 93' lang='lat' dir='ltr'><strong>id</strong></span> <span class='ocrx_word' id='word_1_606' title='bbox 2952 4236 3093 4305; x_wconf 91' lang='lat' dir='ltr'><strong>quod</strong></span> <span class='ocrx_word' id='word_1_607' title='bbox 3136 4235 3185 4289; x_wconf 92' lang='lat' dir='ltr'><strong>ei</strong></span> <span class='ocrx_word' id='word_1_608' title='bbox 3231 4235 3455 4290; x_wconf 88' lang='lat' dir='ltr'><strong>dederat</strong></span> <span class='ocrx_word' id='word_1_609' title='bbox 3492 4235 3559 4289; x_wconf 91' lang='lat' dir='ltr'><strong>ad</strong></span> <span class='ocrx_word' id='word_1_610' title='bbox 3599 4250 3660 4291; x_wconf 87' lang='lat' dir='ltr'><strong>se</strong></span> 
     </span>
    </p>
   </div>
   <div class='ocr_carea' id='block_1_84' title="bbox 2088 4325 3656 4398">
    <p class='ocr_par' dir='ltr' id='par_1_84' title="bbox 2088 4325 3656 4398">
     <span class='ocr_line' id='line_1_84' title="bbox 2088 4325 3656 4398; baseline -0.003 -15"><span class='ocrx_word' id='word_1_611' title='bbox 2088 4331 2380 4398; x_wconf 88' lang='lat' dir='ltr'><strong>recipiens;</strong></span> <span class='ocrx_word' id='word_1_612' title='bbox 2418 4338 2469 4383; x_wconf 91' lang='lat' dir='ltr'><strong>et</strong></span> <span class='ocrx_word' id='word_1_613' title='bbox 2497 4328 2670 4383; x_wconf 86' lang='lat' dir='ltr'><strong>deitas</strong></span> <span class='ocrx_word' id='word_1_614' title='bbox 2705 4343 2824 4396; x_wconf 75' lang='lat' dir='ltr'><strong>qua:</strong></span> <span class='ocrx_word' id='word_1_615' title='bbox 2853 4328 3002 4396; x_wconf 82' lang='lat' dir='ltr'><strong>prius</strong></span> <span class='ocrx_word' id='word_1_616' title='bbox 3034 4327 3087 4379; x_wconf 93' lang='lat' dir='ltr'><strong>in</strong></span> <span class='ocrx_word' id='word_1_617' title='bbox 3126 4325 3333 4380; x_wconf 87' lang='lat' dir='ltr'><strong>unitate</strong></span> <span class='ocrx_word' id='word_1_618' title='bbox 3365 4326 3656 4392; x_wconf 80' lang='lat' dir='ltr'><strong>perfectam</strong></span> 
     </span>
    </p>
   </div>
   <div class='ocr_carea' id='block_1_85' title="bbox 2087 4419 3658 4490">
    <p class='ocr_par' dir='ltr' id='par_1_85' title="bbox 2087 4419 3658 4490">
     <span class='ocr_line' id='line_1_85' title="bbox 2087 4419 3658 4490; baseline 0 -16"><span class='ocrx_word' id='word_1_619' title='bbox 2087 4421 2316 4475; x_wconf 88' lang='lat' dir='ltr'><strong>habebat</strong></span> <span class='ocrx_word' id='word_1_620' title='bbox 2344 4422 2588 4490; x_wconf 85' lang='lat' dir='ltr'><strong>gloriam,</strong></span> <span class='ocrx_word' id='word_1_621' title='bbox 2622 4437 2763 4475; x_wconf 88' lang='lat' dir='ltr'><strong>nunc</strong></span> <span class='ocrx_word' id='word_1_622' title='bbox 2803 4422 2855 4474; x_wconf 87' lang='lat' dir='ltr'><strong>in</strong></span> <span class='ocrx_word' id='word_1_623' title='bbox 2885 4421 3142 4474; x_wconf 89' lang='lat' dir='ltr'><strong>dualitate</strong></span> <span class='ocrx_word' id='word_1_624' title='bbox 3174 4419 3500 4485; x_wconf 91' lang='lat' dir='ltr'><strong>constituta,</strong></span> <span class='ocrx_word' id='word_1_625' title='bbox 3537 4437 3658 4487; x_wconf 86' lang='lat' dir='ltr'><strong>per-</strong></span> 
     </span>
    </p>
   </div>
   <div class='ocr_carea' id='block_1_86' title="bbox 405 4506 1978 4582">
    <p class='ocr_par' dir='ltr' id='par_1_86' title="bbox 405 4506 1978 4579">
     <span class='ocr_line' id='line_1_86' title="bbox 405 4506 1978 4579; baseline 0.004 -21"><span class='ocrx_word' id='word_1_626' title='bbox 405 4507 551 4560; x_wconf 86' lang='grc' dir='ltr'><strong>δυάδι</strong></span> <span class='ocrx_word' id='word_1_627' title='bbox 601 4506 901 4577; x_wconf 85' lang='grc' dir='ltr'><strong>γενομένη,</strong></span> <span class='ocrx_word' id='word_1_628' title='bbox 950 4508 1012 4560; x_wconf 82' lang='grc' dir='ltr'><strong>τὸ</strong></span> <span class='ocrx_word' id='word_1_629' title='bbox 1057 4508 1259 4560; x_wconf 82' lang='grc' dir='ltr'><strong>τέλειον</strong></span> <span class='ocrx_word' id='word_1_630' title='bbox 1303 4509 1401 4561; x_wconf 74' lang='grc' dir='ltr'><strong>οὐκ</strong></span> <span class='ocrx_word' id='word_1_631' title='bbox 1449 4510 1579 4579; x_wconf 78' lang='grc' dir='ltr'><strong>ἔχει.</strong></span> <span class='ocrx_word' id='word_1_632' title='bbox 1618 4512 1785 4575; x_wconf 86' lang='grc' dir='ltr'><strong>Μόλις</strong></span> <span class='ocrx_word' id='word_1_633' title='bbox 1835 4513 1890 4565; x_wconf 77' lang='grc' dir='ltr'><strong>δὲ</strong></span> <span class='ocrx_word' id='word_1_634' title='bbox 1925 4516 1978 4579; x_wconf 78' lang='grc' dir='ltr'><strong>ἐξ</strong></span> 
     </span>
    </p>
   </div>
   <div class='ocr_carea' id='block_1_87' title="bbox 2083 4506 3656 4582">
    <p class='ocr_par' dir='ltr' id='par_1_87' title="bbox 2090 4511 3656 4582">
     <span class='ocr_line' id='line_1_87' title="bbox 2090 4511 3656 4582; baseline -0.001 -16"><span class='ocrx_word' id='word_1_635' title='bbox 2090 4513 2372 4567; x_wconf 76' lang='lat' dir='ltr'><strong>lectionem</strong></span> <span class='ocrx_word' id='word_1_636' title='bbox 2433 4528 2537 4566; x_wconf 90' lang='lat' dir='ltr'><strong>non</strong></span> <span class='ocrx_word' id='word_1_637' title='bbox 2603 4511 2843 4568; x_wconf 86' lang='lat' dir='ltr'><strong>habebit.</strong></span> <span class='ocrx_word' id='word_1_638' title='bbox 2900 4511 3069 4582; x_wconf 59' lang='lat' dir='ltr'><strong>Egre</strong></span> <span class='ocrx_word' id='word_1_639' title='bbox 3122 4524 3299 4567; x_wconf 90' lang='lat' dir='ltr'><strong>autem</strong></span> <span class='ocrx_word' id='word_1_640' title='bbox 3361 4528 3423 4568; x_wconf 83' lang='lat' dir='ltr'><strong>ex</strong></span> <span class='ocrx_word' id='word_1_641' title='bbox 3481 4515 3656 4582; x_wconf 73' lang='lat' dir='ltr'><strong>scipstt</strong></span> 
     </span>
    </p>
   </div>
   <div class='ocr_carea' id='block_1_88' title="bbox 408 4598 1983 4670">
    <p class='ocr_par' dir='ltr' id='par_1_88' title="bbox 408 4598 1983 4670">
     <span class='ocr_line' id='line_1_88' title="bbox 408 4598 1983 4670; baseline 0.004 -20"><span class='ocrx_word' id='word_1_642' title='bbox 408 4600 603 4668; x_wconf 76' lang='grc' dir='ltr'><strong>ἑαυτῆς</strong></span> <span class='ocrx_word' id='word_1_643' title='bbox 633 4598 938 4668; x_wconf 75' lang='grc' dir='ltr'><strong>ἐρανίζεται</strong></span> <span class='ocrx_word' id='word_1_644' title='bbox 980 4598 1157 4662; x_wconf 87' lang='grc' dir='ltr'><strong>τοῦτο,</strong></span> <span class='ocrx_word' id='word_1_645' title='bbox 1182 4599 1478 4669; x_wconf 86' lang='grc' dir='ltr'><strong>κιχρῶντος</strong></span> <span class='ocrx_word' id='word_1_646' title='bbox 1515 4602 1713 4670; x_wconf 86' lang='grc' dir='ltr'><strong>τρόπον</strong></span> <span class='ocrx_word' id='word_1_647' title='bbox 1741 4604 1860 4657; x_wconf 79' lang='grc' dir='ltr'><strong>τινὰ</strong></span> <span class='ocrx_word' id='word_1_648' title='bbox 1891 4605 1983 4657; x_wconf 88' lang='grc' dir='ltr'><strong>τοῦ</strong></span> 
     </span>
    </p>
   </div>
   <div class='ocr_carea' id='block_1_89' title="bbox 408 4686 1985 4765">
    <p class='ocr_par' dir='ltr' id='par_1_89' title="bbox 408 4686 1985 4765">
     <span class='ocr_line' id='line_1_89' title="bbox 408 4686 1985 4765; baseline 0.003 -24"><span class='ocrx_word' id='word_1_649' title='bbox 408 4688 620 4756; x_wconf 76' lang='grc' dir='ltr'><strong>Ιιατρὸς</strong></span> <span class='ocrx_word' id='word_1_650' title='bbox 660 4686 737 4757; x_wconf 78' lang='grc' dir='ltr'><strong>τῷ</strong></span> <span class='ocrx_word' id='word_1_651' title='bbox 790 4687 902 4757; x_wconf 83' lang='grc' dir='ltr'>Υἱῴ</span> <span class='ocrx_word' id='word_1_652' title='bbox 931 4688 1029 4759; x_wconf 82' lang='grc' dir='ltr'><strong>τὴν</strong></span> <span class='ocrx_word' id='word_1_653' title='bbox 1075 4688 1293 4751; x_wconf 88' lang='grc' dir='ltr'><strong>ἐαυτοῦ,</strong></span> <span class='ocrx_word' id='word_1_654' title='bbox 1339 4692 1430 4742; x_wconf 68' lang='grc' dir='ltr'><strong>καὶ</strong></span> <span class='ocrx_word' id='word_1_655' title='bbox 1464 4690 1623 4765; x_wconf 71' lang='grc' dir='ltr'><strong>πάλιν</strong></span> <span class='ocrx_word' id='word_1_656' title='bbox 1664 4695 1985 4764; x_wconf 78' lang='grc' dir='ltr'><strong>ἁντικιχρω-</strong></span> 
     </span>
    </p>
   </div>
   <div class='ocr_carea' id='block_1_90' title="bbox 410 4779 1503 4851">
    <p class='ocr_par' dir='ltr' id='par_1_90' title="bbox 410 4779 1503 4851">
     <span class='ocr_line' id='line_1_90' title="bbox 410 4779 1503 4851; baseline 0.002 -20"><span class='ocrx_word' id='word_1_657' title='bbox 410 4779 573 4845; x_wconf 79' lang='grc' dir='ltr'><strong>μένου</strong></span> <span class='ocrx_word' id='word_1_658' title='bbox 606 4779 733 4848; x_wconf 82' lang='grc' dir='ltr'><strong>παρ’</strong></span> <span class='ocrx_word' id='word_1_659' title='bbox 762 4780 926 4833; x_wconf 79' lang='grc' dir='ltr'><strong>αὑτοῦ</strong></span> <span class='ocrx_word' id='word_1_660' title='bbox 956 4780 1055 4848; x_wconf 82' lang='grc' dir='ltr'><strong>τὴν</strong></span> <span class='ocrx_word' id='word_1_661' title='bbox 1082 4781 1325 4833; x_wconf 83' lang='grc' dir='ltr'><strong>δοθεῖσαν</strong></span> <span class='ocrx_word' id='word_1_662' title='bbox 1355 4781 1503 4851; x_wconf 75' lang='grc' dir='ltr'><strong>αὐτῷ</strong></span> 
     </span>
    </p>
   </div>
   <div class='ocr_carea' id='block_1_91' title="bbox 894 4915 1504 4984">
    <p class='ocr_par' dir='ltr' id='par_1_91' title="bbox 894 4915 1504 4984">
     <span class='ocr_line' id='line_1_91' title="bbox 894 4915 1504 4984; baseline 0.005 -15"><span class='ocrx_word' id='word_1_663' title='bbox 894 4915 1050 4983; x_wconf 85' lang='grc' dir='ltr'><strong>Ποὸς</strong></span> <span class='ocrx_word' id='word_1_664' title='bbox 1091 4916 1266 4971; x_wconf 87' lang='grc' dir='ltr'><strong>τοῦτο</strong></span> <span class='ocrx_word' id='word_1_665' title='bbox 1304 4919 1504 4984; x_wconf 79' lang='grc' dir='ltr'><strong>λύσις.</strong></span> 
     </span>
    </p>
   </div>
   <div class='ocr_carea' id='block_1_92' title="bbox 481 5049 1987 5126">
    <p class='ocr_par' dir='ltr' id='par_1_92' title="bbox 481 5049 1987 5126">
     <span class='ocr_line' id='line_1_92' title="bbox 481 5049 1987 5126; baseline 0.003 -23"><span class='ocrx_word' id='word_1_666' title='bbox 481 5050 651 5103; x_wconf 88' lang='grc' dir='ltr'><strong>ῐῐάλιν</strong></span> <span class='ocrx_word' id='word_1_667' title='bbox 678 5050 745 5103; x_wconf 87' lang='grc' dir='ltr'><strong>τὰ</strong></span> <span class='ocrx_word' id='word_1_668' title='bbox 773 5050 1041 5119; x_wconf 90' lang='grc' dir='ltr'><strong>σωμάτων</strong></span> <span class='ocrx_word' id='word_1_669' title='bbox 1080 5049 1185 5104; x_wconf 75' lang='grc' dir='ltr'><strong>ἴδια</strong></span> <span class='ocrx_word' id='word_1_670' title='bbox 1211 5054 1277 5121; x_wconf 78' lang='grc' dir='ltr'><strong>τῇ</strong></span> <span class='ocrx_word' id='word_1_671' title='bbox 1324 5053 1600 5122; x_wconf 78' lang='grc' dir='ltr'><strong>ἀσωμάτῳ</strong></span> <span class='ocrx_word' id='word_1_672' title='bbox 1630 5055 1789 5123; x_wconf 78' lang='grc' dir='ltr'><strong>φύσει</strong></span> <span class='ocrx_word' id='word_1_673' title='bbox 1844 5073 1987 5126; x_wconf 84' lang='grc' dir='ltr'><strong>περι-</strong></span> 
     </span>
    </p>
   </div>
   <div class='ocr_carea' id='block_1_93' title="bbox 398 5139 1983 5213">
    <p class='ocr_par' dir='ltr' id='par_1_93' title="bbox 398 5139 1983 5213">
     <span class='ocr_line' id='line_1_93' title="bbox 398 5139 1983 5213; baseline 0.004 -23"><span class='ocrx_word' id='word_1_674' title='bbox 398 5140 645 5203; x_wconf 76' lang='grc' dir='ltr'><strong>τιθέντες</strong></span> <span class='ocrx_word' id='word_1_675' title='bbox 670 5139 769 5192; x_wconf 86' lang='grc' dir='ltr'>οὐκ</span> <span class='ocrx_word' id='word_1_676' title='bbox 796 5139 1163 5209; x_wconf 76' lang='grc' dir='ltr'><strong>αἰσχύνονται,</strong></span> <span class='ocrx_word' id='word_1_677' title='bbox 1215 5142 1515 5210; x_wconf 79' lang='grc' dir='ltr'><strong>μερισμοὺς</strong></span> <span class='ocrx_word' id='word_1_678' title='bbox 1556 5142 1651 5195; x_wconf 73' lang='grc' dir='ltr'>καὶ</span> <span class='ocrx_word' id='word_1_679' title='bbox 1684 5145 1983 5213; x_wconf 73' lang='grc' dir='ltr'><strong>ἀποτομὰς,</strong></span> 
     </span>
    </p>
   </div>
   <div class='ocr_carea' id='block_1_94' title="bbox 404 5232 1987 5303">
    <p class='ocr_par' dir='ltr' id='par_1_94' title="bbox 404 5232 1987 5303">
     <span class='ocr_line' id='line_1_94' title="bbox 404 5232 1987 5303; baseline 0.002 -19"><span class='ocrx_word' id='word_1_680' title='bbox 404 5233 718 5295; x_wconf 86' lang='grc' dir='ltr'><strong>διαστάσεις</strong></span> <span class='ocrx_word' id='word_1_681' title='bbox 758 5248 818 5285; x_wconf 87' lang='grc' dir='ltr'><strong>τε</strong></span> <span class='ocrx_word' id='word_1_682' title='bbox 847 5232 941 5285; x_wconf 76' lang='grc' dir='ltr'><strong>καὶ</strong></span> <span class='ocrx_word' id='word_1_683' title='bbox 977 5234 1287 5302; x_wconf 77' lang='grc' dir='ltr'><strong>χωρισμους</strong></span> <span class='ocrx_word' id='word_1_684' title='bbox 1335 5233 1424 5285; x_wconf 60' lang='grc' dir='ltr'><strong>ἐτι)⁹</strong></span> <span class='ocrx_word' id='word_1_685' title='bbox 1464 5233 1565 5303; x_wconf 76' lang='grc' dir='ltr'><strong>τῆς</strong></span> <span class='ocrx_word' id='word_1_686' title='bbox 1608 5233 1759 5297; x_wconf 82' lang='grc' dir='ltr'><strong>θείας</strong></span> <span class='ocrx_word' id='word_1_687' title='bbox 1807 5236 1987 5303; x_wconf 77' lang='grc' dir='ltr'><strong>εἰσφέ-</strong></span> 
     </span>
    </p>
   </div>
   <div class='ocr_carea' id='block_1_95' title="bbox 368 5321 1987 5398">
    <p class='ocr_par' dir='ltr' id='par_1_95' title="bbox 368 5321 1987 5398">
     <span class='ocr_line' id='line_1_95' title="bbox 368 5321 1987 5398; baseline 0.001 -23"><span class='ocrx_word' id='word_1_688' title='bbox 368 5354 379 5398; x_wconf 55' lang='grc'><strong>;</strong></span> <span class='ocrx_word' id='word_1_689' title='bbox 412 5339 596 5393; x_wconf 88' lang='grc' dir='ltr'><strong>ροντες</strong></span> <span class='ocrx_word' id='word_1_690' title='bbox 633 5323 818 5385; x_wconf 78' lang='grc' dir='ltr'><strong>οὐσίας</strong></span> <span class='ocrx_word' id='word_1_691' title='bbox 861 5321 1121 5392; x_wconf 84' lang='grc' dir='ltr'><strong>ἀμαθῶς·</strong></span> <span class='ocrx_word' id='word_1_692' title='bbox 1157 5322 1258 5374; x_wconf 82' lang='grc' dir='ltr'><strong>οὐκ</strong></span> <span class='ocrx_word' id='word_1_693' title='bbox 1304 5322 1503 5385; x_wconf 78' lang='grc' dir='ltr'><strong>εἰδότες</strong></span> <span class='ocrx_word' id='word_1_694' title='bbox 1537 5324 1620 5375; x_wconf 86' lang='grc' dir='ltr'><strong>ὃτι</strong></span> <span class='ocrx_word' id='word_1_695' title='bbox 1672 5324 1987 5394; x_wconf 72' lang='grc' dir='ltr'><strong>μερίζεσθαι</strong></span> 
     </span>
    </p>
   </div>
   <div class='ocr_carea' id='block_1_96' title="bbox 356 5402 1988 5485">
    <p class='ocr_par' dir='ltr' id='par_1_96' title="bbox 356 5402 1988 5485">
     <span class='ocr_line' id='line_1_96' title="bbox 356 5402 1988 5485; baseline 0.003 -21"><span class='ocrx_word' id='word_1_696' title='bbox 411 5412 656 5481; x_wconf 80' lang='grc' dir='ltr'><strong>λέγοντες</strong></span> <span class='ocrx_word' id='word_1_697' title='bbox 700 5414 940 5484; x_wconf 86' lang='grc' dir='ltr'><strong>σχήματι</strong></span> <span class='ocrx_word' id='word_1_698' title='bbox 998 5412 1327 5482; x_wconf 81' lang='grc' dir='ltr'><strong>σωματικῷ,</strong></span> <span class='ocrx_word' id='word_1_699' title='bbox 1375 5414 1455 5475; x_wconf 87' lang='grc' dir='ltr'><strong>εὶς</strong></span> <span class='ocrx_word' id='word_1_700' title='bbox 1491 5414 1588 5481; x_wconf 81' lang='grc' dir='ltr'><strong>τὴν</strong></span> <span class='ocrx_word' id='word_1_701' title='bbox 1636 5414 1728 5466; x_wconf 90' lang='grc' dir='ltr'><strong>τοῦ</strong></span> <span class='ocrx_word' id='word_1_702' title='bbox 1778 5416 1988 5485; x_wconf 77' lang='grc' dir='ltr'><strong>Πατρὺς</strong></span> 
     </span>
    </p>
   </div>
   <div class='ocr_carea' id='block_1_97' title="bbox 413 5502 1989 5575">
    <p class='ocr_par' dir='ltr' id='par_1_97' title="bbox 413 5502 1989 5575">
     <span class='ocr_line' id='line_1_97' title="bbox 413 5502 1989 5575; baseline 0.001 -18"><span class='ocrx_word' id='word_1_703' title='bbox 413 5505 596 5558; x_wconf 84' lang='grc' dir='ltr'><strong>οὐσίαν</strong></span> <span class='ocrx_word' id='word_1_704' title='bbox 625 5504 944 5558; x_wconf 88' lang='grc' dir='ltr'><strong>δυσσεϐοῦσι</strong></span> <span class='ocrx_word' id='word_1_705' title='bbox 977 5505 1247 5572; x_wconf 86' lang='grc' dir='ltr'><strong>μεγάλως,</strong></span> <span class='ocrx_word' id='word_1_706' title='bbox 1279 5502 1602 5573; x_wconf 77' lang='grc' dir='ltr'><strong>ἠλλοιῶσθαι</strong></span> <span class='ocrx_word' id='word_1_707' title='bbox 1634 5504 1723 5557; x_wconf 80' lang='grc' dir='ltr'><strong>καὶ</strong></span> <span class='ocrx_word' id='word_1_708' title='bbox 1758 5523 1989 5575; x_wconf 84' lang='grc' dir='ltr'><strong>παρατε-</strong></span> 
     </span>
    </p>
   </div>
   <div class='ocr_carea' id='block_1_98' title="bbox 414 5594 1987 5669">
    <p class='ocr_par' dir='ltr' id='par_1_98' title="bbox 414 5594 1987 5669">
     <span class='ocr_line' id='line_1_98' title="bbox 414 5594 1987 5669; baseline 0.002 -22"><span class='ocrx_word' id='word_1_709' title='bbox 414 5596 649 5667; x_wconf 83' lang='grc' dir='ltr'><strong>τράφθαι</strong></span> <span class='ocrx_word' id='word_1_710' title='bbox 679 5597 927 5665; x_wconf 80' lang='grc' dir='ltr'><strong>λέγοντες</strong></span> <span class='ocrx_word' id='word_1_711' title='bbox 972 5596 1154 5659; x_wconf 73' lang='grc' dir='ltr'><strong>αὑτὸν,</strong></span> <span class='ocrx_word' id='word_1_712' title='bbox 1186 5597 1280 5649; x_wconf 62' lang='grc' dir='ltr'><strong>καλ⁵</strong></span> <span class='ocrx_word' id='word_1_713' title='bbox 1328 5596 1391 5647; x_wconf 83' lang='grc' dir='ltr'><strong>ἐκ</strong></span> <span class='ocrx_word' id='word_1_714' title='bbox 1436 5594 1642 5649; x_wconf 84' lang='grc' dir='ltr'><strong>τελείου</strong></span> <span class='ocrx_word' id='word_1_715' title='bbox 1687 5597 1987 5669; x_wconf 86' lang='grc' dir='ltr'><strong>καταϐεϐη-</strong></span> 
     </span>
    </p>
   </div>
   <div class='ocr_carea' id='block_1_99' title="bbox 416 5687 1986 5759">
    <p class='ocr_par' dir='ltr' id='par_1_99' title="bbox 416 5687 1986 5759">
     <span class='ocr_line' id='line_1_99' title="bbox 416 5687 1986 5759; baseline 0.003 -20"><span class='ocrx_word' id='word_1_716' title='bbox 416 5687 565 5740; x_wconf 72' lang='grc' dir='ltr'><strong>κὲναι</strong></span> <span class='ocrx_word' id='word_1_717' title='bbox 600 5689 734 5759; x_wconf 81' lang='grc' dir='ltr'><strong>πρὸς</strong></span> <span class='ocrx_word' id='word_1_718' title='bbox 762 5690 821 5742; x_wconf 83' lang='grc' dir='ltr'><strong>τὸ</strong></span> <span class='ocrx_word' id='word_1_719' title='bbox 859 5689 1066 5751; x_wconf 82' lang='grc' dir='ltr'><strong>ἀτελές.</strong></span> <span class='ocrx_word' id='word_1_720' title='bbox 1100 5691 1161 5741; x_wconf 77' lang='grc' dir='ltr'><strong>υἱ</strong></span> <span class='ocrx_word' id='word_1_721' title='bbox 1192 5689 1300 5759; x_wconf 85' lang='grc' dir='ltr'><strong>γὰρ</strong></span> <span class='ocrx_word' id='word_1_722' title='bbox 1327 5687 1461 5749; x_wconf 80' lang='grc' dir='ltr'><strong>ὅλως</strong></span> <span class='ocrx_word' id='word_1_723' title='bbox 1497 5687 1853 5757; x_wconf 82' lang='grc' dir='ltr'><strong>ἐκϐεϐηκέναι</strong></span> <span class='ocrx_word' id='word_1_724' title='bbox 1894 5690 1986 5744; x_wconf 89' lang='grc' dir='ltr'><strong>τοῦ</strong></span> 
     </span>
    </p>
   </div>
   <div class='ocr_carea' id='block_1_100' title="bbox 415 5776 1984 5852">
    <p class='ocr_par' dir='ltr' id='par_1_100' title="bbox 415 5776 1984 5852">
     <span class='ocr_line' id='line_1_100' title="bbox 415 5776 1984 5852; baseline 0.004 -23"><span class='ocrx_word' id='word_1_725' title='bbox 415 5776 627 5849; x_wconf 83' lang='grc' dir='ltr'><strong>Πατρὸς</strong></span> <span class='ocrx_word' id='word_1_726' title='bbox 670 5780 768 5852; x_wconf 76' lang='grc' dir='ltr'><strong>τὴν</strong></span> <span class='ocrx_word' id='word_1_727' title='bbox 806 5780 995 5833; x_wconf 79' lang='grc' dir='ltr'><strong>ουσίαν</strong></span> <span class='ocrx_word' id='word_1_728' title='bbox 1026 5779 1261 5849; x_wconf 88' lang='grc' dir='ltr'><strong>οἰόμενοι</strong></span> <span class='ocrx_word' id='word_1_729' title='bbox 1306 5778 1397 5833; x_wconf 77' lang='grc' dir='ltr'><strong>τὸν</strong></span> <span class='ocrx_word' id='word_1_730' title='bbox 1429 5777 1553 5834; x_wconf 78' lang='grc' dir='ltr'><strong>Υίὸν</strong></span> <span class='ocrx_word' id='word_1_731' title='bbox 1598 5778 1896 5845; x_wconf 84' lang='grc' dir='ltr'><strong>διαστατῶς</strong></span> <span class='ocrx_word' id='word_1_732' title='bbox 1928 5800 1984 5837; x_wconf 87' lang='grc' dir='ltr'><strong>τε</strong></span> 
     </span>
    </p>
   </div>
   <div class='ocr_carea' id='block_1_101' title="bbox 2086 4596 3659 4673">
    <p class='ocr_par' dir='ltr' id='par_1_101' title="bbox 2086 4596 3659 4673">
     <span class='ocr_line' id='line_1_101' title="bbox 2086 4596 3659 4673; baseline -0.003 -14"><span class='ocrx_word' id='word_1_733' title='bbox 2086 4620 2205 4659; x_wconf 85' lang='lat' dir='ltr'><strong>eam</strong></span> <span class='ocrx_word' id='word_1_734' title='bbox 2241 4606 2492 4673; x_wconf 76' lang='lat' dir='ltr'><strong>acquirit,</strong></span> <span class='ocrx_word' id='word_1_735' title='bbox 2528 4620 2649 4657; x_wconf 90' lang='lat' dir='ltr'><strong>cum</strong></span> <span class='ocrx_word' id='word_1_736' title='bbox 2687 4605 3084 4673; x_wconf 82' lang='lat' dir='ltr'><strong>quodammodo</strong></span> <span class='ocrx_word' id='word_1_737' title='bbox 3132 4602 3292 4658; x_wconf 86' lang='lat' dir='ltr'><strong>Pater</strong></span> <span class='ocrx_word' id='word_1_738' title='bbox 3340 4596 3492 4657; x_wconf 80' lang='lat' dir='ltr'><strong>suum</strong></span> <span class='ocrx_word' id='word_1_739' title='bbox 3529 4605 3659 4657; x_wconf 78' lang='lat' dir='ltr'><strong>Filio</strong></span> 
     </span>
    </p>
   </div>
   <div class='ocr_carea' id='block_1_102' title="bbox 2086 4693 3656 4759">
    <p class='ocr_par' dir='ltr' id='par_1_102' title="bbox 2086 4693 3656 4759">
     <span class='ocr_line' id='line_1_102' title="bbox 2086 4693 3656 4759; baseline -0.002 -12"><span class='ocrx_word' id='word_1_740' title='bbox 2086 4693 2426 4747; x_wconf 78' lang='lat' dir='ltr'><strong>commodata</strong></span> <span class='ocrx_word' id='word_1_741' title='bbox 2473 4694 2591 4755; x_wconf 85' lang='lat' dir='ltr'><strong>det;</strong></span> <span class='ocrx_word' id='word_1_742' title='bbox 2634 4693 2853 4759; x_wconf 85' lang='lat' dir='ltr'><strong>ipseque</strong></span> <span class='ocrx_word' id='word_1_743' title='bbox 2901 4708 3087 4746; x_wconf 88' lang='lat' dir='ltr'><strong>rursus</strong></span> <span class='ocrx_word' id='word_1_744' title='bbox 3118 4693 3261 4747; x_wconf 91' lang='lat' dir='ltr'><strong>illam</strong></span> <span class='ocrx_word' id='word_1_745' title='bbox 3298 4694 3367 4747; x_wconf 84' lang='lat' dir='ltr'><strong>ab</strong></span> <span class='ocrx_word' id='word_1_746' title='bbox 3409 4712 3471 4749; x_wconf 85' lang='lat' dir='ltr'><strong>eo</strong></span> <span class='ocrx_word' id='word_1_747' title='bbox 3507 4710 3656 4746; x_wconf 85' lang='lat' dir='ltr'><strong>coui-</strong></span> 
     </span>
    </p>
   </div>
   <div class='ocr_carea' id='block_1_103' title="bbox 2089 4780 3130 4849">
    <p class='ocr_par' dir='ltr' id='par_1_103' title="bbox 2089 4780 3130 4849">
     <span class='ocr_line' id='line_1_103' title="bbox 2089 4780 3130 4849; baseline -0.003 -14"><span class='ocrx_word' id='word_1_748' title='bbox 2089 4783 2300 4835; x_wconf 87' lang='lat' dir='ltr'><strong>inodato</strong></span> <span class='ocrx_word' id='word_1_749' title='bbox 2335 4781 2583 4849; x_wconf 85' lang='lat' dir='ltr'><strong>accipiat,</strong></span> <span class='ocrx_word' id='word_1_750' title='bbox 2614 4794 2773 4847; x_wconf 88' lang='lat' dir='ltr'><strong>quani</strong></span> <span class='ocrx_word' id='word_1_751' title='bbox 2811 4781 2859 4833; x_wconf 87' lang='lat' dir='ltr'><strong>ei</strong></span> <span class='ocrx_word' id='word_1_752' title='bbox 2892 4780 3130 4834; x_wconf 86' lang='lat' dir='ltr'><strong>dederat.</strong></span> 
     </span>
    </p>
   </div>
   <div class='ocr_carea' id='block_1_104' title="bbox 2590 4912 3161 4983">
    <p class='ocr_par' dir='ltr' id='par_1_104' title="bbox 2590 4912 3161 4983">
     <span class='ocr_line' id='line_1_104' title="bbox 2590 4912 3161 4983; baseline -0.002 -15"><span class='ocrx_word' id='word_1_753' title='bbox 2590 4912 2799 4969; x_wconf 82' lang='lat' dir='ltr'><strong>Salutio</strong></span> <span class='ocrx_word' id='word_1_754' title='bbox 2836 4914 3161 4983; x_wconf 75' lang='lat' dir='ltr'><strong>objectionir.</strong></span> 
     </span>
    </p>
   </div>
   <div class='ocr_carea' id='block_1_105' title="bbox 2160 5046 3654 5116">
    <p class='ocr_par' dir='ltr' id='par_1_105' title="bbox 2160 5046 3654 5116">
     <span class='ocr_line' id='line_1_105' title="bbox 2160 5046 3654 5116; baseline 0.001 -16"><span class='ocrx_word' id='word_1_755' title='bbox 2160 5047 2367 5101; x_wconf 80' lang='lat' dir='ltr'><strong>Rursus</strong></span> <span class='ocrx_word' id='word_1_756' title='bbox 2424 5046 2760 5115; x_wconf 87' lang='lat' dir='ltr'><strong>impudenter</strong></span> <span class='ocrx_word' id='word_1_757' title='bbox 2797 5060 2858 5101; x_wconf 93' lang='lat' dir='ltr'><strong>ea</strong></span> <span class='ocrx_word' id='word_1_758' title='bbox 2891 5062 3010 5116; x_wconf 83' lang='lat' dir='ltr'><strong>quae</strong></span> <span class='ocrx_word' id='word_1_759' title='bbox 3067 5046 3386 5115; x_wconf 89' lang='lat' dir='ltr'><strong>corporibus</strong></span> <span class='ocrx_word' id='word_1_760' title='bbox 3441 5050 3654 5116; x_wconf 87' lang='lat' dir='ltr'><strong>propria</strong></span> 
     </span>
    </p>
   </div>
   <div class='ocr_carea' id='block_1_106' title="bbox 2089 5137 3659 5207">
    <p class='ocr_par' dir='ltr' id='par_1_106' title="bbox 2089 5137 3659 5207">
     <span class='ocr_line' id='line_1_106' title="bbox 2089 5137 3659 5207; baseline 0.001 -13"><span class='ocrx_word' id='word_1_761' title='bbox 2089 5150 2234 5202; x_wconf 89' lang='lat' dir='ltr'><strong>sunt,</strong></span> <span class='ocrx_word' id='word_1_762' title='bbox 2276 5139 2608 5207; x_wconf 74' lang='lat' dir='ltr'><strong>incorporea:</strong></span> <span class='ocrx_word' id='word_1_763' title='bbox 2642 5147 2846 5191; x_wconf 72' lang='lat' dir='ltr'><strong>natura:</strong></span> <span class='ocrx_word' id='word_1_764' title='bbox 2876 5137 3172 5201; x_wconf 82' lang='lat' dir='ltr'><strong>ascribunt,</strong></span> <span class='ocrx_word' id='word_1_765' title='bbox 3206 5138 3583 5204; x_wconf 88' lang='lat' dir='ltr'><strong>partitionibus</strong></span> <span class='ocrx_word' id='word_1_766' title='bbox 3605 5151 3659 5195; x_wconf 90' lang='lat' dir='ltr'><strong>et</strong></span> 
     </span>
    </p>
   </div>
   <div class='ocr_carea' id='block_1_107' title="bbox 2091 5226 3656 5294">
    <p class='ocr_par' dir='ltr' id='par_1_107' title="bbox 2091 5226 3656 5294">
     <span class='ocr_line' id='line_1_107' title="bbox 2091 5226 3656 5294; baseline 0.001 -11"><span class='ocrx_word' id='word_1_767' title='bbox 2091 5229 2535 5292; x_wconf 85' lang='lat' dir='ltr'><strong>dissectionihus,</strong></span> <span class='ocrx_word' id='word_1_768' title='bbox 2565 5226 2863 5282; x_wconf 88' lang='lat' dir='ltr'><strong>intervallis</strong></span> <span class='ocrx_word' id='word_1_769' title='bbox 2888 5236 2941 5279; x_wconf 91' lang='lat' dir='ltr'><strong>et</strong></span> <span class='ocrx_word' id='word_1_770' title='bbox 2964 5227 3397 5294; x_wconf 87' lang='lat' dir='ltr'><strong>separationibus</strong></span> <span class='ocrx_word' id='word_1_771' title='bbox 3422 5229 3656 5285; x_wconf 81' lang='lat' dir='ltr'><strong>divinam</strong></span> 
     </span>
    </p>
   </div>
   <div class='ocr_carea' id='block_1_108' title="bbox 2090 5316 3658 5389">
    <p class='ocr_par' dir='ltr' id='par_1_108' title="bbox 2090 5316 3658 5389">
     <span class='ocr_line' id='line_1_108' title="bbox 2090 5316 3658 5389; baseline -0.001 -14"><span class='ocrx_word' id='word_1_772' title='bbox 2090 5320 2377 5375; x_wconf 76' lang='lat' dir='ltr'><strong>essentiam</strong></span> <span class='ocrx_word' id='word_1_773' title='bbox 2404 5319 2651 5389; x_wconf 89' lang='lat' dir='ltr'><strong>imperite</strong></span> <span class='ocrx_word' id='word_1_774' title='bbox 2673 5326 2997 5381; x_wconf 89' lang='lat' dir='ltr'><strong>onerautes;</strong></span> <span class='ocrx_word' id='word_1_775' title='bbox 3024 5316 3326 5373; x_wconf 88' lang='lat' dir='ltr'><strong>nescientes</strong></span> <span class='ocrx_word' id='word_1_776' title='bbox 3345 5320 3509 5389; x_wconf 86' lang='lat' dir='ltr'><strong>quod,</strong></span> <span class='ocrx_word' id='word_1_777' title='bbox 3534 5323 3658 5375; x_wconf 92' lang='lat' dir='ltr'><strong>dum</strong></span> 
     </span>
    </p>
   </div>
   <div class='ocr_carea' id='block_1_109' title="bbox 2091 5410 3658 5480">
    <p class='ocr_par' dir='ltr' id='par_1_109' title="bbox 2091 5410 3658 5480">
     <span class='ocr_line' id='line_1_109' title="bbox 2091 5410 3658 5480; baseline 0.001 -15"><span class='ocrx_word' id='word_1_778' title='bbox 2091 5425 2350 5480; x_wconf 88' lang='lat' dir='ltr'><strong>corporea</strong></span> <span class='ocrx_word' id='word_1_779' title='bbox 2388 5411 2554 5480; x_wconf 86' lang='lat' dir='ltr'><strong>ligura</strong></span> <span class='ocrx_word' id='word_1_780' title='bbox 2583 5410 2827 5478; x_wconf 88' lang='lat' dir='ltr'><strong>separari</strong></span> <span class='ocrx_word' id='word_1_781' title='bbox 2862 5410 3066 5475; x_wconf 90' lang='lat' dir='ltr'><strong>dicunt,</strong></span> <span class='ocrx_word' id='word_1_782' title='bbox 3097 5410 3440 5466; x_wconf 86' lang='lat' dir='ltr'><strong>vehementer</strong></span> <span class='ocrx_word' id='word_1_783' title='bbox 3473 5430 3523 5466; x_wconf 82' lang='lat' dir='ltr'><strong>in</strong></span> <span class='ocrx_word' id='word_1_784' title='bbox 3555 5411 3658 5467; x_wconf 87' lang='lat' dir='ltr'><strong>Pa-</strong></span> 
     </span>
    </p>
   </div>
   <div class='ocr_carea' id='block_1_110' title="bbox 2093 5500 3659 5569">
    <p class='ocr_par' dir='ltr' id='par_1_110' title="bbox 2093 5500 3659 5569">
     <span class='ocr_line' id='line_1_110' title="bbox 2093 5500 3659 5569; baseline 0.001 -13"><span class='ocrx_word' id='word_1_785' title='bbox 2093 5504 2188 5557; x_wconf 88' lang='lat' dir='ltr'><strong>tris</strong></span> <span class='ocrx_word' id='word_1_786' title='bbox 2245 5503 2533 5557; x_wconf 91' lang='lat' dir='ltr'><strong>essentiam</strong></span> <span class='ocrx_word' id='word_1_787' title='bbox 2586 5500 2881 5568; x_wconf 87' lang='lat' dir='ltr'><strong>blasphemi</strong></span> <span class='ocrx_word' id='word_1_788' title='bbox 2940 5510 3085 5569; x_wconf 91' lang='lat' dir='ltr'><strong>sunt,</strong></span> <span class='ocrx_word' id='word_1_789' title='bbox 3148 5504 3433 5558; x_wconf 89' lang='lat' dir='ltr'><strong>alteratum</strong></span> <span class='ocrx_word' id='word_1_790' title='bbox 3485 5514 3659 5559; x_wconf 85' lang='lat' dir='ltr'><strong>muta-</strong></span> 
     </span>
    </p>
   </div>
   <div class='ocr_carea' id='block_1_111' title="bbox 2095 5592 3659 5666">
    <p class='ocr_par' dir='ltr' id='par_1_111' title="bbox 2095 5592 3659 5666">
     <span class='ocr_line' id='line_1_111' title="bbox 2095 5592 3659 5666; baseline -0.001 -17"><span class='ocrx_word' id='word_1_791' title='bbox 2095 5604 2314 5666; x_wconf 89' lang='lat' dir='ltr'><strong>tumque</strong></span> <span class='ocrx_word' id='word_1_792' title='bbox 2346 5609 2466 5651; x_wconf 90' lang='lat' dir='ltr'><strong>esse</strong></span> <span class='ocrx_word' id='word_1_793' title='bbox 2488 5594 2751 5658; x_wconf 89' lang='lat' dir='ltr'><strong>dicentes,</strong></span> <span class='ocrx_word' id='word_1_794' title='bbox 2778 5601 2833 5648; x_wconf 92' lang='lat' dir='ltr'><strong>et</strong></span> <span class='ocrx_word' id='word_1_795' title='bbox 2862 5609 2891 5647; x_wconf 90' lang='lat' dir='ltr'><strong>a</strong></span> <span class='ocrx_word' id='word_1_796' title='bbox 2925 5592 3166 5663; x_wconf 81' lang='lat' dir='ltr'><strong>perfecto</strong></span> <span class='ocrx_word' id='word_1_797' title='bbox 3190 5594 3256 5649; x_wconf 89' lang='lat' dir='ltr'><strong>ad</strong></span> <span class='ocrx_word' id='word_1_798' title='bbox 3287 5594 3659 5664; x_wconf 81' lang='lat' dir='ltr'><strong>imperfectum</strong></span> 
     </span>
    </p>
   </div>
   <div class='ocr_carea' id='block_1_112' title="bbox 2092 5684 3659 5756">
    <p class='ocr_par' dir='ltr' id='par_1_112' title="bbox 2092 5684 3659 5756">
     <span class='ocr_line' id='line_1_112' title="bbox 2092 5684 3659 5756; baseline 0.001 -16"><span class='ocrx_word' id='word_1_799' title='bbox 2092 5689 2388 5742; x_wconf 88' lang='lat' dir='ltr'><strong>redactum.</strong></span> <span class='ocrx_word' id='word_1_800' title='bbox 2442 5686 2544 5753; x_wconf 84' lang='lat' dir='ltr'><strong>Qui</strong></span> <span class='ocrx_word' id='word_1_801' title='bbox 2592 5684 2733 5739; x_wconf 89' lang='lat' dir='ltr'><strong>enim</strong></span> <span class='ocrx_word' id='word_1_802' title='bbox 2779 5685 2831 5739; x_wconf 92' lang='lat' dir='ltr'><strong>in</strong></span> <span class='ocrx_word' id='word_1_803' title='bbox 2868 5687 3179 5742; x_wconf 85' lang='lat' dir='ltr'><strong>universum</strong></span> <span class='ocrx_word' id='word_1_804' title='bbox 3232 5701 3509 5756; x_wconf 84' lang='lat' dir='ltr'><strong>egressum</strong></span> <span class='ocrx_word' id='word_1_805' title='bbox 3543 5699 3659 5741; x_wconf 85' lang='lat' dir='ltr'><strong>esse</strong></span> 
     </span>
    </p>
   </div>
   <div class='ocr_carea' id='block_1_113' title="bbox 2092 5774 3657 5834">
    <p class='ocr_par' dir='ltr' id='par_1_113' title="bbox 2092 5774 3657 5834">
     <span class='ocr_line' id='line_1_113' title="bbox 2092 5774 3657 5834; baseline -0.001 -1"><span class='ocrx_word' id='word_1_806' title='bbox 2092 5776 2283 5833; x_wconf 89' lang='lat' dir='ltr'><strong>Filium</strong></span> <span class='ocrx_word' id='word_1_807' title='bbox 2317 5777 2605 5834; x_wconf 88' lang='lat' dir='ltr'><strong>essentiam</strong></span> <span class='ocrx_word' id='word_1_808' title='bbox 2638 5774 2815 5833; x_wconf 83' lang='lat' dir='ltr'><strong>Patris</strong></span> <span class='ocrx_word' id='word_1_809' title='bbox 2846 5778 3170 5834; x_wconf 75' lang='lat' dir='ltr'><strong>existimant</strong></span> <span class='ocrx_word' id='word_1_810' title='bbox 3205 5776 3433 5832; x_wconf 87' lang='lat' dir='ltr'><strong>seorsim</strong></span> <span class='ocrx_word' id='word_1_811' title='bbox 3470 5793 3531 5829; x_wconf 91' lang='lat' dir='ltr'><strong>ac</strong></span> <span class='ocrx_word' id='word_1_812' title='bbox 3569 5789 3657 5832; x_wconf 84' lang='lat' dir='ltr'><strong>se—</strong></span> 
     </span>
    </p>
   </div>
  </div>
