4144 6534
440 364 522 418 ’85
1441 361 1497 413 S.
1542 359 1820 415 CYRILLI
1858 358 2330 414 ALEXANDHINI
2369 362 2686 418 ARCHIEP.
3638 361 3713 419 8.5

444 475 700 547 paratim,
734 483 894 544 atque
944 474 1065 529 ideo
1097 474 1266 529 divisa
1316 488 1438 530 esse
1498 477 1682 530 omnia
1727 491 1845 546 quae
1904 475 2051 545 eius,

2138 480 2215 532 toti.
2259 480 2711 551 κεχωρισμένως,
2750 480 2841 534 καὶ
2881 480 2967 533 διὰ
3009 478 3167 533 τοῦτο
3200 477 3497 549 φάσκοντες
3540 496 3739 570 μεμίξ-ι

445 576 570 622 sunt
602 566 955 629 contendunt,
1002 574 1058 619 et
1088 566 1156 619 ad
1206 565 1487 620 dimidium
1523 567 1708 635 giori't'e
1736 566 2015 637 redactum

447 674 567 714 esse
594 658 782 713 dicunt
811 657 952 728 quod
979 656 1145 711 altera
1166 658 1428 713 medietas
1457 658 1510 712 in
1535 658 1727 714 Filium
1757 659 2017 713 translata

442 751 539 813 sit,
560 764 667 804 non
693 749 1003 817 intelligunt
1032 749 1087 803 in
1125 759 1379 819 quantam
1412 752 1801 807 absurditatem
1837 751 2018 821 prola-

443 842 660 895 bantur.
700 840 757 893 Si
808 841 1051 909 quidem,
1085 849 1142 893 ut
1182 840 1283 909 ipsi
1338 841 1545 906 volunt,
1596 857 1716 896 cum
1768 843 1917 910 prius
1964 844 2018 897 in

445 931 652 985 unitate
681 930 1013 986 constitutus
1055 940 1223 996 esset,
1265 931 1424 985 Pater
1452 933 1667 986 creandi
1706 932 2018 987 facultatem

448 1021 659 1075 habens
710 1022 765 1076 in
812 1036 871 1077 se
916 1022 1033 1091 ipso
1071 1022 1323 1090 produxit
1353 1021 1581 1087 Filium,
1609 1032 1665 1077 et
1711 1038 1806 1093 per
1846 1026 2018 1091 ipsum

446 1121 640 1167 cuncta
700 1120 887 1179 creat,
931 1127 1254 1183 omnemque
1304 1116 1519 1169 creandi
1575 1124 1898 1182 potestatem
1953 1130 2020 1169 ex

446 1204 682 1259 essentia
719 1220 813 1258 sua
847 1205 1078 1269 dimisit,
1111 1215 1165 1260 et
1205 1208 1345 1274 quod
1378 1216 1534 1259 antea
1574 1220 1675 1258 non
1707 1216 1845 1270 erat,
1881 1215 2023 1275 post-

450 1296 670 1349 modum
702 1294 878 1349 factus
918 1304 1018 1361 est,
1049 1311 1243 1364 expers
1278 1296 1532 1349 nimirum
1565 1296 1815 1350 crealivaa
1852 1296 2023 1349 virtu-

450 1386 521 1457 tis
555 1404 568 1439 :
606 1389 701 1440 sed
734 1386 838 1440 hoc
871 1388 952 1440 vel
997 1388 1261 1457 cogitare,
1309 1388 1389 1441 vel
1420 1388 1600 1443 dicere
1632 1397 1879 1441 extreme
1917 1388 2022 1441 im-

448 1477 594 1546 pium
638 1486 719 1531 est
749 1495 765 1531 :
799 1476 907 1547 50
943 1497 960 1529 ι
989 1477 1149 1533 Pater
1190 1480 1331 1533 enim
1387 1480 1683 1548 usquedum
1745 1491 2024 1549 operatur,

2124 573 2307 643 ρίσθαι
2337 573 2515 626 πάντα
2543 572 2613 626 τὰ
2642 572 2829 639 αὑτοῦ,
2879 575 2974 625 καὶ
3016 574 3095 636 είς
3122 572 3292 643 ἥμισυ
3340 572 3501 643 δόξης
3549 571 3711 625 αὑτὸν

2123 662 2297 715 ἐλθεῖν
2344 662 2433 716 διὰ
2470 662 2531 715 τὸ
2585 662 2872 733 βεϐηκέναι
2931 661 2994 714 τὸ
3037 661 3224 714 λεῖπον
3274 661 3354 724 είς
3406 660 3500 714 τὸν
3547 661 3706 724 Υίὸν,

2122 754 2407 823 ἀγνοοῦσιν
2455 755 2552 824 οἵῳ
2596 755 3019 824 περιπίπτουσιν
3053 754 3388 822 άτοπήματι.
3420 751 3563 821 Ἀρα
3600 750 3710 822 γάρ

2124 848 2442 919 ἐπειδήπερ,
2475 848 2549 910 ὡς
2584 847 2736 901 αὐτοί
2780 864 2963 915 φασιν,
3003 846 3062 899 ἐν
3110 845 3298 915 μονάδι
3343 845 3609 917 πρότερον
3635 841 3710 895 ὢν

2123 941 2151 992 6
2194 939 2406 1009 Πατὴρ,
2456 938 2551 991 καὶ
2604 937 2702 1008 τὴν
2739 936 3137 1007 δημιουργικὴν
3187 935 3417 1005 δύναμιν
3468 934 3607 1003 ἔχων
3654 933 3710 985 ἐν

2125 1028 2322 1099 ἐαυτῷ,
2365 1028 2696 1100 προεϐάλετο
2729 1028 2820 1080 τὸν
2872 1028 3023 1090 Υἱὸν,
3074 1027 3166 1079 καὶ
3212 1026 3278 1078 δι’
3322 1024 3485 1078 αὐτοῦ
3533 1025 3713 1077 πάντα.

2123 1122 2466 1193 δημιουργεῖ,
2508 1120 2613 1187 ἔξω
2648 1122 2747 1191 τῆς
2785 1119 2971 1182 οὐσίας
2996 1120 3096 1189 τῆς
3134 1118 3333 1172 ἑαυτοῦ
3365 1118 3465 1188 τὴν
3498 1117 3591 1169 ἐπὶ
3634 1116 3714 1185 τῷ

2123 1210 2382 1265 δύνασθαι
2427 1211 2781 1280 δημιουργεῖν
2841 1208 3055 1278 ἔπεμψε
3103 1207 3373 1278 δύναμιν,
3416 1207 3512 1259 καὶ
3556 1204 3584 1257 ὃ
3636 1205 3711 1276 μή

2126 1302 2391 1373 πρότερον
2422 1297 2509 1372 ἦν,
2547 1301 2704 1353 τοῦτο
2740 1300 2960 1369 γέγονεν
3000 1299 3245 1369 ὕστερον,
3277 1297 3483 1368 ἔρημός
3515 1313 3573 1349 τε
3615 1295 3711 1349 νῦν

2126 1394 2277 1445 ἐστιν
2328 1391 2510 1461 ἰσχύος
2546 1390 2978 1461 δημιουργικῆς’
3031 1387 3165 1442 ἀλλὰ
3216 1387 3373 1439 τοῦτο
3423 1387 3638 1456 φρονεῖν
3676 1384 3711 1452 ἢ

2128 1485 2308 1553 λέγειν
2332 1484 2570 1553 ἄμετρον
2600 1481 2711 1551 ἔχει
2740 1481 2839 1552 τὴν
2869 1479 3189 1533 δυσσέϐειαν
3207 1495 3223 1506 ο
3251 1497 3269 1529 ι
3315 1478 3374 1530 '0
3392 1477 3582 1547 Πατὴρ
3604 1474 3713 1545 γὰρ

448 1578 505 1623 et
545 1583 644 1639 ego
672 1584 888 1640 Operor,
919 1591 938 1621 ι
980 1571 1152 1653 inquit
1189 1571 1437 1626 Christus
1463 1574 1528 1626 ⁸⁵.
1561 1572 2025 1638 Quemadmodum

2138 1576 2231 1639 ἕως
2279 1575 2403 1645 άρτι
2461 1572 2787 1643 ἐργάζεται,
2840 1570 2995 1639 κάγὼ
3048 1570 3380 1640 ἐργάζομαι,
3418 1586 3437 1619 ι
3477 1568 3640 1637 φησὶν
3683 1568 3714 1617 6

450 1661 614 1731 igitur
644 1661 880 1715 creativa
912 1662 1139 1716 facultas
1169 1660 1346 1717 Patris
1377 1679 1484 1719 non
1520 1674 1603 1719 est
1632 1664 1825 1732 divisa,
1854 1679 2029 1734 neque

2138 1664 2383 1735 Χριστός.
2412 1662 2622 1731 Ὥσπερ
2664 1656 2756 1713 οὖν
2796 1660 2856 1712 οὐ
2897 1659 3222 1729 μεμέρισται
3257 1656 3350 1710 τοῦ
3401 1656 3612 1726 Πατρὸς
3653 1656 3717 1707 τὸ

450 1751 766 1819 imperfecta
795 1761 879 1807 est
902 1752 951 1805 in
986 1752 1101 1820 ejus
1129 1756 1389 1817 essentia,
1420 1755 1650 1809 habente
1675 1756 1840 1809 etiam
1883 1755 2026 1809 illam

2138 1751 2668 1824 δημιουργικὸν,οὐδὲ
2690 1750 2885 1820 ἀτελής
2913 1752 3027 1802 ἐστι
3058 1749 3152 1803 νῦν
3174 1749 3231 1801 ἐν
3258 1750 3325 1818 τῇ
3350 1747 3505 1818 οὐσίᾳ
3526 1744 3715 1810 αὑτοῦ,

450 1815 688 1911 perfecte
712 1842 850 1897 Filio
879 1859 891 1894 :
925 1815 1200 1898 ita'etiam
1247 1815 1546 1911 perfectam
1584 1844 1742 1900 habet
1778 1845 2028 1915 gloriam,

2138 1848 2345 1917 ἔχοντος
2370 1844 2587 1907 τελείως
2613 1842 2772 1895 τοῦτο
2794 1841 2889 1895 καὶ
2915 1840 3007 1893 τοῦ
3040 1839 3191 1903 Υἱοῦ,
3218 1838 3359 1892 οὕτω
3383 1839 3478 1891 καὶ
3504 1837 3717 1889 τελείαν

451 1949 572 1988 cum
596 1933 869 2003 perfectus
906 1936 1069 1990 etiam
1107 1937 1159 1990 in
1196 1936 1365 2005 gloria
1400 1938 1471 1993 sit
1502 1936 1693 1992 Filius.
1718 1937 1853 1991 Cum
1884 1939 2029 1992 enim

451 2023 642 2079 similis
673 2038 769 2093 per
797 2026 978 2080 omnia
1024 2026 1095 2081 sit
1141 2027 1386 2082 Genitori
1429 2043 1556 2093 suo,
1590 2029 1709 2083 ideo
1738 2028 2030 2097 perfectam:

450 2113 613 2168 etiam
646 2114 807 2170 habet
835 2116 1080 2185 gloriam,
1141 2118 1410 2186 siquidem
1440 2134 1502 2174 ex
1534 2119 1694 2173 Patre
1738 2118 2031 2189 perfectam

454 2204 681 2274 gloriam
708 2206 945 2263 habente
962 2210 1177 2279 genitus
1212 2220 1317 2265 est.

800 2356 1377 2451 ASSERTTO
1462 2365 1684 2451 VIL

453 2505 725 2578 Adversus
761 2505 989 2578 egigni
1036 2505 1329 2578 objiciunt:
1360 2507 1549 2562 Utrum
1599 2510 1763 2563 Pater
1814 2510 2031 2578 fortuito

571 2575 744 2644 genuit
777 2573 1001 2641 Filium,
1031 2573 1107 2629 an'
1130 2577 1391 2631 uoluntate
1420 2595 1517 2631 sua
1549 2573 1869 2648 prwcedente
1889 2582 1913 2631 ξ’

856 2687 1209 2759 Interrogatio
1246 2691 1633 2747 haereticorum.

525 2797 792 2862 Fortuito,
839 2799 1110 2869 inquiunt,
1161 2811 1217 2857 et
1266 2804 1662 2861 inconsiderate
1706 2807 1890 2877 genuit
1942 2817 2036 2862 aut

458 2888 588 2944 fecit
617 2888 813 2945 Filium
842 2890 1033 2959 Pater,
1058 2902 1151 2945 aut
1186 2894 1462 2952 voluntate
1496 2912 1592 2953 sua
1629 2899 2037 2954 intercedente?

457 2980 618 3049 Atqui
647 2982 691 3035 si
736 2982 961 3038 fortuito
986 2985 1193 3053 genuit,
1230 3001 1422 3055 passus
1470 3000 1552 3043 est
1595 2990 1798 3059 aliquid
1841 3000 2038 3059 praeter

456 3071 821 3138 voluntatem;
858 3073 906 3128 si
934 3084 1111 3129 autem
1145 3075 1349 3142 volens,
1386 3087 1440 3132 et
1484 3094 1709 3134 necesse
1747 3081 1818 3133 sit
1856 3082 2035 3135 consi-

2136 1941 2248 2010 ἔχει
2282 1939 2378 2009 τὴν
2405 1936 2583 2002 δόξαν,
2610 1935 2823 2005 ἔχοντος
2850 1933 3011 1986 πάλιν
3032 1932 3125 1985 τοῦ
3151 1931 3282 1984 Υίοῧ
3309 1932 3401 1984 καὶ
3426 1931 3480 1983 ἐν
3503 1928 3629 2001 δόξῃ
3654 1929 3718 1981 τὸ

2138 2032 2368 2084 τέλειον.
2393 2029 2618 2098 Ὄμοιος
2650 2026 2758 2094 γὰρ
2788 2024 2861 2077 ὢν
2896 2024 3037 2077 κατά
3062 2024 3238 2077 πάντα
3259 2021 3334 2092 τῷ
3368 2022 3715 2091 γεννήσαντι,

2135 2124 2224 2178 διὰ
2256 2121 2413 2175 τοῦτο
2450 2106 2655 2172 τελείαν
2700 2116 2810 2187 ἔχει
2852 2117 2950 2185 τὴν
2988 2115 3163 2179 δόξαν,
3199 2114 3495 2184 ἐπειδήπερ
3537 2113 3601 2166 ἐκ
3634 2128 3715 2166 τεο

2136 2216 2284 2269 λείαν
2314 2213 2528 2283 ἔχοντος
2553 2209 2711 2275 δόξαν
2740 2207 3005 2278 ἐγεννήθη
3032 2208 3293 2276 Πατρός..

2644 2350 3006 2437 ΛΟΓΟΣ
3096 2344 3201 2442 Ζ.

2137 2512 2290 2579 Πρὸς
2328 2511 2468 2575 τοὺς
2504 2510 2924 2579 προτείνοντας
2962 2508 3046 2579 τόο
3093 2500 3528 2579 ᾎϐουλήξωςιῆ
3569 2498 3716 2553 κατὰ

2291 2570 2602 2647 ,βούλησιν
2632 2570 2923 2647 ἐγέννησε
2953 2576 3060 2629 τὸν
3095 2574 3231 2627 Υἱὸν
3264 2576 3295 2626 ό
3328 2570 3552 2639 Πατήρς

2416 2692 2732 2761 Ἐρώτησις
2763 2692 2841 2757 ὡς
2869 2690 2939 2743 ὲκ
2967 2688 3086 2743 τῶν
3119 2683 3454 2756 αὶρετικῶν.

2223 2805 2558 2875 Ἀϐουλήτως
2590 2805 2716 2875 ἄρα,
2763 2804 2925 2873 φασὶ,
2957 2803 3052 2856 καὶ
3102 2802 3388 2863 ἀσκέπτως
3431 2798 3719 2868 ἐγέννησεν

2140 2895 2257 2964 ήτοι
2305 2893 2573 2963 πεποίηκε
2602 2893 2691 2946 τὸν
2742 2893 2870 2945 Υἰὸν
2913 2894 2940 2945 6
2972 2892 3181 2961 Πατὴρ,
3225 2891 3257 2960 ἢ
3291 2888 3432 2942 κατά
3467 2886 3720 2957 βούλησιν

2140 2985 2385 3050 οίκείαν;
2439 2984 2504 3038 Εἰ
2560 2983 2660 3054 μὲν
2693 2979 2784 3038 οὖν
2820 2983 3133 3052 ἀϐουλήτως
3195 2981 3484 3051 ἐγέννησεν
3532 2978 3718 3040 αὑτὸν.

2142 3074 2380 3128 πέπονθέ
2410 3092 2462 3127 τι
2492 3074 2600 3127 τῶν
2635 3073 2786 3146 παρὰ
2814 3072 3061 3143 γνώμην·
3103 3073 3150 3124 εί
3179 3072 3237 3124 δὲ
3274 3070 3412 3124 κατά
3444 3068 3716 3139 βούλησιν,

457 3160 793 3216 derationem
832 3162 898 3217 de
944 3164 1122 3232 aliqua
1156 3181 1213 3219 re
1256 3167 1492 3235 priorem
1539 3183 1661 3223 esse
1711 3185 1868 3238 quam
1920 3172 2035 3240 ipsa

2143 3166 2518 3237 προϋπάρχειν
2544 3165 2599 3218 δὲ
2630 3164 2737 3217 τῶν
2767 3164 3069 3233 γινομένων
3096 3162 3309 3231 ἀνάγκη
3342 3162 3438 3231 τὴν
3470 3160 3599 3229 περὶ
3630 3158 3721 3211 αὐ-

460 3252 757 3322 liat,prior
808 3254 988 3323 itaque
1036 3255 1134 3309 fuit
1186 3255 1355 3311 Pater'
1392 3256 1550 3324 Filio,
1609 3275 1732 3315 cum
1793 3260 2039 3318 voluntas

460 3344 868 3414 generationem
900 3349 1259 3417 praecesserit.

1105 3453 1402 3524 Refutatio.

535 3564 709 3629 Unde,
741 3566 989 3634 obsecro,
1028 3569 1171 3625 hunc
1221 3570 1472 3640 loquendi
1506 3588 1705 3629 morem
1750 3578 2040 3647 accepistis

463 3652 766 3719 dementes,
801 3660 945 3726 quod
976 3668 1069 3713 aut
1090 3675 1157 3715 ex
1189 3675 1283 3715 sua
1315 3664 1591 3719 voluntate
1618 3676 1711 3720 aut
1732 3669 1866 3721 citra
1887 3682 2040 3724 suam

463 3743 796 3800 voluntatem
825 3751 1074 3818 genuerit
1120 3750 1351 3817 Filium;
1381 3763 1474 3808 aut
1516 3769 1583 3809 ex
1608 3771 1714 3825 quo
1748 3758 2041 3825 Scriptum

465 3833 584 3894 loco
642 3839 1012 3910 hujuscemodi
1064 3843 1389 3912 qua-stiones
1451 3847 1695 3916 proferre
1739 3848 2043 3919 didicistis}?

464 3939 598 4006 Quis
634 3952 762 3992 vero
794 3946 1105 3991 sanctorum
1147 3937 1303 4004 dixit,
1336 3948 1430 3992 aut
1479 3954 1543 3994 ex
1599 3940 1893 4007 voluntate,
1953 3950 2044 3996 aut

465 4029 605 4083 citra
632 4026 991 4091 voluntatem,
1018 4026 1212 4081 Filium
1247 4043 1313 4083 ex
1341 4028 1503 4084 Patre
1545 4033 1910 4099 processisse?
1940 4034 2044 4088 Aut

464 4120 585 4189 quis
630 4117 935 4188 huiusmodi
967 4118 1243 4172 vocabulis
1273 4128 1356 4173 est
1402 4122 1578 4176 usus?
1622 4121 1774 4189 Quod
1827 4123 2042 4193 quidem

466 4221 586 4264 erat
612 4222 667 4265 et
692 4218 773 4263 est
810 4209 902 4263 Dei
944 4207 1198 4277 Verbum,
1229 4224 1293 4264 ex
1337 4227 1491 4267 sacra
1524 4211 1804 4283 Scriptura
1844 4230 2046 4284 cogno-

467 4301 689 4355 s:-imus.
730 4298 863 4353 Illud
889 4313 1037 4363 vero,
1071 4300 1203 4353 citra
1248 4304 1578 4356 voluntatem
1610 4312 1701 4357 aut
1732 4312 1943 4366 contra.
1978 4320 2042 4358 ex

467 4389 622 4443 vobis
669 4388 801 4443 solis
830 4387 1154 4443 audivimus.
1197 4387 1447 4445 Ostendit
1483 4392 1624 4446 enim
1656 4391 1849 4447 Filium
1884 4392 2044 4447 Pater

2139 3256 2248 3309 τῶν
2290 3256 2503 3325 σκέψιν,
2538 3255 2712 3325 προῆν
2746 3254 2853 3326 ἄρα
2892 3253 2985 3307 τοῦ
3027 3250 3159 3306 Υίοῦ
3185 3253 3213 3303 6
3248 3251 3456 3321 Πατὴρ,
3495 3247 3720 3320 9.56010.-

2143 3347 2341 3418 ϐούσης
2374 3347 2472 3418 τὴν
2500 3347 2753 3418 γέννησιν
2782 3346 2879 3415 τῆς
2910 3344 3040 3414 περῖ⁸
3068 3343 3233 3396 αὐτοῦ
3264 3342 3593 3413 βουλήσεως.

2577 3459 2884 3528 Ἀπολογία
2919 3458 3068 3526 πρὸς
3098 3456 3292 3510 τοῦτο.

2212 3574 2383 3628 Πόθεν
2428 3574 2605 3643 ὑμεῖς,
2648 3565 2697 3624 ὦ
2722 3565 2899 3634 οὗτοι,
2946 3570 3089 3624 κατά
3127 3569 3379 3639 βούλησιν
3416 3568 3450 3638 ἢ
3491 3565 3719 3637 ἀϐουλή-

2141 3682 2248 3728 τως
2278 3662 2635 3733 γεγεννῆσθαι
2668 3662 2845 3729 λέγειν
2872 3660 2963 3714 τὸν
2995 3661 3142 3724 Υίὸν,
3173 3660 3207 3730 ἥ
3243 3661 3335 3712 κα)⁸
3365 3658 3501 3720 ὅλως
3540 3655 3722 3709 τοιαύ-

2141 3773 2241 3820 τας
2273 3758 2386 3818 τοῖς
2416 3753 2803 3823 ἐντυγχάνουσι
2854 3751 2953 3816 τὰς
2988 3750 3207 3814 πεύσεις
3253 3750 3569 3820 προσάγειν,
3613 3746 3723 3801 ἀπὸ

2145 3845 2304 3908 ποίας
2341 3843 2499 3897 τοῦτο
2531 3842 2887 3913 μεμαθήκατε
2918 3841 3169 3911 Γραφῆς;
3204 3840 3298 3903 Τίς
3321 3840 3378 3892 δέ
3414 3839 3523 3892 τῶν
3549 3838 3721 3905 άγίων

2145 3937 2177 4007 ἢ
2205 3935 2345 3991 κατὰ
2389 3934 2641 4006 βούλησιν
2670 3934 2703 4004 ἢ
2736 3932 3049 4003 ἀϐουλήτως
3091 3931 3253 3986 αὑτὸν
3297 3931 3495 3999 ἔφησεν
3525 3931 3588 3982 ἐκ
3626 3926 3722 3980 τοῦ

2146 4027 2357 4099 Πατρός
2394 4025 2709 4096 προελθεῖν;
2759 4024 2918 4094 Παρά
2953 4023 3059 4076 τίνι
3088 4022 3143 4075 δὲ
3175 4020 3488 4091 ὠνόμασται
3518 4019 3585 4072 τά
3612 4033 3723 4070 τοι-

2144 4120 2281 4174 αΰτα
2309 4120 2564 4191 ῥήματα;
2589 4118 2711 4170 Ὀτι
2745 4117 2841 4186 μὲν
2868 4114 2978 4186 γὰρ
3005 4110 3075 4185 ἧν
3102 4114 3197 4167 καὶ⁸
3227 4113 3373 4165 ἔστιν
3403 4114 3432 4164 6
3458 4109 3553 4163 τοῦ
3584 4106 3725 4161 Θεοῦ

2146 4212 2336 4279 Λόγος,
2366 4209 2609 4280 ἔγνωμεν
2643 4208 2751 4261 ἀπὸ
2775 4208 2875 4277 τῆς
2901 4206 3050 4269 θείας
3082 4204 3324 4276 Γραφῆς.
3354 4202 3427 4256 Τὸ
3454 4202 3531 4267 δὲ,
3558 4201 3723 4255 ἀϐου-

2145 4305 2322 4375 λήτως
2358 4303 2390 4373 ἢ
2435 4301 2543 4373 μὴ,
2580 4301 2734 4372 παρά
2770 4301 2944 4372 μόνων
2996 4297 3148 4368 ὑμῶν
3195 4296 3525 4367 ἠκούσαμεν.
3565 4294 3724 4346 Ἀπο-

2147 4394 2408 4450 καλύπτει
2451 4394 2547 4462 μὲν
2574 4393 2682 4462 γὰρ
2706 4392 2797 4445 τὸν
2825 4392 2950 4445 Υίὺν
2974 4392 3005 4444 6
3034 4388 3224 4460 Πατὴρ
3260 4388 3321 4453 ἐξ
3348 4385 3599 4458 οὐρανοῦ,
3628 4384 3723 4439 καί

467 4496 532 4534 ex
570 4479 705 4534 etelo
729 4479 950 4534 dicens:
983 4499 999 4531 ι
1033 4480 1128 4536 l-lic
1160 4492 1243 4535 est
1273 4480 1441 4537 Filius
1476 4498 1628 4538 meus
1662 4484 1890 4540 dilectus
1916 4487 1982 4551 se;
2020 4506 2037 4537 ι

2150 4501 2346 4557 φησιν·
2388 4502 2405 4535 ι
2433 4478 2601 4545 Οὗτός
2633 4483 2781 4533 ἐστιν
2813 4482 2841 4532 6
2874 4479 3000 4542 Υἱός
3033 4494 3132 4549 μου
3160 4481 3188 4530 6
3221 4477 3535 4546 ἀγαπητός·
3572 4493 3589 4525 ι
3629 4472 3727 4527 xci.

468 4582 522 4624 et
560 4585 654 4639 per
684 4569 895 4625 David:
932 4587 949 4621 ι
986 4570 1262 4626 Eructavit
1293 4588 1387 4627 cor
1428 4589 1603 4629 meum
1660 4572 1893 4630 Verbum
1947 4575 2045 4630 bo-

472 4676 599 4715 num
630 4661 708 4728 ‘7;
748 4680 767 4713 ι
812 4670 868 4718 et
910 4662 1345 4731 sapientissimus
1384 4662 1622 4719 Joannes
1655 4685 1666 4719 ;
1707 4684 1727 4715 ι
1762 4666 1815 4720 In
1850 4667 2048 4735 princi-

472 4753 581 4820 pio,
635 4754 828 4822 inquit,
880 4762 998 4808 erat
1052 4754 1312 4820 Verbum,
1365 4768 1419 4808 ct
1472 4754 1703 4810 Verbum
1745 4766 1861 4810 erat
1907 4760 2047 4827 apud

477 4847 660 4906 neum,
691 4851 746 4897 et
777 4842 919 4898 Deus
948 4853 1067 4898 erat
1100 4843 1332 4897 Verbum
1360 4845 1423 4896 ⁸⁸.
1468 4864 1484 4895 ι
1518 4844 1584 4899 Ει
1609 4845 1893 4901 Psalmisla
1926 4862 2047 4901 rur-

472 4948 566 4988 sus
589 4937 652 4987 ad
678 4932 893 4990 Patrem
937 4934 1069 4988 dicit
1101 4949 1116 4988 :
1154 4954 1172 4986 ι
1208 4933 1470 4999 Quoniam
1498 4936 1636 5001 apud
1691 4945 1740 4987 te
1789 4946 1873 4991 est
1928 4936 2045 4992 fons

475 5026 621 5090 vitae,
644 5036 697 5079 et
719 5026 771 5079 in
803 5025 1001 5080 lumine
1035 5035 1125 5081 tuo
1158 5024 1459 5080 videbimus
1481 5026 1658 5081 lumen
1691 5028 1755 5080 ⁸⁸.
1790 5046 1809 5079 ι
1845 5028 2045 5083 Paulus

474 5117 836 5187 splendorem,
867 5126 922 5173 et
955 5118 1201 5181 formam,
1225 5125 1281 5169 et
1310 5116 1596 5187 imaginem
1625 5119 1725 5189 51
1761 5120 2044 5175 invisibilis

476 5208 567 5263 Dei
606 5217 762 5263 vocat
791 5208 860 5263 "'.
894 5208 1170 5262 Neminem
1216 5222 1344 5262 vero
1390 5210 1578 5263 horum
1638 5212 1904 5281 rcpcreris
1954 5212 2045 5283 (ιιιί

474 5298 667 5353 Filium
733 5313 800 5353 ex
858 5298 1132 5352 voluntate
1192 5307 1285 5351 aut
1335 5299 1469 5353 citra
1514 5300 1841 5356 voluntatem
1894 5301 2045 5371 geni-

476 5398 586 5441 tum
633 5388 799 5443 dicat.
833 5387 938 5443 Sed
972 5403 1093 5441 cum
1138 5388 1565 5459 dixerinlﬁerat,
1606 5401 1679 5457 et,
1712 5403 1807 5457 est,
1842 5393 2043 5447 nuUuIn

475 5478 796 5549 principium
829 5478 881 5533 in
908 5488 1145 5548 tempore
1169 5482 1477 5537 tribuerunt
1502 5482 1551 5538 ei
1582 5489 1670 5552 qui
1698 5484 1891 5538 saecula
1917 5499 2045 5539 cou-

549 5676 594 5708 ⁶⁸
626 5675 784 5731 Joan.
826 5692 879 5739 ν,
922 5677 1009 5731 17.

481 5762 541 5813 ιι,
568 5746 647 5814 6;
692 5745 851 5799 llebr.
894 5761 932 5813 ι,
965 5746 1001 5801 2
1029 5765 1044 5815 ;
1077 5748 1283 5804 Coloss.
1330 5763 1366 5815 ι,
1414 5746 1497 5805 15.

1121 5677 1164 5708 ⁸⁸³
1204 5675 1393 5730 Matth.
1420 5694 1521 5747 tu,
1554 5681 1633 5733 l7.
1712 5682 1753 5711 ⁶⁷
1791 5681 1932 5736 Psal.
1974 5696 2117 5747 κων,
2156 5682 2213 5735 2.
2289 5683 2332 5714 “°
2371 5680 2524 5737 ⁷Ιοίιιι.
2572 5697 2607 5743 ι,
2647 5682 2694 5733 ί.

2146 4580 2233 4633 διὰ
2279 4575 2373 4629 τοῦ
2412 4572 2574 4627 Δαϐὶδ
2622 4572 2804 4639 λέγει’
2845 4590 2862 4622 ι
2907 4569 3266 4641 Ἐξηρεύξατο
3303 4570 3336 4638 ή
3376 4567 3572 4637 καρδία
3623 4582 3726 4634 μου

2146 4671 2316 4738 Λόγον
2332 4664 2530 4735 ἀγαθόν
2548 4679 2561 4692 ο
2590 4682 2607 4714 ι
2626 4662 2720 4716 καὶ
2740 4664 2767 4715 6
2782 4660 3085 4730 σοφώτατος
3116 4660 3389 4730 Ἰωάννης·
3415 4679 3433 4708 ι
3474 4660 3561 4711 Ἐν
3580 4658 3723 4729 ἀρχῇ

2144 4757 2232 4830 ἦν,
2267 4756 2450 4827 φησὶν,
2479 4754 2507 4806 ό
2534 4752 2706 4821 Λόγος
2725 4792 2739 4818 ,
2780 4752 2873 4803 καὶ
2901 4752 2929 4803 6
2966 4749 3137 4817 Λόγος
3169 4745 3235 4818 ἦν
3282 4747 3417 4817 πρὸς
3448 4746 3538 4799 τὸν
3569 4744 3723 4806 Θεὸν,

2146 4850 2240 4902 καὶ
2267 4846 2398 4908 Θεὸς
2418 4841 2485 4915 ἦν
2509 4845 2537 4896 6
2566 4842 2735 4909 Λόγος
2757 4857 2770 4871 ·
2802 4860 2821 4891 ι
2851 4843 2879 4893 6
2908 4839 3213 4909 Ψαλμῳδὸς
3240 4839 3311 4900 ὡς
3340 4838 3476 4909 πρὸς
3504 4836 3594 4889 τὸν
3624 4836 3727 4887 Πα-

2152 4939 2286 5010 τέρα
2315 4936 2475 4989 πάλιν
2501 4934 2669 5004 φησί’
2707 4952 2725 4984 ι
2753 4932 2912 5002 Παρὰ
2942 4932 3025 4984 σοὶ
3066 4931 3216 5001 πηγὴ
3247 4930 3411 4999 ζωῆς,
3441 4929 3533 4982 κα)⁵
3562 4931 3618 4981 ἐν
3647 4927 3726 4997 τῷ

2154 5029 2291 5099 φωτί
2320 5045 2413 5081 σου
2439 5026 2681 5096 ὀψόμεθα
2707 5024 2842 5092 φῶς.
2871 5044 2888 5075 ι
2927 5024 2984 5078 '0
3010 5023 3216 5086 Παῦλος
3244 5022 3603 5090 ἀπαύγασμα,
3633 5020 3727 5072 καὶ

2156 5119 2390 5191 μορφὴν,
2430 5117 2525 5171 καὶ
2576 5116 2759 5169 εἰκόνα
2805 5115 2896 5168 τοῦ
2938 5115 3071 5168 Θεοῦ
3118 5115 3351 5187 ἀοράτου
3393 5113 3566 5166 καλεῖ.
3617 5113 3727 5165 Καὶ

2150 5212 2354 5265 τούτων
2393 5208 2566 5271 οὐδεὶς
2613 5208 2927 5278 εὑρίσκεται
2954 5206 3127 5274 λέγων
3155 5205 3467 5275 ἀϐουλήτως
3503 5204 3537 5273 ἢ
3585 5203 3730 5257 κατά

2118 5326 2125 5331 λ
2152 5302 2405 5372 βούλησιν
2438 5299 2791 5370 γεγεννῆσθαι
2813 5300 2904 5353 τὸν
2931 5300 3076 5351 Υίόν.
3112 5296 3271 5350 Ἀλλὰ
3302 5296 3383 5360 τὸ,
3411 5292 3510 5366 ἦν,
3552 5295 3730 5348 εἰπόν-

2148 5410 2266 5456 τες,
2302 5393 2395 5447 xui.
2437 5393 2516 5455 τὸ,
2563 5391 2755 5454 ἐστιν,
2796 5391 3054 5461 οὐδεμίαν
3103 5390 3276 5459 ἀρχὴν
3316 5388 3416 5457 τὴν
3463 5389 3521 5439 ἐν
3555 5387 3729 5470 χρόνῳ

2151 5486 2411 5541 δεδώκασι
2444 5486 2520 5557 τῷ
2548 5487 2653 5539 τῶν
2683 5488 2888 5558 χρόνων
2914 5488 3131 5557 ποιητῇ.
3160 5485 3330 5539 Πόθεν
3357 5480 3450 5539 οὖν
3475 5485 3629 5554 ὑμεῖς
3657 5481 3728 5534 τὰ

2773 5682 2791 5709 ⁸
2847 5682 2986 5736 Psal.
3032 5696 3194 5743 xxxv,
3244 5681 3324 5735 ιι).
3408 5682 3451 5710 ⁷⁰
3491 5676 3722 5749 Philipp.

3926 660 3957 679 \
