4144 6528
314 400 385 454 85
1702 388 2147 447 THESAURUS.
3497 338 3573 440 S6

312 512 537 568 τοιαῦτά
568 528 741 581 φατε;
784 509 918 564 Ἀπὸ
956 509 1185 581 καρδίας
1216 510 1316 579 τῆς
1347 508 1554 563 ἑαυτῶν
1588 508 1895 574 λαλοῦντες,
1927 538 1939 568 Α

2010 506 2156 563 didit.
2216 505 2369 559 Unde
2419 503 2582 573 igitur
2617 515 2713 557 vos
2754 503 2867 558 haec
2912 500 3265 574 depromitis?
3297 496 3371 553 Ex
3405 502 3573 554 corde

202 680 211 692 ι
312 606 454 661 καθά
489 620 653 674 φησιν
679 604 706 655 6
737 601 1043 673 προφήτης,
1072 601 1165 656 καὶ
1196 603 1296 654 οὑκ
1325 600 1431 655 ἀπὸ
1472 600 1738 670 στόματος
1779 602 1893 653 Κυ-

316 697 453 769 ρίου.
1212 752 1233 762 ς

998 806 1199 861 ΑΛΛΟ.

386 922 447 974 El
482 921 730 992 βουλήσει
764 919 1127 990 γεγεννῆσθαί
1157 935 1295 989 φατε
1323 917 1413 971 τὸν
1436 917 1584 982 Υἱὸν,
1632 919 1725 972 καὶ
1779 918 1894 987 βιά-

314 1010 468 1073 ζεσθε
498 1012 597 1083 τὴν
630 1014 757 1083 περὶ
789 1010 952 1065 αὑτοῦ
982 1010 1203 1082 θέλησιν
1230 1010 1612 1081 προϋπάρχειν
1646 1011 1742 1081 τῆς
1774 1027 1898 1077 γεν-

312 1104 520 1173 νήσεως
550 1102 739 1167 αὑτοῦ,
770 1102 821 1155 τί
848 1102 922 1173 μὴ
960 1101 1134 1156 ταῦτά
1162 1118 1325 1171 φησιν
1355 1103 1388 1171 ή
1423 1100 1612 1170 Γραφὴ
1641 1101 1769 1171 περὶ
1795 1102 1894 1153 αύο

311 1189 429 1256 τοῦ,
457 1190 492 1244 ἃ
525 1190 590 1260 δὴ
617 1191 711 1244 καὶ
768 1192 894 1263 περὶ
945 1189 1053 1244 τῶν
1107 1189 1282 1243 ἄλλων
1313 1191 1633 1260 ποιημάτων
1660 1190 1895 1259 λέγουσα

315 1285 595 1354 φαίνεται;
646 1286 768 1339 Ἐπὶ
800 1284 899 1354 μὲν
926 1282 1034 1354 γὰρ
1068 1281 1176 1335 τῶν
1206 1281 1503 1350 γεγονότων
1542 1281 1690 1351 παρά
1727 1280 1891 1346 Θεοῦ,

318 1378 637 1446 προηγεῖται
668 1375 909 1444 θέλησις,
958 1373 1034 1435 ὡς
1062 1374 1119 1424 ὲν
1140 1370 1236 1441 τῷ,
1290 1389 1309 1421 t
1344 1371 1664 1441 Ποιήσωμεν
1687 1370 1896 1441 ἂνθρω-

318 1484 437 1530 πον,
471 1485 488 1513 ι
520 1466 629 1519 Καὶ
663 1468 720 1519 ὲν
749 1465 847 1535 τῷ,
872 1482 892 1518 ι
914 1463 1101 1517 Πάντα
1124 1463 1227 1515 ὅσα
1264 1461 1550 1531 ἠθέλησεν,
1585 1462 1888 1532 ἐποίησεν.»

330 1555 457 1608 ’Evti.
511 1556 567 1609 δὲ
593 1557 686 1607 τοῦ
714 1554 848 1608 Θεοῦ
889 1554 1066 1622 Λόγου
1099 1550 1336 1622 οὐδαμοῦ
1370 1550 1586 1622 θέλησις
1614 1553 1732 1622 ’ήτοι
1769 1552 1895 1622 βούο

317 1647 473 1717 λησις
501 1644 932 1718 προηγησαμένη
989 1645 1257 1713 φαίνεται.
1315 1642 1454 1695 Ἀλλ’
1485 1645 1565 1697 ὅτι
1621 1644 1783 1713 μόνον
1819 1641 1898 1714 ἦν

318 1740 413 1791 καὶ
462 1739 635 1791 ἐστιν
678 1736 966 1806 ἀκούομεν.
1011 1737 1141 1800 Καὶ,
1205 1734 1270 1788 ἵν’
1310 1734 1480 1796 οὕτως
1538 1736 1694 1798 εἴπω,
1735 1735 1898 1798 τόπος

318 1829 467 1899 αὑτῷ
490 1828 714 1898 φυσικὸς
739 1830 766 1880 6
798 1828 1005 1898 Πατήρ.
1042 1827 1104 1879 Ei
1128 1825 1307 1880 τοίνυν
1343 1826 1435 1878 ἐπὶ
1478 1825 1576 1896 μὲν
1624 1826 1734 1879 τῶν
1782 1844 1897 1879 κτι-

319 1882 540 1989 σμάτων
564 1882 819 1973 ἁπάντων
846 1882 1049 1989 ἐφήσεν
1078 1916 1328 1987 ἡγεῖσθαι
1358 1882 1574 1987 θέλησιν
1613 1919 1645 1987 ή
1686 1917 1895 1987 Γραφὴ,
1927 1882 1975 1940 Β

318 2009 412 2061 ἐπὶ
431 2009 488 2061 δὲ
518 2006 611 2060 τοῦ
645 2006 776 2060 Υἱοῦ
802 2007 955 2060 οὐδὲν
995 2006 1235 2059 τοιοῦτον
1292 2006 1597 2077 εὑρήσομεν
1636 2006 1766 2077 παρ’
1799 2008 1898 2059 αὑ-

316 2100 439 2169 τῆς,
465 2100 563 2152 οὑκ
600 2098 707 2170 ἄρα
737 2094 820 2162 εἷς
844 2099 960 2151 ἐστι
992 2099 1101 2151 τῶν
1130 2096 1373 2161 πάντων,
1398 2097 1519 2150 οὐδὲ
1563 2098 1778 2168 θελήσει
1809 2096 1901 2165 γέ-

316 2208 462 2259 γονε,
493 2190 744 2261 καθάπερ
772 2190 841 2244 τὰ
870 2189 1070 2254 πάντα,
1105 2189 1170 2241 ἐκ
1224 2188 1441 2258 Πατρὸς
1488 2187 1767 2258 προελθὼν
1808 2188 1902 2240 καὶ

316 2283 416 2354 τῆς
442 2283 537 2336 τοῦ
562 2283 924 2352 γεννήσαντος
952 2280 1159 2345 οὐσίας,
1184 2280 1443 2351 ὑπάρχων
1475 2297 1536 2332 τε
1565 2280 1755 2343 ἀΐδιος.

1006 2389 1215 2443 ΑΛΛΟ.

393 2499 557 2567 Λέγει
578 2516 681 2552 που
711 2498 926 2560 Παῦλος
974 2497 1101 2567 περὶ
1151 2495 1246 2547 τοῦ
1284 2495 1537 2565 Σωτῆρος
1579 2493 1735 2564 ἡμῶν
1769 2495 1905 2564 Χρι-

326 2592 475 2657 στοῦ,
511 2594 595 2646 ὅτι
623 2608 683 2644 τε
710 2589 846 2643 Θεοῦ
873 2590 1105 2658 δύναμις
1154 2588 1239 2658 εἴη
1299 2588 1393 2639 καὶ
1420 2586 1557 2639 Θεοῦ
1593 2587 1773 2655 σοφία.
1841 2588 1905 2639 Ei

323 2681 504 2734 τοίνυν
536 2680 699 2748 σοφία
725 2679 819 2732 καὶ
864 2677 1093 2747 δύναμίς
1117 2679 1235 2731 ἐστι
1257 2674 1349 2729 τοῦ
1398 2675 1612 2747 Πατρδς
1645 2675 1673 2726 ὁ
1722 2673 1782 2737 ἐξ
1814 2675 1908 2727 αὑ-

323 2771 416 2825 τοῦ
442 2771 535 2823 καὶ
556 2772 616 2823 έν
644 2768 795 2839 αύτῷ
825 2768 1088 2838 ὑπάρχων
1126 2768 1317 2835 Λόγος,
1365 2766 1529 2828 αὑτός
1559 2768 1705 2818 ἐστιν
1763 2766 1820 2818 ἐν
1863 2757 1907 2832 ᾧ

328 2857 659 2929 βουλεύεται,
694 2859 789 2910 καὶ
814 2857 883 2909 δι’
921 2849 981 2908 οὗ
1002 2855 1072 2907 τὰ
1102 2855 1280 2908 πάντα
1316 2852 1633 2922 ἐργάζεται.
1663 2853 1787 2916 Πῶς
1813 2849 1906 2905 οὖν

330 2947 579 3019 βουλήσει
608 2946 831 3014 γέγονεν
857 2946 884 2996 6
914 2945 971 2994 ὲν
1001 2935 1155 3010 ᾧπερ
1183 2942 1215 3011 ή
1249 2940 1501 3011 βούλησίς
1525 2942 1641 2994 ἐστι
1672 2940 1767 2993 τοῦ
1794 2942 1906 2994 Πα-

328 3038 495 3109 τρός;
539 3038 609 3089 Ἢ
665 3035 773 3106 γάρ
835 3034 1026 3104 ἑτέραν
1088 3033 1236 3102 ἡμᾶς
1300 3030 1491 3099 σοφίαν
1544 3031 1907 3085 ἀναπλάττειν

329 3129 565 3197 ἀνάγκη,
587 3129 646 3180 ὲν
733 3126 1158 3197 βουλευσάμενος
1190 3121 1455 3192 πεποίηκε
1483 3120 1573 3173 τὸν
1600 3121 1747 3186 Υἱδν,
1776 3123 1909 3176 καθ-

1997 607 2180 652 vestro
2233 600 2532 666 loquentes,
2594 604 2669 649 ut.
2705 594 2879 664 inquit
2914 595 3194 664 propheta,
3228 602 3280 647 et
3339 608 3443 648 non
3498 606 3565 647 ex

2018 704 2110 745 ore
2146 690 2353 745 Domini
2385 690 2451 741 ⁷⁸.

2671 796 2897 851 ALIUD.

2067 912 2122 965 Si
2152 926 2215 965 ex
2243 892 2517 965 voluntate
2544 909 2735 963 Filium
2768 908 3004 976 genitum
3038 905 3237 969 dicitis,
3265 913 3320 958 et
3344 911 3567 959 conten—

1996 999 2122 1056 ditis
2148 1000 2474 1054 voluntatem
2504 996 2792 1079 generandi
2818 995 2986 1065 ipsius
3011 992 3408 1063 generationem
3433 1006 3571 1061 pra:-

1996 1093 2245 1156 cessisse,
2269 1107 2365 1145 cur
2390 1106 2493 1145 non
2530 1092 2643 1143 hmc
2672 1088 2738 1141 de
2765 1101 2829 1141 eo
2857 1085 2986 1139 dicit
3011 1084 3313 1152 Scriptura,
3337 1082 3477 1136 sicut
3505 1081 3570 1135 de

1997 1183 2116 1238 aliis
2149 1182 2437 1237 creaturis.
2473 1179 2606 1233 Nam
2646 1178 2698 1231 in
2742 1178 2806 1230 iis
2837 1191 2954 1245 quae
2992 1176 3132 1230 Deus
3167 1174 3399 1237 creavit,
3430 1188 3571 1241 prte-

1998 1272 2158 1327 cessit
2180 1269 2448 1333 voluntas,
2473 1279 2530 1322 ut
2555 1269 2605 1321 iu
2634 1267 2721 1320 illo
2748 1284 2759 1319 :
2790 1284 2809 1316 ι
2841 1264 3123 1318 Faciamus
3149 1261 3423 1315 hominem
3449 1259 3516 1311 τ’.
3551 1277 3569 1307 ι

1998 1360 2064 1415 Et
2107 1361 2159 1415 in
2205 1361 2304 1415 hoc
2348 1378 2361 1414 :
2410 1377 2428 1411 ι
2475 1360 2662 1412 Omnia
2708 1372 2825 1426 qua:
2868 1355 3062 1416 voluit,
3095 1352 3308 1406 fecit".
3349 1369 3365 1399 ι
3409 1350 3477 1402 At
3522 1350 3572 1400 in

2000 1451 2177 1506 Verbo
2209 1452 2299 1505 Dei
2326 1450 2467 1504 nulla
2500 1448 2745 1501 voluntas
2781 1455 2872 1500 aut
2908 1444 3191 1499 consilium
3226 1438 3575 1511 praecessisse

2001 1541 2213 1611 legitur.
2231 1540 2336 1594 Sed
2362 1548 2591 1601 tantum,
2610 1538 2750 1606 quod
2774 1545 2907 1599 erat,
2924 1543 2978 1588 et
2997 1544 3067 1587 est
3092 1531 3356 1583 audimus.
3374 1529 3573 1595 Atque,

2001 1640 2059 1693 ut
2085 1631 2155 1683 ita
2184 1629 2357 1683 dicam
2377 1667 2391 1691 ,
2420 1625 2687 1679 naturalis
2713 1623 2828 1691 ejus
2860 1623 3009 1676 locus
3044 1628 3164 1674 erat
3189 1617 3369 1671 Pater.
3396 1614 3576 1680 Quare

2000 1724 2045 1776 si
2108 1724 2158 1775 in
2214 1720 2467 1775 omnibus
2525 1718 2787 1772 creaturis
2842 1714 3173 1769 voluntatem
3233 1707 3578 1780 prtecessisse

2002 1810 2280 1881 Scriptura
2318 1816 2565 1871 testatur,
2594 1807 2658 1861 de
2688 1804 2825 1858 Filio
2852 1814 3025 1856 autem
3056 1801 3189 1855 nihil
3219 1799 3482 1867 ejusmodi
3526 1798 3576 1851 in

2002 1900 2176 1955 sacris
2218 1896 2441 1952 Litteris
2487 1894 2759 1949 invenitur
2806 1911 2819 1945 :
2875 1906 2979 1945 non
3024 1898 3105 1944 est
3154 1903 3285 1957 ergo
3329 1902 3467 1941 unus
3513 1900 3578 1938 ex

2003 1990 2231 2053 creatis,
2265 2002 2436 2056 neque
2480 2001 2546 2039 ex
2589 1984 2861 2038 voluntate
2902 1981 3077 2036 factus
3132 1989 3250 2045 est,
3288 1987 3345 2031 ut
3395 1992 3581 2031 omnes

2004 2090 2295 2145 creaturae,
2330 2092 2392 2130 ex
2444 2075 2603 2130 Patre
2651 2072 2952 2143 procedens
2997 2072 3157 2138 atque
3209 2083 3274 2123 ex
3309 2065 3580 2121 Genitoris

2004 2172 2238 2227 essentia
2259 2208 2273 2236 ,
2300 2171 2366 2224 ab
2392 2178 2594 2223 aeterno
2621 2166 2910 2221 exsistens.

2678 2366 2835 2423 ALIU
2848 2367 2908 2421 Ι).

2076 2483 2275 2537 Paulus
2314 2480 2507 2535 alicubi
2548 2479 2615 2533 de
2658 2477 2948 2533 Servatore
2989 2482 3171 2529 nostro
3235 2472 3453 2527 Christo
3509 2469 3585 2524 ait

2008 2575 2149 2644 quod
2182 2574 2254 2627 sit
2276 2573 2444 2627 virtus
2472 2580 2526 2626 et
2550 2570 2813 2639 sapientia
2840 2569 2956 2622 Dei.
2978 2565 3034 2621 Si
3062 2582 3190 2637 ergo
3214 2572 3297 2619 est
3320 2561 3584 2632 sapientia

2009 2671 2064 2717 et
2095 2664 2337 2733 potentia
2367 2660 2547 2714 Patris
2578 2657 2813 2712 Verbum
2847 2671 2912 2709 ex
2951 2657 3066 2723 ipso
3098 2663 3152 2709 et
3185 2654 3241 2707 in
3278 2653 3396 2720 ipso
3431 2650 3580 2706 exsi-

2010 2760 2179 2813 stens,
2227 2750 2401 2818 ipsum
2429 2749 2593 2802 etiam
2621 2755 2706 2802 est
2732 2747 2787 2800 in
2811 2760 2917 2814 quo
2945 2744 3226 2808 deliberat,
3246 2751 3299 2797 et
3324 2757 3421 2812 per
3442 2740 3584 2809 quod

2010 2841 2188 2919 omnia
2221 2846 2494 2907 operatur.
2525 2837 2807 2902 Quomodo
2842 2834 3007 2903 igitur
3036 2832 3310 2886 voluntate
3342 2829 3424 2883 vel
3456 2828 3589 2882 deli-

2010 2916 2286 2987 beratione
2314 2929 2493 2983 factus
2519 2937 2600 2982 est
2629 2927 2675 2980 is
2706 2927 2758 2978 in
2790 2939 2897 2993 quo
2929 2932 3011 2977 est
3036 2922 3350 2976 deliberatio
3382 2916 3591 2973 Patris?

2011 3017 2113 3069 Aut
2141 3017 2285 3070 enim
2316 3015 2475 3068 aliam
2507 3012 2828 3081 sapientiam
2859 3009 3115 3077 efﬁngere
3144 3022 3363 3062 necesse
3387 3015 3501 3065 est.
3534 3005 3587 3058 in

2013 3121 2114 3174 qua
2154 3104 2460 3159 deliberans
2496 3080 2622 3156 fecit
2654 3101 2888 3163 Filium,
2926 3108 2984 3152 ut
3020 3114 3113 3153 vos
3146 3080 3327 3153 dicitis
3361 3114 3374 3150 :
3416 3107 3509 3149 aut
3542 3096 3619 3157 si,

329 3217 407 3279 ὼς
636 3187 795 3283 φατε,
827 3213 860 3283 ἣ
900 3213 947 3264 εἰ
970 3187 1132 3280 ἑτέρα
1157 3208 1256 3261 οὐκ
1275 3187 1440 3273 ἔστιν,
1470 3206 1585 3259 ἀλλ’
1610 3207 1723 3259 ἐστι
1748 3207 1906 3276 μόνος
1934 3227 1939 3259 ι

2012 3196 2115 3251 alia
2140 3194 2281 3249 nulla
2306 3203 2409 3259 est,
2428 3193 2520 3248 sed
2546 3194 2655 3261 ipse
2682 3201 2765 3246 est
2789 3191 2935 3245 solus
2961 3190 3226 3259 sapientia
3251 3187 3451 3251 Patris,
3475 3188 3589 3255 ipse

331 3308 541 3377 αὑτδςὴ
564 3306 724 3375 σοφία
751 3303 845 3356 τοῦ
874 3301 1106 3372 [ἰατρὸς.
1138 3299 1298 3361 αὐτὸς
1323 3299 1431 3367 ἄρα
1460 3299 1576 3351 ἐστὶ
1597 3300 1691 3352 καὶ
1721 3301 1753 3369 ἠ
1785 3299 1909 3369 βού-

332 3401 505 3469 λησις.
580 3398 667 3449 Ἐν
718 3394 826 3465 γὰρ
880 3392 1040 3462 σοφίᾳ
1091 3391 1307 3453 πάντως
1364 3393 1425 3442 τὸ
1480 3390 1765 3458 βούλεσθαι
1815 3391 1908 3445 τοῦ

332 3490 487 3545 Θεοῦ.
517 3488 628 3544 Καὶ
661 3490 890 3557 μάταιος
939 3485 1068 3554 ὑμῖν
1097 3484 1126 3534 6
1153 3482 1327 3550 λόγος,
1374 3485 1469 3535 καὶ
1512 3482 1667 3535 κενὸν
1697 3481 1913 3553 ἐδείχθη

334 3583 394 3641 τὸ
422 3581 673 3652 ὲπιχείρη
683 3595 778 3650 μα.

815 3690 1019 3753 ΑΛΛΟ,
1055 3690 1143 3754 εὶς
1165 3686 1232 3741 τὸ
1261 3687 1427 3741 αὑτό.

406 3828 521 3881 Οὐκ
541 3828 598 3880 ὲν
622 3827 735 3888 τοῖς
767 3823 1079 3894 γενομένοις
1102 3822 1135 3890 ή
1158 3818 1252 3872 τοῦ
1280 3818 1413 3873 Θεοῦ
1442 3817 1695 3889 βούλησις
1717 3819 1916 3873 ούσιω-

341 3921 475 3992 μένη
499 3917 769 3987 φαίνεται,
805 3914 917 3967 ἀλλ’
958 3912 1145 3983 ’ἐτερόν
1194 3911 1247 3963 τί
1279 3911 1395 3963 ἐστι
1431 3910 1580 3981 παρά
1613 3909 1681 3962 τὰ
1708 3910 1775 3962 διτ
1814 3910 1914 3963 αὑ-

337 4011 437 4080 τῆς
490 4006 805 4075 ποιούμενα.
853 3997 997 4066 Οἷον,
1068 4000 1283 4070 θελήσει
1332 3999 1512 4069 φαμὲν
1544 3998 1796 4067 γενέσθαι
1821 3999 1915 4052 τὸν

336 4099 584 4171 οὐρανὸν,
614 4098 715 4150 οὑκ
744 4094 904 4149 αὑτὸν
928 4089 1066 4145 εἶναι
1096 4091 1193 4162 τὴν
1225 4090 1469 4161 θέλησιν.
1503 4089 1567 4144 Ei
1591 4092 1773 4145 τοίνυν
1802 4090 1918 4160 βου-

338 4191 551 4245 λεύεται
606 4188 704 4259 μὲν
748 4188 807 4238 ὲν
859 4184 1019 4253 σοφίᾳ
1066 4182 1218 4245 Θεὸς,
1268 4182 1364 4235 καὶ
1416 4182 1507 4234 ὅτε
1538 4180 1628 4235 τὸν
1657 4181 1806 4246 Υἰδν,
1841 4181 1916 4245 ὡς

340 4286 498 4355 ὑμεῖς
522 4297 678 4350 φατε.
702 4278 1001 4347 ἀπογεννᾷν
1045 4273 1258 4343 ἤθελεν,
1290 4272 1405 4326 ἔστι
1458 4273 1515 4325 δὲ
1543 4274 1581 4343 ή
1632 4274 1792 4342 σοφία
1822 4273 1914 4326 τοῦ

341 4374 555 4443 Πατρὸς
581 4374 610 4425 6
654 4370 799 4433 Υίὺς,
833 4368 1023 4439 ἑτέραν
1077 4365 1156 4434 τῷ
1188 4366 1361 4434 Πατρὶ
1409 4366 1693 4436 προσεῖναι
1724 4363 1915 4433 σοφίαν

340 4468 574 4536 ἀνάγκη,
601 4467 658 4517 ὲν
684 4456 717 4536 ᾖ
746 4459 1168 4531 βουλευσάμενος
1202 4455 1434 4508 ἁπέτεκε
1463 4454 1551 4507 τὸν
1576 4455 1724 4507 Υἱόν.
1770 4455 1832 4505 Εἰ
1861 4454 1916 4507 δὲ

2010 3301 2222 3357 quoque
2256 3285 2501 3340 voluntas
2535 3282 2650 3350 ejus
2682 3290 2786 3337 est.
2813 3281 2948 3335 Nam
2983 3282 3035 3335 in
3070 3280 3333 3349 sapientia
3366 3278 3588 3332 omnino

2010 3375 2256 3430 voluntas
2279 3372 2374 3426 Dei
2404 3369 2669 3425 consistit.
2696 3368 2872 3438 Atque
2906 3368 2977 3422 ita
3008 3366 3184 3421 inanis
3209 3381 3272 3420 ac
3298 3379 3435 3418 vana
3465 3379 3589 3421 esse

2010 3474 2190 3521 vestra
2210 3464 2348 3519 ratio
2369 3461 2726 3529 frivolumque
2750 3466 3131 3530 argumentum
3160 3457 3485 3511 ostenditur.

2523 3662 2757 3728 ALIUD,
2784 3662 2847 3715 de
2869 3661 3068 3715 eodem.

2085 3799 2343 3855 Voluntas
2370 3797 2474 3853 Dei
2494 3812 2601 3851 non
2633 3803 2721 3850 est
2748 3797 2800 3849 in
2830 3794 3026 3848 creatis
3054 3801 3329 3858 concreta,
3361 3796 3454 3846 sed
3483 3790 3590 3844 alia

2013 3903 2097 3949 est
2127 3893 2193 3946 ab
2228 3892 2294 3945 iis
2328 3905 2447 3959 quae
2482 3903 2576 3957 per
2606 3902 2725 3941 eam
2759 3885 2899 3940 facta
2939 3888 3083 3939 sunt.
3114 3884 3353 3953 Exempli
3390 3883 3585 3951 gratia,

2014 3983 2207 4038 caelum
2246 3981 2524 4036 voluntate
2566 3979 2764 4032 factum
2809 3990 2927 4030 esse
2975 3975 3236 4039 dicimus,
3271 3988 3375 4028 nou
3419 3972 3590 4042 ipsum

2015 4091 2135 4131 esse
2160 4058 2513 4129 voluntatem.
2535 4070 2591 4125 Si
2620 4085 2749 4140 ergo
2776 4069 2828 4121 in
2854 4068 3115 4135 sapientia
3143 4065 3402 4119 deliberat
3429 4064 3589 4127 Deus,

2016 4169 2175 4222 etiam
2204 4167 2417 4237 quando
2445 4165 2663 4230 Filium,
2686 4171 2743 4216 ut
2766 4176 2861 4215 vos
2891 4161 3091 4222 dicitis,
3119 4171 3375 4227 generare
3398 4156 3585 4217 voluit,

2018 4259 2122 4329 52
2150 4258 2316 4312 Filius
2342 4271 2467 4311 vero
2494 4265 2577 4309 est
2602 4252 2863 4323 sapientia
2892 4251 3069 4305 Patris
3092 4248 3139 4279 ⁷⁸
3171 4268 3184 4302 :
3229 4248 3591 4302 necessarium

2013 4353 2172 4421 plane
2211 4360 2297 4404 est
2336 4350 2559 4403 alteram
2602 4348 2777 4402 inesse
2815 4345 2961 4399 Patri
3002 4342 3355 4413 sapientiam,
3390 4342 3439 4394 in
3486 4357 3595 4410 qua

2018 4443 2321 4497 deliberans
2355 4441 2538 4510 genuit
2570 4439 2792 4493 Filium.
2830 4439 2902 4491 At
2940 4450 3062 4490 cum
3100 4435 3152 4487 id
3188 4433 3413 4503 impium
3448 4434 3592 4487 dictu

337 4524 495 4613 τοῦτο
530 4524 717 4623 λέγειν
739 4524 934 4613 ἀσεϐὲς
959 4550 977 4618 (
998 4524 1077 4611 εἷς
1109 4546 1217 4618 γὰρ
1247 4545 1377 4609 Υἱὸς
1407 4544 1498 4597 τοῦ
1536 4544 1691 4609 Θεοῦ,
1728 4546 1821 4597 καὶ
1851 4545 1911 4597 οὐ

2017 4536 2089 4589 sit
2137 4534 2300 4602 (unus
2342 4533 2485 4586 enim
2531 4539 2615 4586 est
2657 4529 2825 4584 Filius
2871 4526 2999 4590 Dei,
3031 4541 3135 4581 non
3182 4527 3320 4587 duo,
3357 4540 3477 4579 cum
3526 4524 3599 4579 sit

339 4652 453 4715 δύο,
486 4648 645 4718 σοφία
669 4644 761 4699 τοῦ
787 4642 999 4714 Πατρδς
1026 4639 1283 4707 ὑπάρχων
1307 4636 1335 4686 ὁ
1377 4634 1471 4689 τοῦ
1501 4634 1634 4687 Θεοῦ
1664 4632 1871 4704 Λόγος)
1896 4673 1910 4698 ν

341 4737 500 4802 αὑτός
531 4738 678 4789 ἐστιν
702 4737 729 4788 ὁ
759 4734 827 4787 δι’
857 4725 919 4784 οὗ
945 4729 1163 4783 πάντων
1210 4727 1243 4796 ή
1289 4723 1540 4794 βούλησις
1577 4723 1804 4791 γίνεται.

1036 4839 1238 4893 AAAO.

414 4958 535 5013 Τῶν
560 4959 619 5010 ἐν
646 4954 823 5028 χρόνῳ
862 4952 1186 5021 γεγονότων,
1241 4948 1562 5018 προηγεῖται
1609 4943 1825 5006 πάντως
1856 4944 1916 4995 τὸ

347 5048 691 5122 βουλεύεσθαί
719 5064 772 5099 τι
793 5043 922 5114 περὶ
943 5040 1141 5095 αὑτῶν.
1195 5040 1255 5091 Εἰ
1301 5038 1482 5091 τοίνυν
1546 5034 1793 5105 βουλήσει
1823 5052 1916 5102 γε-

342 5144 588 5211 γένηται,
619 5136 738 5191 καθ’
764 5137 928 5206 ὑμᾶς,
957 5135 984 5185 6
1014 5131 1159 5192 Υἱὸς,
1204 5127 1621 5199 προηγουμένην
1676 5123 1789 5194 ἕχει
1824 5123 1916 5175 καὶ

345 5235 508 5297 αὐτὸς
563 5232 661 5300 τὴν
713 5226 839 5297 περὶ
892 5221 1057 5278 αὑτοῦ
1118 5219 1400 5291 βούλησιν,
1460 5216 1647 5286 ὥσπερ
1696 5213 1790 5266 καὶ
1848 5213 1918 5266 τά

349 5329 652 5396 ποιήματα.
696 5321 807 5375 Καὶ
851 5318 951 5371 οὑκ
991 5312 1060 5387 ἦν
1104 5330 1253 5367 ποτε.
1298 5311 1407 5364 Καὶ
1445 5309 1695 5378 ψεύδεται
1741 5306 1918 5373 λέγων

361 5419 613 5487 Ἰωάννης
643 5415 772 5486 περὶ
797 5408 981 5466 αὐτοῦ’
1042 5426 1060 5456 ‹
1110 5406 1198 5459 Ἐν
1226 5406 1366 5475 ἀρχῇ
1408 5398 1474 5471 ἦν
1499 5404 1526 5453 6
1570 5400 1759 5466 Λόγος.
1798 5416 1816 5447 ι
1856 5398 1918 5450 Εἰ

350 5510 457 5581 γὰρ
483 5508 583 5560 οὐκ
609 5502 699 5576 ἦν,
719 5502 839 5557 καθ’
873 5501 1037 5571 ὑμᾶς,
1072 5497 1188 5559 πῶς
1217 5498 1245 5548 6
1281 5490 1671 5561 εὑαγγελιστὴς
1699 5488 1921 5560 ἀληθεύ-

353 5580 435 5653 σει
462 5594 690 5663 τδ,’Ἦν,
709 5592 858 5662 αὐτῷ
892 5586 1221 5662 περιτιθείς;
1262 5584 1398 5637 Ἀλλ’
1419 5583 1517 5653 οὑχ
1540 5584 1688 5652 ὑμῖν,
1731 5580 1921 5651 ἐκείνῳ

421 5776 467 5810 τ’
511 5774 705 5830 Jerem.
746 5787 901 5837 χχιιι,
940 5770 1025 5824 Ili.
1104 5770 1148 5799 ⁷³
1179 5766 1312 5821 Gen.
1363 5780 1398 5829 I,
1438 5762 1524 5816 i6.

2019 4624 2275 4694 sapientia
2326 4623 2501 4676 Patris
2551 4621 2642 4675 Dei
2686 4618 2975 4690 Verbum),
3010 4618 3124 4687 ipse
3168 4625 3251 4671 est
3295 4631 3389 4686 per
3436 4629 3595 4685 quem

2019 4718 2257 4771 omnium
2297 4715 2612 4770 deliberatio
2646 4713 2722 4767 ﬁt.

2705 4822 2929 4879 ALIUD.

2093 4941 2222 5007 Quae
2270 4941 2320 4994 in
2376 4950 2616 5009 tempore
2659 4940 2799 4994 facta
2851 4946 3006 5000 sunt,
3051 4934 3368 4991 deliberatio
3420 4933 3486 4987 de
3530 4932 3597 4986 iis

2024 5032 2278 5087 faciendis
2307 5033 2527 5085 omnino
2557 5029 2853 5100 praecessit.
2878 5029 2932 5083 Si
2963 5042 3090 5097 ergo
3115 5024 3391 5079 voluntate
3420 5022 3592 5078 factus

2024 5134 2125 5189 cst,
2154 5134 2213 5178 ut
2235 5139 2331 5177 vos
2359 5124 2618 5183 statuitis,
2646 5122 2832 5184 Filius,
2857 5132 3002 5175 certe
3040 5119 3201 5173 etiam
3238 5116 3305 5169 de
3333 5129 3415 5180 eo,
3442 5122 3501 5169 ut
3526 5115 3592 5168 de

2024 5215 2317 5277 creaturis,
2361 5214 2670 5267 deliberatio
2722 5211 3074 5280 pra‘cesserit.
3127 5207 3301 5276 Atque
3356 5207 3427 5260 ita
3487 5205 3592 5260 ali-

2026 5306 2240 5375 quando
2285 5318 2389 5358 non
2433 5311 2568 5356 erat.
2604 5302 2668 5355 Et
2709 5301 2965 5355 mentitur
3006 5298 3246 5354 Joannes
3297 5299 3483 5354 dicens
3528 5297 3599 5350 de

2027 5412 2091 5451 eo
2126 5414 2138 5448 :
2177 5415 2193 5445 ι
2235 5394 2288 5447 ln
2329 5392 2592 5461 principio
2619 5400 2735 5445 erat
2761 5392 2991 5446 Verbum
3016 5392 3082 5445 7".
3114 5410 3133 5443 ›
3169 5390 3223 5443 Si
3254 5388 3596 5457 enim,juxta

2029 5498 2259 5542 vestram
2291 5486 2620 5555 opinionem,
2644 5498 2748 5536 non
2778 5492 2913 5546 erat,
2939 5499 3045 5553 quo
3077 5493 3231 5552 pacto
3263 5480 3593 5552 evangelista

2029 5594 2154 5635 vere
2180 5578 2340 5643 dicet,
2367 5592 2485 5633 cum
2519 5576 2639 5641 hoc,
2666 5586 2801 5641 erat,
2828 5574 2875 5629 ei
2916 5575 3150 5628 tribuat?
3181 5575 3247 5628 At
3280 5589 3385 5629 non
3420 5572 3592 5634 vobis,

1606 5762 1647 5790 ⁷³
1691 5759 1831 5815 Psal.
1872 5772 2089 5825 cxxxw,
2126 5756 2175 5809 G.
2254 5753 2299 5784 τ’*
2342 5753 2359 5807 I
2397 5754 2521 5809 Cor.
2567 5768 2601 5815 ι,
2642 5752 2733 5807 ⁸24.
2803 5750 2848 5781 ⁷⁵
2871 5752 3023 5805 .Ι‹›;ιιι.
3056 5767 3093 5814 ι,
3124 5750 3169 5804 I.
