4144 6532
249 354 320 413 89
1655 356 2101 415 THESAURUS.
3440 354 3515 412 90

248 475 317 529 Εἷ
344 492 429 539 τις
456 469 550 529 οὖν
573 476 723 544 λέγοι
750 478 911 547 τυχὸν
937 478 1029 533 ἐπε
1057 494 1201 542 τινος
1254 476 1362 531 τῶν
1413 476 1718 551 ἀνθρώπων
1747 476 1829 531 ὅτι

1944 483 2084 531 tasse
2148 474 2292 531 dicat
2370 477 2436 531 de
2498 475 2679 545 aliquo
2745 475 3024 533 hominum
3085 473 3230 543 quod
3313 481 3512 541 praeter

251 568 406 636 παρά
465 567 721 639 βούλησιν
771 569 928 640 ἔσχεν
974 569 1130 631 υἱὸν.
1177 571 1253 641 μὴ
1298 571 1458 635 εὐθὺς
1510 572 1604 623 ἐπὶ
1664 569 1724 623 τὸ
1770 567 1829 633 ἐξ

253 657 502 727 ἀνάγκης
538 658 797 728 τρεχέτω·
834 660 893 711 οὑ
924 658 1033 730 γάρ
1074 660 1138 715 ἐκ
1171 679 1315 725 τινος
1353 662 1598 732 ἀνάγκης
1630 661 1787 731 ἔσχεν
1812 677 1825 691 ’

1932 662 2149 719 sitatem
2214 660 2495 732 conl‘ugiat
2544 679 2557 715 :

1936 570 2264 625 voluntatem
2327 568 2495 623 [ilium
2563 571 2773 634 habuit,
2841 584 2908 623 ne
2964 569 3149 622 statim
3200 565 3265 621 ad
3320 579 3509 620 neces-

2629 675 2805 730 neque
2861 662 3006 714 enim
3060 658 3371 714 necessario
3426 657 3519 711 ha-

248 746 366 799 om
400 749 579 818 ὁράτω
604 749 805 817 μᾶλλον
834 751 915 803 δτι
946 752 1053 805 τῶν
1080 754 1143 806 ἐκ
1172 753 1384 821 φύσεως
1407 754 1466 805 οὑ
1500 755 1825 825 προηγεῖται

1944 755 2081 821 ltuit,
2135 752 2227 809 sed
2290 754 2471 823 potius
2522 753 2823 823 intelligat,
2877 752 2931 805 in
3005 748 3340 804 naturalibus
3409 763 3516 803 non

254 836 525 908 βούλησις.
572 839 745 893 Ἐκὼν
767 844 875 913 γάρ
903 860 988 907 τις
1042 846 1224 915 γεννᾷ,
1267 845 1523 915 οὐδεμιᾶς
1551 846 1679 916 περὶ
1711 845 1832 899 τοὺ-

1934 846 2237 918 przecedere
2270 846 2734 900 deliberationem.
2793 843 2999 913 Sponte
3048 842 3195 896 enim
3244 841 3516 911 quispiam

250 945 343 981 του
372 931 788 1003 προηγουμένης
823 932 1151 1003 βουλήσεως.
1193 936 1445 1006 Θελητῶς
1485 933 1577 990 οὖν
1602 938 1711 1008 ἄρα
1738 936 1833 991 καὶ

1944 948 2175 1009 generat,
2196 939 2336 992 nulla
2364 938 2757 993 deliberatione
2782 935 3146 1006 praecedente.
3179 932 3383 1000 Sponte
3408 932 3517 1003 igi-

251 1021 562 1091 ἀ6ουλήτως
584 1023 819 1096 ὑπάρχει
844 1028 937 1079 καὶ
960 1029 988 1080 6
1014 1028 1184 1096 Λόγος
1225 1030 1281 1082 ὲν
1316 1028 1394 1098 τῷ
1416 1030 1611 1101 Πατρὶ,
1645 1028 1834 1101 ὥσπερ

249 1114 396 1167 ἐστὶν
424 1116 479 1167 ὲν
513 1115 786 1187 ἀνθρώπῳ
812 1119 873 1172 τὸ
896 1119 955 1186 ἐξ
987 1120 1183 1175 ἑαυτοῦ
1219 1121 1453 1175 παιδίον.

942 1326 1146 1380 ΑΛΛΟ.

325 1431 387 1486 EI
420 1434 561 1487 κατὰ
595 1434 755 1504 φύσιν
789 1436 992 1504 ἁγαθός
1043 1440 1189 1491 ἐστιν
1220 1441 1247 1491 6
1278 1440 1409 1502 Θεὸς
1455 1440 1555 1493 καὶ
1605 1440 1794 1511 Πατὴρ
1818 1478 1834 1504 ,

250 1524 353 1578 οὑκ
380 1526 443 1578 ἑκ
471 1525 796 1596 βουλήσεως,
836 1530 923 1582 ἵνα
959 1530 1033 1599 μὴ
1080 1531 1340 1602 φαίνηται
1380 1533 1589 1602 χρόνος,
1620 1534 1708 1586 ὅτε
1738 1534 1839 1586 οὑκ

250 1611 319 1687 ἦν
343 1616 522 1681 τοῦτο,
566 1618 685 1672 καθ’
742 1619 801 1671 ὃν
830 1615 897 1690 ἦν
933 1620 1205 1694 βούλησις.
1254 1623 1314 1675 οὑ
1374 1623 1632 1695 βουλήσει
1675 1625 1838 1694 γεννᾷ

251 1708 344 1760 τὸν
382 1709 544 1774 Υἱὸν,
587 1710 723 1765 ἀλλὰ
774 1710 953 1779 φύσει.
995 1713 1201 1784 Πρέπει
1262 1715 1370 1786 γὰρ
1426 1716 1628 1786 μᾶλλον
1680 1714 1839 1769 τοῦτο

251 1800 318 1854 αὑ
328 1798 421 1870 τῷ.

948 1918 1154 1972 AAAO.

331 2026 666 2101 Ἐρωτητέον
706 2033 831 2095 τοὺς
879 2032 1301 2104 χριστομάχους,
1334 2034 1382 2085 εἰ
1434 2030 1597 2094 αὑτὸς
1645 2032 1674 2084 6
1731 2028 1827 2082 τοῦ

247 2118 424 2188 Λόγου
459 2122 651 2193 Πατὴρ
680 2125 743 2175 ὲκ
773 2123 1082 2194 βουλήσεως
1110 2125 1366 2193 ὑπάρχει,
1396 2122 1429 2193 ἢ
1459 2122 1609 2193 παρὰ
1644 2120 1836 2190 βούλη-

247 2228 333 2266 σιν
360 2213 577 2268 ἑαυτοῦ.
633 2215 696 2267 Εἰ
729 2215 828 2283 μὲν
857 2212 948 2269 οὖν
980 2219 1044 2269 ἐκ
1094 2216 1421 2286 βουλήσεως,
1471 2214 1834 2286 προηγεῖσθαι

245 2304 301 2356 δὲ
327 2305 542 2375 ἀνάγκη
576 2307 676 2376 τῆς
733 2308 1021 2378 ὑπάρξεως
1064 2307 1165 2378 τὴν
1220 2307 1497 2378 βούλησιν,
1553 2305 1744 2358 σιωπῶ
1772 2307 1837 2358 τὸ

247 2393 550 2465 δύσφημον
575 2398 623 2448 εἰ
645 2395 701 2448 δὲ
728 2398 879 2468 παρὰ
904 2398 1177 2468 βούλησιν,
1199 2397 1256 2462 ἐξ
1282 2397 1526 2466 ἀνάγκης
1548 2396 1655 2466 ἄρα
1679 2394 1838 2447 τοῦτό

250 2486 417 2550 ἐστιν,
457 2487 593 2557 ὅπερ
632 2488 887 2559 ὑπάρχει.
922 2489 1031 2542 Καὶ
1061 2488 1143 2551 τίς
1169 2491 1195 2542 6
1234 2488 1332 2557 τὴν
1356 2489 1602 2556 ἀνάγκην
1630 2487 1837 2549 ἐπιθεὶς

248 2576 440 2645 αὑτῷ;
479 2580 542 2631 Εἰ
566 2580 621 2633 δὲ
662 2581 897 2652 ὑπάρχει
932 2580 1030 2652 μὲν
1069 2583 1096 2635 6
1142 2580 1351 2651 Πατὴρ,
1400 2580 1500 2632 οὑκ
1549 2582 1611 2632 ὲκ
1642 2578 1839 2650 βουλή-

250 2684 391 2732 σεως
418 2671 496 2733 δὲ,
520 2670 642 2725 οὔτε
676 2674 783 2743 μὴν
815 2674 965 2744 παρὰ
995 2672 1271 2743 βούλησιν,
1304 2675 1333 2725 6
1376 2671 1539 2733 αὐτὸς
1568 2672 1839 2740 κρατείτω

245 2758 401 2829 λόγος
435 2763 892 2834 ἀπεριεργάστως
923 2767 1014 2818 καὶ
1077 2767 1163 2834 ἐφ’
1189 2764 1342 2817 Υἱοῦ.
1400 2763 1704 2827 Ἐξετάζειν
1734 2765 1840 2833 γάρ

245 2855 315 2909 τὰ
351 2854 579 2908 τοιαῦτα
608 2856 995 2925 ῥιψοκινδύνως
1016 2858 1113 2911 οὑκ
1139 2855 1455 2909 ἀκόλουθον.
1482 2853 1601 2923 Χρὴ
1626 2854 1681 2905 δὲ
1713 2854 1841 2923 μᾶλ-

245 2946 339 3001 λον
357 2946 655 3011 ἀκούοντας
690 2948 819 3021 περὶ
850 2948 985 3001 Θεοῦ
1035 2949 1255 3008 εἰδέναι,
1284 2949 1367 3000 ὅτι
1414 2948 1577 3008 αὐτὰ
1607 2947 1756 2997 ἐστιν
1807 2949 1838 2998 ὀ

246 3040 355 3107 ὢν,
383 3040 482 3094 οὑκ
539 3042 714 3112 ἀρχήν
746 3059 867 3094 τινα
910 3041 1001 3094 τοῦ
1062 3037 1202 3094 εἶναι
1253 3040 1456 3103 λαϐὼν,
1509 3038 1623 3091 ἀλλ’
1673 3038 1839 3099 αὑτὸς

248 3134 361 3197 τοῖς
393 3132 571 3196 ἄλλοις
598 3132 740 3205 ἁρχὴ
772 3132 865 3186 τοῦ
902 3127 1040 3186 εἶναι
1070 3133 1376 3203 γενόμενος.

712 3336 919 3400 ΑΛΛΟ,
949 3333 1410 3403 διηγηματικῶς.

326 3448 562 3501 ’Ἄτοπον
592 3448 799 3518 σφόδρα
836 3448 928 3501 καὶ
962 3448 1300 3502 ἐπικίνδυνον
1350 3452 1435 3519 ἐφ’
1478 3450 1608 3503 Υἱοῦ
1661 3450 1841 3514 λέγειν

249 3539 333 3601 τὸ,
364 3540 623 3611 Βουλήσει
649 3540 758 3611 ἄρα
785 3540 818 3610 ἢ
855 3541 1003 3610 παρὰ
1027 3540 1286 3612 βοὺλησιν
1323 3541 1612 3611 ἐγεννήθη.
1633 3542 1692 3593 '0
1732 3542 1839 3613 γὰρ

250 3631 352 3683 οὑκ
372 3632 437 3683 ὲκ
465 3629 772 3701 βουλήσεως
809 3631 1071 3701 ὑπάρχων
1104 3630 1257 3695 Θεὸς,
1289 3632 1391 3684 οὑκ
1421 3633 1483 3683 ὲκ
1533 3630 1841 3702 βουλήσεως

253 3719 495 3789 ἔχειτὸν
552 3719 617 3771 ὲκ
657 3719 754 3790 τῆς
806 3719 994 3783 οὑσίας
1056 3719 1219 3774 αὑτοῦ
1280 3719 1616 3790 προελθόντα
1647 3720 1839 3789 Λόγον,

253 3809 391 3865 ἀλλὰ
430 3809 696 3879 φυσικῶς.
739 3812 838 3880 Ετη
875 3812 982 3882 γάρ
1012 3811 1105 3864 καὶ
1135 3808 1307 3873 οὑτως
1338 3810 1502 3864 εἰκὼν
1526 3810 1693 3865 αὑτοῦ
1746 3810 1842 3864 καὶ

253 3902 542 3974 χαρακτὴρ
572 3902 631 3955 οὑ
661 3903 1068 3973 διεψευσμένος.

944 4015 1150 4070 ΑΛΛΟ.

323 4123 388 4175 Et
418 4122 673 4193 βούλησις
703 4125 796 4179 καὶ
818 4125 1008 4195 σκέψις
1042 4129 1368 4197 προηγεῖται
1408 4128 1508 4198 τῆς
1549 4127 1841 4199 ὑπάρξεως

251 4214 348 4267 τοῦ
379 4214 531 4280 Υιοῦ,
565 4216 669 4270 ὁδὲ
700 4216 830 4281 Υἱὸς
859 4219 1019 4287 σοφία
1076 4220 1167 4272 καὶ
1216 4220 1389 4288 Λόγος
1434 4221 1551 4272 ἐστὶ
1589 4219 1683 4272 τοῦ
1732 4220 1843 4272 Πα-

251 4310 406 4380 τρδς,
434 4308 553 4373 πῶς
583 4307 831 4362 ὲδοὺλετο
850 4311 878 4362 6
902 4311 1032 4375 Θεὸς
1055 4312 1247 4381 ἄλογός
1276 4330 1335 4366 τε
1361 4314 1453 4366 καὶ
1508 4314 1711 4383 άσοφος
1740 4313 1839 4380 ὣν,

254 4401 380 4456 καθ’
408 4403 586 4471 ὑμᾶς;
619 4401 785 4456 Οὔπω
816 4402 925 4475 γάρ
956 4399 1023 4474 ἦν
1043 4406 1071 4458 6
1102 4404 1248 4469 Υἱὸς,
1285 4406 1365 4459 ἔτι
1390 4408 1489 4477 τῆς
1515 4408 1645 4477 περὶ
1668 4406 1837 4461 αὑτοῦ

252 4493 549 4563 γινομένης
605 4494 867 4564 σκέψεως.
927 4494 1050 4559 Πῶς
1087 4496 1144 4549 δὲ
1175 4497 1274 4550 οὑκ
1329 4498 1528 4552 ἄτοπον
1560 4499 1835 4570 εἰσφέρειν

1938 1044 2025 1088 tur
2049 1042 2104 1088 et
2130 1033 2268 1089 citra
2324 1031 2775 1087 deliberationem
2815 1040 2895 1086 est
2941 1027 3175 1084 Verbum
3229 1026 3284 1082 in
3335 1021 3516 1088 Pa’tre,

1937 1126 2388 1197 quemadmodum
2421 1134 2505 1179 est
2544 1124 2598 1180 iu
2632 1122 2853 1180 homine
2873 1122 2990 1189 ejus
3024 1119 3227 1175 oroles.

2621 1314 2851 1374 ALIUD.

2013 1436 2068 1489 Si
2104 1434 2423 1489 naturaliter
2448 1434 2621 1490 bonus
2652 1443 2737 1490 est
2787 1435 2929 1490 Deus
2980 1448 3041 1487 ac
3066 1431 3245 1491 Pater.
3277 1448 3383 1484 non
3451 1445 3517 1485 ex

1941 1529 2233 1595 voluntate,
2265 1544 2331 1583 ne
2354 1527 2599 1581 videatur
2616 1527 2835 1597 aliquod
2864 1533 3077 1596 tempus
3115 1525 3280 1577 luisse
3308 1525 3526 1592 quando

1942 1622 2043 1677 hoc
2074 1622 2248 1690 ipsum
2290 1634 2393 1675 non
2423 1620 2637 1683 erat,in
2662 1634 2769 1689 quo
2804 1617 2969 1672 ﬁebat
3003 1616 3346 1678 deliberatio,
3413 1630 3518 1667 non

1942 1713 2217 1767 voluntate
2242 1720 2464 1780 generat
2497 1710 2714 1774 Filium,
2744 1710 2839 1765 sed
2871 1716 3088 1764 natura.
3124 1706 3237 1762 Hoc
3273 1707 3418 1761 enim
3471 1705 3522 1759 ei

1872 1832 1913 1887 Β
1943 1804 2351 1862 comenicntius
2377 1811 2479 1859 est.

2611 1914 2841 1972 ALIUD.

1999 2031 2369 2102 Interrogandi
2406 2039 2533 2086 sunt
2562 2030 2747 2085 hostes
2782 2026 3014 2090 Christi,
3048 2043 3179 2080 num
3226 2026 3343 2096 ipse
3365 2024 3527 2079 Verbi

1938 2127 2097 2181 Pater
2131 2128 2406 2181 voluntate
2435 2124 2686 2189 exsistat,
2722 2140 2788 2177 an
2832 2132 3028 2192 prteter
3072 2138 3227 2177 suam
3284 2120 3527 2174 volunta-

1942 2219 2083 2273 tem?
2113 2217 2243 2271 Nam
2278 2220 2320 2272 si
2352 2232 2418 2271 ex
2454 2216 2758 2278 voluntate,
2789 2223 2843 2268 et
2877 2228 3101 2267 necesse
3146 2223 3228 2267 est
3283 2212 3530 2267 voluntao

1940 2320 2046 2366 tem
2082 2310 2318 2378 priorem
2348 2307 2517 2361 fuisse
2554 2304 2894 2369 exsistentia,
2955 2313 3110 2358 taceo
3136 2302 3533 2373 blasphemiam

1938 2417 2059 2473 quae
2087 2400 2211 2455 inde
2239 2383 2531 2469 sequetur;
2556 2399 2598 2452 si
2631 2408 2830 2466 praeter
2849 2396 3207 2457 voluntatem,
3239 2408 3305 2447 ex
3338 2407 3529 2446 neces-

1939 2493 2100 2548 sitate
2132 2492 2297 2560 igitur
2324 2500 2409 2545 est
2457 2490 2509 2543 id
2535 2489 2677 2557 quod
2731 2500 2837 2543 est.
2874 2488 2945 2541 At
2970 2486 3092 2555 quis
3141 2485 3190 2540 ei
3232 2487 3531 2539 necessita-

1943 2595 2050 2640 tem
2080 2582 2364 2653 imposuit?
2387 2580 2495 2652 54
2529 2582 2584 2637 Si
2608 2596 2733 2636 vero
2792 2580 3008 2634 exsistit
3073 2578 3290 2648 quidem
3344 2574 3527 2638 Pater,

1942 2689 2117 2744 neque
2143 2688 2209 2727 ex
2238 2674 2535 2738 voluntate,
2579 2688 2751 2741 neque
2799 2683 2997 2740 prmter
3051 2669 3409 2735 voluntatem,
3438 2682 3531 2722 ea-

1942 2770 2063 2820 dem
2096 2779 2229 2819 sane
2270 2764 2406 2819 ratio
2433 2764 2677 2818 obtineat
2705 2764 2868 2817 etiam
2888 2762 2940 2815 in
2969 2761 3126 2816 Filio.
3169 2760 3353 2829 Neque
3385 2761 3532 2815 enim

1943 2856 2057 2910 haec
2099 2855 2259 2909 nimis
2303 2856 2561 2909 audacter
2592 2865 2645 2907 et
2676 2852 2970 2907 temerarie
3017 2852 3341 2921 inquirenda
3382 2858 3528 2905 sunt.

1943 2948 2055 3003 lloc
2087 2961 2214 3000 vero
2238 2947 2435 3014 potius,
2461 2961 2587 3000 cum
2622 2946 2686 2999 de
2709 2947 2818 2998 Deo
2856 2945 3061 3014 agitur,
3100 2943 3393 2997 tenendum
3421 2952 3533 3007 est,

1944 3040 2117 3107 ipsum
2140 3052 2259 3092 esse
2284 3038 2371 3105 qui
2397 3048 2493 3100 est,
2528 3037 2730 3105 quique
2763 3034 2970 3089 nullum
3010 3036 3173 3089 habet
3231 3033 3534 3091 exsistendi

1949 3130 2298 3198 principium,
2325 3129 2420 3184 sed
2447 3128 2671 3198 reliquis
2707 3128 2965 3183 omnibus
3030 3127 3248 3184 essendi
3307 3126 3530 3183 initium

1876 3214 1917 3271 C
1952 3220 2117 3276 dedit.

2286 3333 2521 3397 ALIUD,
2549 3334 2619 3386 ad
2647 3333 2721 3387 rei
2747 3332 3176 3403 explicationem.

2013 3448 2319 3502 Absurdunt
2344 3456 2400 3503 et
2427 3448 2786 3517 periculosum
2813 3446 2983 3503 estde
3004 3445 3142 3502 Filio
3192 3447 3374 3503 dicere
3404 3463 3417 3501 :
3453 3447 3533 3503 Ex

1945 3541 2223 3596 voluntate
2244 3548 2337 3595 aut
2380 3549 2579 3610 praeter
2638 3541 2973 3595 voluntatem
3027 3539 3203 3595 factus
3256 3550 3360 3596 est.
3431 3540 3533 3606 Qui

1943 3631 2088 3687 enim
2114 3648 2217 3687 non
2248 3646 2313 3686 ex
2348 3631 2627 3687 voluntate
2656 3631 2877 3687 exsistit
2905 3629 3074 3695 Dens,
3109 3645 3215 3684 non
3248 3645 3313 3684 ex
3338 3629 3537 3685 volun-

1947 3735 2057 3779 tate
2080 3725 2233 3779 habet
2274 3725 2506 3779 Verbum
2530 3728 2672 3794 quod
2701 3739 2768 3778 ex
2810 3723 2930 3793 ejus
2963 3722 3203 3777 essentia
3247 3725 3535 3789 processit,

1944 3818 2037 3872 sed
2082 3815 2421 3870 naturaliter.
2462 3815 2537 3869 Ita
2563 3815 2708 3869 enim
2745 3814 2926 3885 imago
2952 3812 3072 3884 ejus
3130 3822 3185 3868 et
3240 3814 3534 3869 character

1946 3923 2072 3963 vere
2107 3907 2268 3963 fuerit
2300 3908 2371 3962 ⁷⁸.

2616 4015 2846 4072 ALIUD.

2018 4130 2074 4184 Si
2110 4130 2359 4185 voluntas
2390 4139 2445 4184 et
2484 4128 2804 4185 deliberatio
2837 4129 2957 4185 Filii
2995 4129 3370 4185 exsistentiam
3405 4144 3540 4199 prae-

1949 4223 2114 4290 cedit,
2153 4220 2320 4276 Filius
2353 4232 2536 4275 autem
2566 4222 2932 4290 estsapientia
2962 4235 3015 4275 et
3067 4219 3302 4276 Verbum
3338 4220 3540 4285 Patris,

1945 4329 2053 4383 quo
2096 4323 2254 4384 pacto
2283 4313 2602 4369 deliberavit
2658 4312 2839 4377 Pater,
2904 4310 3083 4367 Verbo
3141 4324 3196 4368 et
3250 4313 3539 4383 sapientia,

1941 4406 2099 4476 juxta
2139 4415 2381 4461 vestram
2417 4407 2766 4469 sententiam,
2787 4405 3018 4460 carens?
3046 4404 3231 4474 Neque
3264 4405 3410 4458 enim
3435 4405 3539 4459 ad-

1950 4498 2051 4552 huc
2074 4505 2189 4551 erat
2216 4496 2405 4561 Filius,
2433 4511 2553 4551 cum
2590 4497 2767 4552 adhuc
2781 4498 2846 4550 de
2872 4511 2937 4550 eo
2964 4495 3374 4550 deliberaretur.
3420 4494 3542 4562 Quo

254 4560 392 4654 περὶ.
418 4560 613 4638 ἑαυτοῦ
650 4560 1033 4656 βοδλευόμενον
1054 4588 1147 4640 τὸν
1182 4589 1423 4660 Πατέρα,
1451 4560 1680 4662 πότερόν
1709 4560 1838 4646 ποτε

1946 4598 2104 4661 pacto
2142 4602 2270 4643 vero
2304 4602 2408 4642 non
2456 4589 2750 4643 absurdum
2811 4586 2978 4641 fuerit
3030 4588 3286 4642 inducere
3324 4586 3541 4642 Patrem

255 4675 363 4747 χρὴ
391 4676 584 4744 σοφίαν
608 4676 752 4747 ἔχειν
808 4678 901 4731 καὶ
951 4678 1217 4751 Λόγον,ἥ
1276 4682 1381 4751 μή;
1446 4682 1841 4753 Παραιτείσθαι

254 4767 546 4839 τοιγαροῦν
569 4769 869 4837 ἀναγκαῖον
891 4770 988 4833 τὰς
1018 4771 1375 4836 ἀπαιδεύτους
1405 4773 1514 4827 τῶν
1543 4776 1842 4847 χριστομά-

256 4874 369 4928 χων
400 4860 709 4929 προτάσεις,
743 4860 804 4913 οὑ
839 4861 1042 4934 σφόδρα
1097 4862 1457 4918 διατείνεσθαι
1494 4866 1629 4936 πρὸς
1653 4867 1713 4920 τὸ
1751 4868 1845 4922 άν-

254 4950 492 5019 τιλέγειν
516 4951 726 5015 αὑταῖς.

692 5157 896 5222 AAAO,
957 5158 1413 5227 διηγηματικῶς.

336 5267 435 5321 Διὰ
464 5266 673 5321 πολλῶν
696 5269 799 5339 ήδη
831 5269 1096 5323 δέδεικται
1149 5270 1320 5338 λόγων
1340 5270 1422 5323 ὃτι
1449 5272 1556 5323 τῶν
1607 5273 1843 5343 ποιημά-

255 5376 369 5413 των
390 5360 636 5429 ἡγήσατο
666 5359 937 5431 βούλησις.
978 5360 1066 5423 Ἐξ
1092 5360 1206 5423 ἐνὸς
1228 5360 1282 5412 δὲ
1306 5360 1366 5413 τὸ
1403 5363 1511 5415 πᾶν
1540 5363 1845 5434 γνωρισθή-

261 5470 432 5508 σεται.
488 5451 609 5503 Ἐπὶ
658 5450 768 5522 γάρ
815 5454 878 5521 τῇ
905 5451 998 5503 τοῦ
1044 5450 1329 5520 ἀνθρώπου
1378 5455 1716 5523 κατασκευῇ,
1749 5454 1844 5516 τὸ,

264 5564 282 5594 α
324 5544 649 5613 Ποιήσωμεν
699 5542 1006 5613 ἄνθρωπον,
1041 5562 1057 5593 ι
1092 5543 1183 5593 καὶ
1222 5543 1300 5607 τὸ,
1354 5561 1370 5593 ι
1410 5544 1696 5614 Γενηθήτω
1727 5561 1847 5596 στε-

1946 4696 2133 4737 secum
2158 4680 2573 4745 deliberantem,
2596 4696 2662 4733 an
2691 4690 2973 4750 oporteret
3002 4679 3296 4748 aliquando
3322 4680 3540 4748 sapien-

1949 4774 2079 4828 tiam
2110 4781 2166 4827 et
2191 4770 2428 4827 Verbum
2456 4771 2762 4837 habere,an
2800 4773 2946 4827 non?
2976 4770 3293 4840 Rejicienda
3375 4771 3541 4841 igitur

1950 4876 2172 4933 prorsus
2193 4871 2319 4917 sunt
2348 4862 2563 4917 indocta
2621 4862 2854 4916 hostium
2907 4861 3110 4917 Christi
3181 4871 3537 4933 argumenta,

1955 4971 2061 5011 non
2116 4965 2298 5011 autem
2367 4954 2531 5010 anxie
2594 4954 2978 5025 laborioseque
3029 4955 3098 5011 iis
3157 4954 3539 5010 contradicen-

1946 5047 2098 5103 dum.

2436 5157 2666 5225 ALIUD,
2703 5157 3033 5228 explicatius.

2024 5270 2204 5327 Multis
2221 5270 2334 5341 jatn
2364 5269 2546 5325 verbis
2566 5280 2841 5325 ostensum
2898 5277 2984 5324 est
3036 5267 3372 5323 voluntatem
3418 5268 3539 5325 sive

1953 5361 2398 5419 deliberationem
2423 5370 2797 5415 creaturarum
2840 5360 3173 5415 creationem
3204 5361 3534 5432 prazeederc.

1957 5453 2032 5507 Ex
2059 5468 2169 5508 uno
2210 5460 2389 5506 autent
2424 5460 2593 5507 totum
2623 5450 2967 5521 intelligetur.
2988 5449 3120 5507 Nam
3158 5455 3210 5507 in
3260 5454 3538 5509 creatione

1958 5542 2227 5600 hominis:
2260 5562 2277 5594 ‹
2324 5543 2627 5605 Faciamus,
2666 5544 2860 5614 inquit,
2885 5546 3176 5611 hominem,
3207 5564 3225 5597 ι
3257 5554 3335 5610 et,
3368 5563 3385 5598 ι
3412 5544 3538 5600 Fiat

263 5635 479 5707 ρέωμα.
521 5655 536 5683 ι
575 5635 668 5687 καὶ
696 5636 777 5697 τὸ,
830 5634 1114 5704 Γενηθήτω
1153 5634 1269 5686 τόδε
1320 5636 1413 5688 καὶ
1466 5636 1604 5701 τόδε,
1655 5634 1838 5707 βουλῆς

1958 5635 2443 5702 ﬁrmamentum",
2476 5654 2493 5688 ι
2534 5643 2695 5705 atque
2734 5637 2853 5702 hoc,
2884 5636 3119 5693 Fiatltoc
3163 5645 3216 5693 ct
3266 5636 3414 5706 illud,
3451 5650 3533 5690 vo-

332 5789 378 5819 "
423 5787 583 5844 Ilcbr.
620 5806 656 5852 ι.
696 5790 729 5844 5
822 5791 866 5824 ⁷⁷
907 5792 1038 5846 Gen.
1088 5807 1123 5855 ι,
1167 5790 1220 5857 (ι,
1252 5790 1339 5843 26.
