4144 6566
560 391 623 443 si
1604 391 1662 448 s.
1702 392 1984 448 cmeLt
2019 391 2488 448 ALEXANDRINI
2524 391 2846 448 ARCHIEP.
3820 382 3923 440 92

555 509 775 563 Iuntatis
799 510 1217 579 signiticativum
1250 520 1352 577 est,
1387 529 1503 581 qua:
1534 516 1595 566 all
1620 515 1864 584 singulas
1918 528 2137 572 creatu-
2169 520 2191 574 Δ

2282 533 2308 566 ν
2349 515 2433 585 εἴη
2462 514 2794 586 σημαντικὸν
2827 515 2924 585 τῆς
2949 515 3034 583 ἐφ’
3062 513 3274 583 ἑκάστῳ
3302 512 3410 565 τῶν
3440 505 3918 579 πεποιημένων

556 612 645 651 ras
668 596 942 653 faciendas
991 616 1018 652 a
1079 601 1190 656 Deo
1243 603 1488 656 adhibita
1540 613 1645 667 est,
1711 608 1930 660 tametsi
1964 610 2145 665 statim

2283 605 2547 675 ἐνομένης
2585 604 2733 675 παρὰ
2768 604 2922 669 Θεοῦ,
2960 607 3007 657 εί
3055 606 3149 658 καὶ
3196 603 3541 674 παραχρῆμα
3564 601 3630 654 τὸ
3680 599 3919 669 ἔργον

555 702 693 756 opus
727 689 1077 745 subsecutum
1110 702 1389 761 appareat.
1419 693 1476 747 Si
1508 710 1634 763 ergo
1698 706 1983 752 creaturas
2012 715 2147 768 prmo

2282 695 2573 749 ῑκολουθοῦν
2598 697 2862 764 φαίνεται.
2915 697 2977 749 Ei
3031 696 3207 750 τοίνυν
3237 694 3342 748 τῶν
3381 696 3479 765 μὲν
3509 691 3918 760 κτισμάτων

552 779 697 834 cedit
718 779 993 848 voluntas,
1027 784 1209 838 omnia
1260 800 1388 839 vero
1420 785 1559 839 facta
1590 797 1716 839 sunt
1758 804 1856 855 per
1905 789 2100 844 Filium
2131 831 2146 854 ,

2282 789 2466 853 χεῖται
2503 786 2771 857 βούλησις.
2819 789 3005 855 γέγονε
3056 788 3112 839 δὲ
3158 788 3333 840 πάντα
3394 786 3459 838 δι’
3494 783 3659 845 Υἱοῦ,
3691 780 3918 842 ἐκτός

553 878 706 923 certe
738 871 983 925 omnium
1016 888 1239 927 numero
1271 889 1375 927 non
1436 878 1923 944 comprehenditur
1964 881 2010 934 is
2053 897 2149 949 per

2284 893 2367 928 στι
2391 876 2497 929 τῶν
2530 877 2746 931 πάντων
2800 880 2828 930 ὁ
2884 879 2950 931 δι’
2983 872 3044 932 οὗ
3073 877 3140 931 τά
3180 876 3357 929 πάντα
3388 877 3604 944 γέγονε.
3658 871 3807 925 Καὶ
3846 872 3914 921 εξ

554 976 715 1029 quem
742 964 922 1017 omnia
953 963 1087 1019 facta
1109 974 1253 1019 sunt.
1296 966 1357 1019 Et
1404 967 1447 1021 si
1499 967 1636 1021 alius
1665 979 1750 1022 est
1801 970 1868 1023 ab
1920 972 1985 1025 iis
2030 990 2147 1040 quae

2280 967 2435 1037 τερὸς
2466 969 2612 1020 ἐστιν
2665 969 2888 1022 ἐκείνων
2923 962 2997 1021 ὧν
3040 970 3285 1039 ἡγήσατο
3336 967 3619 1038 βούλησις,
3646 965 3771 1016 οὐκ
3814 961 3913 1013 ἂν

555 1053 834 1119 praecessit
860 1054 1128 1119 voluntas,
1164 1071 1269 1109 non
1301 1068 1384 1110 est
1416 1057 1591 1112 factus
1621 1075 1688 1113 ex
1724 1061 1998 1117 voluntate
2034 1065 2145 1119 sic-

2282 1056 2336 1126 ἴη
2368 1056 2507 1110 κατὰ
2538 1058 2789 1129 βούλησιν
2822 1060 3058 1127 γεγονὼς
3087 1058 3273 1129 ὥσπερ
3304 1058 3460 1111 αὐτά.
3511 1055 3707 1115 Αὐτὸς
3755 1052 3914 1121 γάρ

556 1143 895 1215 utilla.lpse'
921 1148 1064 1199 enim
1107 1158 1190 1201 est
1215 1150 1331 1201 viva
1394 1150 1646 1205 voluntas
1713 1150 1915 1217 Patris,
1951 1154 2002 1207 in
2037 1169 2142 1223 qua

2282 1163 2396 1198 στιν
2436 1146 2643 1217 ήζῶσα
2666 1148 2826 1219 βουλὴ
2868 1148 2961 1201 τοῦ
2990 1148 3222 1219 Πατρὸς,
3277 1148 3335 1199 ἐν
3377 1141 3503 1219 ᾖτά
3537 1144 3746 1196 πάντα
3781 1142 3913 1209 ἐρ-

556 1233 737 1285 omnia
765 1244 1036 1299 operatur.
1079 1233 1244 1290 Vocat
1304 1248 1485 1292 autem
1542 1240 1705 1294 etiam
1762 1241 1935 1308 ipsum
1996 1241 2146 1298 Psal-

2271 1236 2495 1301 νάξεται.
2526 1238 2696 1292 Καλεῖ
2739 1240 2796 1292 δὲ
2853 1240 3014 1293 αὐτὸν
3035 1241 3129 1292 καὶ
3170 1240 3363 1309 βουλὴν
3407 1236 3500 1290 τοῦ
3550 1233 3807 1304 Πατρδς
3867 1232 3907 1281 ὁ

559 1325 717 1377 mista
751 1325 1083 1380 voluntatem
1116 1327 1314 1393 Patris,
1350 1329 1572 1385 dicens:
1608 1350 1626 1383 ‹
1665 1333 1718 1387 In
1753 1334 2024 1391 voluntate
2058 1347 2143 1393 tua

2270 1328 2594 1398 Γαλμῳδὸς,
2635 1329 2806 1398 λέγων
2840 1347 2853 1361 ⁸
2922 1350 2940 1383 ι
2989 1332 3078 1384 Ἐν
3125 1333 3192 1400 τῇ
3261 1329 3421 1399 βουλῇ
3472 1344 3568 1379 σου
3634 1322 3906 1393 ὡδήγη-

559 1413 830 1468 deduxisti
867 1430 951 1469 me
980 1417 1045 1470 ⁷⁸.
1091 1435 1108 1467 ι

886 1430 951 1469 ne
980 1417 1045 1470 ⁷⁸.
1091 1435 1108 1467 ι
2249 1418 2348 1481 σάς
2383 1436 2468 1489 με.
2506 1438 2522 1470 ι

1240 1533 1473 1591 ALIUD.

2915 1536 3118 1588 AAAO.

633 1645 689 1699 Si
717 1647 997 1700 consilium
1027 1657 1081 1702 et
1109 1646 1356 1702 voluntas
1384 1648 1564 1703 Patris
1608 1660 1692 1704 est
1733 1651 1922 1718 Filius,
1961 1664 2019 1706 ut
2071 1670 2146 1708 re-

2324 1645 2384 1697 El
2419 1644 2581 1715 βουλὴ
2636 1646 2728 1699 καὶ
2781 1646 2991 1717 Θέλημα
3023 1647 3115 1700 τοῦ
3148 1648 3361 1718 Πατρός
3409 1648 3560 1699 ἐστιν
3613 1646 3644 1697 ὁ
3686 1642 3898 1703 Υἱὸς,

558 1749 686 1788 vera
714 1744 819 1796 est,
859 1750 963 1803 quo
986 1742 1141 1804 pacto
1165 1738 1423 1805 prrecetlit
1450 1740 1698 1792 voluntas
1730 1740 1847 1808 ejus
1879 1743 2148 1797 exsistcn-

2259 1739 2434 1809 ὥσπερ
2473 1734 2565 1791 οὖν
2597 1738 2687 1790 καὶ
2717 1738 2852 1803 ἔστι,
2903 1740 3019 1803 πῶς
3050 1742 3265 1809 ἡγεῖται
3293 1738 3516 1808 Θέλησις
3541 1738 3643 1805 τῆς
3669 1733 3895 1801 ὑπάρ-

560 1820 728 1874 tiam?
768 1820 1053 1876 Videbitur
1077 1825 1220 1879 enim
1257 1826 1372 1893 ipse
1399 1827 1637 1895 seipsum
1669 1826 1883 1884 fecisse.
1936 1830 2041 1900 55
2082 1833 2147 1887 Et
2181 1862 2196 1918 ι

2261 1828 2388 1893 Ξεως
2418 1828 2581 1883 αὐτοῦ
2602 1847 2615 1895 ;
2634 1828 2805 1891 Αὐτὸς
2834 1830 2941 1900 γὰρ
2973 1832 3162 1883 ἑαυτὸν
3187 1830 3337 1883 ἔσται
3368 1826 3725 1897 πεποιηκώς.
3755 1822 3897 1876 Καὶ

558 1912 647 1979 qui
677 1912 913 1967 nondum
947 1914 1118 1971 factus
1141 1924 1278 1981 erat,
1308 1927 1365 1970 ut
1415 1918 1653 1973 haeretici
1705 1921 1910 1985 volunt,
1977 1926 2043 1977 de
2092 1941 2150 1980 se
2181 1911 2194 1918 ’

2265 1921 2487 1992 ὑμήπω
2537 1917 2796 1987 γεγονὼς,
2854 1920 2995 1973 κατὰ
3046 1922 3174 1984 τοὺς
3224 1920 3659 1991 χριστομάχους,
3731 1911 3901 1981 περὶ

560 2001 679 2067 ipso
704 2003 1039 2060 deliberasse
1067 2007 1293 2061 dicetur.
1346 2011 1413 2062 At
1436 2011 1480 2063 si
1522 2012 1622 2065 hoc
1650 2014 1944 2067 absurdum
1998 2016 2145 2071 dictu

2265 2011 2453 2066 ἑαυτοῦ
2493 2014 2737 2080 φανεῖται
2795 2010 3196 2082 βουλευόμενος.
3261 2012 3323 2064 El
3375 2011 3433 2063 δὲ
3466 2009 3633 2062 τοῦτο
3676 2004 3901 2071 λέγειν

564 2104 669 2159 est,
703 2110 808 2149 non
836 2112 967 2166 ergo
992 2097 1266 2155 voluntate
1296 2101 1470 2157 factus
1530 2112 1634 2167 est,
1684 2108 2146 2173 quemadmodum

2264 2101 2477 2165 ἄτοπον,
2511 2101 2612 2153 οὐκ
2636 2099 2743 2169 ἄρα
2770 2100 3018 2171 βουλήσει
3059 2103 3303 2171 γέγονεν,
3348 2102 3539 2170 ὥσπερ
3600 2098 3673 2152 τὰ
3700 2096 3900 2165 ποιή-

563 2194 863 2253 creaturaz;
897 2189 989 2243 sed
1019 2201 1214 2245 eratut
1246 2192 1493 2249 voluntas
1527 2195 1705 2250 Patris
1732 2198 1782 2250 iu
1813 2199 1948 2267 ipso,
1985 2211 2150 2270 atque

2269 2209 2426 2262 ματογ
2471 2193 2582 2245 ἀλλ’
2611 2189 2678 2264 ἦν
2702 2194 2775 2257 ὡς
2802 2194 2963 2265 βουλὴ
3016 2194 3111 2247 τοῦ
3158 2194 3373 2265 Πατρὸς
3397 2196 3454 2246 ὲν
3490 2190 3677 2259 αὐτῷ,
3740 2184 3905 2240 αὐτὸ

562 2278 701 2334 adeo
730 2280 901 2350 ipsius
923 2280 1200 2338 Genitoris
1223 2287 1476 2340 essentia:
1498 2289 1825 2357 proprietas.

2259 2285 2356 2353 τῆς
2385 2284 2569 2348 οὐσίας
2604 2285 2865 2356 ὑπάρχων
2895 2287 2985 2339 τοῦ
3014 2287 3376 2357 γεννήσαντος
3404 2286 3465 2338 τὸ
3500 2284 3660 2337 ἴδιον.

1242 2393 1471 2448 ALIUD.

2957 2401 3159 2455 ΑΛΛΟ.

635 2497 889 2553 Christus
917 2500 1116 2556 alicubi
1150 2502 1327 2570 inquit
1361 2524 1374 2558 :
1419 2505 1528 2575 Ego
1572 2507 1623 2560 in
1658 2507 1840 2572 Patre,
1876 2522 1929 2564 et
1992 2512 2152 2568 Pater

2330 2509 2493 2578 Λέγει
2520 2528 2623 2563 που
2652 2510 2905 2581 Χριστόςο
2950 2531 2968 2561 ‹
3017 2510 3158 2578 Ἐγὼ
3216 2512 3274 2563 ὲν
3325 2509 3402 2579 τῷ
3445 2509 3654 2579 Πατρὶ,
3699 2509 3812 2561 xui.
3869 2508 3904 2558 ὁ

566 2589 620 2643 in
649 2604 755 2655 me,
784 2590 949 2645 veluti
982 2592 1158 2646 locum
1195 2595 1508 2663 quemdam,
1548 2599 1637 2666 qui
1672 2616 1729 2653 se
1761 2600 1936 2654 solum
1972 2604 2149 2657 conti-

2264 2601 2453 2671 Πατὴρ
2476 2603 2532 2654 ὲν
2555 2602 2699 2672 ἐμοὶ,
2740 2620 2755 2651 ι
2822 2602 3011 2674 ὥσπερ
3058 2601 3180 2653 τινὰ
3230 2602 3397 2654 τόπον
3428 2601 3632 2654 ἑαυτὸν
3670 2600 3900 2668 ἔχοντα

568 2690 715 2745 neat,
780 2683 1096 2751 significans
1146 2683 1388 2750 Patrem,
1422 2698 1476 2743 et
1507 2706 1697 2745 rursus
1727 2692 1944 2748 Patrem
1978 2696 2149 2751 solum

2266 2692 2423 2761 μόνον
2466 2692 2743 2761 σημαίνων
2766 2692 2856 2743 τὸν
2892 2692 3130 2762 Πατέρα,
3157 2691 3253 2745 xui.
3298 2691 3462 2744 πάλιν
3501 2691 3582 2753 ὡς
3619 2688 3727 2741 τοῦ
3768 2688 3902 2740 Πα-

568 2774 620 2825 in
651 2773 767 2840 ipso
797 2773 1172 2829 exsistentem.
1233 2776 1289 2829 Si
1322 2793 1452 2847 ergo
1482 2779 1626 2833 aliud
1671 2782 1954 2850 quidpiam
1989 2794 2071 2837 est
2096 2786 2149 2839 in

2264 2782 2387 2850 τρὸς
2423 2782 2572 2844 ὄντος
2605 2782 2661 2834 ὲν
2697 2780 2845 2851 αὐτῷ
2876 2781 3053 2851 μόνον.
3087 2782 3149 2833 Ei
3174 2781 3351 2833 τοίνυν
3392 2779 3588 2849 ἕτερόν
3622 2779 3681 2831 τί
3721 2780 3900 2830 ἐστιν

569 2862 729 2917 Patre
765 2864 1019 2920 voluntas
1049 2865 1222 2934 ipsius
1273 2883 1435 2936 quam
1473 2869 1663 2933 Filius,
1695 2888 1803 2939 quo
1840 2883 1996 2939 pacto
2022 2890 2151 2928 vero

2267 2872 2319 2921 ὲν
2345 2869 2423 2938 τῷ
2451 2870 2625 2939 Πατρὶ
2656 2870 2806 2939 παρὰ
2834 2872 2923 2922 τὸν
2962 2870 3088 2922 Υἱὸν
3130 2871 3161 2939 ἡ
3211 2870 3467 2939 βούλησις
3500 2867 3706 2930 αὑτοῦ,
3766 2865 3903 2925 πῶς

566 2955 684 3009 haec
719 2955 961 3009 dixerit?
998 2957 1323 3026 Reperietur
1358 2960 1525 3027 enim,
1570 2960 1723 3028 juxta
1765 2965 2008 3015 insanam
2043 2966 2154 3020 ha:-

2267 2956 2554 3026 ἁληθεύσει
2584 2957 2651 3010 τὰ
2683 2959 2905 3011 τοιαῦτα
2948 2959 3156 3027 λέγων;
3183 2959 3511 3028 Εὐρίσκεται
3553 2955 3697 3025 γὰρ,
3735 2951 3903 3006 κατὰ

567 3046 861 3100 reticorum
894 3047 1227 3116 Opinionem,
1283 3059 1406 3104 ante
1467 3053 1844 3107 exsisteutiam
1879 3051 2021 3118 Filii,
2059 3070 2152 3107 vo-

2265 3048 2361 3116 τὴν
2398 3046 2505 3099 τῶν
2539 3048 2919 3117 χριστομάχων
2978 3049 3198 3118 μανίαν,
3243 3049 3348 3117 πρὸ
3413 3048 3515 3116 τῆς
3570 3042 3901 3115 ὑπάρξεως

567 3137 749 3192 luntas
813 3137 870 3191 in
919 3136 1082 3192 Patre
1134 3140 1424 3205 exsistens,
1467 3156 1564 3208 per
1624 3158 1786 3211 quam
1835 3144 2008 3197 factus
2047 3154 2153 3212 est,

2264 3137 2358 3189 τοῦ
2392 3137 2545 3202 Υἱοῦ,
2580 3138 2832 3208 βούλησις
2853 3136 2987 3193 οὖσα
3028 3142 3083 3191 ἐν
3115 3140 3310 3209 Πατρὶ,
3342 3137 3463 3191 καθ’
3494 3139 3564 3208 ἥν
3592 3136 3853 3205 γέγονεν
3881 3174 3900 3197 ν

569 3230 719 3283 ιιιίΗί
752 3229 961 3285 dicunt.
1002 3230 1058 3283 Si
1087 3242 1269 3287 autem
1327 3248 1454 3287 vere
1488 3235 1616 3287 dicit
1644 3250 1703 3288 se
1749 3235 1803 3286 in
1834 3234 1989 3288 Patre
2013 3249 2154 3304 esse,
2185 3224 2205 3280 (

2269 3228 2334 3290 ὡς
2376 3229 2576 3281 ἐκεῖνοί
2609 3247 2790 3298 φασιν.
2820 3232 2880 3282 Ei
2921 3230 2977 3281 δὲ
3009 3229 3286 3299 ἀληθεύει,
3339 3229 3534 3281 ἑαυτὸν
3588 3229 3653 3279 ὲν
3702 3224 3905 3294 Πατρὶ

568 3327 622 3372 et
660 3333 870 3385 rursus,
900 3320 1074 3374 solum
1099 3322 1150 3375 in
1186 3337 1245 3376 se
1276 3337 1396 3376 esse
1428 3322 1675 3385 Patrem,
1710 3323 1926 3375 ubinam
1955 3329 2157 3379 consti-

2268 3318 2368 3388 μὲν
2401 3314 2544 3371 εἶναι
2578 3321 2823 3388 φάσκων,
2854 3322 2946 3374 xui
2979 3321 3165 3382 πάλιν,
3195 3321 3270 3383 ὡς
3296 3320 3456 3389 μόνον
3501 3321 3561 3371 ὲν
3603 3316 3775 3386 αὐτῷ
3800 3316 3902 3368 τὸν

574 3419 755 3463 tuetur
799 3411 1073 3474 voluntas,
1133 3428 1255 3467 cum
1322 3414 1454 3466 nihil
1514 3413 1615 3466 loci
1690 3414 1761 3466 sit
1808 3413 2159 3470 intermedii?

2267 3410 2507 3477 Πατέρα,
2526 3411 2628 3463 ποῦ
2656 3414 2688 3480 ή
2716 3413 2965 3482 βούλησις
2984 3413 3253 3478 κείσεται,
3272 3411 3491 3473 οὐδενὸς
3511 3410 3677 3472 ὄντος
3710 3407 3903 3460 τόπου

573 3500 725 3565 Quod
764 3502 808 3556 si
835 3517 1021 3556 verum
1048 3512 1154 3571 est,
1207 3519 1313 3557 non
1366 3519 1494 3571 ergo
1528 3503 1805 3557 voluntate
1839 3505 2013 3557 factus
2037 3516 2157 3572 est,

2269 3500 2477 3570 μεταξύ
2503 3518 2516 3565 ;
2555 3503 2616 3554 Ei
2640 3502 2696 3555 δὲ
2721 3503 2899 3564 τοῦτο,
2920 3503 3018 3555 οὐκ
3044 3502 3153 3573 ἄρα
3190 3503 3444 3573 βουλήσει
3480 3501 3751 3571 γέγονεν,
3774 3497 3901 3553 ἀλλ’

573 3592 668 3646 sed
710 3592 825 3662 ipse
853 3604 935 3648 est
966 3594 1223 3648 voluntas
1260 3593 1464 3646 Patris.

2267 3593 2429 3655 αὑτός
2459 3595 2608 3646 ἐστιν
2638 3596 2670 3664 ή
2709 3594 2802 3647 τοῦ
2830 3595 3043 3666 Πατρδς
3074 3594 3351 3665 βούλησις.

1262 3702 1494 3756 ALIUD.

2966 3708 3171 3759 AAAO.

642 3817 696 3872 Si
739 3818 1205 3885 quemadmodum
1255 3826 1557 3879 creaturas,
1590 3816 1660 3868 ita
1711 3817 1872 3870 etiam
1897 3821 2163 3877 exsisten-

2338 3822 2402 3873 Ei
2457 3820 2709 3889 καθάπερ
2757 3818 2865 3871 τῶν
2907 3820 3230 3889 ποιημάτων
3283 3807 3533 3888 ἡγήσατο
3583 3807 3900 3886 βούλησις,

576 3914 701 3965 tiam
726 3909 846 3965 Filii
885 3912 1167 3981 praecessit
1197 3910 1472 3972 voluntas,
1502 3924 1600 3962 cur
1631 3924 1751 3976 quae
1790 3910 1926 3965 idem
1961 3914 2163 3970 habent

2270 3911 2411 3963 οὕτω
2439 3910 2536 3962 καὶ
2564 3909 2662 3977 τῆς
2694 3906 2979 3977 ὑπάρξεως
3008 3907 3099 3960 τοῦ
3132 3906 3394 3977 Χριστοῦ,
3441 3906 3571 3958 ὅτου
3599 3904 3673 3975 δὴ
3723 3905 3906 3974 χάριν

572 4003 942 4071 generationis
976 4002 1306 4070 principium
1334 4008 1385 4051 et
1434 4013 1529 4067 per
1555 4001 1798 4054 eamdem
1829 4003 2158 4060 voluntatem

2269 4001 2337 4055 τά
2375 4000 2475 4069 τὴν
2508 3998 2675 4068 αὐτὴν
2736 3997 2924 4066 ἔχοντα
2955 3998 3054 4066 τῆς
3083 3996 3354 4065 γενέσεως
3395 3994 3579 4064 ἀρχὴν
3632 3994 3740 4046 xui.
3805 3992 3905 4045 διὰ

574 4095 718 4148 facta
753 4102 900 4157 sunt,
930 4102 1217 4162 tantopere
1248 4091 1391 4143 inter
1416 4105 1474 4143 se
1508 4100 1699 4143 natura
1725 4091 1997 4158 dilferunt,
2027 4097 2160 4152 adeo

2267 4092 2368 4159 τῆς
2401 4090 2573 4157 αὐτῆς
2608 4089 2868 4155 γεγονότα
2932 4086 3150 4157 βουλῆς,
3198 4085 3458 4138 τοσοῦτον
3494 4082 3764 4152 ἀλλήλων
3795 4082 3903 4152 τὴν

573 4192 629 4237 nt
658 4184 748 4238 ille
788 4184 1052 4237 Dominus
1084 4183 1155 4236 sit
1190 4189 1246 4234 et
1308 4180 1468 4244 Deus,
1504 4180 1584 4233 hae
1614 4181 1834 4236 serviles
1874 4186 1978 4236 sint
2004 4202 2158 4241 crea-

2270 4182 2435 4250 φύσιν
2466 4180 2765 4246 διέστηκεν.
2802 4178 2876 4239 ὡς
2899 4178 3000 4257 τὸν.
3022 4178 3119 4246 μὲν
3155 4178 3360 4246 Κύριον
3399 4174 3581 4237 οὓτως
3616 4169 3771 4226 εῖναι
3802 4173 3902 4226 καὶ

574 4274 737 4328 turre?
760 4273 1111 4327 Manifestum
1143 4278 1328 4324 autem
1367 4279 1450 4322 est
1477 4272 1615 4337 quod
1659 4272 1827 4327 Filius
1854 4276 2033 4331 deitati
2062 4280 2162 4332 Pa—

2268 4273 2425 4334 Θεὸν,
2475 4270 2543 4321 τὰ
2577 4270 2631 4321 δὲ
2655 4269 2812 4321 δούλά
2837 4286 2893 4319 τε
2920 4270 3011 4320 καὶ
3037 4269 3356 4337 ποιήματα;
3400 4266 3543 4317 Ἀλλ’
3583 4266 3715 4319 ἔστι
3734 4266 3904 4335 δῆλον

574 4366 674 4419 tris
706 4364 1032 4417 naturaliter
1065 4361 1254 4415 unitus
1314 4359 1572 4415 Dominus
1606 4363 1676 4415 'et
1728 4363 1925 4418 dicitur
1948 4378 2001 4421 et
2026 4379 2106 4423 est
2145 4388 2161 4424 :

2269 4366 2348 4426 ὡς
2378 4366 2407 4415 ὁ
2441 4361 2539 4430 μὲν
2568 4359 2691 4422 Υἱὸς
2746 4363 2810 4428 τῇ
2842 4362 2935 4411 τοῦ
2974 4358 3190 4427 Ματρὸς
3246 4358 3464 4426 θεότητι
3528 4360 3684 4408 κατὰ
3732 4355 3901 4423 φύσιν

574 4466 827 4509 creatura
860 4466 992 4505 vero
1031 4466 1215 4516 serva,
1256 4451 1382 4519 quia
1439 4462 1592 4504 extra
1616 4454 1909 4509 essentiam
1948 4470 2160 4514 creato-

2272 4454 2569 4522 ὲνούμενος
2609 4450 2809 4519 Κύριος
2870 4449 3085 4517 εἴρηται
3151 4448 3244 4500 xui.
3294 4448 3466 4499 ἔστιν’
3496 4447 3535 4515 ἡ
3566 4445 3631 4497 δὲ
3690 4444 3898 4507 κτίσις,

574 4547 651 4599 ris
680 4553 789 4609 est,
826 4549 881 4595 et
924 4557 955 4594 a
989 4541 1222 4595 naturali
1277 4539 1344 4593 ad
1399 4541 1614 4595 Patrem
1664 4543 1924 4600 relatione
1965 4548 2159 4604 aliena.
2195 4546 2210 4601 1

2271 4546 2463 4613 δούλη,
2486 4543 2575 4594 διὰ
2607 4541 2666 4592 τὸ
2690 4540 2793 4605 ἕξω
2830 4539 3043 4591 κεῖσθαι
3067 4538 3170 4607 τῆς
3195 4538 3387 4599 οὐσίας
3442 4537 3543 4589 τοῦ
3583 4536 3900 4605 πεποιηκό·

572 4635 956 4690 Necessarium
993 4635 1157 4702 igitur
1178 4643 1261 4689 est
1293 4642 1353 4687 ut
1395 4651 1514 4702 qua:
1564 4643 1764 4689 tantam
1803 4638 1944 4693 inter
1979 4656 2036 4694 se
2061 4643 2158 4693 ha-

2275 4655 2393 4701 τος,
2443 4633 2539 4686 xui.
2589 4632 2687 4700 τῆς
2738 4631 2872 4700 πρὸς
2925 4630 3016 4682 τὸν
3064 4630 3289 4699 Πατέρα
3344 4628 3595 4697 σχέσεως
3624 4627 3894 4695 φυσικῆς.

532 4780 543 4788 ,
580 4728 715 4781 bent
746 4724 1139 4793 differentiam,
1183 4744 1290 4782 non
1340 4744 1506 4782 unum
1554 4729 1789 4783 habeant
1815 4732 2164 4801 principium.

2291 4726 2541 4793 Ἀνάγκη
2568 4723 2745 4775 τοίνυν
2766 4722 2834 4776 τὰ
2866 4720 3133 4791 τοσαύτην
3158 4720 3353 4789 ἔχοντα
3385 4718 3523 4789 πρὸς
3556 4718 3778 4788 ἄλληλα
3797 4719 3896 4787 τὴν

580 4818 691 4871 Sed
729 4817 813 4870 hm
847 4818 1088 4885 quidem,
1125 4831 1187 4875 ut
1232 4828 1521 4880 creaturae,
1572 4834 1639 4874 ex
1691 4821 1968 4877 voluntate
2016 4823 2172 4880 facta:

2276 4814 2573 4886 διαφορὰν,
2625 4813 2698 4883 μὴ
2740 4814 2869 4881 μίαν
2902 4813 3044 4881 ἔχειν
3092 4813 3287 4881 ἀρχήν.
3339 4809 3506 4862 Ἀλλὰ
3546 4810 3623 4862 τὰ
3664 4811 3787 4879 μὲν,
3823 4810 3896 4871 ὡς

578 4918 730 4963 sunt.
784 4907 955 4964 Filius
1012 4922 1214 4976 autem,
1247 4913 1444 4981 quippe
1473 4912 1563 4981 qui
1595 4922 1678 4967 est
1721 4912 1837 4981 ipsa
1884 4913 2170 4981 voluntas,

2280 4906 2597 4974 ποιήματα,
2652 4904 2715 4953 ἐκ
2764 4900 3066 4969 βουλήσεως
3128 4900 3374 4964 γέγονεν.
3426 4899 3486 4950 '0
3535 4899 3598 4951 δὲ
3636 4898 3795 4961 Υἱὸς,
3823 4897 3896 4960 ὡς

580 5008 702 5055 erat
732 5000 802 5054 ab
826 5009 1031 5054 mterno
1055 5001 1106 5054 in
1142 5000 1328 5058 Patre.

2283 4997 2453 5058 αὐτὸς
2476 4993 2551 5046 ὣν
2574 4995 2607 5062 ή
2639 4990 2907 5060 βούλησις,
2935 4987 3000 5060 ἦν
3034 4990 3219 5051 ἁῖδίως
3254 4992 3312 5041 ἐν
3356 4988 3562 5059 Πατρί.
3917 5034 3919 5053 ρ

936 5112 1172 5177 ALIUD,
1202 5116 1273 5167 ad
1300 5116 1377 5167 rei
1399 5116 1820 5185 explicationem.

2725 5102 2905 5154 AAAO
2925 5141 2939 5165 ,
2967 5098 3430 5168 διηγηματικῶς.
3915 5064 3921 5171 ξ

654 5222 955 5291 Oportebat
1002 5237 1183 5278 autem
1224 5224 1391 5278 hosce
1449 5226 1649 5281 Christi
1702 5229 1892 5282 hostes
1945 5225 2035 5294 qui
2078 5241 2185 5278 non

2351 5216 2509 5269 Ἔδει
2535 5211 2661 5273 τοὺς
2711 5210 3114 5280 χριστομάχους
3161 5208 3606 5278 ἀποτολμῶντας
3665 5209 3893 5280 ἐρωτᾷν,

586 5318 847 5362 verentur
913 5311 1255 5381 interrogare
1296 5328 1364 5367 an
1400 5314 1676 5371 voluntate
1703 5316 1901 5370 Filium
1928 5318 2176 5384 genuerit

2283 5313 2332 5363 εἱ
2380 5304 2635 5376 βουλήσει
2666 5303 2757 5354 τὸν
2786 5302 2914 5353 Υίὸν
2952 5301 3244 5368 ἐγέννησεν
3274 5302 3302 5352 ὁ
3352 5301 3579 5370 Πατὴρ,
3610 5302 3717 5353 xui.
3748 5301 3897 5353 τοῦτο

584 5389 767 5461 Pater,
796 5398 961 5451 etiam
1017 5402 1118 5455 hoc
1163 5403 1342 5459 dicere
1377 5423 1390 5458 :
1452 5404 1535 5458 An
1584 5406 1636 5458 in
1669 5406 1955 5474 prudentia
1985 5403 2177 5456 Filium

2283 5401 2492 5465 λέγειν’
2528 5393 2592 5444 El
2623 5392 2680 5444 ὲν
2709 5393 2967 5461 φρονήσει
2991 5389 3082 5442 τὸν
3118 5389 3248 5441 Υίὺν
3275 5390 3574 5461 ἐγέννησεν
3608 5394 3640 5444 ὁ
3688 5393 3893 5461 Πατήρ.

584 5485 836 5555 genuerit
860 5483 1039 5539 Pater.
1079 5486 1223 5543 Idem
1258 5492 1401 5546 enim
1428 5492 1687 5545 videntur
1711 5504 1835 5542 esse
1861 5489 2177 5541 deliberatio

2287 5485 2505 5541 Ταυτὸν
2528 5481 2635 5549 γὰρ
2666 5481 2929 5550 ὑπάρχειν
2970 5479 3219 5545 φαίνεται
3261 5480 3429 5549 βουλὴ
3465 5482 3565 5534 xui.
3612 5482 3893 5551 φρόνησις.

586 5583 641 5629 et
674 5573 980 5641 prudentia.
1011 5576 1288 5648 Siquidem
1324 5581 1577 5651 quisquis
1643 5577 1845 5645 aliquid
1880 5575 2179 5642 deliberat,

2301 5572 2525 5641 Ἐπειδὴ
2568 5573 2674 5624 πᾶν
2730 5572 2867 5641 ὅπερ
2919 5572 2982 5626 ἄν
3034 5587 3115 5631 τις
3157 5570 3518 5641 βουλεύηται,
3586 5571 3758 5627 τοῦτο
3812 5572 3897 5624 καὶ

666 5750 712 5784 ’⁸
748 5747 888 5807 I’sal.
927 5770 1096 5822 Lxxn,
1137 5757 1226 5811 2i.
