4144 6520
186 350 254 409 93
1595 356 2034 416 THESAURUS.
3374 376 3442 429 95

186 469 394 539 φρονεῐο
421 469 514 523 καὶ
555 469 718 525 πάλιν
756 471 943 542 ὥσπερ
971 471 1031 536 ἐξ
1062 473 1531 545 ἀντιστρέφοντος,
1573 478 1600 530 ὅ
1638 495 1757 549 φρο-

1868 481 2007 536 idem
2034 480 2199 537 etiam
2236 484 2469 553 prudens
2493 495 2579 540 est
2606 503 2621 541 :
2650 495 2704 541 et
2735 489 2854 545 vice
2881 506 3055 556 versa,
3092 494 3182 564 qui
3208 492 3444 563 prudens

184 562 284 621 νεῖ,
330 560 426 613 καὶ⁹
469 558 801 629 βουλεύεται.
866 561 1193 631 Εὐρίσκεται
1229 564 1357 631 γοῦν
1398 565 1474 627 ὼς
1519 566 1763 621 ίσοδυνα-

184 649 393 719 μοῦντα
429 654 717 706 συνάπτων
744 652 882 706 αὐτά
904 654 998 708 καὶ
1029 656 1057 708 6
1098 655 1286 727 Σωτὴρ
1310 658 1393 725 ἐφ’
1424 658 1638 723 ἑαυτοῦ,
1668 660 1764 715 καὶ

182 740 379 809 λέγων·
429 743 564 814 Ἐμὴ
605 743 765 815 βουλὴ
820 744 913 798 καὶ
949 746 1241 813 ἀσφάλεια,
1287 748 1396 818 ἐμὴ
1458 752 1760 820 φρόνησις,

183 830 293 901 ὲμὴ
313 830 370 883 δὲ
399 831 569 900 ίσχύς.
595 832 804 902 Ὥσπερ
848 832 955 902 γὰρ
980 832 1249 902 ἀσφάλεια
1276 836 1369 887 καὶ
1395 835 1549 904 ίσχὺς
1571 836 1763 888 ταυτόν

184 920 354 983 ἐστιν,
396 918 538 973 οὕτω
592 920 683 972 καὶ
730 920 891 991 βουλὴ
946 921 1041 973 καὶ
1097 920 1379 990 φρόνησις.
1417 923 1481 975 Εἰ
1539 923 1634 992 μὲν
1673 918 1764 976 οὖν

183 1011 393 1081 ἄφρονά
433 1028 561 1064 ποτε
617 1011 934 1065 πιστεύουσι
997 1013 1326 1083 γεγενῆσθαι
1380 1013 1471 1066 τὸν
1506 1014 1762 1084 Πατέρα.

182 1103 545 1173 ὲρωτάτωσαν
574 1105 622 1155 εί
660 1105 715 1155 ὲν
747 1104 1006 1173 φρονήσει
1067 1105 1364 1175 γεγέννηκε
1387 1105 1480 1158 τὸν
1502 1106 1650 1158 Υἰόν.
1697 1106 1758 1158 Εἰ

181 1195 239 1248 δὲ
258 1194 539 1265 φρίττουσι
587 1195 746 1249 τοῦτο
790 1198 887 1249 καὶ
952 1196 1112 1264 μόνον
1157 1196 1465 1261 ἀκούοντες,
1499 1197 1614 1259 πῶς
1665 1199 1766 1251 ούκ

181 1286 381 1350 ἀσεϐὲς
418 1287 480 1340 τὸ
511 1288 721 1357 ἐρωτᾷν
751 1287 845 1340 καὶ
874 1287 1051 1354 λέγειν
1085 1289 1168 1355 ἐφ’
1201 1287 1332 1341 Υἱοῦ
1374 1288 1453 1340 τό’
1492 1288 1754 1358 Βουλήσει

181 1377 548 1450 γεγένηται,ἣ
582 1380 689 1450 μή;
718 1376 987 1449 τοσαύτην
1020 1378 1114 1433 τοῦ
1143 1379 1300 1448 λόγου
1327 1378 1424 1451 τὴν
1453 1379 1764 1450 δυσφημίαν

182 1467 544 1537 εἰσφέροντος.

873 1584 1077 1639 ΑΛΛΟ.

264 1691 321 1746 Ὀ
353 1692 623 1764 μακάριος
660 1694 870 1758 Παῦλος
897 1697 994 1767 τήν
1023 1698 1443 1767 ἀπαράλλακτον
1469 1702 1765 1774 ὁμοιότητα

180 1783 463 1849 δεικνύων,
498 1783 565 1855 ἢν
590 1787 618 1838 6
647 1786 773 1848 Υίδς
822 1786 934 1857 ἔχει
966 1788 1100 1859 πρὸς
1137 1790 1228 1842 τὸν
1264 1790 1460 1844 ἑαυτοῦ
1504 1793 1759 1863 Πατέρα,

1870 582 1975 636 est.
1999 573 2140 628 idem
2172 584 2226 629 et
2258 576 2539 632 deliberat.
2567 578 2741 648 Atque
2784 582 2856 635 ita
2899 584 3160 640 Servator
3189 587 3299 653 ipse
3330 586 3445 641 haec

1871 665 2033 721 veluti
2064 669 2459 738 tequipollentia
2488 672 2768 741 conjungit
2796 674 2982 730 dicens
3011 678 3075 731 de
3121 693 3179 733 se
3217 698 3229 733 :
3267 679 3443 733 Meum

1871 767 1954 812 est
1992 759 2273 814 consilium
2303 773 2359 816 et
2410 764 2596 829 tutela,
2626 779 2741 818 mea
2795 765 2901 836 56
2936 768 3214 835 prudentia
3261 780 3315 824 et
3340 786 3434 840 po-

1873 847 2057 901 tentia.
2086 848 2548 915 Quemadmodum
2581 855 2722 907 enim
2758 857 2922 910 tutela
2954 868 3005 910 et
3037 859 3273 925 potentia
3304 861 3443 914 idem

1871 947 2036 1003 sunt;
2088 940 2161 993 ita
2209 942 2372 996 etiam
2430 944 2749 999 deliberatio
2781 955 2835 1001 et
2868 949 3177 1016 prudentia.
3220 950 3277 1003 Si
3315 965 3446 1021 ergo

1873 1029 2261 1099 imprudentem
2298 1033 2588 1104 aliquando
2616 1036 2788 1092 fuisse
2816 1038 3031 1093 Patrem
3095 1040 3441 1105 existimant‘,

1872 1122 2203 1193 interrogent
2232 1140 2298 1179 an
2328 1126 2379 1180 in
2412 1128 2694 1197 prudentia
2739 1130 2989 1198 genuerit
3034 1130 3248 1184 Filium.
3300 1132 3368 1184 At
3400 1133 3445 1185 si

1873 1214 1955 1267 vel
1996 1215 2047 1268 id
2079 1215 2360 1272 audientes
2388 1220 2831 1288 perhorrescant,
2864 1237 2973 1291 quo
2997 1231 3159 1291 pacto
3193 1238 3298 1276 non
3340 1223 3445 1276 im-

1872 1304 2016 1372 pium
2046 1306 2207 1361 fuerit
2230 1307 2569 1378 interrogare
2590 1327 2654 1366 ac
2681 1312 2863 1367 dicere
2910 1316 2975 1368 de
3018 1314 3155 1368 Filio
3195 1332 3207 1368 :
3240 1316 3320 1369 An
3354 1329 3447 1369 vo-

1873 1396 2079 1453 luntate
2110 1398 2284 1455 factus
2304 1401 2392 1466 sit,
2444 1404 2657 1457 necne?
2686 1420 2804 1458 cum
2835 1408 2934 1460 hnc
2957 1408 3022 1459 ad
3052 1416 3253 1460 tantam
3285 1415 3447 1474 atque

1872 1489 2001 1545 illud
2032 1491 2084 1544 in
2113 1491 2342 1547 Verbum
2376 1492 2765 1563 blasphemiam
2795 1498 3086 1567 pertineat.

2540 1608 2777 1665 ALIUD.

1942 1717 2140 1774 Beatus
2178 1719 2397 1788 Paulus,
2445 1723 2853 1778 similitudinem
2893 1739 3055 1793 quam
3089 1723 3255 1778 Filius
3287 1723 3448 1777 habet

1872 1825 1991 1864 cum
2026 1811 2184 1867 Patre
2204 1814 2517 1876 ostendens.
2572 1814 2648 1869 ita
2699 1816 2940 1871 scribit:
3004 1833 3021 1866 ι
3061 1816 3161 1881 Qui
3213 1829 3333 1870 cum
3376 1818 3448 1869 sit

180 1876 381 1946 γράφει
412 1877 540 1948 περὶ
568 1876 753 1931 αὐτοῦ·
808 1899 825 1930 ι
867 1881 961 1944 Ὃς
1005 1880 1080 1934 ὣν
1116 1881 1455 1954 ἀπαύγασμα
1481 1886 1578 1955 τῆς
1606 1884 1757 1955 δόξης

1866 1902 2118 1971 splendor
2145 1904 2327 1974 gloriae
2352 1914 2406 1959 et
2444 1908 2731 1960 charaCter
2779 1907 3132 1975 hypostaseos
3163 1905 3307 1959 illius
3341 1904 3441 1958 τ’.»

181 1972 276 2024 καὶ
305 1973 591 2045 χαρακτήρ
623 1975 721 2046 τῆς
785 1976 1136 2041 ὑποστάσεως
1190 1978 1375 2035 αὑτοῦ.
1416 2000 1433 2031 a
1476 1983 1537 2034 El
1582 1982 1763 2036 τοίνυν

180 2064 469 2135 χαρακτήρ
506 2051 622 2119 ἐστι
656 2068 749 2121 καὶ
792 2069 958 2122 εἰκὼν
1000 2070 1094 2123 τοῦ
1122 2073 1482 2143 γεννήσαντος
1537 2076 1564 2127 6
1599 2074 1760 2140 Υίὸς,

179 2154 443 2225 ἐγεννήθη
471 2155 547 2221 δὲ,
582 2156 704 2210 καθ’
731 2158 895 2228 ὑμᾶς,
927 2162 1395 2232 προηγησαμένης
1418 2163 1728 2234 βουλήσεως
1746 2206 1759 2230 ,

179 2243 391 2315 ἀνάγκη
419 2247 569 2299 πᾶσα
592 2248 684 2301 καὶ
721 2248 812 2303 τὸν
845 2251 1067 2320 Πατέρα
1112 2251 1286 2316 οὕτως
1315 2250 1473 2321 εἶναι,
1510 2254 1701 2326 ὥσπερ
1729 2259 1762 2328 ή

180 2333 343 2387 εἰκὼν
372 2336 537 2390 αὑτοῦ
568 2339 664 2391 καὶ
695 2340 757 2392 τὸ
808 2340 1171 2413 ἀπαύγασμα·
1221 2344 1297 2407 ὼς
1341 2346 1437 2398 καὶ
1460 2346 1590 2399 αὐτὸ
1619 2346 1763 2417 ἔχειν

183 2427 597 2498 προηγουμένην
627 2429 793 2483 αὑτοῦ
821 2432 920 2502 τὴν
968 2432 1243 2504 βούλησιν.
1268 2437 1329 2488 Εἰ
1356 2437 1413 2489 δὲ
1457 2438 1612 2491 τοῦτο
1639 2440 1763 2491 ἀσε-

1868 1994 1922 2048 Si
1958 2009 2087 2065 ergo
2115 1996 2286 2051 Filius
2308 2005 2393 2052 est
2422 1998 2711 2053 character
2739 2009 2792 2051 et
2820 1998 2999 2068 imago
3027 1996 3325 2058 Genitoris,
3353 2009 3444 2065 ge-

1866 2087 2009 2141 nitus
2031 2095 2206 2141 autem
2240 2099 2344 2156 est,
2377 2098 2437 2143 ut
2478 2104 2574 2145 vos
2619 2089 2820 2155 dicitis,
2861 2088 3205 2159 praecedente
3232 2086 3442 2142 delibe-

1868 2179 2097 2243 ratione,
2126 2182 2486 2235 necessarium
2526 2182 2748 2236 omnino
2790 2180 2955 2234 fuerit
2998 2179 3218 2233 Patrem
3276 2178 3345 2232 ita
3388 2191 3447 2231 se

1866 2268 2087 2335 habere,
2120 2279 2177 2325 ut
2198 2271 2373 2343 imago
2395 2284 2449 2328 et
2473 2273 2731 2343 splendor
2782 2271 2954 2341 ipsius
2981 2290 2993 2325 :
3032 2272 3169 2325 adeo
3200 2280 3257 2323 ut
3279 2271 3443 2323 etiam

1867 2362 2041 2426 ipsum
2067 2364 2407 2431 praecesserit
2438 2364 2781 2420 deliberatio.
2812 2363 2869 2418 Si
2906 2378 3036 2418 vero
3077 2365 3179 2417 hoc
3221 2362 3443 2430 impium

1867 2460 1950 2505 est
1977 2452 1995 2522 (
2024 2466 2197 2521 neque
2221 2455 2361 2508 enim
2403 2470 2469 2509 ex
2504 2448 2893 2509 deliberatione
2916 2461 2999 2506 est
3039 2451 3228 2506 Patris
3252 2465 3444 2505 essen-

180 2516 278 2580 6ὲς
304 2517 401 2587 (ού
434 2521 541 2590 γάρ
572 2521 637 2573 ὲκ
669 2520 976 2593 βουλήσεως
1004 2527 1152 2579 ἐστιν
1178 2529 1210 2597 ή
1240 2529 1333 2580 τοῦ
1374 2529 1585 2599 Πατρὸς
1607 2530 1757 2585 οὐσία

1871 2539 1943 2592 tia
1970 2516 2130 2609 atque
2151 2542 2458 2611 hypostasis
2480 2542 2497 2611 )
2521 2582 2535 2607 ,
2563 2557 2693 2612 ergo
2720 2558 2820 2597 nec
2862 2542 3054 2596 Filium
3076 2556 3142 2595 ex
3171 2539 3447 2594 delibera-

180 2609 279 2659 καὶ
334 2609 709 2681 ὑπόστασις),
767 2614 980 2685 ἀνάγκη
1034 2619 1185 2671 πᾶσα
1226 2618 1361 2690 μηδὲ
1412 2620 1502 2673 τὸν
1534 2621 1660 2674 Υἰὸν
1702 2623 1757 2674 ὲκ

1871 2632 2014 2687 tione
2044 2632 2244 2687 factum
2280 2648 2398 2689 esse
2423 2634 2504 2688 vel
2537 2634 2782 2699 credere,
2808 2634 2891 2688 vel
2925 2633 3107 2688 dicere
3134 2640 3366 2701 oportet.

179 2699 490 2770 βουλήσεως
518 2701 676 2769 εἶναι,
704 2708 922 2776 φρονεῖν
942 2707 972 2777 ἢ
996 2707 1196 2776 λέγειν.

880 2822 1087 2875 ΑΛΛΟ.

395 2932 493 2997 Ὠς
516 2931 585 2997 ἐξ
631 2932 992 3000 ἀντιθέσεως
1046 2934 1167 2988 τῶν
1210 2937 1543 3004 αιρετικῶν.

248 3043 363 3100 Καὶ
387 3042 525 3108 πῶς,
557 3043 742 3113 φησὶν,
773 3045 873 3097 οὐκ
897 3044 1109 3116 ἀνάγκη
1144 3048 1547 3117 συνομολογεῖν,
1569 3050 1762 3122 ὅτιπερ

176 3135 438 3206 ἀθέλητός
465 3137 579 3190 ἐστι
625 3136 702 3207 τῷ
752 3138 928 3209 Ila-cpt
958 3141 986 3192 6
1018 3140 1169 3203 Υἱὸς,
1201 3141 1318 3210 ’ήτοι
1352 3141 1680 3213 ἀϐούλητος,
1712 3147 1762 3198 εἰ

181 3229 257 3299 μὴ
282 3230 346 3282 ἐκ
377 3229 685 3301 βουλήσεως
717 3231 811 3283 καὶ
850 3230 1123 3303 Θελήσεως
1157 3235 1418 3304 γέγονενς

672 3430 826 3500 Πρὸς
855 3433 1031 3488 τοῦτο
1065 3434 1268 3501 λύσις.

245 3561 575 3616 Δυσωπείτω
596 3564 704 3617 τῶν
735 3567 1122 3638 χριστομάχων
1144 3569 1241 3640 τὴν
1263 3572 1568 3642 πάντολμον
1594 3574 1759 3642 γλῶτ-

175 3667 274 3704 ταν
302 3653 331 3704 6
365 3652 556 3723 Σωτὴρ
588 3655 715 3725 περὶ
761 3656 955 3709 ἑαυτοῦ
977 3658 1173 3727 λέγων·
1236 3681 1253 3711 ι
1303 3661 1360 3713 '0
1392 3662 1584 3735 Πατήρ
1615 3665 1762 3733 φιλεῖ

174 3742 267 3795 τὸν
292 3744 440 3797 Υίόν.
472 3764 490 3796 ι
529 3745 740 3819 Ὥσπερ
782 3748 891 3818 γὰρ
938 3750 1039 3819 ήδη
1099 3751 1463 3825 προείρηται,
1514 3756 1576 3808 τὸ
1620 3753 1758 3811 εἶναι

175 3836 383 3904 ἀγαθός
406 3853 464 3889 τε
484 3840 578 3890 καὶ
610 3838 878 3909 ἐλεήμων,
918 3841 1031 3912 ἔχει
1076 3842 1195 3913 μὲν,
1223 3846 1322 3899 οὐκ
1355 3848 1419 3900 ἐκ
1446 3847 1757 3919 βουλήσεως

173 3930 252 3993 δὲ,
285 3928 410 3982 οὔτε
446 3930 552 4000 μήν
578 3931 894 4003 ἀϐουλήτως
921 3934 1096 3988 ταῦτά
1127 3938 1261 3991 ἐστι.
1301 3939 1455 3993 Θέλει
1480 3941 1589 4013 γὰρ
1622 3940 1757 3996 εἶναι
1796 3960 1799 3961 ⁷

173 4020 332 4074 τοῦτο
356 4022 497 4093 ὅπερ
527 4023 675 4077 ἐστὶν
710 4024 797 4077 ἀεὶ
827 4026 920 4078 καὶ
968 4026 1142 4083 ἔσται.
1195 4029 1352 4084 Οὕτω
1391 4034 1485 4085 καὶ
1508 4034 1556 4086 εί
1585 4035 1659 4105 μή
1693 4036 1757 4088 ὲκ

174 4110 483 4181 βουλήσεως
515 4112 773 4182 ἐγέννησε
809 4113 899 4166 τὸν
954 4116 1102 4180 Υίὸν,
1160 4119 1275 4172 ἀλλ’
1307 4121 1406 4173 οὐκ
1442 4121 1757 4193 ἀϐουλήτως

171 4202 333 4255 αὐτὸν
358 4202 496 4273 ἔχει.
546 4203 699 4256 Θέλει
722 4204 831 4273 γάρ
863 4206 954 4260 τὸν
990 4208 1116 4261 Υἰὸν
1150 4211 1243 4263 καὶ
1270 4211 1434 4280 φιλεῖ,
1460 4211 1643 4277 καθὼς
1664 4213 1757 4281 γέ-

168 4311 440 4363 γραπται.
482 4294 592 4351 Καὶ
654 4295 904 4366 καθάπερ
948 4301 976 4352 6
1026 4301 1216 4373 Πατὴρ
1266 4304 1363 4373 τῆς
1404 4304 1755 4369 ὑποστάσεως

164 4385 264 4454 τῆς
300 4383 495 4437 ἑαυτοῦ
522 4383 751 4455 θελητής
784 4390 953 4453 ἐστιν,
994 4391 1095 4444 ούκ
1134 4393 1197 4445 ἐκ
1246 4393 1556 4464 βουλήσεως
1610 4414 1756 4460 τινος

165 4474 322 4529 τοῦτο
348 4474 427 4528 ὢν
451 4476 588 4547 ὅπερ
625 4476 795 4542 ἐστίν,
854 4479 996 4535 οὕτω
1057 4483 1152 4537 καὶ
1200 4485 1228 4536 6
1264 4486 1386 4549 Υἱὸς
1420 4488 1484 4541 ἐκ
1534 4488 1633 4558 τῆς
1659 4486 1751 4542 τοῦ

2532 2826 2766 2882 ALIUD.

2240 2940 2324 2995 Ea:
2360 2942 2642 3011 objectione
2668 2942 3055 2997 haereticorum.

1937 3054 2004 3106 At
2030 3068 2136 3123 quo
2156 3064 2335 3123 pacto,
2371 3055 2643 3124 inquiunt,
2680 3070 2783 3110 non
2814 3055 2979 3108 fuerit
3010 3064 3233 3107 necesse
3283 3048 3444 3102 fateri

1868 3142 2060 3198 Filium
2108 3145 2245 3199 citra
2307 3145 2639 3201 voluntatem
2706 3156 2800 3200 aut
2838 3144 3122 3200 consilium
3171 3140 3318 3196 Patri
3364 3153 3449 3193 ac-

1788 3230 1830 3287 C
1865 3237 2115 3299 cessisse,
2141 3238 2243 3291 nisi
2277 3237 2502 3294 consilio
2552 3245 2609 3292 et
2666 3237 2947 3291 voluntate
2998 3234 3336 3305 praecedente
3374 3228 3447 3283 [ιιι

1870 3336 1989 3382 ctus
2014 3329 2131 3382 est?

2390 3441 2593 3498 Salutio
2626 3443 2946 3513 objectiom’s.

1937 3575 2208 3630 Retundat
2244 3576 2611 3647 impudentem
2660 3580 2893 3634 hostium
2948 3579 3149 3636 Christi
3199 3581 3442 3654 linguam

1869 3666 2125 3722 Servator
2152 3668 2264 3738 ipse
2296 3670 2367 3723 ita
2428 3670 2494 3724 de
2542 3685 2599 3725 se
2640 3671 2829 3726 dicens
2867 3690 2880 3728 :
2920 3691 2939 3723 ι
2970 3672 3130 3727 Pater
3163 3684 3312 3728 amat
3357 3673 3449 3728 Fi-

1866 3758 2085 3814 lium”.
2130 3780 2146 3812 ›
2205 3761 2665 3828 Quemadmodum
2720 3764 2862 3817 enim
2947 3762 3059 3832 jam
3113 3765 3314 3819 dictum
3364 3777 3448 3820 est

1866 3852 2006 3921 quod
2040 3853 2210 3907 bonus
2244 3854 2315 3907 sit
2369 3862 2422 3908 et
2473 3854 2805 3919 misericors,
2835 3856 2997 3909 habet
3029 3855 3079 3910 id
3116 3872 3218 3910 non
3252 3873 3315 3911 ex
3348 3872 3445 3911 vo-

1866 3943 2090 4007 luntate,
2150 3944 2243 3999 sed
2295 3960 2471 4015 neque
2528 3949 2734 4015 absque
2788 3947 3067 4002 voluntate
3120 3948 3234 4001 haec
3299 3960 3441 4002 sunt.

1866 4034 1992 4089 Vult
2011 4035 2154 4088 enim
2182 4049 2302 4090 esse
2334 4036 2384 4089 id
2406 4036 2546 4105 quod
2572 4047 2655 4091 est
2679 4052 2896 4107 semper
2926 4047 2979 4091 et
3001 4037 3122 4091 erit.
3148 4036 3225 4091 lta
3254 4038 3442 4105 etiam,

1863 4126 1989 4180 licet
2022 4141 2124 4180 non
2156 4142 2223 4180 ex
2247 4127 2525 4183 voluntate
2558 4131 2803 4199 genuerit
2857 4130 3074 4197 Filium,
3120 4147 3223 4185 non
3255 4142 3435 4188 tamen

1863 4221 2066 4287 absque
2094 4219 2369 4276 voluntate
2401 4221 2549 4275 illum
2576 4223 2757 4279 habet.
2793 4222 2917 4277 Vult
2953 4226 3096 4278 enim
3137 4224 3335 4280 Filium
3390 4236 3445 4280 et

1864 4321 2031 4377 amat,
2064 4313 2204 4367 sicut
2228 4314 2490 4383 scriptum
2541 4325 2643 4370 est.
2677 4316 2742 4370 Et
2791 4318 3245 4386 quemadmodum
3284 4318 3445 4373 Pater

1862 4420 2013 4458 suam
2065 4406 2234 4475 ipsius
2278 4409 2609 4478 hypostasim
2657 4409 2787 4475 vult,
2840 4426 3013 4479 neque
3047 4419 3225 4467 tamen
3255 4428 3320 4466 ex
3348 4428 3444 4467 vo~

1862 4496 2067 4552 luntate
2091 4506 2175 4553 est
2204 4498 2255 4553 id
2284 4501 2425 4568 quod
2450 4510 2533 4556 est
2558 4542 2574 4567 ,
2613 4501 2685 4556 ita
2712 4503 2877 4558 etiam
2902 4502 3071 4560 Filius
3096 4522 3164 4561 ex
3204 4508 3442 4562 essentia

165 4566 381 4635 Πατρὺς
407 4566 596 4631 οὐσίας
646 4570 946 4640 προελθὼν,
974 4574 1075 4627 οὐκ
1100 4574 1360 4647 ἀθέλητός
1396 4579 1542 4632 ἐστιν
1574 4579 1747 4650 αὐτῷ,

1861 4588 2040 4645 Patris
2078 4593 2400 4660 procedens,
2434 4610 2537 4648 non
2572 4596 2622 4649 ei
2660 4596 2815 4650 adest
2851 4608 3047 4666 praeter
3071 4598 3238 4667 ipsius
3259 4599 3446 4656 volun.-

166 4659 213 4709 ei
233 4657 328 4710 καὶ
360 4658 615 4730 βούλησις
641 4663 880 4735 οὐδαμοῦ
898 4665 996 4735 τῆς
1019 4669 1326 4738 γεννήσεως
1360 4669 1750 4743 προδραμοῦσα

168 4750 437 4818 φαίνεται.

849 4872 1054 4926 ΑΛΛΟ.

233 4976 297 5029 Εἰ
323 4976 668 5050 ἀπαύγασμα
707 4983 799 5035 καὶ
829 4986 1113 5056 χαρακτήρ
1165 4987 1278 5040 ἐστι
1325 4988 1418 5041 τοῦ
1463 4990 1673 5062 Πατρὸς
1722 4993 1750 5045 6

168 5065 312 5133 Υἱὸς,
337 5068 534 5138 γέγονε
564 5070 620 5124 δὲ
649 5072 886 5143 θελήσει,
911 5076 1034 5130 καθ’
1062 5078 1227 5147 ὑμᾶς,
1276 5074 1343 5150 ἦν
1387 5080 1495 5149 ἄρα
1550 5084 1742 5151 χρόνος

166 5158 252 5211 ὅτε
273 5160 373 5213 οὐκ
404 5158 494 5233 ἦν,
528 5163 649 5216 καθ’
693 5165 751 5218 ὃν
805 5169 836 5237 ή
891 5169 1018 5238 περὶ
1064 5169 1226 5222 αὐτοῦ
1277 5171 1493 5243 Θέλησις
1517 5175 1745 5228 ἐκινεῖτο

167 5252 311 5322 παρά
341 5253 421 5324 τῷ
476 5255 673 5326 Πατρί.
723 5259 930 5312 Οὐκοῦν
963 5256 1030 5330 ἦν
1083 5279 1213 5315 ποτε
1257 5264 1346 5316 ὅτε
1376 5265 1545 5336 χωρὶς
1572 5268 1745 5320 ἀπαυ-

164 5343 441 5413 γάσματος
459 5342 531 5417 ἦν
569 5349 597 5400 6
628 5348 760 5413 Θεὸς
800 5350 893 5404 καὶ
925 5351 1045 5421 δίχα
1096 5356 1464 5426 χαρακτῆρος.
1524 5360 1652 5423 Καὶ,
1698 5360 1746 5412 εί

162 5432 222 5483 τὸ
251 5431 378 5487 ἴδιον
407 5436 507 5506 τῆς
546 5437 735 5501 ούσίας
793 5440 886 5493 τοῦ
925 5444 1135 5513 Πατρός
1185 5447 1332 5499 ἐστιν
1386 5449 1414 5499 ὁ
1466 5448 1613 5512 Υἱὸς,
1646 5450 1746 5504 ούκ

163 5516 229 5589 ἦν
260 5522 316 5574 δέ
339 5542 492 5589 ποτε,
520 5528 641 5580 καθ’
666 5529 828 5598 ὑμᾶς,
881 5532 995 5585 ἴσον
1021 5535 1157 5587 ἐστὶ
1188 5535 1265 5606 τῷ
1318 5536 1517 5603 λέγειν’
1548 5541 1648 5594 ούκ
1678 5537 1744 5612 ἦν

165 5632 289 5666 ποτε
316 5618 614 5689 γεννητική
649 5620 741 5673 τοῦ
772 5623 983 5693 Πατρὸς
1015 5626 1046 5694 ἡ
1078 5626 1255 5680 οὐσία·
1317 5629 1432 5683 ἀλλ’
1465 5631 1654 5705 ὥσπερ
1679 5635 1741 5688 ἐκ

233 5797 275 5828 ⁷³
319 5796 481 5853 llcbr.
528 5816 564 5861 ι,
606 5800 658 5854 5.
737 5802 781 5833 ⁸⁰
820 5801 974 5858 Joan.
1019 5822 1098 5870 ut,
1132 5809 1218 5864 55.

1855 4692 2040 4749 tatem,
2076 4684 2290 4740 tametsi
2336 4686 2585 4741 voluntas
2609 4689 2723 4742 sive
2779 4688 3102 4744 deliberatio
3125 4691 3439 4759 generatio-

1854 4790 1978 4829 nem
2015 4789 2354 4846 nequaquam
2381 4779 2743 4847 praecesserit.

2536 4890 2767 4947 ALIUD.

1926 4998 1981 5053 Si
2012 5001 2264 5071 splendor
2289 5012 2342 5057 et
2364 5004 2650 5059 character
2684 5004 2865 5060 Patris
2913 5013 2995 5059 est
3028 5004 3217 5070 Filius,
3261 5003 3440 5059 factus

1848 5102 2025 5145 autem
2050 5101 2213 5147 estex
2237 5095 2539 5161 voluntate,
2563 5104 2621 5149 ut
2646 5104 2823 5150 vestra
2853 5096 2956 5149 fert
2978 5095 3319 5163 opinio,erat
3338 5095 3440 5147 ita-

1847 5199 1950 5253 que
1989 5193 2196 5255 tempus
2242 5189 2455 5256 quando
2489 5205 2592 5241 non
2639 5198 2771 5249 erat,
2815 5189 2865 5240 in
2906 5202 3013 5256 quo
3038 5186 3203 5239 Pater
3257 5188 3439 5241 consi-

1847 5273 1977 5327 lium
2021 5291 2175 5329 suum
2226 5277 2291 5330 de
2346 5276 2436 5331 illo
2486 5278 2743 5348 agitabat.
2788 5279 2910 5332 Fuit
2938 5278 3103 5348 igitur
3136 5280 3299 5332 etiam
3335 5280 3435 5332 ali-

1849 5361 2064 5429 quando
2092 5363 2232 5417 Deus
2263 5364 2468 5433 absque
2513 5381 2610 5418 suo
2663 5367 2948 5435 Splendore
2984 5377 3039 5422 et
3085 5368 3427 5423 charactere.

1850 5452 1935 5519 Et,
1968 5454 2011 5508 si
2045 5456 2321 5524 prOprium
2349 5459 2599 5513 essentiae
2625 5459 2800 5514 Patris
2828 5461 2934 5531 57
2966 5470 3045 5516 est
3075 5462 3428 5530 Filius,atqni

1850 5546 1893 5600 is
1932 5545 2220 5615 aliquando
2246 5565 2351 5603 non
2386 5549 2510 5616 fuit,
2537 5559 2592 5605 nt
2622 5566 2716 5605 vos
2751 5553 2954 5617 dicitis,
2998 5553 3137 5607 idem
3177 5563 3258 5609 est
3294 5570 3357 5607 ac
3382 5554 3428 5608 si

1849 5639 1997 5696 dicas
2028 5643 2394 5712 generativam
2425 5643 2600 5701 Patris
2650 5648 2947 5703 essentiam
2982 5646 3277 5717 aliquando
3324 5662 3426 5700 non
