4144 6504
702 331 778 387 95
1741 345 1802 399 S.
1843 345 2122 403 CYRILLI
2160 348 2627 406 ALEXANDRINI
2666 352 2983 408 ARCHIEP.
3962 352 4044 406 95

700 451 995 515 exstitisse,
1036 455 1133 507 sed
1170 453 1331 512 veiuu
1379 474 1445 513 ex
1494 463 1798 520 mulatione
1819 467 2054 534 quadam
2085 483 2151 523 eo
2183 479 2336 531 ιτα-λ

2401 488 2540 535 τινος
2577 473 2879 544 μεταϐολῆς
2913 475 2993 537 είς
3056 473 3213 527 τοῦτο
3275 472 3554 545 παρῆλθεν
3610 470 4037 540 ἀποκυήσασα

701 540 921 595 ductam
954 542 1124 599 fuisse
1155 557 1212 599 ut
1250 550 1497 619 gigneret
1527 551 1738 611 Filium.
1778 555 1835 610 Si
1872 571 2000 613 vero
2036 559 2087 612 id
2116 568 2168 614 et
2196 575 2287 615 co—

2398 562 2482 618 τὸν
2514 540 2664 617 Υἱνόν.
2702 563 2764 617 Εί
2791 540 2847 617 δέ
2896 565 3053 618 τοῦτο
3072 563 3264 627 ἀσεϐὲς
3297 540 3514 636 φρονεῖν
3546 581 3608 617 τε
3648 562 3753 617 καὶ
3790 561 4034 629 λέγειν,

700 631 873 700 gitatu
904 644 960 686 et
992 635 1140 690 dictu
1179 637 1404 708 impium
1434 650 1538 708 est,
1573 661 1639 700 ne
1685 646 1837 708 illud,
1883 647 2191 715 Voluntate,
2217 667 2285 704 an

2397 655 2469 727 μὴ
2493 658 2921 727 προτεινέτωσάν
2951 675 3093 721 τινες
3118 659 3201 725 ἐφ’
3238 631 3368 711 Υιὸῢ
3389 658 3470 719 τὸ,
3513 656 3803 725 Βουλήσει
3838 654 3881 724 ἦ
3920 655 4033 721 μή.

699 738 828 790 nou,
855 728 922 779 de
947 724 1087 780 Filio
1113 729 1398 796 ohjiciaut.
1428 734 1583 789 Sicut
1600 737 1749 791 enim
1784 739 1944 794 Pater
1966 741 2288 801 naturaliter

2404 724 2608 817 Ὥσπερ
2633 747 2740 819 γὰρ
2775 749 2976 816 ἀγαθὸς
3005 747 3145 801 κατὰ
3162 724 3338 817 ίφύσιν
3363 749 3510 802 ἐστὶν
3537 751 3566 801 6
3599 724 3840 816 Πατὴρ,
3867 742 4040 797 οὕτω

698 824 783 869 est
821 815 1017 885 bonus,
1051 818 1122 873 ita
1147 822 1312 875 etiam
1334 825 1655 881 naturaliter
1677 831 2047 898 generativus.

1574 837 1655 881 ter
1677 831 2047 898 generativus.
2392 840 2486 891 καὶ
2514 841 2829 909 γεννητικὸς
2858 842 2996 896 κατὰ
3024 844 3206 910 φύσιν.

1092 952 1319 1022 ALIUD,
1362 959 1432 1010 ad
1469 961 1891 1028 explicationem.

2813 977 2993 1028 AAAO
3015 1016 3030 1041 ,
3078 975 3531 1046 διηγηματικῶς.

771 1054 829 1111 Si
862 1060 1042 1115 omnis
1073 1061 1321 1120 voluntas
1350 1082 1469 1133 quae
1502 1069 1553 1122 in
1588 1087 1858 1143 quoquam
1892 1076 1950 1130 iit
2010 1093 2114 1133 non
2164 1083 2284 1135 abs-

2464 1087 2528 1139 Εί
2567 1089 2718 1141 πᾶσα
2767 1088 3019 1160 βούλησις
3048 1092 3079 1160 ἡ
3115 1090 3171 1143 ἕν
3198 1107 3305 1143 τισι
3340 1090 3606 1161 γινομένη
3639 1089 3709 1142 οὐ
3753 1088 3905 1157 δίχα
3944 1086 4038 1138 λό-

699 1164 804 1217 que
834 1152 1000 1208 verbo
1041 1154 1099 1209 fit
1141 1156 1425 1227 (voluntas
1457 1162 1598 1215 enim
1636 1175 1719 1220 est
1751 1169 1974 1223 verbum
2014 1172 2280 1226 occultum

2400 1194 2487 1245 γου
2510 1180 2716 1247 γίνεται
2736 1180 2753 1251 ζ
2767 1152 2929 1247 λόγος
2949 1152 3235 1251 γάρ’ὲστιν
3257 1152 3479 1249 ἀφανῶς
3510 1183 3569 1234 ὲν
3593 1152 4036 1250 παρδίᾳηστρε-

699 1244 842 1311 quod
881 1244 932 1298 in
971 1248 1135 1302 corde
1172 1252 1473 1324 agitatur),
1510 1253 1680 1310 Filius
1717 1268 1896 1313 autem
1932 1270 2015 1315 est
2053 1260 2280 1317 Verbum

2397 1244 2681 1341 φάμενοςή
2720 1244 3041 1342 βούλησις),
3102 1272 3216 1325 ἔστι
3277 1244 3333 1325 δὲ
3376 1275 3405 1325 ὁ
3432 1272 3559 1336 Υἱὸς
3593 1274 3623 1325 6
3682 1244 3884 1338 λάθας
3929 1244 4033 1323 τοῦ

698 1331 905 1399 Patris,
941 1338 1081 1392 idem
1115 1340 1277 1411 igitur
1307 1345 1471 1397 etiam
1503 1356 1586 1401 est
1614 1349 1867 1405 voluntas
1899 1352 2088 1418 ipsius.
2118 1355 2279 1423 Atqui

2398 1331 2625 1432 ίῐατρὸς,
2670 1331 3001 1431 ἀθτὸςυᾶρα
3023 1331 3171 1415 ἐστὶν
3228 1363 3260 1431 ἡ
3302 1331 3556 1433 βούλησις
3611 1331 3831 1417 αὐτοέ.
3865 1331 4034 1416 -Εἷτα

697 1439 804 1493 quo
834 1439 990 1493 pacto
1016 1431 1264 1485 voluntas
1298 1434 1349 1486 in
1378 1436 1651 1493 voluntate
1683 1440 1775 1492 fit?
1801 1450 1894 1494 aut
1926 1444 2015 1510 qui
2046 1443 2281 1498 Verbum

2394 1451 2509 1513 πῶς
2548 1455 2578 1523 ή
2618 1452 2871 1524 βούλησις
2914 1454 2971 1507 ἐν
3006 1453 3257 1525 βουλήσει
3298 1431 3545 1523 γίνεταις
3584 1456 3620 1526 ἢ
3669 1454 3807 1517 πῶς
3848 1456 3882 1506 6
3914 1453 4030 1505 A6-

696 1516 750 1570 in
774 1517 989 1574 Verbo?
1017 1519 1206 1575 Omnia
1244 1524 1410 1593 igitur
1439 1528 1552 1580 hinc
1580 1540 1662 1584 est
1695 1529 1861 1585 Filius
1890 1531 2036 1587 Patri
2071 1552 2084 1587 :
2112 1544 2164 1589 et
2195 1550 2283 1588 vo-

2388 1558 2483 1608 γος
2508 1516 2780 1615 ἐν’Ᾰὸγῳξ
2820 1516 3016 1599 Πάντα·
3051 1516 3229 1598 τοίνυν
3257 1516 3404 1598 ἐστὶν
3438 1549 3465 1599 6
3502 1516 3634 1606 Ῠὶὸς
3668 1544 3756 1614 τῷ
3787 1545 3991 1613 [largi
4013 1585 4024 1605 ,

694 1602 873 1660 lunias
902 1616 953 1661 et
982 1609 1242 1676 Verbum,
1278 1626 1331 1667 et
1362 1616 1630 1685 sapientia
1667 1636 1681 1672 :
1717 1620 1961 1690 nihilque
1990 1632 2071 1676 est
2105 1624 2154 1676 in
2183 1623 2284 1677 Pa-

2394 1635 2483 1686 καὶ
2538 1634 2700 1705 βουλὴ
2731 1638 2823 1689 καὶ
2856 1638 3048 1705 Λόγος,
3083 1640 3175 1691 καὶ
3201 1638 3381 1707 σοφία·
3418 1636 3511 1690 καὶ
3534 1636 3701 1689 οὐδέν
3740 1636 3915 1687 ἐστιν
3968 1637 4030 1685 ἐν

696 1703 777 1748 tre
804 1707 932 1751 ante
963 1699 1157 1767 ipsum.

2393 1699 2565 1796 Πατρὶ
2593 1699 2700 1796 προ
2736 1728 2917 1780 αὐτοῦ.

1269 1814 1484 1871 ALIUD
1522 1819 1712 1873 simile.
2318 1840 2359 1895 Β

2318 1840 2359 1895 Β
2952 1842 3133 1893 ΑΛΛΟ
3167 1840 3393 1910 ὅμοιον.

763 1915 937 1972 liabet
981 1919 1081 1974 sibi
1131 1924 1293 1979 homo
1335 1928 1659 1983 naturaliter
1695 1930 1912 1985 insitam
1959 1936 2279 2002 procreandi

2463 1954 2616 2023 Ἔχει
2648 1954 2788 2006 κατὰ
2820 1954 2982 2022 φύσιν
3011 1956 3038 2006 6
3080 1954 3365 2023 ἄνθρωπος
3393 1954 3452 2006 τὸ
3477 1952 3767 2006 δύνασθαι
3790 1953 4026 2005 τέκνων

693 2007 834 2062 ﬁlios
874 2021 1235 2080 potestatem,
1279 2027 1333 2071 et
1376 2035 1481 2072 non
1524 2024 1978 2089 quemadmodum
2022 2029 2182 2082 homo
2215 2044 2279 2083 ex

2386 2042 2546 2095 αὑτὸν
2566 2043 2818 2110 γενέσθαι
2848 2044 3080 2114 πατέρα’
3106 2044 3197 2095 καὶ
3225 2044 3322 2112 οὺχ
3349 2044 3537 2113 ὥσπερ
3568 2045 3637 2094 ἐκ
3676 2042 4022 2110 βουλήσεως

692 2100 971 2157 voluntate
1009 2116 1091 2159 est
1132 2108 1303 2162 bonus
1336 2119 1427 2163 aut
1463 2112 1664 2176 malus,
1700 2114 1771 2168 ita
1802 2116 1965 2171 etiam
2002 2131 2066 2170 ex
2096 2119 2283 2173 volun-

2386 2100 2588 2201 ἀγαθός
2610 2136 2759 2187 ἐστιν
2793 2135 2824 2204 ἢ
2866 2100 3121 2207 πονηρὸς,
3147 2100 3419 2188 οὖτωῧκαὶ
3448 2100 3687 2206 πατὴρ..
3734 2100 3928 2186 Ἀλλὰ
3963 2133 4022 2185 τὸ

689 2200 800 2244 tate
825 2201 908 2245 est
938 2204 1109 2262 pater.
1141 2197 1244 2252 Sed
1277 2201 1380 2255 hoc
1404 2217 1466 2256 ex
1502 2213 1690 2257 natura
1710 2246 1724 2269 ,
1754 2205 1883 2261 illud
1910 2222 1974 2261 ex
2004 2208 2280 2265 voluntate

2386 2225 2484 2294 μὲν
2523 2223 2701 2293 φύσει,
2732 2224 2867 2277 τὸδὲ
2901 2224 3151 2295 βουλήσει
3196 2223 3334 2278 ἐστί.
3391 2225 3499 2275 Καὶ
3555 2222 3660 2275 τοῦ
3698 2224 3814 2292 μὲν
3841 2222 4020 2291 ἐσμὲν

688 2280 869 2335 habet.
903 2282 968 2336 Et
1002 2284 1149 2340 illius
1181 2289 1398 2357 quidem
1431 2291 1638 2345 domini
1673 2308 1893 2361 sumus;
1929 2297 1982 2349 in
2018 2295 2119 2351 hoc
2153 2313 2280 2352 vero

2382 2317 2582 2386 κύριοι·
2618 2315 2711 2368 τοῦ
2741 2315 2795 2368 δὲ
2842 2317 2875 2386 ἡ
2930 2315 3089 2382 φύσις
3125 2314 3482 2384 ἀπαράϐατον
3516 2312 3637 2382 ἔχει
3672 2313 3781 2365 τὸν
3815 2314 4016 2382 νόμον.

687 2380 947 2440 perpetua
999 2386 1163 2446 atque
1212 2382 1676 2437 incommutabilis
1730 2393 1939 2441 natura
1986 2386 2068 2442 lex
2114 2388 2273 2459 viget.

2382 2380 2592 2479 Ὥσπερ
2619 2404 2710 2460 οὖν
2736 2407 2834 2459 οὐκ
2864 2380 3265 2475 εκῗβουλήσεως
3302 2405 3499 2475 ἔχομεν
3533 2407 3713 2473 ἡμεῖς
3764 2404 3839 2467 τὸ
3866 2399 4018 2459 εἶναι

688 2462 841 2519 Sicut
880 2466 1044 2537 igitur
1082 2486 1180 2524 nos
1221 2487 1324 2525 non
1361 2488 1424 2527 ex
1462 2474 1762 2541 voluntate,
1801 2478 1892 2532 sed
1929 2486 2142 2543 natura,
2181 2480 2277 2533 ha-

2384 2462 2614 2567 πατέρες
2658 2497 2767 2549 τῶν
2823 2496 2881 2562 ἐξ
2935 2462 3123 2565 ημῶν..
3161 2494 3297 2548 ἀλλὰ
3332 2462 3623 2563 Ἑρδσικῶς,
3656 2493 3828 2549 οὓτω
3858 2498 3963 2548 καὶ
3995 2500 4020 2549 6

687 2556 876 2612 bemus
902 2568 959 2612 ut
985 2561 1157 2616 siums
1184 2573 1364 2632 patres
1389 2565 1622 2621 ﬁliorum
1650 2576 1982 2633 nostrorum,
2010 2570 2081 2624 ita
2108 2571 2273 2625 etiam

2380 2556 2651 2649 Θεὸίκαὶ
2699 2556 2888 2657 Πατὴρ
2940 2556 3038 2638 66x
3100 2556 3166 2637 εκ
3212 2556 3527 2655 βουλησεως
3570 2587 3793 2656 Πατήρ
3833 2589 4016 2649 ἐστιν,

687 2647 828 2702 Deus
858 2665 920 2705 ac
949 2652 1109 2707 Pater
1136 2669 1242 2708 non
1271 2671 1338 2710 ex
1366 2657 1640 2713 voluntate
1669 2658 1829 2715 Pater
1853 2670 1959 2728 est,
1988 2664 2083 2717 sed
2116 2673 2273 2716 natu.

2383 2647 2513 2729 ἀλλὰ
2543 2660 2807 2745 φυσικῶῑς.
2839 2647 2982 2729 ’.Καὶ
3033 2647 3228 2747 ὥσπερ
3257 2677 3307 2729 οἱ
3356 2647 3415 2742 ἐξ
3466 2676 3637 2746 ἡμῶν
3669 2647 4019 2747 τιὶὲτόμενοέ

682 2739 891 2795 raliter.
933 2743 998 2797 Et
1041 2747 1498 2813 quemadmodum
1541 2751 1631 2819 qui
1672 2766 1738 2805 ex
1784 2753 1938 2809 nobis
1979 2754 2275 2822 gignuntur

2385 2771 2548 2837 ὅμοιοι
2575 2770 2788 2831 πάντως
2806 2772 2936 2839 ἡμῖν
2966 2770 3086 2823 κατ’
3108 2769 3297 2823 οὐσίαν
3314 2769 3473 2832 εἰσὶν,
3502 2767 3661 2821 οὓτω
3703 2771 3815 2822 καὶ
3837 2773 3869 2823 6
3892 2772 4021 2833 Υἱὸς

681 2834 889 2889 similes
923 2852 1145 2905 prorsus
1185 2839 1342 2895 nobis
1380 2852 1506 2895 sunt
1539 2847 1838 2897 secundum
1878 2845 2271 2911 substantiam,

2385 2834 2475 2909 sint
2506 2857 2700 2921 ἔξωθεν
2730 2859 2809 2929 τῷ
2828 2834 3006 2929 ῘΙατρὶ
3046 2860 3505 2930 προσγενόμενος,
3548 2860 3685 2913 ἀλλ’
3724 2862 3925 2926 ὅντως
3958 2865 4021 2915 ὲκ

680 2924 752 2977 ita
784 2928 946 2981 etiam
982 2928 1151 2985 Filius
1184 2946 1291 2985 non
1323 2933 1667 2988 extrinsecus
1703 2934 1855 2988 Patri
1888 2937 2145 3002 accessit,
2178 2939 2272 2992 sed

2384 2947 2475 3016 τῆς
2499 2949 2686 3011 οὐσίας
2718 2948 2882 3003 αὐτοῦ
2912 2949 3191 3020 προελθὼν
3247 2949 3433 3019 ὅμοιός
3465 2951 3589 3003 ἐστι
3626 2952 3795 3004 κατὰ
3830 2955 4020 3008 πάντα

678 3030 867 3072 revera
896 3036 962 3073 ex
992 3024 1229 3075 essentia
1260 3024 1433 3093 ipsius
1460 3028 1763 3094 procedens
1791 3041 1887 3094 per
1913 3028 2092 3081 omnia
2122 3028 2272 3081 simi-

2384 3036 2454 3106 εῷ
2491 3040 2859 3107 γεγεννηκότι.
2894 3041 3004 3091 Καὶ
3036 3041 3228 3111 ὥσπερ
3260 3041 3362 3093 οὐκ
3396 3042 3461 3093 ὲκ
3510 3040 3866 3113 βουλήσεώς
3899 3044 4020 3096 ἐστι

677 3105 743 3161 lis
769 3118 852 3163 est
883 3109 1149 3167 Geuitori.
1176 3113 1243 3167 Et
1264 3116 1725 3182 quemadmodum
1758 3116 1922 3172 Pater
1947 3135 2054 3175 non
2084 3136 2150 3175 ex
2178 3136 2271 3176 νο·
2298 3182 2313 3203 Δ

2384 3105 2589 3199 Πατὴρ,
2630 3105 2771 3184 οὕτω
2816 3132 2971 3184 καὶὸ
3020 3132 3148 3196 Υίὸς
3179 3105 3278 3185 οὐκ
3326 3134 3389 3184 ὲκ
3433 3105 3781 3203 βουλήσευώς
3825 3138 4020 3200 ἐστιν,

679 3195 888 3251 lunlate
914 3211 997 3253 est
1030 3200 1212 3265 Pater,
1240 3180 1313 3255 ita
1341 3214 1395 3258 et
1423 3205 1595 3260 Filius
1625 3222 1731 3261 non
1763 3222 1832 3262 ex
1857 3208 2148 3276 voluntate,
2176 3212 2270 3266 sed
2297 3181 2315 3239 ⁴

2384 3180 2689 3273 ἇλλὰᾜέαέᾶ
2705 3180 3372 3294 ξρῗπὶῖᾇξάεταῖδξοξσίιξκαι
3393 3180 3659 3295 χαρακτὴ
3668 3243 3707 3294 ρ
3728 3180 4020 3298 ἐπάρχων

678 3298 743 3337 cx
786 3297 976 3339 natura
1017 3298 1122 3354 est,
1160 3291 1415 3359 splendor
1448 3303 1499 3348 et
1539 3295 1826 3350 character
1856 3298 2125 3356 exsistens
2157 3299 2274 3370 ejus

1448 3303 1499 3348 et
1539 3295 1826 3350 character
1856 3298 2125 3356 exsistens
2157 3299 2274 3370 ejus
2370 3310 2469 3363 τοῦ
2501 3312 2854 3382 γεννήσαντος
2888 3313 3071 3368 αὐτόν.

679 3375 775 3443 qui
809 3374 985 3443 ipsum
1020 3380 1227 3446 genuit.

1355 3490 1582 3547 ALIUD.

3071 3512 3273 3567 ΑΛΛΟ.

1139 3578 1382 3651 Objectio
1420 3597 1485 3637 ea;
1525 3584 1813 3640 Eunoniio.
2636 3620 2775 3673 Ἀντί

2636 3620 2957 3687 Ἀντίθεσις
3014 3622 3093 3689 ὡς
3124 3623 3194 3676 ἐκ
3229 3621 3348 3677 τῶν
3384 3625 3737 3695 Eur-optat).

744 3688 1118 3762 lntcrrogandi
1156 3703 1318 3760 sunt,
1353 3696 1559 3768 inquit,
1596 3699 1633 3752 ii
1670 3700 1764 3768 qui
1798 3713 1858 3754 se
1892 3709 2037 3754 recte
2066 3702 2268 3757 sentire

2459 3710 2811 3781 Ἐρωτητέον,
2848 3714 3005 3782 φησὶ,
3039 3713 3168 3777 τοὺς
3200 3714 3337 3786 ὀρθὰ
3388 3688 3618 3786 φρονεῖν
3651 3720 3980 3791 οἰομένους
4002 3764 4016 3786 ,

673 3782 1011 3844 existimant,
1043 3794 1224 3838 utrum
1256 3787 1550 3857 aliquando
1598 3789 1882 3845 voluntate
1908 3791 2152 3859 genuerit
2179 3792 2265 3846 Fi-

2378 3801 2605 3872 πότερόν
2631 3818 2763 3854 ποτε
2800 3802 3055 3875 βουλήσει
3086 3782 3386 3875 γεγέννηκε
3400 3782 3507 3860 τὸν
3543 3808 3687 3863 Υίὸν
3714 3782 4014 3885 ὸ“Πατὴρ,

673 3871 802 3926 lium
830 3871 1012 3937 Pater,
1040 3889 1107 3928 an
1139 3877 1274 3930 citra
1306 3879 1667 3935 voluntatem.
1713 3880 1771 3935 Si
1799 3880 1944 3936 enim
1973 3882 2182 3936 exstitit
2210 3884 2263 3938 in

2382 3893 2400 3962 δ
2437 3871 2808 3962 ἀδουλήτωςς
2841 3895 2904 3948 Et
2932 3871 3030 3965 μὲν
3064 3871 3175 3967 γὰρ
3199 3871 3477 3967 ὲνυπῆρχε
3520 3901 3591 3969 τῇ
3637 3901 3751 3955 τοῦ
3784 3871 4018 3975 nat-c932

669 3966 905 4018 essentia
939 3964 1145 4031 Patris,
1180 3968 1322 4023 alius
1351 3971 1418 4025 ab
1451 3972 1568 4040 ipso
1599 3971 1801 4033 Filius,
1836 3988 1941 4026 non
1969 3973 2264 4031 voluntarie

2382 3983 2552 4053 ιύσία,
2592 3984 2776 4054 ἔτερος
2809 3984 2885 4037 ὣν
2915 3989 3048 4057 παρ’
3082 3964 3246 4041 αθτὸν
3287 3989 3316 4039 6
3349 3964 3501 4051 Ῠίνος.
3554 3964 3621 4043 οὐ
3652 3964 4018 4067 προαιρέσει

669 4056 876 4124 genuit.
902 4055 1133 4113 Necesse
1163 4061 1309 4114 enim
1340 4072 1455 4115 erat
1489 4078 1682 4131 parere
1713 4078 1838 4117 eum
1868 4065 1957 4132 qui
1992 4066 2043 4118 in
2076 4075 2261 4124 natura

2387 4072 2607 4125 τέτοκεν.
2656 4068 2762 4127 Ἦν
2808 4074 2917 4145 γὰρ
2966 4055 3179 4146 ἀνάγκη
3235 4080 3417 4131 τεκεῖν
3472 4079 3569 4131 τὸν
3604 4082 3672 4134 ὲν
3703 4055 3803 4154 ’τῇ
3847 4055 4023 4153 ἀπύσει

669 4155 808 4199 erat.
842 4145 899 4200 Si
932 4161 1059 4202 vero
1089 4165 1194 4202 non
1226 4160 1344 4203 erat
1376 4152 1427 4205 in
1457 4151 1650 4217 Patre,
1685 4153 1781 4207 sed
1816 4152 1991 4208 factus
2020 4164 2101 4209 est
2133 4156 2263 4212 deli-

2383 4164 2645 4233 εείμενον.
2676 4164 2739 4217 El
2759 4165 2814 4217 δὲ
2844 4166 2942 4219 οὐκ
2967 4162 3034 4236 ἦν
3076 4167 3134 4220 ἐν
3166 4145 3363 4239 Πατρὶ,
3394 4170 3678 4242 ἐγεννήθη
3714 4145 4019 4246 sipara”-

668 4238 958 4292 beratione
991 4238 1171 4296 Patris
1201 4242 1441 4297 adhibita
1461 4283 1476 4305 ,
1517 4259 1743 4299 necesse
1772 4253 1854 4299 est
1882 4246 2102 4301 omnino
2131 4249 2263 4304 deli-

2385 4254 2563 4315 lévro;
2595 4253 2683 4305 τοῦ
2720 4256 2954 4327 Πατρὶς.
2996 4257 3212 4328 ἀνάγκη
3247 4238 3641 4331 προῦπάρχειν
3665 4238 3873 4319 αὐτοῦ
3917 4238 4021 4339 την

668 4329 1007 4384 herationem
1050 4332 1415 4402 praecessisse.
1458 4333 1573 4390 Non
1614 4345 1736 4390 erat
1780 4336 1949 4407 igitur
1983 4337 2129 4394 Patri
2167 4354 2260 4394 co-

2382 4344 2651 4412 Ξούλησιν.
2675 4346 2787 4396 Οὐκ
2819 4341 2884 4415 ἦν
2914 4340 3006 4397 οὖν
3053 4347 3163 4416 ἄρα
3198 4347 3274 4419 τῷ
3295 4329 3302 4331 ⁷
3323 4329 3662 4422 γεννήσαντι
3695 4329 4018 4420 ωναῖδιος.

666 4432 910 4478 ωιρτηιιε

1182 4538 1389 4593 Salutio
1426 4538 1755 4608 objectiouis.
2289 4527 2335 4581 Ῐ)

2289 4527 2335 4581 Ῐ)
2868 4544 3022 4611 Πρὸς
3044 4545 3231 4599 ταῦτα
3257 4549 3461 4613 λύσις.

735 4671 977 4725 Primum
1009 4673 1230 4743 quidem
1264 4674 1527 4742 stupenda
1563 4688 1651 4727 res
1682 4683 1769 4728 est
1800 4689 1908 4741 quo
1938 4685 2096 4741 pacto
2124 4687 2258 4729 adeo

2442 4675 2670 4747 Πρῶτον
2714 4677 2811 4745 μὲν
2837 4677 3249 4747 ἁποθαυμάζειν
3294 4680 3447 4745 ἄξιον
3478 4684 3615 4748 τοὺς
3648 4686 4016 4755 ἀφυλάκτως

662 4764 953 4818 temerarie
991 4773 1046 4818 et
1090 4774 1401 4833 portentosa
1438 4766 1585 4821 velut
1624 4766 1902 4833 imperitia
1944 4765 1998 4817 in
2041 4781 2254 4819 omnem

2376 4772 2443 4831 εἰς
2480 4769 2664 4819 πᾶσαν
2691 4766 2981 4837 τρέχοντας
3016 4769 3355 4840 δυσφημίαν,
3395 4772 3610 4845 πολλήν
3645 4793 3712 4829 τε
3743 4779 4012 4849 ἀμαθίαν

660 4854 1048 4924 blasphemiam
1075 4865 1258 4910 ruant.
1278 4855 1461 4925 Neque
1485 4857 1597 4928 58
1621 4859 1769 4912 enim
1795 4858 1955 4925 pudet
1977 4871 2070 4909 eos
2092 4857 2253 4910 etiam

2378 4860 2557 4919 ιιῦτοῖς
2611 4858 2880 4925 ἐγκαλεῖν.
2955 4860 3029 4912 Οὐ
3085 4860 3194 4931 γὰρ
3255 4863 3623 4931 αἰσχύνονται
3688 4870 3793 4922 καὶ
3837 4873 4014 4925 αὑτὸν

656 4945 835 5015 ipsum
868 4944 1037 5001 Deum
1071 4948 1384 5002 necessitati
1420 4949 1730 5018 subjicere,
1764 4947 2004 5000 dicentes
2038 4949 2257 5014 perinde

2377 4949 2642 5015 ἱινάγκαις
2670 4948 3012 5013 ὑποτιθέντες
3039 4950 3131 5003 τὸν
3156 4951 3311 5015 Θεὸν,
3338 4954 3435 5005 καὶ
3468 4955 3747 5027 καθάπερ
3770 4962 3878 5014 ἐπὶ
3907 4980 4013 5015 σωο

655 5048 819 5109 atque
849 5038 901 5090 in
934 5038 1190 5094 humanis
1219 5040 1542 5108 corporibus
1573 5036 1784 5106 aliquid
1816 5034 1993 5089 Patris
2020 5037 2253 5092 essentia

2375 5041 2565 5110 μάτων
2616 5038 2968 5109 ἀνθρωπίνων
3027 5042 3462 5111 ὲμπεριὲχεσθαί
3517 5064 3574 5099 τι
3632 5049 4011 5125 λέγοντεςτῇ

653 5129 1062 5199 comprehendi,
1106 5146 1172 5187 ac
1214 5130 1372 5200 quasi
1408 5145 1505 5184 vas
1549 5130 1604 5183 in
1646 5141 1802 5192 vase,
1840 5127 1915 5181 ita
1963 5126 2157 5181 Filium
2200 5130 2253 5184 in

2377 5130 2463 5184 τοῦ
2500 5130 2713 5197 Πατρὸς
2742 5130 2921 5199 οὐσίᾳ,
2950 5131 2981 5199 ἢ
3016 5130 3208 5202 ὥσπερ
3232 5150 3283 5185 τι
3313 5135 3514 5199 σκεῦος
3545 5140 3611 5191 ὲν
3653 5144 3861 5196 σκεύει
3896 5149 4013 5197 κείς

656 5218 818 5274 Patre
864 5225 1053 5277 teneri.
1100 5221 1215 5277 Nos
1257 5236 1409 5285 vero,
1444 5222 1534 5290 qui
1583 5229 1735 5274 recte
1782 5232 1845 5272 ac
1887 5216 2028 5285 juste
2057 5221 2257 5274 sentire

2376 5224 2493 5276 σθαι
2523 5220 2615 5271 τὸν
2666 5221 2792 5272 Υίὸν
2841 5223 2900 5272 ὲν
2953 5224 3148 5295 Πατρί.
3211 5227 3408 5296 Ἡμεῖς
3461 5228 3523 5281 δὲ
3582 5227 3671 5295 οἷς
3720 5232 3876 5303 ὀρθὰ
3915 5236 4012 5287 καὶ

657 5311 967 5378 studemus,
998 5314 1296 5368 essentiam
1339 5312 1429 5365 Dei
1471 5311 1619 5365 omni
1660 5308 1984 5363 necessitate
2017 5312 2255 5378 superio-

2375 5312 2556 5364 δίκαια
2580 5310 2795 5376 φρονεῖν
2824 5311 3212 5375 ὲσπούδασται,
3231 5314 3346 5367 ἄνω
3374 5316 3477 5385 μὲν
3505 5320 3705 5390 πάσης
3741 5323 4011 5393 ἀνάγκης

657 5416 770 5454 rem
805 5417 930 5457 esse
966 5404 1233 5470 dicimus;
1266 5414 1322 5458 et
1352 5405 1550 5459 Filium
1582 5419 1708 5460 esse
1743 5405 1795 5454 in
1829 5402 2021 5464 Patre,
2055 5419 2160 5458 non
2199 5415 2256 5460 ut

2376 5397 2511 5452 εἷναί
2541 5413 2722 5464 φαμεν
2751 5399 2849 5468 τὴν
2887 5401 3073 5453 οὐσίαν
3096 5403 3191 5455 τοῦ
3223 5404 3387 5457 Θεοῦο
3421 5403 3574 5461 εἶναι
3603 5409 3668 5463 δὲ
3704 5412 3889 5467 πάλιν
3919 5416 4012 5469 τὸν

657 5506 854 5560 corpus
886 5493 938 5546 in
970 5510 1225 5563 corpore,
1257 5495 1351 5548 sed
1384 5507 1443 5548 ut
1473 5491 1898 5562 inseparabilem
1931 5492 2000 5545 ab
2029 5493 2143 5557 ejus
2172 5511 2255 5549 cs-

2375 5491 2499 5543 Ι⁹ἱὸν
2528 5488 2585 5539 ἐν
2617 5488 2793 5556 Πατρὶ
2814 5528 2827 5551 ,
2862 5492 2960 5560 οὐχ
2988 5492 3063 5554 ὡς
3092 5494 3253 5563 σῶμα
3293 5496 3400 5548 ὑπὸ
3432 5498 3710 5568 σώματος
3743 5508 4011 5577 περιεχό-

655 5582 829 5635 scntia
868 5593 922 5636 et
960 5585 1028 5637 ab
1068 5586 1188 5653 ipso
1227 5586 1617 5652 procedentem
1656 5580 1997 5634 naturaliter.
2038 5581 2094 5635 Si
2131 5598 2257 5640 vero

2377 5595 2560 5648 μενον,
2592 5577 2705 5628 ἀλλ’
2732 5578 2805 5641 ὡς
2841 5580 3144 5652 ἀχώριστον
3174 5587 3274 5654 τῆς
3333 5588 3534 5652 οὐσίας
3589 5593 3776 5647 αὑτοῦ
3811 5596 3915 5648 καὶ
3950 5597 4013 5654 ἐξ

659 5675 980 5730 existimant
1023 5693 1081 5731 se
1125 5685 1347 5731 acutum
1388 5673 1593 5743 aliquid
1641 5685 1976 5741 proponere,
2023 5672 2257 5730 dicentes

2373 5671 2544 5736 αὐτῆς
2578 5667 2909 5736 προελθόντα
2946 5674 3086 5725 κατὰ
3123 5674 3213 5727 τὸν
3260 5676 3361 5744 τῆς
3401 5678 3641 5745 φύσεως
3686 5684 3891 5754 νόμον,
3946 5687 4009 5740 Et

663 5767 943 5823 volumalc
969 5778 1061 5824 aut
1087 5770 1226 5825 citra
1252 5767 1591 5824 voluntatem
1619 5780 1743 5821 eum
1772 5761 1976 5818 factum
2004 5777 2141 5822 esse.
2171 5766 2251 5819 vi-

2370 5763 2421 5815 δὲ
2448 5758 2657 5812 οἴονται
2691 5758 2850 5825 σοφόν
2886 5779 2935 5815 τι
2970 5764 3298 5829 προτείνειν,
3332 5767 3604 5838 βουλήσει
3645 5772 3919 5845 λέγοντες
3972 5779 4006 5845 ἧ
