  <div class='ocr_page' id='page_1' title='image "/cluster/home/n/w/nwhite01/storage/ocr_20150623/75/hvd.32044019207935/056.png"; bbox 0 0 4144 6524; ppageno 0'>
   <div class='ocr_carea' id='block_1_1' title="bbox 184 363 3449 456">
    <p class='ocr_par' dir='ltr' id='par_1_1' title="bbox 184 363 3449 456">
     <span class='ocr_line' id='line_1_1' title="bbox 184 363 3449 456; baseline -0.02 9"><span class='ocrx_word' id='word_1_1' title='bbox 184 403 247 456; x_wconf 77' lang='lat'><strong>07</strong></span> <span class='ocrx_word' id='word_1_2' title='bbox 1600 375 2045 436; x_wconf 78' lang='lat' dir='ltr'><strong>TtlESAUBUS.</strong></span> <span class='ocrx_word' id='word_1_3' title='bbox 3378 363 3449 422; x_wconf 63' lang='grc' dir='ltr'><strong>ες</strong></span> 
     </span>
    </p>
   </div>
   <div class='ocr_carea' id='block_1_2' title="bbox 178 482 1768 586">
    <p class='ocr_par' dir='ltr' id='par_1_2' title="bbox 178 499 1757 586">
     <span class='ocr_line' id='line_1_2' title="bbox 178 499 1757 586; baseline -0.012 -16"><span class='ocrx_word' id='word_1_4' title='bbox 178 513 493 586; x_wconf 73' lang='grc' dir='ltr'>ἀϐουλήτως</span> <span class='ocrx_word' id='word_1_5' title='bbox 520 512 684 566; x_wconf 83' lang='grc' dir='ltr'>αὐτὸν</span> <span class='ocrx_word' id='word_1_6' title='bbox 714 506 1058 579; x_wconf 80' lang='grc' dir='ltr'>γεγενῆσθαι,</span> <span class='ocrx_word' id='word_1_7' title='bbox 1083 507 1174 558; x_wconf 76' lang='grc' dir='ltr'><strong>καὶ</strong></span> <span class='ocrx_word' id='word_1_8' title='bbox 1210 504 1341 573; x_wconf 82' lang='grc' dir='ltr'>παρ’</span> <span class='ocrx_word' id='word_1_9' title='bbox 1373 501 1536 573; x_wconf 66' lang='grc' dir='ltr'><strong>ἡμῶν</strong></span> <span class='ocrx_word' id='word_1_10' title='bbox 1562 499 1757 553; x_wconf 82' lang='grc' dir='ltr'>ἀκουέ-</span> 
     </span>
    </p>
   </div>
   <div class='ocr_carea' id='block_1_3' title="bbox 1872 482 3443 586">
    <p class='ocr_par' dir='ltr' id='par_1_3' title="bbox 1872 482 3443 555">
     <span class='ocr_line' id='line_1_3' title="bbox 1872 482 3443 555; baseline -0.008 -7"><span class='ocrx_word' id='word_1_11' title='bbox 1872 493 2043 549; x_wconf 77' lang='lat' dir='ltr'><strong>cissitn</strong></span> <span class='ocrx_word' id='word_1_12' title='bbox 2071 492 2169 545; x_wconf 88' lang='lat' dir='ltr'><strong>hoc</strong></span> <span class='ocrx_word' id='word_1_13' title='bbox 2199 504 2227 543; x_wconf 92' lang='lat' dir='ltr'><strong>a</strong></span> <span class='ocrx_word' id='word_1_14' title='bbox 2263 488 2415 542; x_wconf 89' lang='lat' dir='ltr'><strong>nobis</strong></span> <span class='ocrx_word' id='word_1_15' title='bbox 2446 485 2668 540; x_wconf 78' lang='lat' dir='ltr'><strong>audiant</strong></span> <span class='ocrx_word' id='word_1_16' title='bbox 2699 501 2713 539; x_wconf 87' lang='lat'><strong>:</strong></span> <span class='ocrx_word' id='word_1_17' title='bbox 2747 484 2888 552; x_wconf 72' lang='lat' dir='ltr'><strong>Ergo</strong></span> <span class='ocrx_word' id='word_1_18' title='bbox 2926 483 3066 555; x_wconf 77' lang='lat' dir='ltr'><strong>ignis</strong></span> <span class='ocrx_word' id='word_1_19' title='bbox 3101 482 3263 540; x_wconf 91' lang='lat' dir='ltr'><strong>etiam</strong></span> <span class='ocrx_word' id='word_1_20' title='bbox 3297 483 3443 537; x_wconf 61' lang='lat' dir='ltr'><strong>calo-</strong></span> 
     </span>
    </p>
   </div>
   <div class='ocr_carea' id='block_1_4' title="bbox 177 590 1766 672">
    <p class='ocr_par' dir='ltr' id='par_1_4' title="bbox 177 590 1766 672">
     <span class='ocr_line' id='line_1_4' title="bbox 177 590 1766 672; baseline -0.013 -11"><span class='ocrx_word' id='word_1_21' title='bbox 177 623 378 661; x_wconf 75' lang='grc' dir='ltr'>τωσανο</span> <span class='ocrx_word' id='word_1_22' title='bbox 403 603 665 672; x_wconf 85' lang='grc' dir='ltr'>Βουλήσει</span> <span class='ocrx_word' id='word_1_23' title='bbox 693 597 801 671; x_wconf 86' lang='grc' dir='ltr'>ἆρα</span> <span class='ocrx_word' id='word_1_24' title='bbox 826 599 888 652; x_wconf 81' lang='grc' dir='ltr'>τὸ</span> <span class='ocrx_word' id='word_1_25' title='bbox 937 595 1047 668; x_wconf 70' lang='grc' dir='ltr'>πῦρ</span> <span class='ocrx_word' id='word_1_26' title='bbox 1071 596 1170 665; x_wconf 84' lang='grc' dir='ltr'><strong>τὴν</strong></span> <span class='ocrx_word' id='word_1_27' title='bbox 1188 594 1248 659; x_wconf 76' lang='grc' dir='ltr'>ἐξ</span> <span class='ocrx_word' id='word_1_28' title='bbox 1263 592 1431 648; x_wconf 67' lang='grc' dir='ltr'>αὐτοῦ</span> <span class='ocrx_word' id='word_1_29' title='bbox 1454 590 1766 662; x_wconf 81' lang='grc' dir='ltr'><strong>θερμότητα</strong></span> 
     </span>
    </p>
   </div>
   <div class='ocr_carea' id='block_1_5' title="bbox 178 679 1766 768">
    <p class='ocr_par' dir='ltr' id='par_1_5' title="bbox 178 679 1766 768">
     <span class='ocr_line' id='line_1_5' title="bbox 178 679 1766 768; baseline -0.013 -17"><span class='ocrx_word' id='word_1_30' title='bbox 178 698 345 767; x_wconf 82' lang='grc' dir='ltr'>γεννᾷ</span> <span class='ocrx_word' id='word_1_31' title='bbox 368 696 403 768; x_wconf 77' lang='grc' dir='ltr'>ἢ</span> <span class='ocrx_word' id='word_1_32' title='bbox 444 693 752 763; x_wconf 78' lang='grc' dir='ltr'>άόουλήτως</span> <span class='ocrx_word' id='word_1_33' title='bbox 778 708 792 755; x_wconf 91' lang='grc'><strong>;</strong></span> <span class='ocrx_word' id='word_1_34' title='bbox 860 689 1000 741; x_wconf 83' lang='grc' dir='ltr'>Ἀλλ’</span> <span class='ocrx_word' id='word_1_35' title='bbox 1033 687 1184 741; x_wconf 85' lang='grc' dir='ltr'>οὐδὲν</span> <span class='ocrx_word' id='word_1_36' title='bbox 1213 685 1395 749; x_wconf 74' lang='grc' dir='ltr'>ἕξουσι</span> <span class='ocrx_word' id='word_1_37' title='bbox 1442 683 1579 754; x_wconf 83' lang='grc' dir='ltr'>πρὸς</span> <span class='ocrx_word' id='word_1_38' title='bbox 1606 679 1766 733; x_wconf 81' lang='grc' dir='ltr'>τοῦτο</span> 
     </span>
    </p>
   </div>
   <div class='ocr_carea' id='block_1_6' title="bbox 181 773 1762 853">
    <p class='ocr_par' dir='ltr' id='par_1_6' title="bbox 181 773 1762 853">
     <span class='ocr_line' id='line_1_6' title="bbox 181 773 1762 853; baseline -0.011 -11"><span class='ocrx_word' id='word_1_39' title='bbox 181 790 377 843; x_wconf 79' lang='grc' dir='ltr'>εἰπεῖν.</span> <span class='ocrx_word' id='word_1_40' title='bbox 407 787 488 839; x_wconf 85' lang='grc' dir='ltr'><strong>Τὰ</strong></span> <span class='ocrx_word' id='word_1_41' title='bbox 518 785 625 853; x_wconf 86' lang='grc' dir='ltr'><strong>γὰρ</strong></span> <span class='ocrx_word' id='word_1_42' title='bbox 644 784 708 836; x_wconf 80' lang='grc' dir='ltr'>ὲκ</span> <span class='ocrx_word' id='word_1_43' title='bbox 735 780 949 851; x_wconf 67' lang='grc' dir='ltr'>φύσεως</span> <span class='ocrx_word' id='word_1_44' title='bbox 979 779 1236 852; x_wconf 82' lang='grc' dir='ltr'><strong>προϊόντα</strong></span> <span class='ocrx_word' id='word_1_45' title='bbox 1255 819 1269 843; x_wconf 91' lang='grc'><strong>,</strong></span> <span class='ocrx_word' id='word_1_46' title='bbox 1317 774 1443 830; x_wconf 81' lang='grc' dir='ltr'>οὐτε</span> <span class='ocrx_word' id='word_1_47' title='bbox 1478 773 1762 845; x_wconf 84' lang='grc' dir='ltr'>βούλησιν,</span> 
     </span>
    </p>
   </div>
   <div class='ocr_carea' id='block_1_7' title="bbox 182 865 1767 948">
    <p class='ocr_par' dir='ltr' id='par_1_7' title="bbox 182 865 1767 948">
     <span class='ocr_line' id='line_1_7' title="bbox 182 865 1767 948; baseline -0.013 -12"><span class='ocrx_word' id='word_1_48' title='bbox 182 879 305 936; x_wconf 71' lang='grc' dir='ltr'>οὔτε</span> <span class='ocrx_word' id='word_1_49' title='bbox 337 876 663 948; x_wconf 71' lang='grc' dir='ltr'>ἁδουλησίαν</span> <span class='ocrx_word' id='word_1_50' title='bbox 690 873 1017 944; x_wconf 77' lang='grc' dir='ltr'>ἐπιδέχεται.</span> <span class='ocrx_word' id='word_1_51' title='bbox 1066 871 1191 924; x_wconf 76' lang='grc' dir='ltr'>Ἐπὶ</span> <span class='ocrx_word' id='word_1_52' title='bbox 1224 869 1281 921; x_wconf 83' lang='grc' dir='ltr'>δὲ</span> <span class='ocrx_word' id='word_1_53' title='bbox 1303 867 1416 922; x_wconf 86' lang='grc' dir='ltr'><strong>τῶν</strong></span> <span class='ocrx_word' id='word_1_54' title='bbox 1451 866 1647 933; x_wconf 75' lang='grc' dir='ltr'>ἔξωθεν</span> <span class='ocrx_word' id='word_1_55' title='bbox 1672 865 1767 918; x_wconf 73' lang='grc' dir='ltr'><strong>καὶ</strong></span> 
     </span>
    </p>
   </div>
   <div class='ocr_carea' id='block_1_8' title="bbox 183 958 1764 1041">
    <p class='ocr_par' dir='ltr' id='par_1_8' title="bbox 183 958 1764 1041">
     <span class='ocr_line' id='line_1_8' title="bbox 183 958 1764 1041; baseline -0.01 -15"><span class='ocrx_word' id='word_1_56' title='bbox 183 964 259 1026; x_wconf 78' lang='grc' dir='ltr'>ὧν</span> <span class='ocrx_word' id='word_1_57' title='bbox 288 974 452 1041; x_wconf 78' lang='grc' dir='ltr'>ἐσμεν</span> <span class='ocrx_word' id='word_1_58' title='bbox 472 970 529 1022; x_wconf 85' lang='grc' dir='ltr'><strong>ὲν</strong></span> <span class='ocrx_word' id='word_1_59' title='bbox 555 964 793 1035; x_wconf 75' lang='grc' dir='ltr'>ἐξουσία,</span> <span class='ocrx_word' id='word_1_60' title='bbox 821 962 1072 1034; x_wconf 84' lang='grc' dir='ltr'>βούλησις</span> <span class='ocrx_word' id='word_1_61' title='bbox 1097 962 1191 1015; x_wconf 72' lang='grc' dir='ltr'><strong>καὶ</strong></span> <span class='ocrx_word' id='word_1_62' title='bbox 1220 959 1521 1030; x_wconf 81' lang='grc' dir='ltr'>ἀὸουλησία</span> <span class='ocrx_word' id='word_1_63' title='bbox 1548 958 1764 1030; x_wconf 78' lang='grc' dir='ltr'>κρατεῖ.</span> 
     </span>
    </p>
   </div>
   <div class='ocr_carea' id='block_1_9' title="bbox 188 1047 1765 1127">
    <p class='ocr_par' dir='ltr' id='par_1_9' title="bbox 188 1047 1765 1127">
     <span class='ocr_line' id='line_1_9' title="bbox 188 1047 1765 1127; baseline -0.007 -16"><span class='ocrx_word' id='word_1_64' title='bbox 188 1060 394 1127; x_wconf 81' lang='grc' dir='ltr'>Ὠσπερ</span> <span class='ocrx_word' id='word_1_65' title='bbox 423 1051 517 1108; x_wconf 79' lang='grc' dir='ltr'><strong>οὖν</strong></span> <span class='ocrx_word' id='word_1_66' title='bbox 576 1054 669 1109; x_wconf 72' lang='grc' dir='ltr'><strong>καὶ</strong></span> <span class='ocrx_word' id='word_1_67' title='bbox 707 1054 857 1124; x_wconf 82' lang='grc' dir='ltr'><strong>ἡμᾶς</strong></span> <span class='ocrx_word' id='word_1_68' title='bbox 920 1049 1267 1123; x_wconf 77' lang='grc' dir='ltr'>ὲργαζόμεθά</span> <span class='ocrx_word' id='word_1_69' title='bbox 1299 1067 1353 1101; x_wconf 87' lang='grc' dir='ltr'>τι</span> <span class='ocrx_word' id='word_1_70' title='bbox 1383 1047 1765 1120; x_wconf 81' lang='grc' dir='ltr'><strong>βουληθέντες,</strong></span> 
     </span>
    </p>
   </div>
   <div class='ocr_carea' id='block_1_10' title="bbox 186 1138 1767 1219">
    <p class='ocr_par' dir='ltr' id='par_1_10' title="bbox 186 1138 1767 1219">
     <span class='ocr_line' id='line_1_10' title="bbox 186 1138 1767 1219; baseline -0.006 -16"><span class='ocrx_word' id='word_1_71' title='bbox 186 1151 440 1219; x_wconf 79' lang='grc' dir='ltr'><strong>τίκτομεν</strong></span> <span class='ocrx_word' id='word_1_72' title='bbox 497 1147 554 1199; x_wconf 81' lang='grc' dir='ltr'>δὲ</span> <span class='ocrx_word' id='word_1_73' title='bbox 606 1146 666 1211; x_wconf 75' lang='grc' dir='ltr'><strong>ἐξ</strong></span> <span class='ocrx_word' id='word_1_74' title='bbox 710 1145 954 1208; x_wconf 76' lang='grc' dir='ltr'>ἑαυτῶν,</span> <span class='ocrx_word' id='word_1_75' title='bbox 997 1143 1187 1196; x_wconf 77' lang='grc' dir='ltr'><strong>οὐδένα</strong></span> <span class='ocrx_word' id='word_1_76' title='bbox 1233 1142 1400 1194; x_wconf 89' lang='grc' dir='ltr'>τόπον</span> <span class='ocrx_word' id='word_1_77' title='bbox 1441 1138 1671 1210; x_wconf 71' lang='grc' dir='ltr'>ἐχούσης</span> <span class='ocrx_word' id='word_1_78' title='bbox 1708 1141 1767 1193; x_wconf 80' lang='grc' dir='ltr'><strong>ὲν</strong></span> 
     </span>
    </p>
   </div>
   <div class='ocr_carea' id='block_1_11' title="bbox 183 1230 1765 1311">
    <p class='ocr_par' dir='ltr' id='par_1_11' title="bbox 183 1230 1765 1311">
     <span class='ocr_line' id='line_1_11' title="bbox 183 1230 1765 1311; baseline -0.008 -17"><span class='ocrx_word' id='word_1_79' title='bbox 183 1241 359 1311; x_wconf 84' lang='grc' dir='ltr'>τούτῳ</span> <span class='ocrx_word' id='word_1_80' title='bbox 391 1239 697 1310; x_wconf 81' lang='grc' dir='ltr'><strong>βουλήσεως</strong></span> <span class='ocrx_word' id='word_1_81' title='bbox 724 1237 757 1309; x_wconf 81' lang='grc' dir='ltr'>ἦ</span> <span class='ocrx_word' id='word_1_82' title='bbox 787 1235 1143 1306; x_wconf 79' lang='grc' dir='ltr'>ἀόουλησίας,</span> <span class='ocrx_word' id='word_1_83' title='bbox 1187 1232 1331 1286; x_wconf 77' lang='grc' dir='ltr'>οὓτω</span> <span class='ocrx_word' id='word_1_84' title='bbox 1370 1232 1464 1285; x_wconf 74' lang='grc' dir='ltr'><strong>καὶ</strong></span> <span class='ocrx_word' id='word_1_85' title='bbox 1507 1230 1641 1295; x_wconf 80' lang='grc' dir='ltr'>Θεὸς</span> <span class='ocrx_word' id='word_1_86' title='bbox 1672 1232 1765 1300; x_wconf 82' lang='grc' dir='ltr'><strong>ὲρ-</strong></span> 
     </span>
    </p>
   </div>
   <div class='ocr_carea' id='block_1_12' title="bbox 185 1321 1768 1400">
    <p class='ocr_par' dir='ltr' id='par_1_12' title="bbox 185 1321 1768 1400">
     <span class='ocr_line' id='line_1_12' title="bbox 185 1321 1768 1400; baseline -0.007 -16"><span class='ocrx_word' id='word_1_87' title='bbox 185 1332 412 1400; x_wconf 78' lang='grc' dir='ltr'>γάζεται</span> <span class='ocrx_word' id='word_1_88' title='bbox 445 1329 543 1400; x_wconf 80' lang='grc' dir='ltr'><strong>μὲν</strong></span> <span class='ocrx_word' id='word_1_89' title='bbox 578 1327 831 1399; x_wconf 84' lang='grc' dir='ltr'>βουλήσει</span> <span class='ocrx_word' id='word_1_90' title='bbox 860 1326 928 1380; x_wconf 80' lang='grc' dir='ltr'>τὰ</span> <span class='ocrx_word' id='word_1_91' title='bbox 950 1328 1125 1391; x_wconf 77' lang='grc' dir='ltr'>ἐκτὸς,</span> <span class='ocrx_word' id='word_1_92' title='bbox 1159 1326 1416 1395; x_wconf 77' lang='grc' dir='ltr'><strong>ἐγέννησε</strong></span> <span class='ocrx_word' id='word_1_93' title='bbox 1441 1323 1498 1376; x_wconf 81' lang='grc' dir='ltr'>δὲ</span> <span class='ocrx_word' id='word_1_94' title='bbox 1522 1321 1768 1393; x_wconf 82' lang='grc' dir='ltr'>ἀχρόνως</span> 
     </span>
    </p>
   </div>
   <div class='ocr_carea' id='block_1_13' title="bbox 184 1412 1768 1485">
    <p class='ocr_par' dir='ltr' id='par_1_13' title="bbox 184 1412 1768 1485">
     <span class='ocr_line' id='line_1_13' title="bbox 184 1412 1768 1485; baseline -0.006 -11"><span class='ocrx_word' id='word_1_95' title='bbox 184 1421 277 1474; x_wconf 76' lang='grc' dir='ltr'>τὸν</span> <span class='ocrx_word' id='word_1_96' title='bbox 301 1421 428 1474; x_wconf 77' lang='grc' dir='ltr'>Υἱδν</span> <span class='ocrx_word' id='word_1_97' title='bbox 457 1418 515 1484; x_wconf 65' lang='lat' dir='ltr'><strong>eg</strong></span> <span class='ocrx_word' id='word_1_98' title='bbox 537 1420 753 1481; x_wconf 72' lang='grc' dir='ltr'>ἑαυτοῦ,</span> <span class='ocrx_word' id='word_1_99' title='bbox 797 1418 987 1471; x_wconf 80' lang='grc' dir='ltr'>οὐδένα</span> <span class='ocrx_word' id='word_1_100' title='bbox 1039 1418 1201 1470; x_wconf 87' lang='grc' dir='ltr'>τόπον</span> <span class='ocrx_word' id='word_1_101' title='bbox 1229 1417 1457 1485; x_wconf 74' lang='grc' dir='ltr'>ἐχούσης</span> <span class='ocrx_word' id='word_1_102' title='bbox 1486 1415 1545 1467; x_wconf 86' lang='grc' dir='ltr'><strong>ὲν</strong></span> <span class='ocrx_word' id='word_1_103' title='bbox 1592 1412 1768 1481; x_wconf 81' lang='grc' dir='ltr'>τούτῳ</span> 
     </span>
    </p>
   </div>
   <div class='ocr_carea' id='block_1_14' title="bbox 185 1505 1765 1583">
    <p class='ocr_par' dir='ltr' id='par_1_14' title="bbox 185 1505 1765 1583">
     <span class='ocr_line' id='line_1_14' title="bbox 185 1505 1765 1583; baseline -0.005 -18"><span class='ocrx_word' id='word_1_104' title='bbox 185 1512 490 1583; x_wconf 75' lang='grc' dir='ltr'>βουλήσεως</span> <span class='ocrx_word' id='word_1_105' title='bbox 514 1510 606 1563; x_wconf 74' lang='grc' dir='ltr'><strong>καὶ</strong></span> <span class='ocrx_word' id='word_1_106' title='bbox 630 1509 978 1579; x_wconf 80' lang='grc' dir='ltr'>ἀόουλησίας,</span> <span class='ocrx_word' id='word_1_107' title='bbox 999 1509 1048 1560; x_wconf 89' lang='grc' dir='ltr'><strong>εἰ</strong></span> <span class='ocrx_word' id='word_1_108' title='bbox 1072 1512 1167 1562; x_wconf 74' lang='grc' dir='ltr'><strong>καὶ</strong></span> <span class='ocrx_word' id='word_1_109' title='bbox 1188 1508 1288 1560; x_wconf 91' lang='grc' dir='ltr'><strong>οὐκ</strong></span> <span class='ocrx_word' id='word_1_110' title='bbox 1311 1505 1569 1577; x_wconf 83' lang='grc' dir='ltr'>ἁθέλητός</span> <span class='ocrx_word' id='word_1_111' title='bbox 1594 1506 1765 1557; x_wconf 78' lang='grc' dir='ltr'>ἐστιν.</span> 
     </span>
    </p>
   </div>
   <div class='ocr_carea' id='block_1_15' title="bbox 194 1599 1599 1674">
    <p class='ocr_par' dir='ltr' id='par_1_15' title="bbox 194 1599 1599 1674">
     <span class='ocr_line' id='line_1_15' title="bbox 194 1599 1599 1674; baseline -0.004 -18"><span class='ocrx_word' id='word_1_112' title='bbox 194 1602 255 1655; x_wconf 89' lang='lat' dir='ltr'><strong>&#39;O</strong></span> <span class='ocrx_word' id='word_1_113' title='bbox 288 1604 396 1674; x_wconf 86' lang='grc' dir='ltr'>γὰρ</span> <span class='ocrx_word' id='word_1_114' title='bbox 424 1601 615 1673; x_wconf 80' lang='grc' dir='ltr'>Πατὴρ</span> <span class='ocrx_word' id='word_1_115' title='bbox 648 1602 839 1672; x_wconf 80' lang='grc' dir='ltr'><strong>ἀγαπᾷ</strong></span> <span class='ocrx_word' id='word_1_116' title='bbox 876 1599 967 1654; x_wconf 75' lang='grc' dir='ltr'><strong>τὸν</strong></span> <span class='ocrx_word' id='word_1_117' title='bbox 996 1600 1147 1661; x_wconf 79' lang='grc' dir='ltr'>Υἰὸν,</span> <span class='ocrx_word' id='word_1_118' title='bbox 1170 1599 1245 1662; x_wconf 86' lang='grc' dir='ltr'>ὡς</span> <span class='ocrx_word' id='word_1_119' title='bbox 1270 1599 1599 1667; x_wconf 86' lang='grc' dir='ltr'>γέγραπται.</span> 
     </span>
    </p>
   </div>
   <div class='ocr_carea' id='block_1_16' title="bbox 878 1777 1081 1829">
    <p class='ocr_par' dir='ltr' id='par_1_16' title="bbox 878 1777 1081 1829">
     <span class='ocr_line' id='line_1_16' title="bbox 878 1777 1081 1829; baseline 0.005 -1"><span class='ocrx_word' id='word_1_120' title='bbox 878 1777 1081 1829; x_wconf 80' lang='grc' dir='ltr'><strong>ᾹΛΛΟ.</strong></span> 
     </span>
    </p>
   </div>
   <div class='ocr_carea' id='block_1_17' title="bbox 432 1886 1520 1957">
    <p class='ocr_par' dir='ltr' id='par_1_17' title="bbox 432 1886 1520 1957">
     <span class='ocr_line' id='line_1_17' title="bbox 432 1886 1520 1957; baseline -0.004 -14"><span class='ocrx_word' id='word_1_121' title='bbox 432 1891 527 1957; x_wconf 83' lang='grc' dir='ltr'>Ὠς</span> <span class='ocrx_word' id='word_1_122' title='bbox 549 1890 619 1955; x_wconf 79' lang='grc' dir='ltr'><strong>ἐξ</strong></span> <span class='ocrx_word' id='word_1_123' title='bbox 652 1888 1011 1955; x_wconf 79' lang='grc' dir='ltr'><strong>ἀντιθέσεως</strong></span> <span class='ocrx_word' id='word_1_124' title='bbox 1050 1887 1168 1942; x_wconf 80' lang='grc' dir='ltr'><strong>τῶν</strong></span> <span class='ocrx_word' id='word_1_125' title='bbox 1201 1886 1520 1957; x_wconf 80' lang='grc' dir='ltr'><strong>Ε’ὺνομίου.</strong></span> 
     </span>
    </p>
   </div>
   <div class='ocr_carea' id='block_1_18' title="bbox 251 2000 1765 2076">
    <p class='ocr_par' dir='ltr' id='par_1_18' title="bbox 251 2000 1765 2076">
     <span class='ocr_line' id='line_1_18' title="bbox 251 2000 1765 2076; baseline -0.005 -17"><span class='ocrx_word' id='word_1_126' title='bbox 251 2006 315 2059; x_wconf 89' lang='grc' dir='ltr'>Εἰ</span> <span class='ocrx_word' id='word_1_127' title='bbox 355 2004 429 2076; x_wconf 80' lang='grc' dir='ltr'><strong>μὴ</strong></span> <span class='ocrx_word' id='word_1_128' title='bbox 458 2003 730 2076; x_wconf 84' lang='grc' dir='ltr'>βουλήσει,</span> <span class='ocrx_word' id='word_1_129' title='bbox 761 2005 947 2074; x_wconf 71' lang='grc' dir='ltr'>φησὶν,</span> <span class='ocrx_word' id='word_1_130' title='bbox 1008 2003 1265 2074; x_wconf 78' lang='grc' dir='ltr'><strong>ἐγέννησε</strong></span> <span class='ocrx_word' id='word_1_131' title='bbox 1291 2001 1382 2055; x_wconf 79' lang='grc' dir='ltr'>τὸν</span> <span class='ocrx_word' id='word_1_132' title='bbox 1426 2001 1555 2054; x_wconf 85' lang='grc' dir='ltr'>Υἰὸν</span> <span class='ocrx_word' id='word_1_133' title='bbox 1584 2000 1612 2051; x_wconf 90' lang='lat'><strong>6</strong></span> <span class='ocrx_word' id='word_1_134' title='bbox 1654 2002 1765 2055; x_wconf 88' lang='grc' dir='ltr'>Πα-</span> 
     </span>
    </p>
   </div>
   <div class='ocr_carea' id='block_1_19' title="bbox 177 2090 1764 2168">
    <p class='ocr_par' dir='ltr' id='par_1_19' title="bbox 177 2090 1764 2168">
     <span class='ocr_line' id='line_1_19' title="bbox 177 2090 1764 2168; baseline -0.006 -17"><span class='ocrx_word' id='word_1_135' title='bbox 177 2095 305 2168; x_wconf 76' lang='grc' dir='ltr'>τὴρ,</span> <span class='ocrx_word' id='word_1_136' title='bbox 339 2094 451 2167; x_wconf 75' lang='grc' dir='ltr'>ἔχει</span> <span class='ocrx_word' id='word_1_137' title='bbox 483 2096 541 2150; x_wconf 79' lang='grc' dir='ltr'><strong>δὲ</strong></span> <span class='ocrx_word' id='word_1_138' title='bbox 579 2096 743 2149; x_wconf 78' lang='grc' dir='ltr'>αὐτὸν</span> <span class='ocrx_word' id='word_1_139' title='bbox 764 2097 827 2149; x_wconf 79' lang='grc' dir='ltr'>ὲκ</span> <span class='ocrx_word' id='word_1_140' title='bbox 850 2095 1089 2164; x_wconf 79' lang='grc' dir='ltr'>φύσεως,</span> <span class='ocrx_word' id='word_1_141' title='bbox 1115 2093 1358 2164; x_wconf 88' lang='grc' dir='ltr'>δηλονότι</span> <span class='ocrx_word' id='word_1_142' title='bbox 1385 2093 1480 2145; x_wconf 70' lang='grc' dir='ltr'><strong>καὶ</strong></span> <span class='ocrx_word' id='word_1_143' title='bbox 1507 2092 1607 2163; x_wconf 73' lang='grc' dir='ltr'><strong>τὴν</strong></span> <span class='ocrx_word' id='word_1_144' title='bbox 1635 2090 1764 2161; x_wconf 79' lang='grc' dir='ltr'>περὶ</span> 
     </span>
    </p>
   </div>
   <div class='ocr_carea' id='block_1_20' title="bbox 182 2182 1764 2258">
    <p class='ocr_par' dir='ltr' id='par_1_20' title="bbox 182 2182 1764 2258">
     <span class='ocr_line' id='line_1_20' title="bbox 182 2182 1764 2258; baseline -0.004 -16"><span class='ocrx_word' id='word_1_145' title='bbox 182 2189 344 2243; x_wconf 81' lang='grc' dir='ltr'>αὐτὸν</span> <span class='ocrx_word' id='word_1_146' title='bbox 374 2187 575 2257; x_wconf 81' lang='grc' dir='ltr'>γνῶσιν</span> <span class='ocrx_word' id='word_1_147' title='bbox 608 2188 707 2241; x_wconf 88' lang='grc' dir='ltr'><strong>οὐκ</strong></span> <span class='ocrx_word' id='word_1_148' title='bbox 739 2187 878 2258; x_wconf 74' lang='grc' dir='ltr'>ἔχων</span> <span class='ocrx_word' id='word_1_149' title='bbox 913 2187 1093 2250; x_wconf 83' lang='grc' dir='ltr'>αὐτὸς,</span> <span class='ocrx_word' id='word_1_150' title='bbox 1130 2186 1243 2256; x_wconf 82' lang='grc' dir='ltr'>ἔχει</span> <span class='ocrx_word' id='word_1_151' title='bbox 1270 2186 1430 2240; x_wconf 85' lang='grc' dir='ltr'>πάλιν</span> <span class='ocrx_word' id='word_1_152' title='bbox 1464 2184 1632 2254; x_wconf 77' lang='grc' dir='ltr'>αὐτὴν</span> <span class='ocrx_word' id='word_1_153' title='bbox 1656 2182 1764 2237; x_wconf 83' lang='grc' dir='ltr'><strong>ἀπὸ</strong></span> 
     </span>
    </p>
   </div>
   <div class='ocr_carea' id='block_1_21' title="bbox 181 2275 1762 2351">
    <p class='ocr_par' dir='ltr' id='par_1_21' title="bbox 181 2275 1762 2351">
     <span class='ocr_line' id='line_1_21' title="bbox 181 2275 1762 2351; baseline -0.004 -17"><span class='ocrx_word' id='word_1_154' title='bbox 181 2280 283 2351; x_wconf 79' lang='grc' dir='ltr'><strong>τῆς</strong></span> <span class='ocrx_word' id='word_1_155' title='bbox 312 2280 547 2349; x_wconf 74' lang='grc' dir='ltr'>φύσεως.</span> <span class='ocrx_word' id='word_1_156' title='bbox 594 2278 837 2350; x_wconf 80' lang='grc' dir='ltr'>Ἐμαθεν</span> <span class='ocrx_word' id='word_1_157' title='bbox 869 2276 963 2333; x_wconf 79' lang='grc' dir='ltr'>οὖν</span> <span class='ocrx_word' id='word_1_158' title='bbox 991 2280 1072 2333; x_wconf 81' lang='grc' dir='ltr'>ὅτι</span> <span class='ocrx_word' id='word_1_159' title='bbox 1098 2280 1193 2332; x_wconf 72' lang='grc' dir='ltr'><strong>καὶ</strong></span> <span class='ocrx_word' id='word_1_160' title='bbox 1215 2278 1341 2341; x_wconf 76' lang='grc' dir='ltr'>Υἱὸς</span> <span class='ocrx_word' id='word_1_161' title='bbox 1371 2277 1535 2330; x_wconf 75' lang='grc' dir='ltr'>αὐτοῦ</span> <span class='ocrx_word' id='word_1_162' title='bbox 1578 2275 1729 2328; x_wconf 75' lang='grc' dir='ltr'>ἔσται</span> <span class='ocrx_word' id='word_1_163' title='bbox 1747 2316 1762 2340; x_wconf 94' lang='grc'><strong>,</strong></span> 
     </span>
    </p>
   </div>
   <div class='ocr_carea' id='block_1_22' title="bbox 184 2367 1765 2442">
    <p class='ocr_par' dir='ltr' id='par_1_22' title="bbox 184 2367 1765 2442">
     <span class='ocr_line' id='line_1_22' title="bbox 184 2367 1765 2442; baseline -0.003 -18"><span class='ocrx_word' id='word_1_164' title='bbox 184 2373 280 2425; x_wconf 71' lang='grc' dir='ltr'>καὶ</span> <span class='ocrx_word' id='word_1_165' title='bbox 321 2371 813 2442; x_wconf 85' lang='grc' dir='ltr'>συνδημιουργήσει</span> <span class='ocrx_word' id='word_1_166' title='bbox 850 2372 919 2423; x_wconf 85' lang='grc' dir='ltr'>τὰ</span> <span class='ocrx_word' id='word_1_167' title='bbox 964 2370 1160 2423; x_wconf 83' lang='grc' dir='ltr'>πάντα·</span> <span class='ocrx_word' id='word_1_168' title='bbox 1218 2370 1313 2422; x_wconf 69' lang='grc' dir='ltr'><strong>καὶ</strong></span> <span class='ocrx_word' id='word_1_169' title='bbox 1351 2367 1765 2437; x_wconf 81' lang='grc' dir='ltr'>ὲπισυμὸἐὸηκε</span> 
     </span>
    </p>
   </div>
   <div class='ocr_carea' id='block_1_23' title="bbox 183 2457 1767 2531">
    <p class='ocr_par' dir='ltr' id='par_1_23' title="bbox 183 2457 1767 2531">
     <span class='ocr_line' id='line_1_23' title="bbox 183 2457 1767 2531; baseline -0.004 -17"><span class='ocrx_word' id='word_1_170' title='bbox 183 2461 263 2531; x_wconf 80' lang='grc' dir='ltr'>τῷ</span> <span class='ocrx_word' id='word_1_171' title='bbox 294 2461 464 2531; x_wconf 75' lang='grc' dir='ltr'>Πατρὶ</span> <span class='ocrx_word' id='word_1_172' title='bbox 485 2462 517 2530; x_wconf 90' lang='grc' dir='ltr'><strong>ή</strong></span> <span class='ocrx_word' id='word_1_173' title='bbox 538 2460 669 2531; x_wconf 75' lang='grc' dir='ltr'>περὶ</span> <span class='ocrx_word' id='word_1_174' title='bbox 701 2460 826 2512; x_wconf 87' lang='grc' dir='ltr'><strong>Υἰοῦ</strong></span> <span class='ocrx_word' id='word_1_175' title='bbox 848 2459 1046 2528; x_wconf 84' lang='grc' dir='ltr'>γνῶσις</span> <span class='ocrx_word' id='word_1_176' title='bbox 1075 2462 1140 2513; x_wconf 83' lang='grc' dir='ltr'>ὲκ</span> <span class='ocrx_word' id='word_1_177' title='bbox 1164 2460 1260 2529; x_wconf 87' lang='grc' dir='ltr'><strong>τῆς</strong></span> <span class='ocrx_word' id='word_1_178' title='bbox 1282 2459 1489 2521; x_wconf 75' lang='grc' dir='ltr'>οἰκείας</span> <span class='ocrx_word' id='word_1_179' title='bbox 1522 2457 1767 2509; x_wconf 81' lang='grc' dir='ltr'>διδασκο·</span> 
     </span>
    </p>
   </div>
   <div class='ocr_carea' id='block_1_24' title="bbox 187 2549 1766 2623">
    <p class='ocr_par' dir='ltr' id='par_1_24' title="bbox 187 2549 1766 2623">
     <span class='ocr_line' id='line_1_24' title="bbox 187 2549 1766 2623; baseline -0.003 -18"><span class='ocrx_word' id='word_1_180' title='bbox 187 2553 329 2623; x_wconf 84' lang='grc' dir='ltr'>μένη</span> <span class='ocrx_word' id='word_1_181' title='bbox 369 2551 603 2621; x_wconf 77' lang='grc' dir='ltr'>φύσεως.</span> <span class='ocrx_word' id='word_1_182' title='bbox 646 2550 708 2605; x_wconf 83' lang='grc' dir='ltr'>Εἰ</span> <span class='ocrx_word' id='word_1_183' title='bbox 769 2552 827 2605; x_wconf 82' lang='grc' dir='ltr'>δὲ</span> <span class='ocrx_word' id='word_1_184' title='bbox 878 2552 1035 2605; x_wconf 82' lang='grc' dir='ltr'>τοῦτο</span> <span class='ocrx_word' id='word_1_185' title='bbox 1072 2552 1295 2615; x_wconf 77' lang='grc' dir='ltr'>ἄτοπον,</span> <span class='ocrx_word' id='word_1_186' title='bbox 1339 2550 1590 2621; x_wconf 82' lang='grc' dir='ltr'>βουλήσει</span> <span class='ocrx_word' id='word_1_187' title='bbox 1630 2549 1766 2618; x_wconf 80' lang='grc' dir='ltr'>ἄρα,</span> 
     </span>
    </p>
   </div>
   <div class='ocr_carea' id='block_1_25' title="bbox 142 2638 1769 2716">
    <p class='ocr_par' dir='ltr' id='par_1_25' title="bbox 142 2638 1769 2716">
     <span class='ocr_line' id='line_1_25' title="bbox 142 2638 1769 2716; baseline -0.002 -21"><span class='ocrx_word' id='word_1_188' title='bbox 142 2638 344 2707; x_wconf 85' lang='grc' dir='ltr'>ἐἰδὼς</span> <span class='ocrx_word' id='word_1_189' title='bbox 391 2645 473 2697; x_wconf 85' lang='grc' dir='ltr'>ὅτι</span> <span class='ocrx_word' id='word_1_190' title='bbox 527 2642 701 2708; x_wconf 78' lang='grc' dir='ltr'>ἔσται,</span> <span class='ocrx_word' id='word_1_191' title='bbox 741 2644 1042 2716; x_wconf 77' lang='grc' dir='ltr'>προέϐαλεν</span> <span class='ocrx_word' id='word_1_192' title='bbox 1105 2644 1293 2706; x_wconf 82' lang='grc' dir='ltr'>αὐτὸν,</span> <span class='ocrx_word' id='word_1_193' title='bbox 1338 2642 1433 2696; x_wconf 75' lang='grc' dir='ltr'><strong>καὶ</strong></span> <span class='ocrx_word' id='word_1_194' title='bbox 1480 2641 1769 2713; x_wconf 83' lang='grc' dir='ltr'>προτρέχει</span> 
     </span>
    </p>
   </div>
   <div class='ocr_carea' id='block_1_26' title="bbox 182 2735 1249 2807">
    <p class='ocr_par' dir='ltr' id='par_1_26' title="bbox 182 2735 1249 2807">
     <span class='ocr_line' id='line_1_26' title="bbox 182 2735 1249 2807; baseline 0.001 -19"><span class='ocrx_word' id='word_1_195' title='bbox 182 2735 402 2799; x_wconf 86' lang='grc' dir='ltr'>πάντως</span> <span class='ocrx_word' id='word_1_196' title='bbox 429 2737 529 2806; x_wconf 77' lang='grc' dir='ltr'>τῆς</span> <span class='ocrx_word' id='word_1_197' title='bbox 555 2736 864 2806; x_wconf 84' lang='grc' dir='ltr'>γεννήσεως</span> <span class='ocrx_word' id='word_1_198' title='bbox 896 2738 929 2807; x_wconf 90' lang='grc' dir='ltr'><strong>ή</strong></span> <span class='ocrx_word' id='word_1_199' title='bbox 975 2736 1249 2807; x_wconf 79' lang='grc' dir='ltr'>βούλησις.</span> 
     </span>
    </p>
   </div>
   <div class='ocr_carea' id='block_1_27' title="bbox 682 2847 1273 2917">
    <p class='ocr_par' dir='ltr' id='par_1_27' title="bbox 682 2847 1273 2917">
     <span class='ocr_line' id='line_1_27' title="bbox 682 2847 1273 2917; baseline 0 -14"><span class='ocrx_word' id='word_1_200' title='bbox 682 2849 841 2917; x_wconf 80' lang='grc' dir='ltr'>Πρός</span> <span class='ocrx_word' id='word_1_201' title='bbox 870 2847 1046 2902; x_wconf 82' lang='grc' dir='ltr'>τοῦτο</span> <span class='ocrx_word' id='word_1_202' title='bbox 1070 2849 1273 2914; x_wconf 71' lang='grc' dir='ltr'>λύσις.</span> 
     </span>
    </p>
   </div>
   <div class='ocr_carea' id='block_1_28' title="bbox 267 2937 1770 3015">
    <p class='ocr_par' dir='ltr' id='par_1_28' title="bbox 267 2937 1770 3015">
     <span class='ocr_line' id='line_1_28' title="bbox 267 2937 1770 3015; baseline -0.003 -20"><span class='ocrx_word' id='word_1_203' title='bbox 267 2940 355 3001; x_wconf 84' lang='grc' dir='ltr'>Ὦς</span> <span class='ocrx_word' id='word_1_204' title='bbox 378 2942 535 3013; x_wconf 84' lang='grc' dir='ltr'>ήμῶν</span> <span class='ocrx_word' id='word_1_205' title='bbox 567 2940 993 3015; x_wconf 82' lang='grc' dir='ltr'>ὁμολογούντων,</span> <span class='ocrx_word' id='word_1_206' title='bbox 1044 2939 1127 2992; x_wconf 82' lang='grc' dir='ltr'><strong>ὅτι</strong></span> <span class='ocrx_word' id='word_1_207' title='bbox 1159 2938 1376 3010; x_wconf 85' lang='grc' dir='ltr'>πρῶτον</span> <span class='ocrx_word' id='word_1_208' title='bbox 1412 2937 1664 3009; x_wconf 77' lang='grc' dir='ltr'><strong>ἐδιδάχθη</strong></span> <span class='ocrx_word' id='word_1_209' title='bbox 1687 2937 1770 3000; x_wconf 77' lang='grc' dir='ltr'><strong>τίς</strong></span> 
     </span>
    </p>
   </div>
   <div class='ocr_carea' id='block_1_29' title="bbox 183 3029 1766 3101">
    <p class='ocr_par' dir='ltr' id='par_1_29' title="bbox 183 3029 1766 3101">
     <span class='ocr_line' id='line_1_29' title="bbox 183 3029 1766 3101; baseline -0.004 -13"><span class='ocrx_word' id='word_1_210' title='bbox 183 3035 335 3088; x_wconf 82' lang='grc' dir='ltr'>ἔσται</span> <span class='ocrx_word' id='word_1_211' title='bbox 368 3036 396 3087; x_wconf 98' lang='lat'><strong>6</strong></span> <span class='ocrx_word' id='word_1_212' title='bbox 415 3035 563 3099; x_wconf 78' lang='grc' dir='ltr'>Υἰδς,</span> <span class='ocrx_word' id='word_1_213' title='bbox 585 3030 685 3089; x_wconf 77' lang='grc' dir='ltr'>εἷθ’</span> <span class='ocrx_word' id='word_1_214' title='bbox 708 3032 882 3096; x_wconf 66' lang='grc' dir='ltr'>οὕτως</span> <span class='ocrx_word' id='word_1_215' title='bbox 906 3030 1239 3101; x_wconf 81' lang='grc' dir='ltr'>γεγέννηκεν</span> <span class='ocrx_word' id='word_1_216' title='bbox 1282 3029 1445 3084; x_wconf 80' lang='grc' dir='ltr'>αὐτὸν</span> <span class='ocrx_word' id='word_1_217' title='bbox 1473 3031 1503 3083; x_wconf 90' lang='lat'><strong>6</strong></span> <span class='ocrx_word' id='word_1_218' title='bbox 1541 3030 1729 3100; x_wconf 79' lang='grc' dir='ltr'>Πατὴρ</span> <span class='ocrx_word' id='word_1_219' title='bbox 1751 3068 1766 3094; x_wconf 92' lang='grc'><strong>,</strong></span> 
     </span>
    </p>
   </div>
   <div class='ocr_carea' id='block_1_30' title="bbox 184 3116 1770 3194">
    <p class='ocr_par' dir='ltr' id='par_1_30' title="bbox 184 3116 1770 3194">
     <span class='ocr_line' id='line_1_30' title="bbox 184 3116 1770 3194; baseline -0.007 -15"><span class='ocrx_word' id='word_1_220' title='bbox 184 3124 587 3179; x_wconf 81' lang='grc' dir='ltr'>κατασκευάσει</span> <span class='ocrx_word' id='word_1_221' title='bbox 621 3123 719 3194; x_wconf 76' lang='grc' dir='ltr'>τὴν</span> <span class='ocrx_word' id='word_1_222' title='bbox 752 3122 1014 3194; x_wconf 84' lang='grc' dir='ltr'>πρότασιν</span> <span class='ocrx_word' id='word_1_223' title='bbox 1034 3119 1063 3172; x_wconf 88' lang='grc' dir='ltr'><strong>ό</strong></span> <span class='ocrx_word' id='word_1_224' title='bbox 1094 3118 1224 3190; x_wconf 78' lang='grc' dir='ltr'>περὶ</span> <span class='ocrx_word' id='word_1_225' title='bbox 1251 3116 1422 3171; x_wconf 83' lang='grc' dir='ltr'>ταῦτα</span> <span class='ocrx_word' id='word_1_226' title='bbox 1443 3117 1635 3180; x_wconf 81' lang='grc' dir='ltr'>δεινὸς,</span> <span class='ocrx_word' id='word_1_227' title='bbox 1670 3117 1770 3169; x_wconf 90' lang='grc' dir='ltr'><strong>οὐκ</strong></span> 
     </span>
    </p>
   </div>
   <div class='ocr_carea' id='block_1_31' title="bbox 182 3193 1987 3286">
    <p class='ocr_par' dir='ltr' id='par_1_31' title="bbox 182 3193 1987 3286">
     <span class='ocr_line' id='line_1_31' title="bbox 182 3193 1987 3286; baseline -0.006 -16"><span class='ocrx_word' id='word_1_228' title='bbox 182 3216 342 3280; x_wconf 84' lang='grc' dir='ltr'>εἰδὼς</span> <span class='ocrx_word' id='word_1_229' title='bbox 394 3216 496 3277; x_wconf 83' lang='grc' dir='ltr'>ὅτι,</span> <span class='ocrx_word' id='word_1_230' title='bbox 546 3193 912 3286; x_wconf 83' lang='grc' dir='ltr'>διαστήματος</span> <span class='ocrx_word' id='word_1_231' title='bbox 958 3211 1172 3273; x_wconf 77' lang='grc' dir='ltr'>οὐδενὸς</span> <span class='ocrx_word' id='word_1_232' title='bbox 1232 3209 1385 3273; x_wconf 72' lang='grc' dir='ltr'>ὄντος</span> <span class='ocrx_word' id='word_1_233' title='bbox 1444 3209 1646 3280; x_wconf 74' lang='grc' dir='ltr'>μεταξὺ</span> <span class='ocrx_word' id='word_1_234' title='bbox 1673 3208 1767 3262; x_wconf 75' lang='grc' dir='ltr'>τοῦ</span> <span class='ocrx_word' id='word_1_235' title='bbox 1795 3212 1837 3271; x_wconf 88' lang='lat' dir='ltr'><strong>C</strong></span> 
     </span>
    </p>
   </div>
   <div class='ocr_carea' id='block_1_32' title="bbox 187 3299 1768 3378">
    <p class='ocr_par' dir='ltr' id='par_1_32' title="bbox 187 3299 1768 3378">
     <span class='ocr_line' id='line_1_32' title="bbox 187 3299 1768 3378; baseline -0.006 -17"><span class='ocrx_word' id='word_1_236' title='bbox 187 3306 618 3378; x_wconf 77' lang='grc' dir='ltr'>μεσολαϐοὖντος</span> <span class='ocrx_word' id='word_1_237' title='bbox 650 3306 711 3358; x_wconf 72' lang='grc' dir='ltr'>τὸ</span> <span class='ocrx_word' id='word_1_238' title='bbox 740 3300 879 3358; x_wconf 75' lang='grc' dir='ltr'>εἴναι</span> <span class='ocrx_word' id='word_1_239' title='bbox 906 3301 1000 3356; x_wconf 78' lang='grc' dir='ltr'>τοῦ</span> <span class='ocrx_word' id='word_1_240' title='bbox 1024 3301 1239 3372; x_wconf 82' lang='grc' dir='ltr'>Πατρδς</span> <span class='ocrx_word' id='word_1_241' title='bbox 1277 3301 1371 3354; x_wconf 70' lang='grc' dir='ltr'><strong>καὶ</strong></span> <span class='ocrx_word' id='word_1_242' title='bbox 1390 3301 1489 3371; x_wconf 80' lang='grc' dir='ltr'><strong>τὴν</strong></span> <span class='ocrx_word' id='word_1_243' title='bbox 1512 3299 1768 3370; x_wconf 78' lang='grc' dir='ltr'>γέννησιν</span> 
     </span>
    </p>
   </div>
   <div class='ocr_carea' id='block_1_33' title="bbox 180 3392 1765 3469">
    <p class='ocr_par' dir='ltr' id='par_1_33' title="bbox 180 3392 1765 3469">
     <span class='ocr_line' id='line_1_33' title="bbox 180 3392 1765 3469; baseline -0.004 -16"><span class='ocrx_word' id='word_1_244' title='bbox 180 3399 280 3453; x_wconf 87' lang='grc' dir='ltr'><strong>τοῦ</strong></span> <span class='ocrx_word' id='word_1_245' title='bbox 306 3398 456 3461; x_wconf 81' lang='grc' dir='ltr'>Υἱοῧ,</span> <span class='ocrx_word' id='word_1_246' title='bbox 495 3402 528 3469; x_wconf 90' lang='grc' dir='ltr'><strong>ή</strong></span> <span class='ocrx_word' id='word_1_247' title='bbox 557 3399 685 3469; x_wconf 69' lang='grc' dir='ltr'>περὶ</span> <span class='ocrx_word' id='word_1_248' title='bbox 720 3396 881 3450; x_wconf 81' lang='grc' dir='ltr'>αὐτοῦ</span> <span class='ocrx_word' id='word_1_249' title='bbox 921 3395 1231 3466; x_wconf 79' lang='grc' dir='ltr'>πρόγνωσις</span> <span class='ocrx_word' id='word_1_250' title='bbox 1288 3394 1389 3447; x_wconf 92' lang='grc' dir='ltr'><strong>οὐκ</strong></span> <span class='ocrx_word' id='word_1_251' title='bbox 1433 3393 1547 3463; x_wconf 79' lang='grc' dir='ltr'>ἔχει</span> <span class='ocrx_word' id='word_1_252' title='bbox 1584 3392 1765 3446; x_wconf 84' lang='grc' dir='ltr'>τόπον.</span> 
     </span>
    </p>
   </div>
   <div class='ocr_carea' id='block_1_34' title="bbox 182 3482 1769 3562">
    <p class='ocr_par' dir='ltr' id='par_1_34' title="bbox 182 3482 1769 3562">
     <span class='ocr_line' id='line_1_34' title="bbox 182 3482 1769 3562; baseline -0.007 -18"><span class='ocrx_word' id='word_1_253' title='bbox 182 3491 248 3544; x_wconf 85' lang='grc' dir='ltr'>Εἰ</span> <span class='ocrx_word' id='word_1_254' title='bbox 278 3490 387 3562; x_wconf 82' lang='grc' dir='ltr'>γὰρ</span> <span class='ocrx_word' id='word_1_255' title='bbox 410 3488 897 3562; x_wconf 80' lang='grc' dir='ltr'>προεϐουλεύσατο,</span> <span class='ocrx_word' id='word_1_256' title='bbox 933 3485 1026 3540; x_wconf 81' lang='grc' dir='ltr'>καὶ</span> <span class='ocrx_word' id='word_1_257' title='bbox 1069 3483 1456 3556; x_wconf 86' lang='grc' dir='ltr'>προεδιδάχθη,</span> <span class='ocrx_word' id='word_1_258' title='bbox 1493 3486 1550 3537; x_wconf 83' lang='grc' dir='ltr'>ὲν</span> <span class='ocrx_word' id='word_1_259' title='bbox 1593 3482 1769 3553; x_wconf 81' lang='grc' dir='ltr'>χρόνῳ</span> 
     </span>
    </p>
   </div>
   <div class='ocr_carea' id='block_1_35' title="bbox 181 3570 1768 3646">
    <p class='ocr_par' dir='ltr' id='par_1_35' title="bbox 181 3570 1768 3646">
     <span class='ocr_line' id='line_1_35' title="bbox 181 3570 1768 3646; baseline -0.006 -13"><span class='ocrx_word' id='word_1_260' title='bbox 181 3579 240 3633; x_wconf 82' lang='grc' dir='ltr'>δὲ</span> <span class='ocrx_word' id='word_1_261' title='bbox 265 3579 483 3643; x_wconf 84' lang='grc' dir='ltr'>πάντως</span> <span class='ocrx_word' id='word_1_262' title='bbox 503 3578 676 3632; x_wconf 80' lang='grc' dir='ltr'>ταῦτα</span> <span class='ocrx_word' id='word_1_263' title='bbox 706 3578 931 3646; x_wconf 80' lang='grc' dir='ltr'>ἐγίνετο,</span> <span class='ocrx_word' id='word_1_264' title='bbox 965 3575 1116 3629; x_wconf 88' lang='grc' dir='ltr'>κάτω</span> <span class='ocrx_word' id='word_1_265' title='bbox 1141 3574 1348 3645; x_wconf 85' lang='grc' dir='ltr'>χρόνων</span> <span class='ocrx_word' id='word_1_266' title='bbox 1377 3574 1405 3625; x_wconf 88' lang='lat'><strong>6</strong></span> <span class='ocrx_word' id='word_1_267' title='bbox 1435 3570 1586 3636; x_wconf 81' lang='grc' dir='ltr'>Υἱός.</span> <span class='ocrx_word' id='word_1_268' title='bbox 1616 3570 1678 3623; x_wconf 85' lang='grc' dir='ltr'>Εἰ</span> <span class='ocrx_word' id='word_1_269' title='bbox 1711 3571 1768 3624; x_wconf 85' lang='grc' dir='ltr'>δὲ</span> 
     </span>
    </p>
   </div>
   <div class='ocr_carea' id='block_1_36' title="bbox 183 3661 1770 3739">
    <p class='ocr_par' dir='ltr' id='par_1_36' title="bbox 183 3661 1770 3739">
     <span class='ocr_line' id='line_1_36' title="bbox 183 3661 1770 3739; baseline -0.008 -14"><span class='ocrx_word' id='word_1_270' title='bbox 183 3670 350 3732; x_wconf 80' lang='grc' dir='ltr'>αὐτός</span> <span class='ocrx_word' id='word_1_271' title='bbox 379 3672 525 3723; x_wconf 74' lang='grc' dir='ltr'>ἐστιν</span> <span class='ocrx_word' id='word_1_272' title='bbox 552 3671 580 3723; x_wconf 91' lang='lat'><strong>6</strong></span> <span class='ocrx_word' id='word_1_273' title='bbox 641 3668 749 3721; x_wconf 83' lang='grc' dir='ltr'><strong>τῶν</strong></span> <span class='ocrx_word' id='word_1_274' title='bbox 781 3666 990 3739; x_wconf 84' lang='grc' dir='ltr'>χρόνων</span> <span class='ocrx_word' id='word_1_275' title='bbox 1051 3663 1302 3735; x_wconf 82' lang='grc' dir='ltr'>ποιητὴς,</span> <span class='ocrx_word' id='word_1_276' title='bbox 1346 3663 1399 3716; x_wconf 89' lang='grc' dir='ltr'><strong>τί</strong></span> <span class='ocrx_word' id='word_1_277' title='bbox 1450 3664 1626 3733; x_wconf 85' lang='grc' dir='ltr'><strong>μάτην</strong></span> <span class='ocrx_word' id='word_1_278' title='bbox 1671 3661 1770 3729; x_wconf 76' lang='grc' dir='ltr'>τῆς</span> 
     </span>
    </p>
   </div>
   <div class='ocr_carea' id='block_1_37' title="bbox 185 3754 1770 3830">
    <p class='ocr_par' dir='ltr' id='par_1_37' title="bbox 185 3754 1770 3830">
     <span class='ocr_line' id='line_1_37' title="bbox 185 3754 1770 3830; baseline -0.006 -16"><span class='ocrx_word' id='word_1_279' title='bbox 185 3760 340 3824; x_wconf 82' lang='grc' dir='ltr'><strong>θείας</strong></span> <span class='ocrx_word' id='word_1_280' title='bbox 366 3760 577 3830; x_wconf 83' lang='grc' dir='ltr'>φύσεως</span> <span class='ocrx_word' id='word_1_281' title='bbox 605 3758 998 3829; x_wconf 80' lang='grc' dir='ltr'>καταφλυαρεῖ,</span> <span class='ocrx_word' id='word_1_282' title='bbox 1034 3756 1428 3826; x_wconf 85' lang='grc' dir='ltr'>διδασκομένην</span> <span class='ocrx_word' id='word_1_283' title='bbox 1458 3754 1625 3824; x_wconf 79' lang='grc' dir='ltr'>αὐτὴν</span> <span class='ocrx_word' id='word_1_284' title='bbox 1657 3754 1770 3804; x_wconf 88' lang='grc' dir='ltr'>εἰσ-</span> 
     </span>
    </p>
   </div>
   <div class='ocr_carea' id='block_1_38' title="bbox 185 3842 1769 3921">
    <p class='ocr_par' dir='ltr' id='par_1_38' title="bbox 185 3842 1769 3921">
     <span class='ocr_line' id='line_1_38' title="bbox 185 3842 1769 3921; baseline -0.006 -19"><span class='ocrx_word' id='word_1_285' title='bbox 185 3849 370 3921; x_wconf 73' lang='grc' dir='ltr'>φέρων</span> <span class='ocrx_word' id='word_1_286' title='bbox 409 3850 514 3903; x_wconf 84' lang='grc' dir='ltr'>ἀπὸ</span> <span class='ocrx_word' id='word_1_287' title='bbox 546 3850 644 3921; x_wconf 80' lang='grc' dir='ltr'>τῆς</span> <span class='ocrx_word' id='word_1_288' title='bbox 685 3847 922 3917; x_wconf 78' lang='grc' dir='ltr'>φύσεως,</span> <span class='ocrx_word' id='word_1_289' title='bbox 958 3844 1034 3907; x_wconf 85' lang='grc' dir='ltr'>ὼς</span> <span class='ocrx_word' id='word_1_290' title='bbox 1068 3843 1231 3907; x_wconf 85' lang='grc' dir='ltr'>αὐτός</span> <span class='ocrx_word' id='word_1_291' title='bbox 1266 3859 1419 3913; x_wconf 83' lang='grc' dir='ltr'>φησι,</span> <span class='ocrx_word' id='word_1_292' title='bbox 1464 3842 1530 3895; x_wconf 77' lang='grc' dir='ltr'>τά</span> <span class='ocrx_word' id='word_1_293' title='bbox 1574 3843 1769 3911; x_wconf 76' lang='grc' dir='ltr'>ἐσόμε-</span> 
     </span>
    </p>
   </div>
   <div class='ocr_carea' id='block_1_39' title="bbox 181 3933 1770 4005">
    <p class='ocr_par' dir='ltr' id='par_1_39' title="bbox 181 3933 1770 4005">
     <span class='ocr_line' id='line_1_39' title="bbox 181 3933 1770 4005; baseline -0.006 -10"><span class='ocrx_word' id='word_1_294' title='bbox 181 3957 274 4005; x_wconf 88' lang='grc' dir='ltr'><strong>να,</strong></span> <span class='ocrx_word' id='word_1_295' title='bbox 333 3942 427 3994; x_wconf 72' lang='grc' dir='ltr'><strong>καὶ</strong></span> <span class='ocrx_word' id='word_1_296' title='bbox 481 3940 642 3993; x_wconf 88' lang='grc' dir='ltr'>πλέον</span> <span class='ocrx_word' id='word_1_297' title='bbox 690 3938 841 3992; x_wconf 77' lang='grc' dir='ltr'>οὐδὲν</span> <span class='ocrx_word' id='word_1_298' title='bbox 893 3934 1168 4005; x_wconf 80' lang='grc' dir='ltr'><strong>ἀνθρώπῳ</strong></span> <span class='ocrx_word' id='word_1_299' title='bbox 1214 3934 1388 3997; x_wconf 77' lang='grc' dir='ltr'>διδοὺς</span> <span class='ocrx_word' id='word_1_300' title='bbox 1438 3933 1472 4005; x_wconf 81' lang='grc' dir='ltr'>ἢ</span> <span class='ocrx_word' id='word_1_301' title='bbox 1518 3933 1595 4005; x_wconf 78' lang='grc' dir='ltr'><strong>τῷ</strong></span> <span class='ocrx_word' id='word_1_302' title='bbox 1630 3934 1770 4003; x_wconf 89' lang='grc' dir='ltr'>ὐπὲρ</span> 
     </span>
    </p>
   </div>
   <div class='ocr_carea' id='block_1_40' title="bbox 185 4024 1771 4101">
    <p class='ocr_par' dir='ltr' id='par_1_40' title="bbox 185 4024 1771 4101">
     <span class='ocr_line' id='line_1_40' title="bbox 185 4024 1771 4101; baseline -0.006 -15"><span class='ocrx_word' id='word_1_303' title='bbox 185 4031 399 4095; x_wconf 79' lang='grc' dir='ltr'>πάντας</span> <span class='ocrx_word' id='word_1_304' title='bbox 438 4031 549 4086; x_wconf 78' lang='grc' dir='ltr'>όντι</span> <span class='ocrx_word' id='word_1_305' title='bbox 603 4030 758 4101; x_wconf 80' lang='grc' dir='ltr'><strong>Θεῷ;</strong></span> <span class='ocrx_word' id='word_1_306' title='bbox 805 4031 952 4083; x_wconf 68' lang='lat' dir='ltr'><strong>&quot;Avia</strong></span> <span class='ocrx_word' id='word_1_307' title='bbox 1005 4027 1186 4081; x_wconf 89' lang='grc' dir='ltr'>τοίνυν</span> <span class='ocrx_word' id='word_1_308' title='bbox 1238 4026 1499 4096; x_wconf 82' lang='grc' dir='ltr'>κειμένης</span> <span class='ocrx_word' id='word_1_309' title='bbox 1561 4024 1771 4079; x_wconf 83' lang='grc' dir='ltr'>αἰώνων</span> 
     </span>
    </p>
   </div>
   <div class='ocr_carea' id='block_1_41' title="bbox 184 4115 1769 4195">
    <p class='ocr_par' dir='ltr' id='par_1_41' title="bbox 184 4115 1769 4195">
     <span class='ocr_line' id='line_1_41' title="bbox 184 4115 1769 4195; baseline -0.007 -17"><span class='ocrx_word' id='word_1_310' title='bbox 184 4124 280 4178; x_wconf 73' lang='grc' dir='ltr'>καὶ</span> <span class='ocrx_word' id='word_1_311' title='bbox 314 4124 522 4195; x_wconf 87' lang='grc' dir='ltr'>χρόνων</span> <span class='ocrx_word' id='word_1_312' title='bbox 575 4122 677 4192; x_wconf 80' lang='grc' dir='ltr'>τῆς</span> <span class='ocrx_word' id='word_1_313' title='bbox 740 4121 1046 4191; x_wconf 84' lang='grc' dir='ltr'>γεννήσεως</span> <span class='ocrx_word' id='word_1_314' title='bbox 1066 4117 1161 4171; x_wconf 84' lang='grc' dir='ltr'><strong>τοῦ</strong></span> <span class='ocrx_word' id='word_1_315' title='bbox 1206 4115 1359 4178; x_wconf 80' lang='grc' dir='ltr'>Υἱοῦ,</span> <span class='ocrx_word' id='word_1_316' title='bbox 1395 4115 1680 4187; x_wconf 78' lang='grc' dir='ltr'>δύσφημόν</span> <span class='ocrx_word' id='word_1_317' title='bbox 1709 4133 1769 4169; x_wconf 83' lang='grc' dir='ltr'><strong>τε</strong></span> 
     </span>
    </p>
   </div>
   <div class='ocr_carea' id='block_1_42' title="bbox 186 4203 1771 4283">
    <p class='ocr_par' dir='ltr' id='par_1_42' title="bbox 186 4203 1771 4283">
     <span class='ocr_line' id='line_1_42' title="bbox 186 4203 1771 4283; baseline -0.007 -16"><span class='ocrx_word' id='word_1_318' title='bbox 186 4213 282 4268; x_wconf 67' lang='grc' dir='ltr'><strong>καὶ</strong></span> <span class='ocrx_word' id='word_1_319' title='bbox 321 4212 531 4283; x_wconf 80' lang='grc' dir='ltr'>ἀμαθὲς</span> <span class='ocrx_word' id='word_1_320' title='bbox 562 4213 790 4275; x_wconf 77' lang='grc' dir='ltr'>εἰκότως</span> <span class='ocrx_word' id='word_1_321' title='bbox 810 4210 876 4264; x_wconf 79' lang='grc' dir='ltr'><strong>ἂν</strong></span> <span class='ocrx_word' id='word_1_322' title='bbox 907 4208 991 4279; x_wconf 75' lang='grc' dir='ltr'>εἴη</span> <span class='ocrx_word' id='word_1_323' title='bbox 1016 4209 1077 4261; x_wconf 89' lang='grc' dir='ltr'>τὸ</span> <span class='ocrx_word' id='word_1_324' title='bbox 1106 4208 1283 4276; x_wconf 84' lang='grc' dir='ltr'>λέγειν</span> <span class='ocrx_word' id='word_1_325' title='bbox 1311 4203 1771 4276; x_wconf 76' lang='grc' dir='ltr'>προϐουλεύεσθαι</span> 
     </span>
    </p>
   </div>
   <div class='ocr_carea' id='block_1_43' title="bbox 182 4295 1772 4374">
    <p class='ocr_par' dir='ltr' id='par_1_43' title="bbox 182 4295 1772 4374">
     <span class='ocr_line' id='line_1_43' title="bbox 182 4295 1772 4374; baseline -0.004 -17"><span class='ocrx_word' id='word_1_326' title='bbox 182 4322 259 4368; x_wconf 89' lang='grc' dir='ltr'><strong>τι,</strong></span> <span class='ocrx_word' id='word_1_327' title='bbox 281 4304 316 4374; x_wconf 81' lang='grc' dir='ltr'>ἢ</span> <span class='ocrx_word' id='word_1_328' title='bbox 352 4302 811 4373; x_wconf 82' lang='grc' dir='ltr'>προδιδάσκεσθαι</span> <span class='ocrx_word' id='word_1_329' title='bbox 832 4301 922 4354; x_wconf 82' lang='grc' dir='ltr'>τὸν</span> <span class='ocrx_word' id='word_1_330' title='bbox 940 4299 1159 4370; x_wconf 83' lang='grc' dir='ltr'>Πατέρα</span> <span class='ocrx_word' id='word_1_331' title='bbox 1184 4315 1252 4350; x_wconf 86' lang='grc' dir='ltr'><strong>πε</strong></span> <span class='ocrx_word' id='word_1_332' title='bbox 1262 4298 1314 4368; x_wconf 73' lang='lat' dir='ltr'><strong>pi</strong></span> <span class='ocrx_word' id='word_1_333' title='bbox 1341 4295 1529 4351; x_wconf 78' lang='grc' dir='ltr'>αὐτοῦ.</span> <span class='ocrx_word' id='word_1_334' title='bbox 1555 4297 1772 4360; x_wconf 83' lang='grc' dir='ltr'>Τέλειος</span> 
     </span>
    </p>
   </div>
   <div class='ocr_carea' id='block_1_44' title="bbox 181 4387 1771 4466">
    <p class='ocr_par' dir='ltr' id='par_1_44' title="bbox 181 4387 1771 4466">
     <span class='ocr_line' id='line_1_44' title="bbox 181 4387 1771 4466; baseline -0.004 -18"><span class='ocrx_word' id='word_1_335' title='bbox 181 4395 294 4466; x_wconf 81' lang='grc' dir='ltr'>γὰρ</span> <span class='ocrx_word' id='word_1_336' title='bbox 338 4394 433 4448; x_wconf 66' lang='grc' dir='ltr'><strong>καί⁵</strong></span> <span class='ocrx_word' id='word_1_337' title='bbox 464 4397 521 4448; x_wconf 80' lang='grc' dir='ltr'><strong>ὲν</strong></span> <span class='ocrx_word' id='word_1_338' title='bbox 556 4394 635 4464; x_wconf 81' lang='grc' dir='ltr'>τῷ</span> <span class='ocrx_word' id='word_1_339' title='bbox 688 4394 863 4447; x_wconf 86' lang='grc' dir='ltr'>πάντα</span> <span class='ocrx_word' id='word_1_340' title='bbox 908 4390 1108 4445; x_wconf 78' lang='grc' dir='ltr'>εἰδέναι</span> <span class='ocrx_word' id='word_1_341' title='bbox 1153 4391 1181 4442; x_wconf 94' lang='lat'><strong>6</strong></span> <span class='ocrx_word' id='word_1_342' title='bbox 1219 4388 1433 4459; x_wconf 80' lang='grc' dir='ltr'>Πατὴρ,</span> <span class='ocrx_word' id='word_1_343' title='bbox 1466 4388 1560 4441; x_wconf 80' lang='grc' dir='ltr'><strong>καὶ</strong></span> <span class='ocrx_word' id='word_1_344' title='bbox 1607 4387 1771 4441; x_wconf 90' lang='grc' dir='ltr'>τόπον</span> 
     </span>
    </p>
   </div>
   <div class='ocr_carea' id='block_1_45' title="bbox 182 4480 1558 4557">
    <p class='ocr_par' dir='ltr' id='par_1_45' title="bbox 182 4480 1558 4557">
     <span class='ocr_line' id='line_1_45' title="bbox 182 4480 1558 4557; baseline -0.005 -15"><span class='ocrx_word' id='word_1_345' title='bbox 182 4487 377 4542; x_wconf 80' lang='grc' dir='ltr'>οὐδένα</span> <span class='ocrx_word' id='word_1_346' title='bbox 404 4487 509 4557; x_wconf 86' lang='grc' dir='ltr'><strong>πρὸ</strong></span> <span class='ocrx_word' id='word_1_347' title='bbox 550 4486 681 4540; x_wconf 87' lang='grc' dir='ltr'><strong>Υἱοῦ</strong></span> <span class='ocrx_word' id='word_1_348' title='bbox 705 4488 740 4557; x_wconf 84' lang='grc' dir='ltr'><strong>ή</strong></span> <span class='ocrx_word' id='word_1_349' title='bbox 773 4486 902 4557; x_wconf 82' lang='grc' dir='ltr'>περὶ</span> <span class='ocrx_word' id='word_1_350' title='bbox 928 4483 1095 4538; x_wconf 81' lang='grc' dir='ltr'>αὐτοῦ</span> <span class='ocrx_word' id='word_1_351' title='bbox 1140 4481 1394 4553; x_wconf 82' lang='grc' dir='ltr'>βούλησις</span> <span class='ocrx_word' id='word_1_352' title='bbox 1424 4480 1558 4551; x_wconf 74' lang='grc' dir='ltr'>ἔχει.</span> 
     </span>
    </p>
   </div>
   <div class='ocr_carea' id='block_1_46' title="bbox 875 4592 1081 4647">
    <p class='ocr_par' dir='ltr' id='par_1_46' title="bbox 875 4592 1081 4647">
     <span class='ocr_line' id='line_1_46' title="bbox 875 4592 1081 4647; baseline -0.01 0"><span class='ocrx_word' id='word_1_353' title='bbox 875 4592 1081 4647; x_wconf 82' lang='grc' dir='ltr'><strong>ΑΛΛΟ.</strong></span> 
     </span>
    </p>
   </div>
   <div class='ocr_carea' id='block_1_47' title="bbox 253 4698 1769 4772">
    <p class='ocr_par' dir='ltr' id='par_1_47' title="bbox 253 4698 1769 4772">
     <span class='ocr_line' id='line_1_47' title="bbox 253 4698 1769 4772; baseline -0.009 -8"><span class='ocrx_word' id='word_1_354' title='bbox 253 4711 321 4764; x_wconf 87' lang='grc' dir='ltr'>Εἰ</span> <span class='ocrx_word' id='word_1_355' title='bbox 356 4704 496 4763; x_wconf 78' lang='grc' dir='ltr'>οἶδεν</span> <span class='ocrx_word' id='word_1_356' title='bbox 540 4708 731 4761; x_wconf 79' lang='grc' dir='ltr'>ἑαυτὸν</span> <span class='ocrx_word' id='word_1_357' title='bbox 783 4706 870 4759; x_wconf 76' lang='grc' dir='ltr'>ἀεὶ</span> <span class='ocrx_word' id='word_1_358' title='bbox 923 4705 1051 4757; x_wconf 79' lang='grc' dir='ltr'>ὅντα</span> <span class='ocrx_word' id='word_1_359' title='bbox 1092 4702 1310 4772; x_wconf 82' lang='grc' dir='ltr'>Πατέρα</span> <span class='ocrx_word' id='word_1_360' title='bbox 1343 4702 1370 4754; x_wconf 94' lang='lat'><strong>6</strong></span> <span class='ocrx_word' id='word_1_361' title='bbox 1399 4700 1609 4771; x_wconf 81' lang='grc' dir='ltr'>Πατὴρ,</span> <span class='ocrx_word' id='word_1_362' title='bbox 1657 4698 1769 4771; x_wconf 79' lang='grc' dir='ltr'>ἔχει</span> 
     </span>
    </p>
   </div>
   <div class='ocr_carea' id='block_1_48' title="bbox 183 4790 1771 4867">
    <p class='ocr_par' dir='ltr' id='par_1_48' title="bbox 183 4790 1771 4867">
     <span class='ocr_line' id='line_1_48' title="bbox 183 4790 1771 4867; baseline -0.008 -11"><span class='ocrx_word' id='word_1_363' title='bbox 183 4802 407 4865; x_wconf 85' lang='grc' dir='ltr'>πάντως</span> <span class='ocrx_word' id='word_1_364' title='bbox 438 4797 532 4852; x_wconf 65' lang='grc' dir='ltr'>καὶ</span> <span class='ocrx_word' id='word_1_365' title='bbox 565 4802 622 4851; x_wconf 80' lang='grc' dir='ltr'><strong>ὲν</strong></span> <span class='ocrx_word' id='word_1_366' title='bbox 652 4797 830 4867; x_wconf 81' lang='grc' dir='ltr'>ἑαυτῷ</span> <span class='ocrx_word' id='word_1_367' title='bbox 859 4795 951 4849; x_wconf 84' lang='grc' dir='ltr'><strong>τοῦ</strong></span> <span class='ocrx_word' id='word_1_368' title='bbox 981 4794 1112 4848; x_wconf 85' lang='grc' dir='ltr'><strong>Υἱοῦ</strong></span> <span class='ocrx_word' id='word_1_369' title='bbox 1146 4795 1244 4865; x_wconf 76' lang='grc' dir='ltr'>τὴν</span> <span class='ocrx_word' id='word_1_370' title='bbox 1270 4792 1489 4862; x_wconf 83' lang='grc' dir='ltr'>γνῶσιν.</span> <span class='ocrx_word' id='word_1_371' title='bbox 1532 4792 1618 4845; x_wconf 90' lang='grc' dir='ltr'><strong>Ἐν</strong></span> <span class='ocrx_word' id='word_1_372' title='bbox 1662 4790 1771 4861; x_wconf 82' lang='grc' dir='ltr'><strong>γὰρ</strong></span> 
     </span>
    </p>
   </div>
   <div class='ocr_carea' id='block_1_49' title="bbox 182 4880 1771 4960">
    <p class='ocr_par' dir='ltr' id='par_1_49' title="bbox 182 4880 1771 4960">
     <span class='ocr_line' id='line_1_49' title="bbox 182 4880 1771 4960; baseline -0.009 -15"><span class='ocrx_word' id='word_1_373' title='bbox 182 4892 261 4960; x_wconf 87' lang='grc' dir='ltr'>τῷ</span> <span class='ocrx_word' id='word_1_374' title='bbox 304 4889 508 4945; x_wconf 84' lang='grc' dir='ltr'>εἰδέναι</span> <span class='ocrx_word' id='word_1_375' title='bbox 558 4890 692 4958; x_wconf 83' lang='grc' dir='ltr'>ὅπερ</span> <span class='ocrx_word' id='word_1_376' title='bbox 743 4886 888 4939; x_wconf 72' lang='grc' dir='ltr'>ἐστὶν</span> <span class='ocrx_word' id='word_1_377' title='bbox 920 4885 1102 4949; x_wconf 83' lang='grc' dir='ltr'>αὐτὸς,</span> <span class='ocrx_word' id='word_1_378' title='bbox 1139 4883 1359 4953; x_wconf 79' lang='grc' dir='ltr'>καὶτῆς</span> <span class='ocrx_word' id='word_1_379' title='bbox 1402 4880 1647 4949; x_wconf 87' lang='grc' dir='ltr'>υἱότητος</span> <span class='ocrx_word' id='word_1_380' title='bbox 1672 4880 1771 4947; x_wconf 82' lang='grc' dir='ltr'>τὴν</span> 
     </span>
    </p>
   </div>
   <div class='ocr_carea' id='block_1_50' title="bbox 183 4970 1770 5051">
    <p class='ocr_par' dir='ltr' id='par_1_50' title="bbox 183 4970 1770 5051">
     <span class='ocr_line' id='line_1_50' title="bbox 183 4970 1770 5051; baseline -0.008 -17"><span class='ocrx_word' id='word_1_381' title='bbox 183 4980 391 5047; x_wconf 84' lang='grc' dir='ltr'>γνῶσιν</span> <span class='ocrx_word' id='word_1_382' title='bbox 422 4981 609 5051; x_wconf 78' lang='grc' dir='ltr'>φορεῖ·</span> <span class='ocrx_word' id='word_1_383' title='bbox 639 4976 830 5048; x_wconf 82' lang='grc' dir='ltr'>Πατήρ</span> <span class='ocrx_word' id='word_1_384' title='bbox 863 4975 971 5047; x_wconf 82' lang='grc' dir='ltr'>γὰρ</span> <span class='ocrx_word' id='word_1_385' title='bbox 999 4976 1075 5038; x_wconf 86' lang='grc' dir='ltr'>ὡς</span> <span class='ocrx_word' id='word_1_386' title='bbox 1106 4974 1238 5045; x_wconf 78' lang='grc' dir='ltr'>πρὸς</span> <span class='ocrx_word' id='word_1_387' title='bbox 1276 4970 1404 5025; x_wconf 85' lang='grc' dir='ltr'>Υἱὺν</span> <span class='ocrx_word' id='word_1_388' title='bbox 1434 4970 1549 5025; x_wconf 76' lang='grc' dir='ltr'>ἐστι</span> <span class='ocrx_word' id='word_1_389' title='bbox 1577 4987 1635 5024; x_wconf 90' lang='grc' dir='ltr'><strong>τε</strong></span> <span class='ocrx_word' id='word_1_390' title='bbox 1677 4970 1770 5023; x_wconf 73' lang='grc' dir='ltr'><strong>καὶ</strong></span> 
     </span>
    </p>
   </div>
   <div class='ocr_carea' id='block_1_51' title="bbox 182 5058 1772 5144">
    <p class='ocr_par' dir='ltr' id='par_1_51' title="bbox 182 5058 1772 5144">
     <span class='ocr_line' id='line_1_51' title="bbox 182 5058 1772 5144; baseline -0.007 -20"><span class='ocrx_word' id='word_1_391' title='bbox 182 5072 535 5144; x_wconf 73' lang='grc' dir='ltr'>ὀνομάζεται.</span> <span class='ocrx_word' id='word_1_392' title='bbox 588 5071 699 5124; x_wconf 76' lang='grc' dir='ltr'>Καὶ</span> <span class='ocrx_word' id='word_1_393' title='bbox 740 5069 904 5123; x_wconf 81' lang='grc' dir='ltr'>πάλιν</span> <span class='ocrx_word' id='word_1_394' title='bbox 951 5070 1015 5121; x_wconf 90' lang='grc' dir='ltr'>ὲκ</span> <span class='ocrx_word' id='word_1_395' title='bbox 1068 5066 1176 5120; x_wconf 84' lang='grc' dir='ltr'>τῶν</span> <span class='ocrx_word' id='word_1_396' title='bbox 1224 5064 1510 5119; x_wconf 72' lang='grc' dir='ltr'>ἐναντίωνο</span> <span class='ocrx_word' id='word_1_397' title='bbox 1562 5058 1714 5116; x_wconf 73' lang='grc' dir='ltr'>Οἶδεν</span> <span class='ocrx_word' id='word_1_398' title='bbox 1744 5063 1772 5113; x_wconf 92' lang='lat'><strong>6</strong></span> 
     </span>
    </p>
   </div>
   <div class='ocr_carea' id='block_1_52' title="bbox 185 5152 1772 5233">
    <p class='ocr_par' dir='ltr' id='par_1_52' title="bbox 185 5152 1772 5233">
     <span class='ocr_line' id='line_1_52' title="bbox 185 5152 1772 5233; baseline -0.007 -18"><span class='ocrx_word' id='word_1_399' title='bbox 185 5164 313 5229; x_wconf 77' lang='grc' dir='ltr'>Υἱὸς</span> <span class='ocrx_word' id='word_1_400' title='bbox 348 5164 445 5218; x_wconf 81' lang='grc' dir='ltr'>τὸν</span> <span class='ocrx_word' id='word_1_401' title='bbox 474 5163 712 5233; x_wconf 84' lang='grc' dir='ltr'>Πατέρα,</span> <span class='ocrx_word' id='word_1_402' title='bbox 740 5160 895 5224; x_wconf 82' lang='grc' dir='ltr'>εἰδὼς</span> <span class='ocrx_word' id='word_1_403' title='bbox 929 5160 1066 5228; x_wconf 83' lang='grc' dir='ltr'>ὅπερ</span> <span class='ocrx_word' id='word_1_404' title='bbox 1096 5158 1241 5211; x_wconf 71' lang='grc' dir='ltr'>ἐστὶν</span> <span class='ocrx_word' id='word_1_405' title='bbox 1274 5156 1454 5219; x_wconf 86' lang='grc' dir='ltr'>αὐτός.</span> <span class='ocrx_word' id='word_1_406' title='bbox 1499 5154 1633 5207; x_wconf 80' lang='grc' dir='ltr'>Ἀπὸ</span> <span class='ocrx_word' id='word_1_407' title='bbox 1665 5152 1772 5223; x_wconf 81' lang='grc' dir='ltr'><strong>γάρ</strong></span> 
     </span>
    </p>
   </div>
   <div class='ocr_carea' id='block_1_53' title="bbox 182 5245 1773 5327">
    <p class='ocr_par' dir='ltr' id='par_1_53' title="bbox 182 5245 1773 5327">
     <span class='ocr_line' id='line_1_53' title="bbox 182 5245 1773 5327; baseline -0.008 -19"><span class='ocrx_word' id='word_1_408' title='bbox 182 5254 284 5327; x_wconf 79' lang='grc' dir='ltr'>τῆς</span> <span class='ocrx_word' id='word_1_409' title='bbox 317 5254 571 5325; x_wconf 85' lang='grc' dir='ltr'>υἰότητος</span> <span class='ocrx_word' id='word_1_410' title='bbox 612 5256 645 5324; x_wconf 88' lang='grc' dir='ltr'><strong>ή</strong></span> <span class='ocrx_word' id='word_1_411' title='bbox 685 5252 962 5324; x_wconf 82' lang='grc' dir='ltr'>πατρότης</span> <span class='ocrx_word' id='word_1_412' title='bbox 990 5253 1193 5303; x_wconf 84' lang='grc' dir='ltr'>νοεῖται</span> <span class='ocrx_word' id='word_1_413' title='bbox 1217 5266 1229 5279; x_wconf 76' lang='grc' dir='ltr'><strong><em>ο</em></strong></span> <span class='ocrx_word' id='word_1_414' title='bbox 1263 5249 1355 5301; x_wconf 77' lang='grc' dir='ltr'><strong>καὶ</strong></span> <span class='ocrx_word' id='word_1_415' title='bbox 1396 5247 1457 5300; x_wconf 81' lang='grc' dir='ltr'>τὸ</span> <span class='ocrx_word' id='word_1_416' title='bbox 1493 5245 1773 5315; x_wconf 76' lang='grc' dir='ltr'>ἀντίστρο-</span> 
     </span>
    </p>
   </div>
   <div class='ocr_carea' id='block_1_54' title="bbox 185 5335 1773 5418">
    <p class='ocr_par' dir='ltr' id='par_1_54' title="bbox 185 5335 1773 5418">
     <span class='ocr_line' id='line_1_54' title="bbox 185 5335 1773 5418; baseline -0.008 -16"><span class='ocrx_word' id='word_1_417' title='bbox 185 5364 305 5416; x_wconf 82' lang='grc' dir='ltr'>φον,</span> <span class='ocrx_word' id='word_1_418' title='bbox 340 5350 407 5401; x_wconf 88' lang='grc' dir='ltr'>ὲκ</span> <span class='ocrx_word' id='word_1_419' title='bbox 433 5346 533 5416; x_wconf 81' lang='grc' dir='ltr'>τῆς</span> <span class='ocrx_word' id='word_1_420' title='bbox 566 5345 907 5418; x_wconf 87' lang='grc' dir='ltr'>πατρότητος</span> <span class='ocrx_word' id='word_1_421' title='bbox 941 5345 974 5413; x_wconf 86' lang='grc' dir='ltr'><strong>ή</strong></span> <span class='ocrx_word' id='word_1_422' title='bbox 1008 5342 1191 5411; x_wconf 83' lang='grc' dir='ltr'>υἱότης</span> <span class='ocrx_word' id='word_1_423' title='bbox 1213 5359 1224 5372; x_wconf 80' lang='grc'><em>’</em></span> <span class='ocrx_word' id='word_1_424' title='bbox 1256 5337 1323 5412; x_wconf 83' lang='grc' dir='ltr'><strong>ἧν</strong></span> <span class='ocrx_word' id='word_1_425' title='bbox 1356 5335 1447 5393; x_wconf 83' lang='grc' dir='ltr'><strong>οὖν</strong></span> <span class='ocrx_word' id='word_1_426' title='bbox 1474 5339 1558 5392; x_wconf 80' lang='grc' dir='ltr'>ἀεὶ</span> <span class='ocrx_word' id='word_1_427' title='bbox 1585 5336 1773 5409; x_wconf 86' lang='grc' dir='ltr'>Πατὴρ</span> 
     </span>
    </p>
   </div>
   <div class='ocr_carea' id='block_1_55' title="bbox 182 5428 1775 5509">
    <p class='ocr_par' dir='ltr' id='par_1_55' title="bbox 182 5428 1775 5509">
     <span class='ocr_line' id='line_1_55' title="bbox 182 5428 1775 5509; baseline -0.007 -18"><span class='ocrx_word' id='word_1_428' title='bbox 182 5440 213 5491; x_wconf 89' lang='grc' dir='ltr'><strong>ό</strong></span> <span class='ocrx_word' id='word_1_429' title='bbox 244 5437 399 5502; x_wconf 82' lang='grc' dir='ltr'>Θεὸς,</span> <span class='ocrx_word' id='word_1_430' title='bbox 429 5433 497 5509; x_wconf 81' lang='grc' dir='ltr'><strong>ἦν</strong></span> <span class='ocrx_word' id='word_1_431' title='bbox 531 5438 639 5508; x_wconf 79' lang='grc' dir='ltr'>ἄρα</span> <span class='ocrx_word' id='word_1_432' title='bbox 682 5435 777 5490; x_wconf 66' lang='grc' dir='ltr'>καὶ</span> <span class='ocrx_word' id='word_1_433' title='bbox 825 5437 853 5487; x_wconf 94' lang='lat'><strong>6</strong></span> <span class='ocrx_word' id='word_1_434' title='bbox 900 5435 1039 5498; x_wconf 85' lang='grc' dir='ltr'>Υἰός.</span> <span class='ocrx_word' id='word_1_435' title='bbox 1080 5433 1373 5503; x_wconf 82' lang='grc' dir='ltr'>Δύσφημον</span> <span class='ocrx_word' id='word_1_436' title='bbox 1415 5430 1471 5484; x_wconf 82' lang='grc' dir='ltr'>δὲ</span> <span class='ocrx_word' id='word_1_437' title='bbox 1510 5428 1571 5481; x_wconf 87' lang='grc' dir='ltr'><strong>τδ</strong></span> <span class='ocrx_word' id='word_1_438' title='bbox 1596 5429 1775 5496; x_wconf 79' lang='grc' dir='ltr'>λέγειν</span> 
     </span>
    </p>
   </div>
   <div class='ocr_carea' id='block_1_56' title="bbox 186 5521 1776 5602">
    <p class='ocr_par' dir='ltr' id='par_1_56' title="bbox 186 5521 1776 5602">
     <span class='ocr_line' id='line_1_56' title="bbox 186 5521 1776 5602; baseline -0.006 -19"><span class='ocrx_word' id='word_1_439' title='bbox 186 5529 263 5602; x_wconf 78' lang='grc' dir='ltr'><strong>μὴ</strong></span> <span class='ocrx_word' id='word_1_440' title='bbox 297 5530 499 5583; x_wconf 80' lang='grc' dir='ltr'>εἰδέναι</span> <span class='ocrx_word' id='word_1_441' title='bbox 533 5530 623 5582; x_wconf 81' lang='grc' dir='ltr'>τὸν</span> <span class='ocrx_word' id='word_1_442' title='bbox 668 5528 889 5599; x_wconf 84' lang='grc' dir='ltr'>Πατέρα</span> <span class='ocrx_word' id='word_1_443' title='bbox 942 5526 1002 5592; x_wconf 79' lang='grc' dir='ltr'>ἐξ</span> <span class='ocrx_word' id='word_1_444' title='bbox 1052 5526 1249 5581; x_wconf 80' lang='grc' dir='ltr'>ἑαυτοῦ</span> <span class='ocrx_word' id='word_1_445' title='bbox 1298 5524 1387 5577; x_wconf 68' lang='grc' dir='ltr'>τὸν</span> <span class='ocrx_word' id='word_1_446' title='bbox 1434 5523 1583 5585; x_wconf 80' lang='grc' dir='ltr'>Υἰδν,</span> <span class='ocrx_word' id='word_1_447' title='bbox 1633 5521 1776 5574; x_wconf 83' lang='grc' dir='ltr'>διδά-</span> 
     </span>
    </p>
   </div>
   <div class='ocr_carea' id='block_1_57' title="bbox 185 5604 1772 5691">
    <p class='ocr_par' dir='ltr' id='par_1_57' title="bbox 185 5604 1772 5691">
     <span class='ocr_line' id='line_1_57' title="bbox 185 5604 1772 5691; baseline -0.006 -17"><span class='ocrx_word' id='word_1_448' title='bbox 185 5620 418 5674; x_wconf 77' lang='grc' dir='ltr'>σκεσθαι</span> <span class='ocrx_word' id='word_1_449' title='bbox 451 5620 507 5673; x_wconf 81' lang='grc' dir='ltr'>δὲ</span> <span class='ocrx_word' id='word_1_450' title='bbox 537 5618 645 5673; x_wconf 83' lang='grc' dir='ltr'><strong>ἀπὸ</strong></span> <span class='ocrx_word' id='word_1_451' title='bbox 676 5620 775 5691; x_wconf 81' lang='grc' dir='ltr'>τῆς</span> <span class='ocrx_word' id='word_1_452' title='bbox 808 5618 1045 5687; x_wconf 80' lang='grc' dir='ltr'>φύσεως,</span> <span class='ocrx_word' id='word_1_453' title='bbox 1074 5618 1307 5670; x_wconf 78' lang='grc' dir='ltr'>ἑκάστου</span> <span class='ocrx_word' id='word_1_454' title='bbox 1339 5613 1538 5685; x_wconf 82' lang='grc' dir='ltr'>δηλαδὴ</span> <span class='ocrx_word' id='word_1_455' title='bbox 1577 5612 1668 5681; x_wconf 83' lang='grc' dir='ltr'><strong>ἀφ’</strong></span> <span class='ocrx_word' id='word_1_456' title='bbox 1697 5604 1772 5665; x_wconf 84' lang='grc' dir='ltr'><strong>ὧν</strong></span> 
     </span>
    </p>
   </div>
   <div class='ocr_carea' id='block_1_58' title="bbox 184 5702 1771 5782">
    <p class='ocr_par' dir='ltr' id='par_1_58' title="bbox 184 5702 1771 5782">
     <span class='ocr_line' id='line_1_58' title="bbox 184 5702 1771 5782; baseline -0.009 -13"><span class='ocrx_word' id='word_1_457' title='bbox 184 5716 332 5770; x_wconf 63' lang='grc' dir='ltr'>ἔστιν</span> <span class='ocrx_word' id='word_1_458' title='bbox 360 5712 525 5776; x_wconf 81' lang='grc' dir='ltr'>αὐτὸς</span> <span class='ocrx_word' id='word_1_459' title='bbox 559 5711 658 5782; x_wconf 81' lang='grc' dir='ltr'>τὴν</span> <span class='ocrx_word' id='word_1_460' title='bbox 686 5710 781 5765; x_wconf 80' lang='grc' dir='ltr'><strong>τοῦ</strong></span> <span class='ocrx_word' id='word_1_461' title='bbox 823 5711 1010 5781; x_wconf 79' lang='grc' dir='ltr'>ἑτέρου</span> <span class='ocrx_word' id='word_1_462' title='bbox 1042 5708 1242 5777; x_wconf 82' lang='grc' dir='ltr'>γνῶσιν</span> <span class='ocrx_word' id='word_1_463' title='bbox 1293 5706 1526 5777; x_wconf 79' lang='grc' dir='ltr'>ἔχοντος.</span> <span class='ocrx_word' id='word_1_464' title='bbox 1563 5702 1771 5765; x_wconf 81' lang='grc' dir='ltr'>’Λλλως</span> 
     </span>
    </p>
   </div>
   <div class='ocr_carea' id='block_1_59' title="bbox 1870 572 3445 645">
    <p class='ocr_par' dir='ltr' id='par_1_59' title="bbox 1870 572 3445 645">
     <span class='ocr_line' id='line_1_59' title="bbox 1870 572 3445 645; baseline -0.006 -9"><span class='ocrx_word' id='word_1_465' title='bbox 1870 599 1980 636; x_wconf 84' lang='lat' dir='ltr'><strong>rem</strong></span> <span class='ocrx_word' id='word_1_466' title='bbox 2020 595 2084 634; x_wconf 80' lang='lat' dir='ltr'><strong>ex</strong></span> <span class='ocrx_word' id='word_1_467' title='bbox 2127 595 2184 633; x_wconf 82' lang='lat' dir='ltr'><strong>se</strong></span> <span class='ocrx_word' id='word_1_468' title='bbox 2218 578 2520 632; x_wconf 80' lang='lat' dir='ltr'><strong>voluntarie</strong></span> <span class='ocrx_word' id='word_1_469' title='bbox 2559 573 2729 645; x_wconf 82' lang='lat' dir='ltr'><strong>gignit</strong></span> <span class='ocrx_word' id='word_1_470' title='bbox 2766 583 2859 627; x_wconf 90' lang='lat' dir='ltr'><strong>aut</strong></span> <span class='ocrx_word' id='word_1_471' title='bbox 2895 574 3295 629; x_wconf 81' lang='lat' dir='ltr'><strong>involunlarie?</strong></span> <span class='ocrx_word' id='word_1_472' title='bbox 3338 572 3445 628; x_wconf 89' lang='lat' dir='ltr'><strong>Sed</strong></span> 
     </span>
    </p>
   </div>
   <div class='ocr_carea' id='block_1_60' title="bbox 1870 664 3446 738">
    <p class='ocr_par' dir='ltr' id='par_1_60' title="bbox 1870 664 3446 738">
     <span class='ocr_line' id='line_1_60' title="bbox 1870 664 3446 738; baseline -0.006 -11"><span class='ocrx_word' id='word_1_473' title='bbox 1870 674 2000 728; x_wconf 88' lang='lat' dir='ltr'><strong>nihil</strong></span> <span class='ocrx_word' id='word_1_474' title='bbox 2028 670 2305 726; x_wconf 86' lang='lat' dir='ltr'><strong>habebunt</strong></span> <span class='ocrx_word' id='word_1_475' title='bbox 2331 670 2471 738; x_wconf 92' lang='lat' dir='ltr'><strong>quod</strong></span> <span class='ocrx_word' id='word_1_476' title='bbox 2502 668 2566 721; x_wconf 77' lang='lat' dir='ltr'><strong>ad</strong></span> <span class='ocrx_word' id='word_1_477' title='bbox 2597 668 2697 720; x_wconf 90' lang='lat' dir='ltr'><strong>hoc</strong></span> <span class='ocrx_word' id='word_1_478' title='bbox 2719 667 2921 719; x_wconf 90' lang='lat' dir='ltr'><strong>dicant.</strong></span> <span class='ocrx_word' id='word_1_479' title='bbox 2947 664 3079 719; x_wconf 84' lang='lat' dir='ltr'><strong>Nam</strong></span> <span class='ocrx_word' id='word_1_480' title='bbox 3107 680 3227 734; x_wconf 61' lang='lat' dir='ltr'><strong>quae</strong></span> <span class='ocrx_word' id='word_1_481' title='bbox 3252 680 3319 719; x_wconf 83' lang='lat' dir='ltr'><strong>ex</strong></span> <span class='ocrx_word' id='word_1_482' title='bbox 3348 679 3446 718; x_wconf 86' lang='lat' dir='ltr'><strong>na-</strong></span> 
     </span>
    </p>
   </div>
   <div class='ocr_carea' id='block_1_61' title="bbox 1870 754 3444 831">
    <p class='ocr_par' dir='ltr' id='par_1_61' title="bbox 1870 754 3444 831">
     <span class='ocr_line' id='line_1_61' title="bbox 1870 754 3444 831; baseline -0.005 -15"><span class='ocrx_word' id='word_1_483' title='bbox 1870 773 1989 816; x_wconf 89' lang='lat' dir='ltr'><strong>tura</strong></span> <span class='ocrx_word' id='word_1_484' title='bbox 2021 761 2306 831; x_wconf 84' lang='lat' dir='ltr'><strong>prodeunt,</strong></span> <span class='ocrx_word' id='word_1_485' title='bbox 2339 772 2510 827; x_wconf 89' lang='lat' dir='ltr'><strong>neque</strong></span> <span class='ocrx_word' id='word_1_486' title='bbox 2537 756 2693 822; x_wconf 81' lang='lat' dir='ltr'><strong>velle,</strong></span> <span class='ocrx_word' id='word_1_487' title='bbox 2720 755 2803 809; x_wconf 90' lang='lat' dir='ltr'><strong>vel</strong></span> <span class='ocrx_word' id='word_1_488' title='bbox 2833 768 2936 809; x_wconf 92' lang='lat' dir='ltr'><strong>non</strong></span> <span class='ocrx_word' id='word_1_489' title='bbox 2964 754 3100 809; x_wconf 85' lang='lat' dir='ltr'><strong>velle</strong></span> <span class='ocrx_word' id='word_1_490' title='bbox 3128 755 3444 809; x_wconf 90' lang='lat' dir='ltr'><strong>admittunt.</strong></span> 
     </span>
    </p>
   </div>
   <div class='ocr_carea' id='block_1_62' title="bbox 1868 848 3445 921">
    <p class='ocr_par' dir='ltr' id='par_1_62' title="bbox 1868 848 3445 921">
     <span class='ocr_line' id='line_1_62' title="bbox 1868 848 3445 921; baseline -0.004 -14"><span class='ocrx_word' id='word_1_491' title='bbox 1868 854 1923 907; x_wconf 91' lang='lat' dir='ltr'><strong>lu</strong></span> <span class='ocrx_word' id='word_1_492' title='bbox 1964 855 2123 909; x_wconf 87' lang='lat' dir='ltr'><strong>rebus</strong></span> <span class='ocrx_word' id='word_1_493' title='bbox 2156 868 2282 907; x_wconf 87' lang='lat' dir='ltr'><strong>vero</strong></span> <span class='ocrx_word' id='word_1_494' title='bbox 2322 865 2438 921; x_wconf 85' lang='lat' dir='ltr'><strong>quae</strong></span> <span class='ocrx_word' id='word_1_495' title='bbox 2476 860 2632 905; x_wconf 74' lang='lat' dir='ltr'><strong>extra</strong></span> <span class='ocrx_word' id='word_1_496' title='bbox 2666 864 2764 902; x_wconf 93' lang='lat' dir='ltr'><strong>nos</strong></span> <span class='ocrx_word' id='word_1_497' title='bbox 2793 857 2847 901; x_wconf 93' lang='lat' dir='ltr'><strong>et</strong></span> <span class='ocrx_word' id='word_1_498' title='bbox 2875 848 2928 901; x_wconf 90' lang='lat' dir='ltr'><strong>in</strong></span> <span class='ocrx_word' id='word_1_499' title='bbox 2964 857 3149 901; x_wconf 85' lang='lat' dir='ltr'><strong>nostra</strong></span> <span class='ocrx_word' id='word_1_500' title='bbox 3178 855 3445 916; x_wconf 80' lang='lat' dir='ltr'><strong>potestate</strong></span> 
     </span>
    </p>
   </div>
   <div class='ocr_carea' id='block_1_63' title="bbox 1868 935 3449 1006">
    <p class='ocr_par' dir='ltr' id='par_1_63' title="bbox 1868 935 3449 1006">
     <span class='ocr_line' id='line_1_63' title="bbox 1868 935 3449 1006; baseline -0.005 -9"><span class='ocrx_word' id='word_1_501' title='bbox 1868 950 2015 1006; x_wconf 88' lang='lat' dir='ltr'><strong>sunt,</strong></span> <span class='ocrx_word' id='word_1_502' title='bbox 2044 950 2136 996; x_wconf 90' lang='lat' dir='ltr'><strong>aut</strong></span> <span class='ocrx_word' id='word_1_503' title='bbox 2157 941 2423 1005; x_wconf 90' lang='lat' dir='ltr'><strong>volumus,</strong></span> <span class='ocrx_word' id='word_1_504' title='bbox 2452 948 2544 993; x_wconf 89' lang='lat' dir='ltr'><strong>aut</strong></span> <span class='ocrx_word' id='word_1_505' title='bbox 2565 937 2833 994; x_wconf 92' lang='lat' dir='ltr'><strong>nolumus.</strong></span> <span class='ocrx_word' id='word_1_506' title='bbox 2857 935 3322 1003; x_wconf 86' lang='lat' dir='ltr'><strong>Quemadmodum</strong></span> <span class='ocrx_word' id='word_1_507' title='bbox 3349 935 3449 1005; x_wconf 72' lang='lat' dir='ltr'><strong>igi-</strong></span> 
     </span>
    </p>
   </div>
   <div class='ocr_carea' id='block_1_64' title="bbox 1872 1026 3445 1102">
    <p class='ocr_par' dir='ltr' id='par_1_64' title="bbox 1872 1026 3445 1102">
     <span class='ocr_line' id='line_1_64' title="bbox 1872 1026 3445 1102; baseline -0.006 -13"><span class='ocrx_word' id='word_1_508' title='bbox 1872 1046 1959 1090; x_wconf 91' lang='lat' dir='ltr'><strong>tur</strong></span> <span class='ocrx_word' id='word_1_509' title='bbox 1984 1035 2148 1089; x_wconf 90' lang='lat' dir='ltr'><strong>etiam</strong></span> <span class='ocrx_word' id='word_1_510' title='bbox 2181 1048 2280 1088; x_wconf 91' lang='lat' dir='ltr'><strong>nos</strong></span> <span class='ocrx_word' id='word_1_511' title='bbox 2309 1046 2600 1102; x_wconf 89' lang='lat' dir='ltr'><strong>operamur</strong></span> <span class='ocrx_word' id='word_1_512' title='bbox 2625 1027 2829 1098; x_wconf 90' lang='lat' dir='ltr'><strong>aliquid</strong></span> <span class='ocrx_word' id='word_1_513' title='bbox 2855 1029 3130 1083; x_wconf 81' lang='lat' dir='ltr'><strong>voluntate</strong></span> <span class='ocrx_word' id='word_1_514' title='bbox 3160 1028 3273 1081; x_wconf 85' lang='lat' dir='ltr'><strong>sive</strong></span> <span class='ocrx_word' id='word_1_515' title='bbox 3303 1026 3445 1081; x_wconf 83' lang='lat' dir='ltr'><strong>deli-</strong></span> 
     </span>
    </p>
   </div>
   <div class='ocr_carea' id='block_1_65' title="bbox 1869 1116 3446 1192">
    <p class='ocr_par' dir='ltr' id='par_1_65' title="bbox 1869 1116 3446 1192">
     <span class='ocr_line' id='line_1_65' title="bbox 1869 1116 3446 1192; baseline -0.006 -12"><span class='ocrx_word' id='word_1_516' title='bbox 1869 1126 2146 1181; x_wconf 84' lang='lat' dir='ltr'><strong>beratione</strong></span> <span class='ocrx_word' id='word_1_517' title='bbox 2188 1123 2456 1187; x_wconf 86' lang='lat' dir='ltr'><strong>adhibita,</strong></span> <span class='ocrx_word' id='word_1_518' title='bbox 2498 1120 2766 1192; x_wconf 74' lang='lat' dir='ltr'><strong>gignimus</strong></span> <span class='ocrx_word' id='word_1_519' title='bbox 2805 1134 2933 1173; x_wconf 89' lang='lat' dir='ltr'><strong>vero</strong></span> <span class='ocrx_word' id='word_1_520' title='bbox 2974 1132 3039 1172; x_wconf 78' lang='lat' dir='ltr'><strong>ex</strong></span> <span class='ocrx_word' id='word_1_521' title='bbox 3085 1116 3239 1171; x_wconf 90' lang='lat' dir='ltr'><strong>nobis</strong></span> <span class='ocrx_word' id='word_1_522' title='bbox 3280 1116 3446 1185; x_wconf 86' lang='lat' dir='ltr'><strong>ipsis,</strong></span> 
     </span>
    </p>
   </div>
   <div class='ocr_carea' id='block_1_66' title="bbox 1873 1207 3447 1285">
    <p class='ocr_par' dir='ltr' id='par_1_66' title="bbox 1873 1207 3447 1285">
     <span class='ocr_line' id='line_1_66' title="bbox 1873 1207 3447 1285; baseline -0.007 -13"><span class='ocrx_word' id='word_1_523' title='bbox 1873 1232 2043 1285; x_wconf 91' lang='lat' dir='ltr'><strong>neque</strong></span> <span class='ocrx_word' id='word_1_524' title='bbox 2089 1216 2252 1270; x_wconf 90' lang='lat' dir='ltr'><strong>ullum</strong></span> <span class='ocrx_word' id='word_1_525' title='bbox 2296 1217 2349 1269; x_wconf 92' lang='lat' dir='ltr'><strong>in</strong></span> <span class='ocrx_word' id='word_1_526' title='bbox 2398 1211 2706 1283; x_wconf 83' lang='lat' dir='ltr'><strong>generando</strong></span> <span class='ocrx_word' id='word_1_527' title='bbox 2749 1210 2925 1266; x_wconf 91' lang='lat' dir='ltr'><strong>locum</strong></span> <span class='ocrx_word' id='word_1_528' title='bbox 2970 1209 3134 1265; x_wconf 84' lang='lat' dir='ltr'><strong>habet</strong></span> <span class='ocrx_word' id='word_1_529' title='bbox 3171 1207 3313 1262; x_wconf 80' lang='lat' dir='ltr'><strong>velle</strong></span> <span class='ocrx_word' id='word_1_530' title='bbox 3354 1216 3447 1262; x_wconf 91' lang='lat' dir='ltr'><strong>aut</strong></span> 
     </span>
    </p>
   </div>
   <div class='ocr_carea' id='block_1_67' title="bbox 1870 1299 3448 1375">
    <p class='ocr_par' dir='ltr' id='par_1_67' title="bbox 1870 1299 3448 1375">
     <span class='ocr_line' id='line_1_67' title="bbox 1870 1299 3448 1375; baseline -0.006 -12"><span class='ocrx_word' id='word_1_531' title='bbox 1870 1310 2032 1375; x_wconf 88' lang='lat' dir='ltr'><strong>nolle,</strong></span> <span class='ocrx_word' id='word_1_532' title='bbox 2074 1312 2145 1363; x_wconf 92' lang='lat' dir='ltr'><strong>ita</strong></span> <span class='ocrx_word' id='word_1_533' title='bbox 2188 1309 2348 1363; x_wconf 89' lang='lat' dir='ltr'><strong>etiam</strong></span> <span class='ocrx_word' id='word_1_534' title='bbox 2392 1306 2534 1360; x_wconf 85' lang='lat' dir='ltr'><strong>Deus</strong></span> <span class='ocrx_word' id='word_1_535' title='bbox 2571 1314 2829 1374; x_wconf 85' lang='lat' dir='ltr'><strong>Operatnr</strong></span> <span class='ocrx_word' id='word_1_536' title='bbox 2890 1301 3106 1371; x_wconf 83' lang='lat' dir='ltr'><strong>quidem</strong></span> <span class='ocrx_word' id='word_1_537' title='bbox 3144 1299 3448 1355; x_wconf 82' lang='lat' dir='ltr'><strong>voluntarie</strong></span> 
     </span>
    </p>
   </div>
   <div class='ocr_carea' id='block_1_68' title="bbox 1872 1392 3448 1471">
    <p class='ocr_par' dir='ltr' id='par_1_68' title="bbox 1872 1392 3448 1471">
     <span class='ocr_line' id='line_1_68' title="bbox 1872 1392 3448 1471; baseline -0.007 -15"><span class='ocrx_word' id='word_1_538' title='bbox 1872 1416 1991 1471; x_wconf 62' lang='lat' dir='ltr'><strong>quae</strong></span> <span class='ocrx_word' id='word_1_539' title='bbox 2014 1410 2167 1456; x_wconf 80' lang='lat' dir='ltr'><strong>extra</strong></span> <span class='ocrx_word' id='word_1_540' title='bbox 2196 1401 2372 1468; x_wconf 88' lang='lat' dir='ltr'><strong>ipsum</strong></span> <span class='ocrx_word' id='word_1_541' title='bbox 2402 1406 2550 1461; x_wconf 90' lang='lat' dir='ltr'><strong>sunt,</strong></span> <span class='ocrx_word' id='word_1_542' title='bbox 2599 1395 2795 1450; x_wconf 90' lang='lat' dir='ltr'><strong>Filium</strong></span> <span class='ocrx_word' id='word_1_543' title='bbox 2824 1404 3003 1448; x_wconf 89' lang='lat' dir='ltr'><strong>autem</strong></span> <span class='ocrx_word' id='word_1_544' title='bbox 3033 1392 3220 1463; x_wconf 78' lang='lat' dir='ltr'><strong>genuit</strong></span> <span class='ocrx_word' id='word_1_545' title='bbox 3245 1393 3448 1461; x_wconf 87' lang='lat' dir='ltr'><strong>absque</strong></span> 
     </span>
    </p>
   </div>
   <div class='ocr_carea' id='block_1_69' title="bbox 1872 1485 3449 1562">
    <p class='ocr_par' dir='ltr' id='par_1_69' title="bbox 1872 1485 3449 1562">
     <span class='ocr_line' id='line_1_69' title="bbox 1872 1485 3449 1562; baseline -0.006 -14"><span class='ocrx_word' id='word_1_546' title='bbox 1872 1502 2113 1562; x_wconf 86' lang='lat' dir='ltr'><strong>tempore</strong></span> <span class='ocrx_word' id='word_1_547' title='bbox 2146 1507 2210 1546; x_wconf 80' lang='lat' dir='ltr'><strong>ex</strong></span> <span class='ocrx_word' id='word_1_548' title='bbox 2247 1505 2325 1555; x_wconf 90' lang='lat' dir='ltr'><strong>se,</strong></span> <span class='ocrx_word' id='word_1_549' title='bbox 2364 1504 2540 1558; x_wconf 90' lang='lat' dir='ltr'><strong>neque</strong></span> <span class='ocrx_word' id='word_1_550' title='bbox 2577 1488 2742 1543; x_wconf 90' lang='lat' dir='ltr'><strong>ullum</strong></span> <span class='ocrx_word' id='word_1_551' title='bbox 2779 1502 2839 1541; x_wconf 88' lang='lat' dir='ltr'><strong>ea</strong></span> <span class='ocrx_word' id='word_1_552' title='bbox 2882 1488 2934 1541; x_wconf 91' lang='lat' dir='ltr'><strong>in</strong></span> <span class='ocrx_word' id='word_1_553' title='bbox 2977 1500 3034 1540; x_wconf 91' lang='lat' dir='ltr'><strong>re</strong></span> <span class='ocrx_word' id='word_1_554' title='bbox 3072 1485 3247 1540; x_wconf 78' lang='lat' dir='ltr'><strong>locum</strong></span> <span class='ocrx_word' id='word_1_555' title='bbox 3287 1485 3449 1538; x_wconf 84' lang='lat' dir='ltr'><strong>habet</strong></span> 
     </span>
    </p>
   </div>
   <div class='ocr_carea' id='block_1_70' title="bbox 1872 1578 3444 1650">
    <p class='ocr_par' dir='ltr' id='par_1_70' title="bbox 1872 1578 3444 1650">
     <span class='ocr_line' id='line_1_70' title="bbox 1872 1578 3444 1650; baseline -0.004 -12"><span class='ocrx_word' id='word_1_556' title='bbox 1872 1587 2007 1642; x_wconf 86' lang='lat' dir='ltr'><strong>velle</strong></span> <span class='ocrx_word' id='word_1_557' title='bbox 2031 1595 2126 1641; x_wconf 80' lang='lat' dir='ltr'><strong>aut</strong></span> <span class='ocrx_word' id='word_1_558' title='bbox 2151 1585 2319 1650; x_wconf 80' lang='lat' dir='ltr'><strong>nolle,</strong></span> <span class='ocrx_word' id='word_1_559' title='bbox 2350 1583 2563 1637; x_wconf 83' lang='lat' dir='ltr'><strong>tametsi</strong></span> <span class='ocrx_word' id='word_1_560' title='bbox 2591 1597 2696 1637; x_wconf 93' lang='lat' dir='ltr'><strong>non</strong></span> <span class='ocrx_word' id='word_1_561' title='bbox 2724 1589 2809 1637; x_wconf 91' lang='lat' dir='ltr'><strong>est</strong></span> <span class='ocrx_word' id='word_1_562' title='bbox 2835 1580 3003 1635; x_wconf 88' lang='lat' dir='ltr'><strong>invito</strong></span> <span class='ocrx_word' id='word_1_563' title='bbox 3030 1578 3188 1634; x_wconf 83' lang='lat' dir='ltr'><strong>Patre</strong></span> <span class='ocrx_word' id='word_1_564' title='bbox 3212 1578 3444 1649; x_wconf 83' lang='lat' dir='ltr'><strong>genitus.</strong></span> 
     </span>
    </p>
   </div>
   <div class='ocr_carea' id='block_1_71' title="bbox 1870 1670 3341 1746">
    <p class='ocr_par' dir='ltr' id='par_1_71' title="bbox 1870 1670 3341 1746">
     <span class='ocr_line' id='line_1_71' title="bbox 1870 1670 3341 1746; baseline -0.007 -13"><span class='ocrx_word' id='word_1_565' title='bbox 1870 1679 2035 1736; x_wconf 85' lang='lat' dir='ltr'><strong>Pater</strong></span> <span class='ocrx_word' id='word_1_566' title='bbox 2060 1682 2228 1745; x_wconf 88' lang='lat' dir='ltr'><strong>enim,</strong></span> <span class='ocrx_word' id='word_1_567' title='bbox 2257 1690 2316 1734; x_wconf 91' lang='lat' dir='ltr'><strong>ut</strong></span> <span class='ocrx_word' id='word_1_568' title='bbox 2344 1678 2627 1746; x_wconf 85' lang='lat' dir='ltr'><strong>Scriptura</strong></span> <span class='ocrx_word' id='word_1_569' title='bbox 2664 1673 2925 1744; x_wconf 80' lang='lat' dir='ltr'><strong>loquitur,</strong></span> <span class='ocrx_word' id='word_1_570' title='bbox 2952 1680 3098 1727; x_wconf 87' lang='lat' dir='ltr'><strong>amat</strong></span> <span class='ocrx_word' id='word_1_571' title='bbox 3124 1670 3341 1726; x_wconf 84' lang='lat' dir='ltr'><strong>Filium.</strong></span> 
     </span>
    </p>
   </div>
   <div class='ocr_carea' id='block_1_72' title="bbox 2541 1785 2766 1840">
    <p class='ocr_par' dir='ltr' id='par_1_72' title="bbox 2541 1785 2766 1840">
     <span class='ocr_line' id='line_1_72' title="bbox 2541 1785 2766 1840; baseline -0.013 0"><span class='ocrx_word' id='word_1_572' title='bbox 2541 1785 2766 1840; x_wconf 83' lang='lat' dir='ltr'><strong>ALIUD.</strong></span> 
     </span>
    </p>
   </div>
   <div class='ocr_carea' id='block_1_73' title="bbox 2304 1875 3021 1947">
    <p class='ocr_par' dir='ltr' id='par_1_73' title="bbox 2304 1875 3021 1947">
     <span class='ocr_line' id='line_1_73' title="bbox 2304 1875 3021 1947; baseline -0.006 -14"><span class='ocrx_word' id='word_1_573' title='bbox 2304 1880 2385 1933; x_wconf 79' lang='lat' dir='ltr'><strong>Ea:</strong></span> <span class='ocrx_word' id='word_1_574' title='bbox 2424 1880 2710 1947; x_wconf 66' lang='lat' dir='ltr'><strong>objectione</strong></span> <span class='ocrx_word' id='word_1_575' title='bbox 2751 1875 3021 1930; x_wconf 81' lang='lat' dir='ltr'><strong>Etmomii.</strong></span> 
     </span>
    </p>
   </div>
   <div class='ocr_carea' id='block_1_74' title="bbox 1939 1984 3449 2059">
    <p class='ocr_par' dir='ltr' id='par_1_74' title="bbox 1939 1984 3449 2059">
     <span class='ocr_line' id='line_1_74' title="bbox 1939 1984 3449 2059; baseline -0.007 -9"><span class='ocrx_word' id='word_1_576' title='bbox 1939 1995 1999 2050; x_wconf 90' lang='lat' dir='ltr'><strong>Si</strong></span> <span class='ocrx_word' id='word_1_577' title='bbox 2030 2010 2131 2050; x_wconf 91' lang='lat' dir='ltr'><strong>non</strong></span> <span class='ocrx_word' id='word_1_578' title='bbox 2159 1993 2454 2056; x_wconf 86' lang='lat' dir='ltr'><strong>voluntate,</strong></span> <span class='ocrx_word' id='word_1_579' title='bbox 2487 1992 2679 2059; x_wconf 88' lang='lat' dir='ltr'><strong>inquit,</strong></span> <span class='ocrx_word' id='word_1_580' title='bbox 2708 1988 2902 2044; x_wconf 88' lang='lat' dir='ltr'><strong>Filium</strong></span> <span class='ocrx_word' id='word_1_581' title='bbox 2934 1988 3117 2058; x_wconf 77' lang='lat' dir='ltr'><strong>genuit</strong></span> <span class='ocrx_word' id='word_1_582' title='bbox 3146 1984 3329 2051; x_wconf 80' lang='lat' dir='ltr'><strong>Pater,</strong></span> <span class='ocrx_word' id='word_1_583' title='bbox 3354 1985 3449 2040; x_wconf 90' lang='lat' dir='ltr'><strong>sed</strong></span> 
     </span>
    </p>
   </div>
   <div class='ocr_carea' id='block_1_75' title="bbox 1869 2076 3448 2153">
    <p class='ocr_par' dir='ltr' id='par_1_75' title="bbox 1869 2076 3448 2153">
     <span class='ocr_line' id='line_1_75' title="bbox 1869 2076 3448 2153; baseline -0.008 -12"><span class='ocrx_word' id='word_1_584' title='bbox 1869 2102 1934 2142; x_wconf 77' lang='lat' dir='ltr'><strong>ex</strong></span> <span class='ocrx_word' id='word_1_585' title='bbox 1980 2094 2172 2139; x_wconf 86' lang='lat' dir='ltr'><strong>natura</strong></span> <span class='ocrx_word' id='word_1_586' title='bbox 2219 2083 2393 2153; x_wconf 79' lang='lat' dir='ltr'><strong>ips’um</strong></span> <span class='ocrx_word' id='word_1_587' title='bbox 2438 2081 2623 2146; x_wconf 84' lang='lat' dir='ltr'><strong>habet,</strong></span> <span class='ocrx_word' id='word_1_588' title='bbox 2670 2080 2955 2134; x_wconf 79' lang='lat' dir='ltr'><strong>manifesto</strong></span> <span class='ocrx_word' id='word_1_589' title='bbox 2998 2078 3161 2132; x_wconf 90' lang='lat' dir='ltr'><strong>etiam</strong></span> <span class='ocrx_word' id='word_1_590' title='bbox 3205 2076 3448 2139; x_wconf 81' lang='lat' dir='ltr'><strong>nclitiam</strong></span> 
     </span>
    </p>
   </div>
   <div class='ocr_carea' id='block_1_76' title="bbox 1868 2163 3451 2241">
    <p class='ocr_par' dir='ltr' id='par_1_76' title="bbox 1868 2163 3451 2241">
     <span class='ocr_line' id='line_1_76' title="bbox 1868 2163 3451 2241; baseline -0.008 -11"><span class='ocrx_word' id='word_1_591' title='bbox 1868 2178 1933 2230; x_wconf 87' lang='lat' dir='ltr'><strong>de</strong></span> <span class='ocrx_word' id='word_1_592' title='bbox 1961 2189 2026 2231; x_wconf 88' lang='lat' dir='ltr'><strong>eo</strong></span> <span class='ocrx_word' id='word_1_593' title='bbox 2057 2189 2160 2228; x_wconf 88' lang='lat' dir='ltr'><strong>non</strong></span> <span class='ocrx_word' id='word_1_594' title='bbox 2190 2172 2395 2227; x_wconf 78' lang='lat' dir='ltr'><strong>habens</strong></span> <span class='ocrx_word' id='word_1_595' title='bbox 2427 2172 2572 2241; x_wconf 84' lang='lat' dir='ltr'><strong>ipse,</strong></span> <span class='ocrx_word' id='word_1_596' title='bbox 2603 2186 2721 2225; x_wconf 91' lang='lat' dir='ltr'><strong>eam</strong></span> <span class='ocrx_word' id='word_1_597' title='bbox 2755 2187 2783 2223; x_wconf 88' lang='lat' dir='ltr'><strong>a</strong></span> <span class='ocrx_word' id='word_1_598' title='bbox 2816 2180 3005 2222; x_wconf 89' lang='lat' dir='ltr'><strong>natura</strong></span> <span class='ocrx_word' id='word_1_599' title='bbox 3041 2168 3219 2221; x_wconf 86' lang='lat' dir='ltr'><strong>habet.</strong></span> <span class='ocrx_word' id='word_1_600' title='bbox 3254 2163 3451 2219; x_wconf 81' lang='lat' dir='ltr'><strong>Didicit</strong></span> 
     </span>
    </p>
   </div>
   <div class='ocr_carea' id='block_1_77' title="bbox 1869 2256 3452 2336">
    <p class='ocr_par' dir='ltr' id='par_1_77' title="bbox 1869 2256 3452 2336">
     <span class='ocr_line' id='line_1_77' title="bbox 1869 2256 3452 2336; baseline -0.008 -15"><span class='ocrx_word' id='word_1_601' title='bbox 1869 2267 2055 2336; x_wconf 89' lang='lat' dir='ltr'><strong>itaque</strong></span> <span class='ocrx_word' id='word_1_602' title='bbox 2106 2264 2251 2336; x_wconf 85' lang='lat' dir='ltr'><strong>quod</strong></span> <span class='ocrx_word' id='word_1_603' title='bbox 2283 2263 2453 2319; x_wconf 88' lang='lat' dir='ltr'><strong>Filius</strong></span> <span class='ocrx_word' id='word_1_604' title='bbox 2482 2278 2612 2317; x_wconf 91' lang='lat' dir='ltr'><strong>suus</strong></span> <span class='ocrx_word' id='word_1_605' title='bbox 2641 2261 2852 2316; x_wconf 81' lang='lat' dir='ltr'><strong>futurus</strong></span> <span class='ocrx_word' id='word_1_606' title='bbox 2883 2268 3049 2322; x_wconf 84' lang='lat' dir='ltr'><strong>esset,</strong></span> <span class='ocrx_word' id='word_1_607' title='bbox 3074 2269 3127 2313; x_wconf 88' lang='lat' dir='ltr'><strong>et</strong></span> <span class='ocrx_word' id='word_1_608' title='bbox 3154 2256 3334 2312; x_wconf 90' lang='lat' dir='ltr'><strong>omnia</strong></span> <span class='ocrx_word' id='word_1_609' title='bbox 3364 2271 3452 2309; x_wconf 85' lang='lat' dir='ltr'><strong>se-</strong></span> 
     </span>
    </p>
   </div>
   <div class='ocr_carea' id='block_1_78' title="bbox 1868 2347 3451 2425">
    <p class='ocr_par' dir='ltr' id='par_1_78' title="bbox 1868 2347 3451 2425">
     <span class='ocr_line' id='line_1_78' title="bbox 1868 2347 3451 2425; baseline -0.008 -11"><span class='ocrx_word' id='word_1_610' title='bbox 1868 2373 1990 2414; x_wconf 90' lang='lat' dir='ltr'><strong>cum</strong></span> <span class='ocrx_word' id='word_1_611' title='bbox 2018 2368 2332 2422; x_wconf 88' lang='lat' dir='ltr'><strong>creaturus;</strong></span> <span class='ocrx_word' id='word_1_612' title='bbox 2361 2366 2524 2425; x_wconf 90' lang='lat' dir='ltr'><strong>atque</strong></span> <span class='ocrx_word' id='word_1_613' title='bbox 2551 2355 2625 2409; x_wconf 88' lang='lat' dir='ltr'><strong>ita</strong></span> <span class='ocrx_word' id='word_1_614' title='bbox 2650 2354 2840 2409; x_wconf 85' lang='lat' dir='ltr'><strong>notitia</strong></span> <span class='ocrx_word' id='word_1_615' title='bbox 2868 2352 2991 2407; x_wconf 84' lang='lat' dir='ltr'><strong>Filii</strong></span> <span class='ocrx_word' id='word_1_616' title='bbox 3017 2348 3250 2405; x_wconf 87' lang='lat' dir='ltr'><strong>accessit</strong></span> <span class='ocrx_word' id='word_1_617' title='bbox 3305 2347 3451 2402; x_wconf 85' lang='lat' dir='ltr'><strong>Patri</strong></span> 
     </span>
    </p>
   </div>
   <div class='ocr_carea' id='block_1_79' title="bbox 1870 2443 3454 2507">
    <p class='ocr_par' dir='ltr' id='par_1_79' title="bbox 1870 2443 3454 2507">
     <span class='ocr_line' id='line_1_79' title="bbox 1870 2443 3454 2507; baseline -0.005 -4"><span class='ocrx_word' id='word_1_618' title='bbox 1870 2465 1898 2503; x_wconf 91' lang='lat' dir='ltr'><strong>a</strong></span> <span class='ocrx_word' id='word_1_619' title='bbox 1939 2464 2036 2504; x_wconf 91' lang='lat' dir='ltr'><strong>sua</strong></span> <span class='ocrx_word' id='word_1_620' title='bbox 2077 2460 2268 2504; x_wconf 90' lang='lat' dir='ltr'><strong>natura</strong></span> <span class='ocrx_word' id='word_1_621' title='bbox 2307 2448 2520 2502; x_wconf 84' lang='lat' dir='ltr'><strong>edocto.</strong></span> <span class='ocrx_word' id='word_1_622' title='bbox 2554 2445 2607 2499; x_wconf 90' lang='lat' dir='ltr'><strong>Si</strong></span> <span class='ocrx_word' id='word_1_623' title='bbox 2642 2461 2769 2500; x_wconf 81' lang='lat' dir='ltr'><strong>vero</strong></span> <span class='ocrx_word' id='word_1_624' title='bbox 2805 2444 2855 2498; x_wconf 80' lang='lat' dir='ltr'><strong>id</strong></span> <span class='ocrx_word' id='word_1_625' title='bbox 2890 2443 3187 2498; x_wconf 86' lang='lat' dir='ltr'><strong>absurdum</strong></span> <span class='ocrx_word' id='word_1_626' title='bbox 3225 2449 3328 2507; x_wconf 92' lang='lat' dir='ltr'><strong>est,</strong></span> <span class='ocrx_word' id='word_1_627' title='bbox 3358 2455 3454 2495; x_wconf 88' lang='lat' dir='ltr'><strong>vo-</strong></span> 
     </span>
    </p>
   </div>
   <div class='ocr_carea' id='block_1_80' title="bbox 1870 2536 3452 2609">
    <p class='ocr_par' dir='ltr' id='par_1_80' title="bbox 1870 2536 3452 2609">
     <span class='ocr_line' id='line_1_80' title="bbox 1870 2536 3452 2609; baseline -0.006 -16"><span class='ocrx_word' id='word_1_628' title='bbox 1870 2538 2079 2594; x_wconf 88' lang='lat' dir='ltr'><strong>luntate</strong></span> <span class='ocrx_word' id='word_1_629' title='bbox 2115 2539 2297 2609; x_wconf 78' lang='lat' dir='ltr'><strong>igitur,</strong></span> <span class='ocrx_word' id='word_1_630' title='bbox 2329 2538 2509 2591; x_wconf 89' lang='lat' dir='ltr'><strong>sciens</strong></span> <span class='ocrx_word' id='word_1_631' title='bbox 2539 2539 2680 2604; x_wconf 87' lang='lat' dir='ltr'><strong>quod</strong></span> <span class='ocrx_word' id='word_1_632' title='bbox 2715 2536 2930 2588; x_wconf 79' lang='lat' dir='ltr'><strong>futurus</strong></span> <span class='ocrx_word' id='word_1_633' title='bbox 2959 2541 3134 2595; x_wconf 85' lang='lat' dir='ltr'><strong>esset,</strong></span> <span class='ocrx_word' id='word_1_634' title='bbox 3168 2546 3291 2586; x_wconf 90' lang='lat' dir='ltr'><strong>eum</strong></span> <span class='ocrx_word' id='word_1_635' title='bbox 3323 2543 3452 2600; x_wconf 87' lang='lat' dir='ltr'><strong>pro-</strong></span> 
     </span>
    </p>
   </div>
   <div class='ocr_carea' id='block_1_81' title="bbox 1872 2621 3449 2695">
    <p class='ocr_par' dir='ltr' id='par_1_81' title="bbox 1872 2621 3449 2695">
     <span class='ocr_line' id='line_1_81' title="bbox 1872 2621 3449 2695; baseline -0.003 -14"><span class='ocrx_word' id='word_1_636' title='bbox 1872 2628 2057 2690; x_wconf 80' lang='lat' dir='ltr'><strong>duxit,</strong></span> <span class='ocrx_word' id='word_1_637' title='bbox 2090 2625 2452 2695; x_wconf 69' lang='lat' dir='ltr'><strong>praaceditque</strong></span> <span class='ocrx_word' id='word_1_638' title='bbox 2489 2625 2712 2677; x_wconf 89' lang='lat' dir='ltr'><strong>omnino</strong></span> <span class='ocrx_word' id='word_1_639' title='bbox 2751 2623 3152 2692; x_wconf 76' lang='lat' dir='ltr'><strong>generationem</strong></span> <span class='ocrx_word' id='word_1_640' title='bbox 3183 2621 3449 2678; x_wconf 78' lang='lat' dir='ltr'><strong>voluntas.</strong></span> 
     </span>
    </p>
   </div>
   <div class='ocr_carea' id='block_1_82' title="bbox 2375 2818 2949 2886">
    <p class='ocr_par' dir='ltr' id='par_1_82' title="bbox 2375 2818 2949 2886">
     <span class='ocr_line' id='line_1_82' title="bbox 2375 2818 2949 2886; baseline -0.002 -13"><span class='ocrx_word' id='word_1_641' title='bbox 2375 2818 2584 2873; x_wconf 81' lang='lat' dir='ltr'><strong>Salutio</strong></span> <span class='ocrx_word' id='word_1_642' title='bbox 2621 2818 2949 2886; x_wconf 71' lang='lat' dir='ltr'><strong>objectiom‘s.</strong></span> 
     </span>
    </p>
   </div>
   <div class='ocr_carea' id='block_1_83' title="bbox 1943 2907 3453 2976">
    <p class='ocr_par' dir='ltr' id='par_1_83' title="bbox 1943 2907 3453 2976">
     <span class='ocr_line' id='line_1_83' title="bbox 1943 2907 3453 2976; baseline -0.005 -9"><span class='ocrx_word' id='word_1_643' title='bbox 1943 2912 2171 2967; x_wconf 88' lang='lat' dir='ltr'><strong>Perinde</strong></span> <span class='ocrx_word' id='word_1_644' title='bbox 2219 2926 2283 2965; x_wconf 86' lang='lat' dir='ltr'><strong>ac</strong></span> <span class='ocrx_word' id='word_1_645' title='bbox 2333 2912 2377 2964; x_wconf 87' lang='lat' dir='ltr'><strong>si</strong></span> <span class='ocrx_word' id='word_1_646' title='bbox 2427 2910 2862 2971; x_wconf 81' lang='lat' dir='ltr'><strong>consideremus,</strong></span> <span class='ocrx_word' id='word_1_647' title='bbox 2915 2913 3150 2976; x_wconf 87' lang='lat' dir='ltr'><strong>primum</strong></span> <span class='ocrx_word' id='word_1_648' title='bbox 3200 2907 3453 2963; x_wconf 86' lang='lat' dir='ltr'><strong>edoctum</strong></span> 
     </span>
    </p>
   </div>
   <div class='ocr_carea' id='block_1_84' title="bbox 1873 3000 3539 3071">
    <p class='ocr_par' dir='ltr' id='par_1_84' title="bbox 1873 3000 3539 3071">
     <span class='ocr_line' id='line_1_84' title="bbox 1873 3000 3539 3071; baseline -0.001 -14"><span class='ocrx_word' id='word_1_649' title='bbox 1873 3003 2040 3058; x_wconf 80' lang='lat' dir='ltr'><strong>fuisse</strong></span> <span class='ocrx_word' id='word_1_650' title='bbox 2078 3002 2296 3057; x_wconf 86' lang='lat' dir='ltr'><strong>Patrem</strong></span> <span class='ocrx_word' id='word_1_651' title='bbox 2337 3002 2458 3071; x_wconf 79' lang='lat' dir='ltr'><strong>quis</strong></span> <span class='ocrx_word' id='word_1_652' title='bbox 2499 3010 2643 3056; x_wconf 88' lang='lat' dir='ltr'><strong>esset</strong></span> <span class='ocrx_word' id='word_1_653' title='bbox 2685 3001 2896 3054; x_wconf 83' lang='lat' dir='ltr'><strong>futurus</strong></span> <span class='ocrx_word' id='word_1_654' title='bbox 2941 3000 3133 3063; x_wconf 78' lang='lat' dir='ltr'><strong>Filius,</strong></span> <span class='ocrx_word' id='word_1_655' title='bbox 3174 3008 3340 3069; x_wconf 87' lang='lat' dir='ltr'><strong>atque</strong></span> <span class='ocrx_word' id='word_1_656' title='bbox 3382 3000 3456 3055; x_wconf 84' lang='lat' dir='ltr'><strong>ita</strong></span> <span class='ocrx_word' id='word_1_657' title='bbox 3534 3052 3539 3061; x_wconf 84' lang='grc'><em>,</em></span> 
     </span>
    </p>
   </div>
   <div class='ocr_carea' id='block_1_85' title="bbox 1872 3090 3457 3163">
    <p class='ocr_par' dir='ltr' id='par_1_85' title="bbox 1872 3090 3457 3163">
     <span class='ocr_line' id='line_1_85' title="bbox 1872 3090 3457 3163; baseline -0.003 -15"><span class='ocrx_word' id='word_1_658' title='bbox 1872 3093 2126 3163; x_wconf 82' lang='lat' dir='ltr'><strong>deinceps</strong></span> <span class='ocrx_word' id='word_1_659' title='bbox 2166 3108 2288 3146; x_wconf 87' lang='lat' dir='ltr'><strong>eum</strong></span> <span class='ocrx_word' id='word_1_660' title='bbox 2333 3092 2603 3161; x_wconf 82' lang='lat' dir='ltr'><strong>genuisse,</strong></span> <span class='ocrx_word' id='word_1_661' title='bbox 2641 3090 2712 3144; x_wconf 90' lang='lat' dir='ltr'><strong>ita</strong></span> <span class='ocrx_word' id='word_1_662' title='bbox 2756 3100 3005 3144; x_wconf 86' lang='lat' dir='ltr'><strong>versutus</strong></span> <span class='ocrx_word' id='word_1_663' title='bbox 3046 3090 3132 3144; x_wconf 86' lang='lat' dir='ltr'><strong>hic</strong></span> <span class='ocrx_word' id='word_1_664' title='bbox 3170 3103 3457 3160; x_wconf 75' lang='lat' dir='ltr'><strong>argumen-</strong></span> 
     </span>
    </p>
   </div>
   <div class='ocr_carea' id='block_1_86' title="bbox 2024 3180 3459 3251">
    <p class='ocr_par' dir='ltr' id='par_1_86' title="bbox 2024 3180 3459 3251">
     <span class='ocr_line' id='line_1_86' title="bbox 2024 3180 3459 3251; baseline -0.004 -12"><span class='ocrx_word' id='word_1_665' title='bbox 2024 3198 2183 3239; x_wconf 89' lang='lat' dir='ltr'><strong>suum</strong></span> <span class='ocrx_word' id='word_1_666' title='bbox 2217 3184 2431 3245; x_wconf 82' lang='lat' dir='ltr'><strong>nstruit,</strong></span> <span class='ocrx_word' id='word_1_667' title='bbox 2465 3183 2702 3251; x_wconf 76' lang='lat' dir='ltr'><strong>ignarus,</strong></span> <span class='ocrx_word' id='word_1_668' title='bbox 2737 3197 2857 3235; x_wconf 90' lang='lat' dir='ltr'><strong>cum</strong></span> <span class='ocrx_word' id='word_1_669' title='bbox 2899 3182 3031 3234; x_wconf 90' lang='lat' dir='ltr'><strong>nihil</strong></span> <span class='ocrx_word' id='word_1_670' title='bbox 3068 3181 3139 3235; x_wconf 86' lang='lat' dir='ltr'><strong>sit</strong></span> <span class='ocrx_word' id='word_1_671' title='bbox 3175 3180 3337 3250; x_wconf 86' lang='lat' dir='ltr'><strong>spatii</strong></span> <span class='ocrx_word' id='word_1_672' title='bbox 3359 3180 3459 3251; x_wconf 75' lang='lat' dir='ltr'><strong>jn-</strong></span> 
     </span>
    </p>
   </div>
   <div class='ocr_carea' id='block_1_87' title="bbox 1874 3269 3456 3340">
    <p class='ocr_par' dir='ltr' id='par_1_87' title="bbox 1874 3269 3456 3340">
     <span class='ocr_line' id='line_1_87' title="bbox 1874 3269 3456 3340; baseline -0.003 -13"><span class='ocrx_word' id='word_1_673' title='bbox 1874 3283 1955 3329; x_wconf 86' lang='lat' dir='ltr'><strong>ter</strong></span> <span class='ocrx_word' id='word_1_674' title='bbox 1982 3288 2100 3328; x_wconf 86' lang='lat' dir='ltr'><strong>esse</strong></span> <span class='ocrx_word' id='word_1_675' title='bbox 2135 3271 2311 3325; x_wconf 83' lang='lat' dir='ltr'><strong>Patris</strong></span> <span class='ocrx_word' id='word_1_676' title='bbox 2348 3281 2399 3325; x_wconf 87' lang='lat' dir='ltr'><strong>et</strong></span> <span class='ocrx_word' id='word_1_677' title='bbox 2437 3271 2841 3340; x_wconf 76' lang='lat' dir='ltr'><strong>generationem</strong></span> <span class='ocrx_word' id='word_1_678' title='bbox 2880 3269 3035 3335; x_wconf 83' lang='lat' dir='ltr'><strong>Filii,</strong></span> <span class='ocrx_word' id='word_1_679' title='bbox 3069 3272 3456 3338; x_wconf 67' lang='lat' dir='ltr'><strong>praenotionem</strong></span> 
     </span>
    </p>
   </div>
   <div class='ocr_carea' id='block_1_88' title="bbox 1870 3359 3457 3429">
    <p class='ocr_par' dir='ltr' id='par_1_88' title="bbox 1870 3359 3457 3429">
     <span class='ocr_line' id='line_1_88' title="bbox 1870 3359 3457 3429; baseline -0.005 -8"><span class='ocrx_word' id='word_1_680' title='bbox 1870 3366 1937 3421; x_wconf 90' lang='lat' dir='ltr'><strong>de</strong></span> <span class='ocrx_word' id='word_1_681' title='bbox 1967 3380 2032 3421; x_wconf 83' lang='lat' dir='ltr'><strong>eo</strong></span> <span class='ocrx_word' id='word_1_682' title='bbox 2062 3363 2266 3419; x_wconf 89' lang='lat' dir='ltr'><strong>nullum</strong></span> <span class='ocrx_word' id='word_1_683' title='bbox 2298 3363 2499 3417; x_wconf 88' lang='lat' dir='ltr'><strong>habere</strong></span> <span class='ocrx_word' id='word_1_684' title='bbox 2532 3362 2731 3417; x_wconf 90' lang='lat' dir='ltr'><strong>locum.</strong></span> <span class='ocrx_word' id='word_1_685' title='bbox 2762 3359 2896 3414; x_wconf 83' lang='lat' dir='ltr'><strong>Nam</strong></span> <span class='ocrx_word' id='word_1_686' title='bbox 2928 3359 2973 3414; x_wconf 83' lang='lat' dir='ltr'><strong>si</strong></span> <span class='ocrx_word' id='word_1_687' title='bbox 3007 3361 3156 3429; x_wconf 90' lang='lat' dir='ltr'><strong>prius</strong></span> <span class='ocrx_word' id='word_1_688' title='bbox 3186 3360 3457 3416; x_wconf 83' lang='lat' dir='ltr'><strong>delibera-</strong></span> 
     </span>
    </p>
   </div>
   <div class='ocr_carea' id='block_1_89' title="bbox 1870 3452 3453 3526">
    <p class='ocr_par' dir='ltr' id='par_1_89' title="bbox 1870 3452 3453 3526">
     <span class='ocr_line' id='line_1_89' title="bbox 1870 3452 3453 3526; baseline -0.001 -17"><span class='ocrx_word' id='word_1_689' title='bbox 1870 3458 1976 3520; x_wconf 91' lang='lat' dir='ltr'><strong>vit,</strong></span> <span class='ocrx_word' id='word_1_690' title='bbox 2008 3464 2065 3510; x_wconf 90' lang='lat' dir='ltr'><strong>et</strong></span> <span class='ocrx_word' id='word_1_691' title='bbox 2098 3455 2249 3526; x_wconf 86' lang='lat' dir='ltr'><strong>prius</strong></span> <span class='ocrx_word' id='word_1_692' title='bbox 2286 3454 2568 3525; x_wconf 80' lang='lat' dir='ltr'><strong>cognovit,</strong></span> <span class='ocrx_word' id='word_1_693' title='bbox 2600 3465 2763 3523; x_wconf 87' lang='lat' dir='ltr'><strong>atque</strong></span> <span class='ocrx_word' id='word_1_694' title='bbox 2798 3453 2912 3506; x_wconf 68' lang='lat' dir='ltr'><strong>haec</strong></span> <span class='ocrx_word' id='word_1_695' title='bbox 2951 3452 3001 3506; x_wconf 92' lang='lat' dir='ltr'><strong>in</strong></span> <span class='ocrx_word' id='word_1_696' title='bbox 3040 3461 3280 3521; x_wconf 87' lang='lat' dir='ltr'><strong>tempore</strong></span> <span class='ocrx_word' id='word_1_697' title='bbox 3312 3453 3453 3507; x_wconf 79' lang='lat' dir='ltr'><strong>iacta</strong></span> 
     </span>
    </p>
   </div>
   <div class='ocr_carea' id='block_1_90' title="bbox 1871 3543 3452 3616">
    <p class='ocr_par' dir='ltr' id='par_1_90' title="bbox 1871 3543 3452 3616">
     <span class='ocr_line' id='line_1_90' title="bbox 1871 3543 3452 3616; baseline -0.003 -15"><span class='ocrx_word' id='word_1_698' title='bbox 1871 3547 2070 3603; x_wconf 81' lang='lat' dir='ltr'><strong>fuerint</strong></span> <span class='ocrx_word' id='word_1_699' title='bbox 2107 3561 2330 3602; x_wconf 90' lang='lat' dir='ltr'><strong>necesse</strong></span> <span class='ocrx_word' id='word_1_700' title='bbox 2364 3546 2469 3611; x_wconf 86' lang='lat' dir='ltr'><strong>sit,</strong></span> <span class='ocrx_word' id='word_1_701' title='bbox 2512 3544 2740 3613; x_wconf 90' lang='lat' dir='ltr'><strong>tempori</strong></span> <span class='ocrx_word' id='word_1_702' title='bbox 2776 3558 2906 3616; x_wconf 76' lang='lat' dir='ltr'><strong>ergo</strong></span> <span class='ocrx_word' id='word_1_703' title='bbox 2939 3543 3207 3598; x_wconf 82' lang='lat' dir='ltr'><strong>obnoxius</strong></span> <span class='ocrx_word' id='word_1_704' title='bbox 3242 3552 3325 3598; x_wconf 83' lang='lat' dir='ltr'><strong>est</strong></span> <span class='ocrx_word' id='word_1_705' title='bbox 3360 3543 3452 3598; x_wconf 88' lang='lat' dir='ltr'><strong>Fi-</strong></span> 
     </span>
    </p>
   </div>
   <div class='ocr_carea' id='block_1_91' title="bbox 1870 3635 3455 3708">
    <p class='ocr_par' dir='ltr' id='par_1_91' title="bbox 1870 3635 3455 3708">
     <span class='ocr_line' id='line_1_91' title="bbox 1870 3635 3455 3708; baseline -0.003 -14"><span class='ocrx_word' id='word_1_706' title='bbox 1870 3641 1992 3697; x_wconf 85' lang='lat' dir='ltr'><strong>lius.</strong></span> <span class='ocrx_word' id='word_1_707' title='bbox 2031 3642 2100 3695; x_wconf 83' lang='lat' dir='ltr'><strong>At</strong></span> <span class='ocrx_word' id='word_1_708' title='bbox 2132 3655 2256 3695; x_wconf 90' lang='lat' dir='ltr'><strong>cum</strong></span> <span class='ocrx_word' id='word_1_709' title='bbox 2294 3642 2408 3708; x_wconf 87' lang='lat' dir='ltr'><strong>ipse</strong></span> <span class='ocrx_word' id='word_1_710' title='bbox 2448 3639 2519 3693; x_wconf 89' lang='lat' dir='ltr'><strong>sit</strong></span> <span class='ocrx_word' id='word_1_711' title='bbox 2561 3648 2865 3708; x_wconf 88' lang='lat' dir='ltr'><strong>temporum</strong></span> <span class='ocrx_word' id='word_1_712' title='bbox 2906 3636 3173 3699; x_wconf 86' lang='lat' dir='ltr'><strong>conditor,</strong></span> <span class='ocrx_word' id='word_1_713' title='bbox 3210 3635 3338 3705; x_wconf 90' lang='lat' dir='ltr'><strong>quid</strong></span> <span class='ocrx_word' id='word_1_714' title='bbox 3378 3643 3455 3689; x_wconf 91' lang='lat' dir='ltr'><strong>te-</strong></span> 
     </span>
    </p>
   </div>
   <div class='ocr_carea' id='block_1_92' title="bbox 1872 3725 3452 3789">
    <p class='ocr_par' dir='ltr' id='par_1_92' title="bbox 1872 3725 3452 3789">
     <span class='ocr_line' id='line_1_92' title="bbox 1872 3725 3452 3789; baseline -0.005 -5"><span class='ocrx_word' id='word_1_715' title='bbox 1872 3745 2019 3786; x_wconf 88' lang='lat' dir='ltr'><strong>mere</strong></span> <span class='ocrx_word' id='word_1_716' title='bbox 2040 3732 2298 3785; x_wconf 83' lang='lat' dir='ltr'><strong>adversus</strong></span> <span class='ocrx_word' id='word_1_717' title='bbox 2323 3730 2560 3784; x_wconf 89' lang='lat' dir='ltr'><strong>divinam</strong></span> <span class='ocrx_word' id='word_1_718' title='bbox 2586 3737 2834 3782; x_wconf 87' lang='lat' dir='ltr'><strong>naturam</strong></span> <span class='ocrx_word' id='word_1_719' title='bbox 2858 3725 3183 3789; x_wconf 84' lang='lat' dir='ltr'><strong>deblaterat,</strong></span> <span class='ocrx_word' id='word_1_720' title='bbox 3209 3726 3452 3779; x_wconf 83' lang='lat' dir='ltr'><strong>eductam</strong></span> 
     </span>
    </p>
   </div>
   <div class='ocr_carea' id='block_1_93' title="bbox 1871 3816 3451 3891">
    <p class='ocr_par' dir='ltr' id='par_1_93' title="bbox 1871 3816 3451 3891">
     <span class='ocr_line' id='line_1_93' title="bbox 1871 3816 3451 3891; baseline -0.005 -15"><span class='ocrx_word' id='word_1_721' title='bbox 1871 3822 2017 3877; x_wconf 77' lang='lat' dir='ltr'><strong>iliam</strong></span> <span class='ocrx_word' id='word_1_722' title='bbox 2059 3836 2181 3877; x_wconf 90' lang='lat' dir='ltr'><strong>esse</strong></span> <span class='ocrx_word' id='word_1_723' title='bbox 2222 3821 2330 3891; x_wconf 84' lang='lat'><strong>59</strong></span> <span class='ocrx_word' id='word_1_724' title='bbox 2370 3837 2399 3874; x_wconf 92' lang='lat' dir='ltr'><strong>a</strong></span> <span class='ocrx_word' id='word_1_725' title='bbox 2443 3831 2632 3874; x_wconf 81' lang='lat' dir='ltr'><strong>natura</strong></span> <span class='ocrx_word' id='word_1_726' title='bbox 2676 3821 2741 3874; x_wconf 90' lang='lat' dir='ltr'><strong>de</strong></span> <span class='ocrx_word' id='word_1_727' title='bbox 2784 3820 2945 3873; x_wconf 90' lang='lat' dir='ltr'><strong>rebus</strong></span> <span class='ocrx_word' id='word_1_728' title='bbox 2989 3816 3184 3871; x_wconf 81' lang='lat' dir='ltr'><strong>futuris</strong></span> <span class='ocrx_word' id='word_1_729' title='bbox 3223 3816 3451 3886; x_wconf 76' lang='lat' dir='ltr'><strong>fingens,</strong></span> 
     </span>
    </p>
   </div>
   <div class='ocr_carea' id='block_1_94' title="bbox 1873 3908 3456 3983">
    <p class='ocr_par' dir='ltr' id='par_1_94' title="bbox 1873 3908 3456 3983">
     <span class='ocr_line' id='line_1_94' title="bbox 1873 3908 3456 3983; baseline -0.004 -17"><span class='ocrx_word' id='word_1_730' title='bbox 1873 3928 2046 3983; x_wconf 91' lang='lat' dir='ltr'><strong>neque</strong></span> <span class='ocrx_word' id='word_1_731' title='bbox 2076 3913 2369 3982; x_wconf 84' lang='lat' dir='ltr'><strong>quidquam</strong></span> <span class='ocrx_word' id='word_1_732' title='bbox 2401 3911 2632 3980; x_wconf 84' lang='lat' dir='ltr'><strong>amplius</strong></span> <span class='ocrx_word' id='word_1_733' title='bbox 2665 3911 2982 3980; x_wconf 67' lang='lat' dir='ltr'><strong>praepotenti</strong></span> <span class='ocrx_word' id='word_1_734' title='bbox 3018 3908 3131 3962; x_wconf 80' lang='lat' dir='ltr'><strong>Deo</strong></span> <span class='ocrx_word' id='word_1_735' title='bbox 3164 3923 3325 3977; x_wconf 89' lang='lat' dir='ltr'><strong>quam</strong></span> <span class='ocrx_word' id='word_1_736' title='bbox 3360 3910 3456 3961; x_wconf 79' lang='lat' dir='ltr'><strong>ho-</strong></span> 
     </span>
    </p>
   </div>
   <div class='ocr_carea' id='block_1_95' title="bbox 1872 3998 3456 4072">
    <p class='ocr_par' dir='ltr' id='par_1_95' title="bbox 1872 3998 3456 4072">
     <span class='ocr_line' id='line_1_95' title="bbox 1872 3998 3456 4072; baseline -0.004 -13"><span class='ocrx_word' id='word_1_737' title='bbox 1872 4005 2003 4059; x_wconf 81' lang='lat' dir='ltr'><strong>mini</strong></span> <span class='ocrx_word' id='word_1_738' title='bbox 2033 4004 2309 4059; x_wconf 86' lang='lat' dir='ltr'><strong>tribuens?</strong></span> <span class='ocrx_word' id='word_1_739' title='bbox 2333 4004 2464 4057; x_wconf 85' lang='lat' dir='ltr'><strong>Cum</strong></span> <span class='ocrx_word' id='word_1_740' title='bbox 2498 4005 2677 4072; x_wconf 87' lang='lat' dir='ltr'><strong>itaque</strong></span> <span class='ocrx_word' id='word_1_741' title='bbox 2706 4000 2986 4071; x_wconf 77' lang='lat' dir='ltr'><strong>generatio</strong></span> <span class='ocrx_word' id='word_1_742' title='bbox 3016 3998 3135 4053; x_wconf 81' lang='lat' dir='ltr'><strong>Filii</strong></span> <span class='ocrx_word' id='word_1_743' title='bbox 3168 3998 3363 4053; x_wconf 65' lang='lat' dir='ltr'><strong>sa&#39;cula</strong></span> <span class='ocrx_word' id='word_1_744' title='bbox 3392 4011 3456 4052; x_wconf 83' lang='lat' dir='ltr'><strong>ac</strong></span> 
     </span>
    </p>
   </div>
   <div class='ocr_carea' id='block_1_96' title="bbox 1874 4090 3455 4164">
    <p class='ocr_par' dir='ltr' id='par_1_96' title="bbox 1874 4090 3455 4164">
     <span class='ocr_line' id='line_1_96' title="bbox 1874 4090 3455 4164; baseline -0.004 -16"><span class='ocrx_word' id='word_1_745' title='bbox 1874 4103 2115 4164; x_wconf 85' lang='lat' dir='ltr'><strong>tempora</strong></span> <span class='ocrx_word' id='word_1_746' title='bbox 2148 4097 2394 4158; x_wconf 84' lang='lat' dir='ltr'><strong>excedat,</strong></span> <span class='ocrx_word' id='word_1_747' title='bbox 2427 4094 2722 4148; x_wconf 86' lang='lat' dir='ltr'><strong>absurdum</strong></span> <span class='ocrx_word' id='word_1_748' title='bbox 2753 4106 2817 4147; x_wconf 82' lang='lat' dir='ltr'><strong>ac</strong></span> <span class='ocrx_word' id='word_1_749' title='bbox 2847 4091 3224 4161; x_wconf 87' lang='lat' dir='ltr'><strong>blasphcmum</strong></span> <span class='ocrx_word' id='word_1_750' title='bbox 3255 4098 3338 4143; x_wconf 84' lang='lat' dir='ltr'><strong>est</strong></span> <span class='ocrx_word' id='word_1_751' title='bbox 3370 4090 3455 4143; x_wconf 93' lang='lat' dir='ltr'><strong>di-</strong></span> 
     </span>
    </p>
   </div>
   <div class='ocr_carea' id='block_1_97' title="bbox 1872 4182 3456 4254">
    <p class='ocr_par' dir='ltr' id='par_1_97' title="bbox 1872 4182 3456 4254">
     <span class='ocr_line' id='line_1_97' title="bbox 1872 4182 3456 4254; baseline -0.003 -15"><span class='ocrx_word' id='word_1_752' title='bbox 1872 4200 1998 4241; x_wconf 90' lang='lat' dir='ltr'><strong>cere</strong></span> <span class='ocrx_word' id='word_1_753' title='bbox 2032 4185 2388 4250; x_wconf 88' lang='lat' dir='ltr'><strong>deliberasse,</strong></span> <span class='ocrx_word' id='word_1_754' title='bbox 2424 4194 2478 4241; x_wconf 89' lang='lat' dir='ltr'><strong>et</strong></span> <span class='ocrx_word' id='word_1_755' title='bbox 2518 4186 2666 4254; x_wconf 87' lang='lat' dir='ltr'><strong>prius</strong></span> <span class='ocrx_word' id='word_1_756' title='bbox 2706 4185 2959 4240; x_wconf 91' lang='lat' dir='ltr'><strong>edoctum</strong></span> <span class='ocrx_word' id='word_1_757' title='bbox 3002 4184 3167 4238; x_wconf 82' lang='lat' dir='ltr'><strong>fuisse</strong></span> <span class='ocrx_word' id='word_1_758' title='bbox 3207 4184 3272 4236; x_wconf 90' lang='lat' dir='ltr'><strong>de</strong></span> <span class='ocrx_word' id='word_1_759' title='bbox 3313 4182 3456 4236; x_wconf 89' lang='lat' dir='ltr'><strong>illius</strong></span> 
     </span>
    </p>
   </div>
   <div class='ocr_carea' id='block_1_98' title="bbox 1874 4275 3456 4347">
    <p class='ocr_par' dir='ltr' id='par_1_98' title="bbox 1874 4275 3456 4347">
     <span class='ocr_line' id='line_1_98' title="bbox 1874 4275 3456 4347; baseline -0.003 -17"><span class='ocrx_word' id='word_1_760' title='bbox 1874 4280 2222 4347; x_wconf 73' lang='lat' dir='ltr'><strong>generatione</strong></span> <span class='ocrx_word' id='word_1_761' title='bbox 2263 4277 2498 4332; x_wconf 85' lang='lat' dir='ltr'><strong>Patrem.</strong></span> <span class='ocrx_word' id='word_1_762' title='bbox 2538 4276 2815 4332; x_wconf 75' lang='lat' dir='ltr'><strong>Perfectus</strong></span> <span class='ocrx_word' id='word_1_763' title='bbox 2855 4278 2999 4331; x_wconf 89' lang='lat' dir='ltr'><strong>enim</strong></span> <span class='ocrx_word' id='word_1_764' title='bbox 3045 4285 3131 4330; x_wconf 88' lang='lat' dir='ltr'><strong>est</strong></span> <span class='ocrx_word' id='word_1_765' title='bbox 3172 4275 3226 4330; x_wconf 92' lang='lat' dir='ltr'><strong>in</strong></span> <span class='ocrx_word' id='word_1_766' title='bbox 3273 4275 3456 4344; x_wconf 82' lang='lat' dir='ltr'><strong>cogni-</strong></span> 
     </span>
    </p>
   </div>
   <div class='ocr_carea' id='block_1_99' title="bbox 1875 4366 3457 4439">
    <p class='ocr_par' dir='ltr' id='par_1_99' title="bbox 1875 4366 3457 4439">
     <span class='ocr_line' id='line_1_99' title="bbox 1875 4366 3457 4439; baseline -0.001 -15"><span class='ocrx_word' id='word_1_767' title='bbox 1875 4370 2021 4424; x_wconf 88' lang='lat' dir='ltr'><strong>tione</strong></span> <span class='ocrx_word' id='word_1_768' title='bbox 2046 4371 2285 4425; x_wconf 90' lang='lat' dir='ltr'><strong>omnium</strong></span> <span class='ocrx_word' id='word_1_769' title='bbox 2319 4385 2497 4423; x_wconf 88' lang='lat' dir='ltr'><strong>rerum</strong></span> <span class='ocrx_word' id='word_1_770' title='bbox 2532 4368 2712 4433; x_wconf 87' lang='lat' dir='ltr'><strong>Pater,</strong></span> <span class='ocrx_word' id='word_1_771' title='bbox 2743 4368 3055 4439; x_wconf 87' lang='lat' dir='ltr'><strong>nulluntque</strong></span> <span class='ocrx_word' id='word_1_772' title='bbox 3086 4368 3263 4423; x_wconf 82' lang='lat' dir='ltr'><strong>locum</strong></span> <span class='ocrx_word' id='word_1_773' title='bbox 3294 4366 3457 4423; x_wconf 65' lang='lat' dir='ltr'><strong>habet</strong></span> 
     </span>
    </p>
   </div>
   <div class='ocr_carea' id='block_1_100' title="bbox 1875 4461 2805 4531">
    <p class='ocr_par' dir='ltr' id='par_1_100' title="bbox 1875 4461 2805 4531">
     <span class='ocr_line' id='line_1_100' title="bbox 1875 4461 2805 4531; baseline -0.001 -14"><span class='ocrx_word' id='word_1_774' title='bbox 1875 4461 2217 4529; x_wconf 88' lang='lat' dir='ltr'><strong>deliberatio,</strong></span> <span class='ocrx_word' id='word_1_775' title='bbox 2246 4461 2440 4515; x_wconf 88' lang='lat' dir='ltr'><strong>Filium</strong></span> <span class='ocrx_word' id='word_1_776' title='bbox 2476 4462 2805 4531; x_wconf 72' lang='lat' dir='ltr'><strong>prmccdens.</strong></span> 
     </span>
    </p>
   </div>
   <div class='ocr_carea' id='block_1_101' title="bbox 2556 4571 2791 4629">
    <p class='ocr_par' dir='ltr' id='par_1_101' title="bbox 2556 4571 2791 4629">
     <span class='ocr_line' id='line_1_101' title="bbox 2556 4571 2791 4629; baseline 0 -3"><span class='ocrx_word' id='word_1_777' title='bbox 2556 4571 2791 4629; x_wconf 81' lang='lat' dir='ltr'><strong>ALIUD.</strong></span> 
     </span>
    </p>
   </div>
   <div class='ocr_carea' id='block_1_102' title="bbox 1948 4684 3457 4755">
    <p class='ocr_par' dir='ltr' id='par_1_102' title="bbox 1948 4684 3457 4755">
     <span class='ocr_line' id='line_1_102' title="bbox 1948 4684 3457 4755; baseline -0.002 -14"><span class='ocrx_word' id='word_1_778' title='bbox 1948 4685 2004 4741; x_wconf 91' lang='lat' dir='ltr'><strong>Si</strong></span> <span class='ocrx_word' id='word_1_779' title='bbox 2057 4685 2215 4740; x_wconf 88' lang='lat' dir='ltr'><strong>Pater</strong></span> <span class='ocrx_word' id='word_1_780' title='bbox 2264 4686 2496 4755; x_wconf 52' lang='lat' dir='ltr'><strong>semper;</strong></span> <span class='ocrx_word' id='word_1_781' title='bbox 2526 4686 2675 4739; x_wconf 82' lang='lat' dir='ltr'><strong>novit</strong></span> <span class='ocrx_word' id='word_1_782' title='bbox 2721 4700 2779 4739; x_wconf 85' lang='lat' dir='ltr'><strong>se</strong></span> <span class='ocrx_word' id='word_1_783' title='bbox 2832 4699 2952 4739; x_wconf 88' lang='lat' dir='ltr'><strong>esse</strong></span> <span class='ocrx_word' id='word_1_784' title='bbox 2998 4684 3232 4747; x_wconf 88' lang='lat' dir='ltr'><strong>Patrem,</strong></span> <span class='ocrx_word' id='word_1_785' title='bbox 3295 4684 3457 4738; x_wconf 89' lang='lat' dir='ltr'><strong>habet</strong></span> 
     </span>
    </p>
   </div>
   <div class='ocr_carea' id='block_1_103' title="bbox 1876 4774 3456 4844">
    <p class='ocr_par' dir='ltr' id='par_1_103' title="bbox 1876 4774 3456 4844">
     <span class='ocr_line' id='line_1_103' title="bbox 1876 4774 3456 4844; baseline -0.003 -10"><span class='ocrx_word' id='word_1_786' title='bbox 1876 4778 2095 4834; x_wconf 91' lang='lat' dir='ltr'><strong>omnino</strong></span> <span class='ocrx_word' id='word_1_787' title='bbox 2142 4778 2303 4832; x_wconf 88' lang='lat' dir='ltr'><strong>etiam</strong></span> <span class='ocrx_word' id='word_1_788' title='bbox 2337 4776 2475 4832; x_wconf 88' lang='lat' dir='ltr'><strong>inse</strong></span> <span class='ocrx_word' id='word_1_789' title='bbox 2505 4776 2749 4832; x_wconf 87' lang='lat' dir='ltr'><strong>notitiam</strong></span> <span class='ocrx_word' id='word_1_790' title='bbox 2794 4775 2937 4831; x_wconf 86' lang='lat' dir='ltr'><strong>Filii.</strong></span> <span class='ocrx_word' id='word_1_791' title='bbox 2982 4777 3055 4829; x_wconf 84' lang='lat' dir='ltr'><strong>Eo</strong></span> <span class='ocrx_word' id='word_1_792' title='bbox 3108 4776 3249 4830; x_wconf 90' lang='lat' dir='ltr'><strong>enim</strong></span> <span class='ocrx_word' id='word_1_793' title='bbox 3312 4774 3456 4844; x_wconf 83' lang='lat' dir='ltr'><strong>quod</strong></span> 
     </span>
    </p>
   </div>
   <div class='ocr_carea' id='block_1_104' title="bbox 1877 4867 3455 4942">
    <p class='ocr_par' dir='ltr' id='par_1_104' title="bbox 1877 4867 3455 4942">
     <span class='ocr_line' id='line_1_104' title="bbox 1877 4867 3455 4942; baseline -0.004 -16"><span class='ocrx_word' id='word_1_794' title='bbox 1877 4874 2110 4942; x_wconf 82' lang='lat' dir='ltr'><strong>seipsum</strong></span> <span class='ocrx_word' id='word_1_795' title='bbox 2162 4870 2352 4933; x_wconf 90' lang='lat' dir='ltr'><strong>novit,</strong></span> <span class='ocrx_word' id='word_1_796' title='bbox 2398 4869 2546 4924; x_wconf 90' lang='lat' dir='ltr'><strong>novit</strong></span> <span class='ocrx_word' id='word_1_797' title='bbox 2598 4878 2652 4924; x_wconf 88' lang='lat' dir='ltr'><strong>et</strong></span> <span class='ocrx_word' id='word_1_798' title='bbox 2680 4868 2914 4923; x_wconf 87' lang='lat' dir='ltr'><strong>Filium:</strong></span> <span class='ocrx_word' id='word_1_799' title='bbox 2976 4868 3134 4923; x_wconf 80' lang='lat' dir='ltr'><strong>Pater</strong></span> <span class='ocrx_word' id='word_1_800' title='bbox 3159 4867 3300 4922; x_wconf 91' lang='lat' dir='ltr'><strong>enim</strong></span> <span class='ocrx_word' id='word_1_801' title='bbox 3365 4881 3455 4920; x_wconf 86' lang='lat' dir='ltr'><strong>ra-</strong></span> 
     </span>
    </p>
   </div>
   <div class='ocr_carea' id='block_1_105' title="bbox 1878 4956 3456 5017">
    <p class='ocr_par' dir='ltr' id='par_1_105' title="bbox 1878 4956 3456 5017">
     <span class='ocr_line' id='line_1_105' title="bbox 1878 4956 3456 5017; baseline -0.003 -1"><span class='ocrx_word' id='word_1_802' title='bbox 1878 4964 2023 5017; x_wconf 87' lang='lat' dir='ltr'><strong>tione</strong></span> <span class='ocrx_word' id='word_1_803' title='bbox 2062 4959 2185 5015; x_wconf 88' lang='lat' dir='ltr'><strong>Filii</strong></span> <span class='ocrx_word' id='word_1_804' title='bbox 2214 4970 2298 5016; x_wconf 87' lang='lat' dir='ltr'><strong>est</strong></span> <span class='ocrx_word' id='word_1_805' title='bbox 2334 4970 2388 5015; x_wconf 92' lang='lat' dir='ltr'><strong>et</strong></span> <span class='ocrx_word' id='word_1_806' title='bbox 2418 4961 2638 5016; x_wconf 89' lang='lat' dir='ltr'><strong>dicitur.</strong></span> <span class='ocrx_word' id='word_1_807' title='bbox 2696 4961 2764 5016; x_wconf 84' lang='lat' dir='ltr'><strong>Et</strong></span> <span class='ocrx_word' id='word_1_808' title='bbox 2816 4976 2845 5016; x_wconf 91' lang='lat' dir='ltr'><strong>e</strong></span> <span class='ocrx_word' id='word_1_809' title='bbox 2882 4962 3154 5014; x_wconf 88' lang='lat' dir='ltr'><strong>contrario</strong></span> <span class='ocrx_word' id='word_1_810' title='bbox 3216 4975 3230 5012; x_wconf 91' lang='lat'><strong>:</strong></span> <span class='ocrx_word' id='word_1_811' title='bbox 3297 4956 3456 5011; x_wconf 79' lang='lat' dir='ltr'><strong>Novit</strong></span> 
     </span>
    </p>
   </div>
   <div class='ocr_carea' id='block_1_106' title="bbox 1878 5050 3456 5125">
    <p class='ocr_par' dir='ltr' id='par_1_106' title="bbox 1878 5050 3456 5125">
     <span class='ocr_line' id='line_1_106' title="bbox 1878 5050 3456 5125; baseline -0.003 -15"><span class='ocrx_word' id='word_1_812' title='bbox 1878 5056 2047 5110; x_wconf 89' lang='lat' dir='ltr'><strong>Filius</strong></span> <span class='ocrx_word' id='word_1_813' title='bbox 2084 5054 2322 5120; x_wconf 91' lang='lat' dir='ltr'><strong>Patrem,</strong></span> <span class='ocrx_word' id='word_1_814' title='bbox 2352 5070 2583 5111; x_wconf 90' lang='lat' dir='ltr'><strong>noscens</strong></span> <span class='ocrx_word' id='word_1_815' title='bbox 2621 5055 2883 5125; x_wconf 90' lang='lat' dir='ltr'><strong>seipsum.</strong></span> <span class='ocrx_word' id='word_1_816' title='bbox 2930 5052 3062 5106; x_wconf 86' lang='lat' dir='ltr'><strong>Nam</strong></span> <span class='ocrx_word' id='word_1_817' title='bbox 3098 5067 3163 5105; x_wconf 83' lang='lat' dir='ltr'><strong>ex</strong></span> <span class='ocrx_word' id='word_1_818' title='bbox 3197 5050 3456 5105; x_wconf 82' lang='lat' dir='ltr'><strong>tiliatione</strong></span> 
     </span>
    </p>
   </div>
   <div class='ocr_carea' id='block_1_107' title="bbox 1880 5142 3457 5218">
    <p class='ocr_par' dir='ltr' id='par_1_107' title="bbox 1880 5142 3457 5218">
     <span class='ocr_line' id='line_1_107' title="bbox 1880 5142 3457 5218; baseline -0.003 -17"><span class='ocrx_word' id='word_1_819' title='bbox 1880 5148 2195 5218; x_wconf 79' lang='lat' dir='ltr'><strong>intelligitur</strong></span> <span class='ocrx_word' id='word_1_820' title='bbox 2234 5148 2550 5217; x_wconf 89' lang='lat' dir='ltr'><strong>paternitas,</strong></span> <span class='ocrx_word' id='word_1_821' title='bbox 2580 5156 2637 5201; x_wconf 92' lang='lat' dir='ltr'><strong>ct</strong></span> <span class='ocrx_word' id='word_1_822' title='bbox 2696 5147 2971 5215; x_wconf 82' lang='lat' dir='ltr'><strong>reciproce</strong></span> <span class='ocrx_word' id='word_1_823' title='bbox 3020 5158 3083 5196; x_wconf 81' lang='lat' dir='ltr'><strong>ex</strong></span> <span class='ocrx_word' id='word_1_824' title='bbox 3132 5142 3457 5210; x_wconf 83' lang='lat' dir='ltr'><strong>paternitate</strong></span> 
     </span>
    </p>
   </div>
   <div class='ocr_carea' id='block_1_108' title="bbox 1881 5234 3456 5308">
    <p class='ocr_par' dir='ltr' id='par_1_108' title="bbox 1881 5234 3456 5308">
     <span class='ocr_line' id='line_1_108' title="bbox 1881 5234 3456 5308; baseline -0.002 -14"><span class='ocrx_word' id='word_1_825' title='bbox 1881 5240 2067 5297; x_wconf 83' lang='lat' dir='ltr'><strong>ﬁliatio</strong></span> <span class='ocrx_word' id='word_1_826' title='bbox 2101 5259 2113 5294; x_wconf 90' lang='lat'><strong>:</strong></span> <span class='ocrx_word' id='word_1_827' title='bbox 2147 5248 2263 5293; x_wconf 91' lang='lat' dir='ltr'><strong>erat</strong></span> <span class='ocrx_word' id='word_1_828' title='bbox 2321 5254 2451 5308; x_wconf 81' lang='lat' dir='ltr'><strong>ergo</strong></span> <span class='ocrx_word' id='word_1_829' title='bbox 2484 5253 2699 5307; x_wconf 88' lang='lat' dir='ltr'><strong>semper</strong></span> <span class='ocrx_word' id='word_1_830' title='bbox 2727 5238 2886 5291; x_wconf 81' lang='lat' dir='ltr'><strong>Pater</strong></span> <span class='ocrx_word' id='word_1_831' title='bbox 2915 5234 3089 5301; x_wconf 91' lang='lat' dir='ltr'><strong>Deus;</strong></span> <span class='ocrx_word' id='word_1_832' title='bbox 3128 5243 3242 5290; x_wconf 90' lang='lat' dir='ltr'><strong>erat</strong></span> <span class='ocrx_word' id='word_1_833' title='bbox 3267 5235 3456 5304; x_wconf 89' lang='lat' dir='ltr'><strong>utique</strong></span> 
     </span>
    </p>
   </div>
   <div class='ocr_carea' id='block_1_109' title="bbox 1878 5324 3458 5399">
    <p class='ocr_par' dir='ltr' id='par_1_109' title="bbox 1878 5324 3458 5399">
     <span class='ocr_line' id='line_1_109' title="bbox 1878 5324 3458 5399; baseline -0.003 -14"><span class='ocrx_word' id='word_1_834' title='bbox 1878 5342 1933 5385; x_wconf 86' lang='lat' dir='ltr'><strong>et</strong></span> <span class='ocrx_word' id='word_1_835' title='bbox 1970 5330 2161 5386; x_wconf 87' lang='lat' dir='ltr'><strong>Filius.</strong></span> <span class='ocrx_word' id='word_1_836' title='bbox 2203 5329 2426 5399; x_wconf 91' lang='lat' dir='ltr'><strong>lmpium</strong></span> <span class='ocrx_word' id='word_1_837' title='bbox 2473 5337 2653 5382; x_wconf 89' lang='lat' dir='ltr'><strong>autem</strong></span> <span class='ocrx_word' id='word_1_838' title='bbox 2692 5328 2837 5381; x_wconf 88' lang='lat' dir='ltr'><strong>dicttt</strong></span> <span class='ocrx_word' id='word_1_839' title='bbox 2880 5336 2963 5381; x_wconf 87' lang='lat' dir='ltr'><strong>est</strong></span> <span class='ocrx_word' id='word_1_840' title='bbox 2990 5340 3095 5380; x_wconf 90' lang='lat' dir='ltr'><strong>non</strong></span> <span class='ocrx_word' id='word_1_841' title='bbox 3142 5340 3302 5381; x_wconf 90' lang='lat' dir='ltr'><strong>nosse</strong></span> <span class='ocrx_word' id='word_1_842' title='bbox 3351 5324 3458 5381; x_wconf 55' lang='lat' dir='ltr'><strong>Pa.</strong></span> 
     </span>
    </p>
   </div>
   <div class='ocr_carea' id='block_1_110' title="bbox 1880 5419 3453 5492">
    <p class='ocr_par' dir='ltr' id='par_1_110' title="bbox 1880 5419 3453 5492">
     <span class='ocr_line' id='line_1_110' title="bbox 1880 5419 3453 5492; baseline -0.004 -14"><span class='ocrx_word' id='word_1_843' title='bbox 1880 5434 2015 5479; x_wconf 89' lang='lat' dir='ltr'><strong>trem</strong></span> <span class='ocrx_word' id='word_1_844' title='bbox 2044 5423 2263 5487; x_wconf 88' lang='lat' dir='ltr'><strong>Filium,</strong></span> <span class='ocrx_word' id='word_1_845' title='bbox 2299 5421 2391 5492; x_wconf 92' lang='lat' dir='ltr'><strong>qui</strong></span> <span class='ocrx_word' id='word_1_846' title='bbox 2433 5435 2500 5476; x_wconf 78' lang='lat' dir='ltr'><strong>ex</strong></span> <span class='ocrx_word' id='word_1_847' title='bbox 2545 5436 2602 5476; x_wconf 87' lang='lat' dir='ltr'><strong>se</strong></span> <span class='ocrx_word' id='word_1_848' title='bbox 2652 5429 2752 5485; x_wconf 88' lang='lat' dir='ltr'><strong>est,</strong></span> <span class='ocrx_word' id='word_1_849' title='bbox 2796 5421 2901 5489; x_wconf 27' lang='lat' dir='ltr'><strong>sed,</strong></span> <span class='ocrx_word' id='word_1_850' title='bbox 2932 5419 3112 5474; x_wconf 88' lang='lat' dir='ltr'><strong>doceri</strong></span> <span class='ocrx_word' id='word_1_851' title='bbox 3159 5434 3187 5472; x_wconf 91' lang='lat' dir='ltr'><strong>a</strong></span> <span class='ocrx_word' id='word_1_852' title='bbox 3236 5426 3453 5482; x_wconf 74' lang='lat' dir='ltr'><strong>natura,</strong></span> 
     </span>
    </p>
   </div>
   <div class='ocr_carea' id='block_1_111' title="bbox 1876 5512 3453 5585">
    <p class='ocr_par' dir='ltr' id='par_1_111' title="bbox 1876 5512 3453 5585">
     <span class='ocr_line' id='line_1_111' title="bbox 1876 5512 3453 5585; baseline -0.005 -14"><span class='ocrx_word' id='word_1_853' title='bbox 1876 5516 2001 5571; x_wconf 85' lang='lat' dir='ltr'><strong>cum</strong></span> <span class='ocrx_word' id='word_1_854' title='bbox 2034 5526 2259 5585; x_wconf 84' lang='lat' dir='ltr'><strong>uterque</strong></span> <span class='ocrx_word' id='word_1_855' title='bbox 2303 5529 2369 5569; x_wconf 79' lang='lat' dir='ltr'><strong>ex</strong></span> <span class='ocrx_word' id='word_1_856' title='bbox 2413 5529 2479 5571; x_wconf 87' lang='lat' dir='ltr'><strong>eo</strong></span> <span class='ocrx_word' id='word_1_857' title='bbox 2519 5514 2634 5584; x_wconf 88' lang='lat' dir='ltr'><strong>ipso</strong></span> <span class='ocrx_word' id='word_1_858' title='bbox 2663 5514 2804 5583; x_wconf 90' lang='lat' dir='ltr'><strong>quod</strong></span> <span class='ocrx_word' id='word_1_859' title='bbox 2828 5522 2912 5568; x_wconf 86' lang='lat' dir='ltr'><strong>est</strong></span> <span class='ocrx_word' id='word_1_860' title='bbox 2949 5512 3173 5567; x_wconf 84' lang='lat' dir='ltr'><strong>alterius</strong></span> <span class='ocrx_word' id='word_1_861' title='bbox 3207 5512 3453 5566; x_wconf 88' lang='lat' dir='ltr'><strong>notitiam</strong></span> 
     </span>
    </p>
   </div>
   <div class='ocr_carea' id='block_1_112' title="bbox 1878 5603 3453 5677">
    <p class='ocr_par' dir='ltr' id='par_1_112' title="bbox 1878 5603 3453 5677">
     <span class='ocr_line' id='line_1_112' title="bbox 1878 5603 3453 5677; baseline -0.003 -15"><span class='ocrx_word' id='word_1_862' title='bbox 1878 5607 2094 5663; x_wconf 84' lang='lat' dir='ltr'><strong>habeat.</strong></span> <span class='ocrx_word' id='word_1_863' title='bbox 2130 5608 2193 5663; x_wconf 86' lang='lat' dir='ltr'><strong>Et</strong></span> <span class='ocrx_word' id='word_1_864' title='bbox 2233 5608 2435 5677; x_wconf 90' lang='lat' dir='ltr'><strong>alioqui</strong></span> <span class='ocrx_word' id='word_1_865' title='bbox 2474 5618 2663 5661; x_wconf 86' lang='lat' dir='ltr'><strong>natura</strong></span> <span class='ocrx_word' id='word_1_866' title='bbox 2693 5606 2783 5660; x_wconf 88' lang='lat' dir='ltr'><strong>Dei</strong></span> <span class='ocrx_word' id='word_1_867' title='bbox 2828 5621 2933 5661; x_wconf 90' lang='lat' dir='ltr'><strong>non</strong></span> <span class='ocrx_word' id='word_1_868' title='bbox 2981 5604 3050 5659; x_wconf 91' lang='lat' dir='ltr'><strong>sit</strong></span> <span class='ocrx_word' id='word_1_869' title='bbox 3092 5603 3234 5661; x_wconf 83' lang='lat' dir='ltr'><strong>aliud</strong></span> <span class='ocrx_word' id='word_1_870' title='bbox 3290 5615 3453 5674; x_wconf 84' lang='lat' dir='ltr'><strong>quam</strong></span> 
     </span>
    </p>
   </div>
   <div class='ocr_carea' id='block_1_113' title="bbox 1878 5695 3110 5768">
    <p class='ocr_par' dir='ltr' id='par_1_113' title="bbox 1878 5695 3110 5768">
     <span class='ocr_line' id='line_1_113' title="bbox 1878 5695 3110 5768; baseline -0.002 -15"><span class='ocrx_word' id='word_1_871' title='bbox 1878 5699 1991 5767; x_wconf 89' lang='lat' dir='ltr'><strong>ipse</strong></span> <span class='ocrx_word' id='word_1_872' title='bbox 2025 5716 2040 5766; x_wconf 91' lang='lat'><strong>;</strong></span> <span class='ocrx_word' id='word_1_873' title='bbox 2084 5698 2313 5768; x_wconf 83' lang='lat' dir='ltr'><strong>simplex</strong></span> <span class='ocrx_word' id='word_1_874' title='bbox 2339 5699 2482 5754; x_wconf 88' lang='lat' dir='ltr'><strong>enim</strong></span> <span class='ocrx_word' id='word_1_875' title='bbox 2513 5708 2565 5754; x_wconf 88' lang='lat' dir='ltr'><strong>et</strong></span> <span class='ocrx_word' id='word_1_876' title='bbox 2594 5695 2977 5768; x_wconf 88' lang='lat' dir='ltr'><strong>incompositus</strong></span> <span class='ocrx_word' id='word_1_877' title='bbox 3007 5706 3110 5751; x_wconf 86' lang='lat' dir='ltr'><strong>est.</strong></span> 
     </span>
    </p>
   </div>
   <div class='ocr_carea' id='block_1_114' title="bbox 190 5792 2394 5877">
    <p class='ocr_par' dir='ltr' id='par_1_114' title="bbox 190 5792 2394 5877">
     <span class='ocr_line' id='line_1_114' title="bbox 190 5792 2394 5877; baseline -0.007 -15"><span class='ocrx_word' id='word_1_878' title='bbox 190 5821 242 5862; x_wconf 73' lang='lat' dir='ltr'><strong>ca</strong></span> <span class='ocrx_word' id='word_1_879' title='bbox 276 5808 469 5877; x_wconf 78' lang='grc' dir='ltr'>ἕτερον</span> <span class='ocrx_word' id='word_1_880' title='bbox 498 5806 598 5861; x_wconf 88' lang='grc' dir='ltr'><strong>οὐκ</strong></span> <span class='ocrx_word' id='word_1_881' title='bbox 629 5806 694 5861; x_wconf 84' lang='grc' dir='ltr'><strong>ἂν</strong></span> <span class='ocrx_word' id='word_1_882' title='bbox 721 5807 808 5876; x_wconf 77' lang='grc' dir='ltr'>εἴη</span> <span class='ocrx_word' id='word_1_883' title='bbox 839 5805 1001 5875; x_wconf 79' lang='grc' dir='ltr'>φύσις</span> <span class='ocrx_word' id='word_1_884' title='bbox 1028 5803 1165 5858; x_wconf 82' lang='grc' dir='ltr'>Θεοῦ</span> <span class='ocrx_word' id='word_1_885' title='bbox 1195 5802 1326 5871; x_wconf 78' lang='grc' dir='ltr'>παρ’</span> <span class='ocrx_word' id='word_1_886' title='bbox 1361 5799 1545 5853; x_wconf 89' lang='grc' dir='ltr'>αὐτόν·</span> <span class='ocrx_word' id='word_1_887' title='bbox 1574 5796 1779 5861; x_wconf 77' lang='grc' dir='ltr'>ἁπλοῦς</span> <span class='ocrx_word' id='word_1_888' title='bbox 1817 5792 1925 5865; x_wconf 81' lang='grc' dir='ltr'>γὰρ</span> <span class='ocrx_word' id='word_1_889' title='bbox 1963 5793 2057 5848; x_wconf 81' lang='grc' dir='ltr'>καὶ</span> <span class='ocrx_word' id='word_1_890' title='bbox 2086 5792 2394 5856; x_wconf 81' lang='grc' dir='ltr'>ἀσύνθετος.</span> 
     </span>
    </p>
   </div>
  </div>
