  <div class='ocr_page' id='page_1' title='image "/cluster/home/n/w/nwhite01/storage/ocr_20150623/75/hvd.32044019207935/057.png"; bbox 0 0 4144 6528; ppageno 0'>
   <div class='ocr_carea' id='block_1_1' title="bbox 660 343 2897 415">
    <p class='ocr_par' dir='ltr' id='par_1_1' title="bbox 660 343 2897 415">
     <span class='ocr_line' id='line_1_1' title="bbox 660 343 2897 415; baseline 0.007 -18"><span class='ocrx_word' id='word_1_1' title='bbox 660 343 725 403; x_wconf 65' lang='grc' dir='ltr'><strong>ξ9</strong></span> <span class='ocrx_word' id='word_1_2' title='bbox 1657 356 1715 412; x_wconf 91' lang='lat' dir='ltr'><strong>S.</strong></span> <span class='ocrx_word' id='word_1_3' title='bbox 1758 356 2029 413; x_wconf 83' lang='lat' dir='ltr'><strong>CYRlLLl</strong></span> <span class='ocrx_word' id='word_1_4' title='bbox 2064 353 2535 413; x_wconf 78' lang='lat' dir='ltr'><strong>ALEXANDRINI</strong></span> <span class='ocrx_word' id='word_1_5' title='bbox 2575 358 2897 415; x_wconf 82' lang='lat' dir='ltr'><strong>ARCHIEP.</strong></span> 
     </span>
    </p>
   </div>
   <div class='ocr_carea' id='block_1_2' title="bbox 1327 470 1561 527">
    <p class='ocr_par' dir='ltr' id='par_1_2' title="bbox 1327 470 1561 527">
     <span class='ocr_line' id='line_1_2' title="bbox 1327 470 1561 527; baseline 0 -2"><span class='ocrx_word' id='word_1_6' title='bbox 1327 470 1561 527; x_wconf 83' lang='lat' dir='ltr'><strong>ALIUD.</strong></span> 
     </span>
    </p>
   </div>
   <div class='ocr_carea' id='block_1_3' title="bbox 1114 579 1808 651">
    <p class='ocr_par' dir='ltr' id='par_1_3' title="bbox 1114 579 1808 651">
     <span class='ocr_line' id='line_1_3' title="bbox 1114 579 1808 651; baseline 0.007 -19"><span class='ocrx_word' id='word_1_7' title='bbox 1114 579 1199 634; x_wconf 73' lang='lat' dir='ltr'><strong>Ex</strong></span> <span class='ocrx_word' id='word_1_8' title='bbox 1227 582 1511 651; x_wconf 80' lang='lat' dir='ltr'><strong>objectione</strong></span> <span class='ocrx_word' id='word_1_9' title='bbox 1542 583 1808 639; x_wconf 83' lang='lat' dir='ltr'><strong>Eunomii.</strong></span> 
     </span>
    </p>
   </div>
   <div class='ocr_carea' id='block_1_4' title="bbox 734 689 2233 765">
    <p class='ocr_par' dir='ltr' id='par_1_4' title="bbox 734 689 2233 765">
     <span class='ocr_line' id='line_1_4' title="bbox 734 689 2233 765; baseline 0.008 -23"><span class='ocrx_word' id='word_1_10' title='bbox 734 689 1031 758; x_wconf 66' lang='lat' dir='ltr'><strong>immutate,</strong></span> <span class='ocrx_word' id='word_1_11' title='bbox 1060 692 1255 762; x_wconf 89' lang='lat' dir='ltr'><strong>inquit,</strong></span> <span class='ocrx_word' id='word_1_12' title='bbox 1288 706 1341 750; x_wconf 90' lang='lat' dir='ltr'><strong>et</strong></span> <span class='ocrx_word' id='word_1_13' title='bbox 1379 696 1581 764; x_wconf 88' lang='lat' dir='ltr'><strong>judicio</strong></span> <span class='ocrx_word' id='word_1_14' title='bbox 1605 698 1789 765; x_wconf 85' lang='lat' dir='ltr'><strong>genuit</strong></span> <span class='ocrx_word' id='word_1_15' title='bbox 1827 698 1985 753; x_wconf 88' lang='lat' dir='ltr'><strong>Pater</strong></span> <span class='ocrx_word' id='word_1_16' title='bbox 2015 708 2109 753; x_wconf 88' lang='lat' dir='ltr'><strong>aut</strong></span> <span class='ocrx_word' id='word_1_17' title='bbox 2134 715 2233 754; x_wconf 88' lang='lat' dir='ltr'><strong>na-</strong></span> 
     </span>
    </p>
   </div>
   <div class='ocr_carea' id='block_1_5' title="bbox 653 787 2233 855">
    <p class='ocr_par' dir='ltr' id='par_1_5' title="bbox 653 787 2233 855">
     <span class='ocr_line' id='line_1_5' title="bbox 653 787 2233 855; baseline 0.003 -17"><span class='ocrx_word' id='word_1_18' title='bbox 653 787 919 843; x_wconf 90' lang='lat' dir='ltr'><strong>turaliter.</strong></span> <span class='ocrx_word' id='word_1_19' title='bbox 943 787 1012 841; x_wconf 85' lang='lat' dir='ltr'><strong>At</strong></span> <span class='ocrx_word' id='word_1_20' title='bbox 1037 788 1081 842; x_wconf 91' lang='lat' dir='ltr'><strong>si</strong></span> <span class='ocrx_word' id='word_1_21' title='bbox 1111 789 1428 844; x_wconf 89' lang='lat' dir='ltr'><strong>naturaliter</strong></span> <span class='ocrx_word' id='word_1_22' title='bbox 1450 798 1680 855; x_wconf 87' lang='lat' dir='ltr'><strong>tantum,</strong></span> <span class='ocrx_word' id='word_1_23' title='bbox 1715 806 1822 844; x_wconf 91' lang='lat' dir='ltr'><strong>non</strong></span> <span class='ocrx_word' id='word_1_24' title='bbox 1845 798 2023 844; x_wconf 85' lang='lat' dir='ltr'><strong>autem</strong></span> <span class='ocrx_word' id='word_1_25' title='bbox 2050 789 2233 845; x_wconf 84' lang='lat' dir='ltr'><strong>volun-</strong></span> 
     </span>
    </p>
   </div>
   <div class='ocr_carea' id='block_1_6' title="bbox 656 879 2235 951">
    <p class='ocr_par' dir='ltr' id='par_1_6' title="bbox 656 879 2235 951">
     <span class='ocr_line' id='line_1_6' title="bbox 656 879 2235 951; baseline 0.004 -21"><span class='ocrx_word' id='word_1_26' title='bbox 656 888 872 933; x_wconf 85' lang='lat' dir='ltr'><strong>tateaut</strong></span> <span class='ocrx_word' id='word_1_27' title='bbox 900 879 1130 949; x_wconf 87' lang='lat' dir='ltr'><strong>judicio,</strong></span> <span class='ocrx_word' id='word_1_28' title='bbox 1184 881 1541 935; x_wconf 85' lang='lat' dir='ltr'><strong>involuntarie</strong></span> <span class='ocrx_word' id='word_1_29' title='bbox 1578 882 1757 951; x_wconf 89' lang='lat' dir='ltr'><strong>itaque</strong></span> <span class='ocrx_word' id='word_1_30' title='bbox 1815 890 1868 937; x_wconf 90' lang='lat' dir='ltr'><strong>et</strong></span> <span class='ocrx_word' id='word_1_31' title='bbox 1931 883 2235 938; x_wconf 51' lang='lat' dir='ltr'><strong>inconside-</strong></span> 
     </span>
    </p>
   </div>
   <div class='ocr_carea' id='block_1_7' title="bbox 656 972 2233 1045">
    <p class='ocr_par' dir='ltr' id='par_1_7' title="bbox 656 972 2233 1045">
     <span class='ocr_line' id='line_1_7' title="bbox 656 972 2233 1045; baseline 0.006 -25"><span class='ocrx_word' id='word_1_32' title='bbox 656 978 769 1022; x_wconf 89' lang='lat' dir='ltr'><strong>rate</strong></span> <span class='ocrx_word' id='word_1_33' title='bbox 813 972 1025 1038; x_wconf 79' lang='lat' dir='ltr'><strong>genitus</strong></span> <span class='ocrx_word' id='word_1_34' title='bbox 1060 980 1161 1025; x_wconf 93' lang='lat' dir='ltr'><strong>est.</strong></span> <span class='ocrx_word' id='word_1_35' title='bbox 1189 973 1244 1025; x_wconf 89' lang='lat' dir='ltr'><strong>Si</strong></span> <span class='ocrx_word' id='word_1_36' title='bbox 1269 988 1395 1026; x_wconf 87' lang='lat' dir='ltr'><strong>vero</strong></span> <span class='ocrx_word' id='word_1_37' title='bbox 1453 983 1762 1041; x_wconf 91' lang='lat' dir='ltr'><strong>utrumque,</strong></span> <span class='ocrx_word' id='word_1_38' title='bbox 1810 972 1921 1040; x_wconf 90' lang='lat' dir='ltr'><strong>jam</strong></span> <span class='ocrx_word' id='word_1_39' title='bbox 1964 975 2233 1045; x_wconf 86' lang='lat' dir='ltr'><strong>composi-</strong></span> 
     </span>
    </p>
   </div>
   <div class='ocr_carea' id='block_1_8' title="bbox 656 1060 2230 1132">
    <p class='ocr_par' dir='ltr' id='par_1_8' title="bbox 656 1060 2230 1132">
     <span class='ocr_line' id='line_1_8' title="bbox 656 1060 2230 1132; baseline 0.007 -22"><span class='ocrx_word' id='word_1_40' title='bbox 656 1069 764 1112; x_wconf 88' lang='lat' dir='ltr'><strong>tum</strong></span> <span class='ocrx_word' id='word_1_41' title='bbox 813 1060 992 1115; x_wconf 79' lang='lat' dir='ltr'><strong>facitis</strong></span> <span class='ocrx_word' id='word_1_42' title='bbox 1054 1062 1242 1123; x_wconf 89' lang='lat' dir='ltr'><strong>Deum,</strong></span> <span class='ocrx_word' id='word_1_43' title='bbox 1296 1064 1560 1132; x_wconf 84' lang='lat' dir='ltr'><strong>judicium</strong></span> <span class='ocrx_word' id='word_1_44' title='bbox 1592 1064 1751 1118; x_wconf 83' lang='lat' dir='ltr'><strong>simul</strong></span> <span class='ocrx_word' id='word_1_45' title='bbox 1790 1078 1843 1119; x_wconf 91' lang='lat' dir='ltr'><strong>et</strong></span> <span class='ocrx_word' id='word_1_46' title='bbox 1886 1074 2134 1121; x_wconf 89' lang='lat' dir='ltr'><strong>naturam</strong></span> <span class='ocrx_word' id='word_1_47' title='bbox 2182 1069 2230 1122; x_wconf 92' lang='lat' dir='ltr'><strong>ei</strong></span> 
     </span>
    </p>
   </div>
   <div class='ocr_carea' id='block_1_9' title="bbox 654 1150 2232 1226">
    <p class='ocr_par' dir='ltr' id='par_1_9' title="bbox 654 1150 2232 1226">
     <span class='ocr_line' id='line_1_9' title="bbox 654 1150 2232 1226; baseline 0.006 -24"><span class='ocrx_word' id='word_1_48' title='bbox 654 1150 976 1204; x_wconf 75' lang='lat' dir='ltr'><strong>tribuentes.</strong></span> <span class='ocrx_word' id='word_1_49' title='bbox 1010 1150 1125 1217; x_wconf 89' lang='lat' dir='ltr'><strong>Quo</strong></span> <span class='ocrx_word' id='word_1_50' title='bbox 1155 1164 1311 1219; x_wconf 87' lang='lat' dir='ltr'><strong>pacto</strong></span> <span class='ocrx_word' id='word_1_51' title='bbox 1336 1155 1477 1207; x_wconf 89' lang='lat' dir='ltr'><strong>enim</strong></span> <span class='ocrx_word' id='word_1_52' title='bbox 1528 1154 1618 1222; x_wconf 85' lang='lat' dir='ltr'><strong>qui</strong></span> <span class='ocrx_word' id='word_1_53' title='bbox 1674 1170 1740 1209; x_wconf 84' lang='lat' dir='ltr'><strong>ex</strong></span> <span class='ocrx_word' id='word_1_54' title='bbox 1785 1155 1867 1210; x_wconf 86' lang='lat' dir='ltr'><strong>his</strong></span> <span class='ocrx_word' id='word_1_55' title='bbox 1901 1156 2232 1226; x_wconf 90' lang='lat' dir='ltr'><strong>compositus</strong></span> 
     </span>
    </p>
   </div>
   <div class='ocr_carea' id='block_1_10' title="bbox 654 1241 1255 1311">
    <p class='ocr_par' dir='ltr' id='par_1_10' title="bbox 654 1241 1255 1311">
     <span class='ocr_line' id='line_1_10' title="bbox 654 1241 1255 1311; baseline 0.007 -19"><span class='ocrx_word' id='word_1_56' title='bbox 654 1248 754 1307; x_wconf 89' lang='lat' dir='ltr'><strong>est,</strong></span> <span class='ocrx_word' id='word_1_57' title='bbox 799 1241 1023 1311; x_wconf 83' lang='lat' dir='ltr'><strong>simplex</strong></span> <span class='ocrx_word' id='word_1_58' title='bbox 1053 1242 1255 1296; x_wconf 83' lang='lat' dir='ltr'><strong>fuerit?</strong></span> 
     </span>
    </p>
   </div>
   <div class='ocr_carea' id='block_1_11' title="bbox 1110 1354 1692 1424">
    <p class='ocr_par' dir='ltr' id='par_1_11' title="bbox 1110 1354 1692 1424">
     <span class='ocr_line' id='line_1_11' title="bbox 1110 1354 1692 1424; baseline 0.002 -15"><span class='ocrx_word' id='word_1_59' title='bbox 1110 1354 1318 1409; x_wconf 80' lang='lat' dir='ltr'><strong>Salutio</strong></span> <span class='ocrx_word' id='word_1_60' title='bbox 1372 1356 1692 1424; x_wconf 79' lang='lat' dir='ltr'><strong>objectionis.</strong></span> 
     </span>
    </p>
   </div>
   <div class='ocr_carea' id='block_1_12' title="bbox 725 1465 2235 1537">
    <p class='ocr_par' dir='ltr' id='par_1_12' title="bbox 725 1465 2235 1537">
     <span class='ocr_line' id='line_1_12' title="bbox 725 1465 2235 1537; baseline 0.004 -18"><span class='ocrx_word' id='word_1_61' title='bbox 725 1465 1013 1520; x_wconf 86' lang='lat' dir='ltr'><strong>Generatio</strong></span> <span class='ocrx_word' id='word_1_62' title='bbox 1038 1466 1158 1520; x_wconf 86' lang='lat' dir='ltr'><strong>Filii</strong></span> <span class='ocrx_word' id='word_1_63' title='bbox 1214 1484 1387 1537; x_wconf 90' lang='lat' dir='ltr'><strong>neque</strong></span> <span class='ocrx_word' id='word_1_64' title='bbox 1412 1470 1614 1536; x_wconf 86' lang='lat' dir='ltr'><strong>judicio</strong></span> <span class='ocrx_word' id='word_1_65' title='bbox 1646 1484 1817 1537; x_wconf 85' lang='lat' dir='ltr'><strong>neque</strong></span> <span class='ocrx_word' id='word_1_66' title='bbox 1864 1470 2121 1524; x_wconf 86' lang='lat' dir='ltr'><strong>voluntati</strong></span> <span class='ocrx_word' id='word_1_67' title='bbox 2151 1482 2235 1525; x_wconf 88' lang='lat' dir='ltr'><strong>est</strong></span> 
     </span>
    </p>
   </div>
   <div class='ocr_carea' id='block_1_13' title="bbox 653 1553 2229 1627">
    <p class='ocr_par' dir='ltr' id='par_1_13' title="bbox 653 1553 2229 1627">
     <span class='ocr_line' id='line_1_13' title="bbox 653 1553 2229 1627; baseline 0.004 -20"><span class='ocrx_word' id='word_1_68' title='bbox 653 1554 900 1607; x_wconf 77' lang='lat' dir='ltr'><strong>obnoxia.</strong></span> <span class='ocrx_word' id='word_1_69' title='bbox 934 1553 1078 1608; x_wconf 81' lang='lat' dir='ltr'><strong>Velle</strong></span> <span class='ocrx_word' id='word_1_70' title='bbox 1110 1557 1252 1607; x_wconf 88' lang='lat' dir='ltr'><strong>enim</strong></span> <span class='ocrx_word' id='word_1_71' title='bbox 1302 1557 1624 1624; x_wconf 83' lang='lat' dir='ltr'><strong>etjudicare</strong></span> <span class='ocrx_word' id='word_1_72' title='bbox 1661 1558 1711 1609; x_wconf 87' lang='lat' dir='ltr'><strong>itt</strong></span> <span class='ocrx_word' id='word_1_73' title='bbox 1758 1566 2002 1627; x_wconf 85' lang='lat' dir='ltr'><strong>tempore</strong></span> <span class='ocrx_word' id='word_1_74' title='bbox 2044 1558 2182 1612; x_wconf 84' lang='lat' dir='ltr'><strong>ﬁunt</strong></span> <span class='ocrx_word' id='word_1_75' title='bbox 2214 1574 2229 1613; x_wconf 89' lang='lat'><strong>:</strong></span> 
     </span>
    </p>
   </div>
   <div class='ocr_carea' id='block_1_14' title="bbox 655 1644 2223 1718">
    <p class='ocr_par' dir='ltr' id='par_1_14' title="bbox 655 1644 2223 1718">
     <span class='ocr_line' id='line_1_14' title="bbox 655 1644 2223 1718; baseline 0.005 -23"><span class='ocrx_word' id='word_1_76' title='bbox 655 1644 820 1697; x_wconf 80' lang='lat' dir='ltr'><strong>Filius</strong></span> <span class='ocrx_word' id='word_1_77' title='bbox 848 1660 972 1700; x_wconf 85' lang='lat' dir='ltr'><strong>vero</strong></span> <span class='ocrx_word' id='word_1_78' title='bbox 1007 1656 1307 1713; x_wconf 87' lang='lat' dir='ltr'><strong>temporum</strong></span> <span class='ocrx_word' id='word_1_79' title='bbox 1338 1649 1586 1701; x_wconf 87' lang='lat' dir='ltr'><strong>conditor</strong></span> <span class='ocrx_word' id='word_1_80' title='bbox 1614 1660 1719 1702; x_wconf 92' lang='lat' dir='ltr'><strong>est.</strong></span> <span class='ocrx_word' id='word_1_81' title='bbox 1752 1648 1869 1714; x_wconf 85' lang='lat' dir='ltr'><strong>Quo</strong></span> <span class='ocrx_word' id='word_1_82' title='bbox 1930 1659 2084 1717; x_wconf 88' lang='lat' dir='ltr'><strong>pacto</strong></span> <span class='ocrx_word' id='word_1_83' title='bbox 2133 1651 2223 1718; x_wconf 85' lang='lat' dir='ltr'><strong>igi-</strong></span> 
     </span>
    </p>
   </div>
   <div class='ocr_carea' id='block_1_15' title="bbox 654 1734 2232 1808">
    <p class='ocr_par' dir='ltr' id='par_1_15' title="bbox 654 1734 2232 1808">
     <span class='ocr_line' id='line_1_15' title="bbox 654 1734 2232 1808; baseline 0.004 -23"><span class='ocrx_word' id='word_1_84' title='bbox 654 1744 740 1785; x_wconf 89' lang='lat' dir='ltr'><strong>tur</strong></span> <span class='ocrx_word' id='word_1_85' title='bbox 780 1734 829 1785; x_wconf 89' lang='lat' dir='ltr'><strong>id</strong></span> <span class='ocrx_word' id='word_1_86' title='bbox 857 1735 999 1802; x_wconf 86' lang='lat' dir='ltr'><strong>quod</strong></span> <span class='ocrx_word' id='word_1_87' title='bbox 1026 1735 1300 1788; x_wconf 86' lang='lat' dir='ltr'><strong>conditum</strong></span> <span class='ocrx_word' id='word_1_88' title='bbox 1338 1747 1423 1789; x_wconf 90' lang='lat' dir='ltr'><strong>est</strong></span> <span class='ocrx_word' id='word_1_89' title='bbox 1472 1736 1811 1790; x_wconf 89' lang='lat' dir='ltr'><strong>conditorem</strong></span> <span class='ocrx_word' id='word_1_90' title='bbox 1846 1738 2232 1808; x_wconf 67' lang='lat' dir='ltr'><strong>prmcesserit?</strong></span> 
     </span>
    </p>
   </div>
   <div class='ocr_carea' id='block_1_16' title="bbox 3841 358 3975 415">
    <p class='ocr_par' dir='ltr' id='par_1_16' title="bbox 3841 358 3975 415">
     <span class='ocr_line' id='line_1_16' title="bbox 3841 358 3975 415; baseline -0.015 0"><span class='ocrx_word' id='word_1_91' title='bbox 3841 358 3975 415; x_wconf 71' lang='grc'><strong>100</strong></span> 
     </span>
    </p>
   </div>
   <div class='ocr_carea' id='block_1_17' title="bbox 3016 474 3221 531">
    <p class='ocr_par' dir='ltr' id='par_1_17' title="bbox 3016 474 3221 531">
     <span class='ocr_line' id='line_1_17' title="bbox 3016 474 3221 531; baseline 0.02 -4"><span class='ocrx_word' id='word_1_92' title='bbox 3016 474 3221 531; x_wconf 81' lang='lat' dir='ltr'><strong>AAAO.</strong></span> 
     </span>
    </p>
   </div>
   <div class='ocr_carea' id='block_1_18' title="bbox 2580 585 3681 657">
    <p class='ocr_par' dir='ltr' id='par_1_18' title="bbox 2580 585 3681 657">
     <span class='ocr_line' id='line_1_18' title="bbox 2580 585 3681 657; baseline 0.002 -18"><span class='ocrx_word' id='word_1_93' title='bbox 2580 585 2674 651; x_wconf 84' lang='grc' dir='ltr'>Ὧς</span> <span class='ocrx_word' id='word_1_94' title='bbox 2700 586 2768 650; x_wconf 82' lang='grc' dir='ltr'><em>ἐξ</em></span> <span class='ocrx_word' id='word_1_95' title='bbox 2806 585 3162 653; x_wconf 79' lang='grc' dir='ltr'><strong>ἀντιθέσεως</strong></span> <span class='ocrx_word' id='word_1_96' title='bbox 3199 585 3320 640; x_wconf 83' lang='grc' dir='ltr'><strong>τῶν</strong></span> <span class='ocrx_word' id='word_1_97' title='bbox 3356 588 3681 657; x_wconf 80' lang='grc' dir='ltr'>Εὐνομιου.</span> 
     </span>
    </p>
   </div>
   <div class='ocr_carea' id='block_1_19' title="bbox 2404 696 3965 769">
    <p class='ocr_par' dir='ltr' id='par_1_19' title="bbox 2404 696 3965 769">
     <span class='ocr_line' id='line_1_19' title="bbox 2404 696 3965 769; baseline 0.004 -22"><span class='ocrx_word' id='word_1_98' title='bbox 2404 696 2649 767; x_wconf 84' lang='grc' dir='ltr'>Θελήσει,</span> <span class='ocrx_word' id='word_1_99' title='bbox 2687 696 2869 767; x_wconf 70' lang='grc' dir='ltr'>φησὶν,</span> <span class='ocrx_word' id='word_1_100' title='bbox 2923 698 3042 768; x_wconf 75' lang='grc' dir='ltr'>ἦτοι</span> <span class='ocrx_word' id='word_1_101' title='bbox 3084 698 3264 768; x_wconf 83' lang='grc' dir='ltr'>κρίσει</span> <span class='ocrx_word' id='word_1_102' title='bbox 3301 699 3392 751; x_wconf 75' lang='grc' dir='ltr'>τὸν</span> <span class='ocrx_word' id='word_1_103' title='bbox 3423 698 3551 752; x_wconf 77' lang='grc' dir='ltr'>Υίὸν</span> <span class='ocrx_word' id='word_1_104' title='bbox 3582 697 3965 769; x_wconf 72' lang='grc' dir='ltr'><strong>γεγέννηκεν</strong></span> 
     </span>
    </p>
   </div>
   <div class='ocr_carea' id='block_1_20' title="bbox 2336 784 3959 859">
    <p class='ocr_par' dir='ltr' id='par_1_20' title="bbox 2336 784 3959 859">
     <span class='ocr_line' id='line_1_20' title="bbox 2336 784 3959 859; baseline 0.001 -21"><span class='ocrx_word' id='word_1_105' title='bbox 2336 785 2443 855; x_wconf 81' lang='grc' dir='ltr'>ἄρα</span> <span class='ocrx_word' id='word_1_106' title='bbox 2473 788 2501 839; x_wconf 99' lang='lat'><strong>6</strong></span> <span class='ocrx_word' id='word_1_107' title='bbox 2530 788 2739 858; x_wconf 80' lang='grc' dir='ltr'>Πατὴρ,</span> <span class='ocrx_word' id='word_1_108' title='bbox 2768 788 2800 857; x_wconf 83' lang='grc' dir='ltr'>ἢ</span> <span class='ocrx_word' id='word_1_109' title='bbox 2842 788 2982 841; x_wconf 88' lang='grc' dir='ltr'><strong>κατά</strong></span> <span class='ocrx_word' id='word_1_110' title='bbox 3021 788 3202 857; x_wconf 85' lang='grc' dir='ltr'>φύσιν.</span> <span class='ocrx_word' id='word_1_111' title='bbox 3239 790 3302 842; x_wconf 81' lang='lat' dir='ltr'><strong>Ei</strong></span> <span class='ocrx_word' id='word_1_112' title='bbox 3332 790 3429 859; x_wconf 85' lang='grc' dir='ltr'><strong>μὲν</strong></span> <span class='ocrx_word' id='word_1_113' title='bbox 3451 784 3543 843; x_wconf 79' lang='grc' dir='ltr'><strong>οὖν</strong></span> <span class='ocrx_word' id='word_1_114' title='bbox 3571 789 3716 843; x_wconf 84' lang='grc' dir='ltr'>κατὰ</span> <span class='ocrx_word' id='word_1_115' title='bbox 3756 788 3959 857; x_wconf 78' lang='grc' dir='ltr'>φύσιν</span> 
     </span>
    </p>
   </div>
   <div class='ocr_carea' id='block_1_21' title="bbox 2339 877 3956 950">
    <p class='ocr_par' dir='ltr' id='par_1_21' title="bbox 2339 877 3956 950">
     <span class='ocr_line' id='line_1_21' title="bbox 2339 877 3956 950; baseline 0.001 -21"><span class='ocrx_word' id='word_1_116' title='bbox 2339 877 2515 946; x_wconf 90' lang='grc' dir='ltr'>μόνον,</span> <span class='ocrx_word' id='word_1_117' title='bbox 2550 878 2648 930; x_wconf 81' lang='grc' dir='ltr'><strong>οὐκ</strong></span> <span class='ocrx_word' id='word_1_118' title='bbox 2689 878 2768 930; x_wconf 78' lang='grc' dir='ltr'><strong>ἔτι</strong></span> <span class='ocrx_word' id='word_1_119' title='bbox 2816 878 2871 930; x_wconf 81' lang='grc' dir='ltr'><strong>δὲ</strong></span> <span class='ocrx_word' id='word_1_120' title='bbox 2904 879 3045 932; x_wconf 90' lang='grc' dir='ltr'><strong>κατά</strong></span> <span class='ocrx_word' id='word_1_121' title='bbox 3075 878 3292 948; x_wconf 76' lang='grc' dir='ltr'><strong>θέλησιν</strong></span> <span class='ocrx_word' id='word_1_122' title='bbox 3325 879 3358 949; x_wconf 80' lang='grc' dir='ltr'><strong>ἢ</strong></span> <span class='ocrx_word' id='word_1_123' title='bbox 3405 878 3605 950; x_wconf 87' lang='grc' dir='ltr'>κρίσιν,</span> <span class='ocrx_word' id='word_1_124' title='bbox 3635 878 3956 948; x_wconf 80' lang='grc' dir='ltr'>ἀθελήτως</span> 
     </span>
    </p>
   </div>
   <div class='ocr_carea' id='block_1_22' title="bbox 2336 968 3951 1040">
    <p class='ocr_par' dir='ltr' id='par_1_22' title="bbox 2336 968 3951 1040">
     <span class='ocr_line' id='line_1_22' title="bbox 2336 968 3951 1040; baseline 0.002 -22"><span class='ocrx_word' id='word_1_125' title='bbox 2336 968 2452 1018; x_wconf 76' lang='grc' dir='ltr'>ἐστὶ</span> <span class='ocrx_word' id='word_1_126' title='bbox 2480 968 2573 1021; x_wconf 73' lang='grc' dir='ltr'><strong>καὶ</strong></span> <span class='ocrx_word' id='word_1_127' title='bbox 2605 968 2845 1036; x_wconf 82' lang='grc' dir='ltr'><strong>ἀκρίτως</strong></span> <span class='ocrx_word' id='word_1_128' title='bbox 2869 968 3166 1038; x_wconf 84' lang='grc' dir='ltr'>γεννηθείς.</span> <span class='ocrx_word' id='word_1_129' title='bbox 3202 970 3264 1022; x_wconf 82' lang='lat' dir='ltr'><strong>El</strong></span> <span class='ocrx_word' id='word_1_130' title='bbox 3297 969 3353 1022; x_wconf 85' lang='grc' dir='ltr'><strong>δὲ</strong></span> <span class='ocrx_word' id='word_1_131' title='bbox 3387 969 3447 1021; x_wconf 83' lang='grc' dir='ltr'>τὸ</span> <span class='ocrx_word' id='word_1_132' title='bbox 3480 969 3951 1040; x_wconf 82' lang='grc' dir='ltr'>συναμφότερον,</span> 
     </span>
    </p>
   </div>
   <div class='ocr_carea' id='block_1_23' title="bbox 2337 1055 3949 1131">
    <p class='ocr_par' dir='ltr' id='par_1_23' title="bbox 2337 1055 3949 1131">
     <span class='ocr_line' id='line_1_23' title="bbox 2337 1055 3949 1131; baseline 0.001 -23"><span class='ocrx_word' id='word_1_133' title='bbox 2337 1055 2587 1110; x_wconf 86' lang='grc' dir='ltr'>σύνθετον</span> <span class='ocrx_word' id='word_1_134' title='bbox 2612 1061 2815 1110; x_wconf 82' lang='grc' dir='ltr'><strong>ποιεῖτε</strong></span> <span class='ocrx_word' id='word_1_135' title='bbox 2842 1058 2933 1111; x_wconf 86' lang='grc' dir='ltr'>τὸν</span> <span class='ocrx_word' id='word_1_136' title='bbox 2956 1059 3108 1125; x_wconf 74' lang='grc' dir='ltr'>Θεὸν,</span> <span class='ocrx_word' id='word_1_137' title='bbox 3133 1061 3225 1112; x_wconf 74' lang='grc' dir='ltr'>καὶ</span> <span class='ocrx_word' id='word_1_138' title='bbox 3254 1060 3435 1131; x_wconf 81' lang='grc' dir='ltr'><strong>κρίσιν</strong></span> <span class='ocrx_word' id='word_1_139' title='bbox 3457 1060 3605 1131; x_wconf 81' lang='grc' dir='ltr'>αὐτῷ</span> <span class='ocrx_word' id='word_1_140' title='bbox 3629 1060 3729 1113; x_wconf 75' lang='grc' dir='ltr'><strong>καὶ</strong></span> <span class='ocrx_word' id='word_1_141' title='bbox 3755 1060 3949 1128; x_wconf 69' lang='grc' dir='ltr'>φύσιν</span> 
     </span>
    </p>
   </div>
   <div class='ocr_carea' id='block_1_24' title="bbox 2334 1146 3947 1222">
    <p class='ocr_par' dir='ltr' id='par_1_24' title="bbox 2334 1146 3947 1222">
     <span class='ocr_line' id='line_1_24' title="bbox 2334 1146 3947 1222; baseline 0.003 -23"><span class='ocrx_word' id='word_1_142' title='bbox 2334 1146 2582 1211; x_wconf 83' lang='grc' dir='ltr'>διδόντες.</span> <span class='ocrx_word' id='word_1_143' title='bbox 2621 1148 2744 1212; x_wconf 87' lang='grc' dir='ltr'>Πῶς</span> <span class='ocrx_word' id='word_1_144' title='bbox 2772 1149 2879 1220; x_wconf 79' lang='grc' dir='ltr'><strong>γὰρ</strong></span> <span class='ocrx_word' id='word_1_145' title='bbox 2908 1151 2935 1202; x_wconf 90' lang='lat'><strong>6</strong></span> <span class='ocrx_word' id='word_1_146' title='bbox 2967 1151 3030 1202; x_wconf 83' lang='grc' dir='ltr'>ὲκ</span> <span class='ocrx_word' id='word_1_147' title='bbox 3072 1150 3276 1204; x_wconf 86' lang='grc' dir='ltr'>τούτων</span> <span class='ocrx_word' id='word_1_148' title='bbox 3309 1152 3662 1222; x_wconf 86' lang='grc' dir='ltr'><strong>συγκείμενος</strong></span> <span class='ocrx_word' id='word_1_149' title='bbox 3708 1150 3947 1213; x_wconf 80' lang='grc' dir='ltr'>ἁπλοῦς</span> 
     </span>
    </p>
   </div>
   <div class='ocr_carea' id='block_1_25' title="bbox 2333 1238 2518 1304">
    <p class='ocr_par' dir='ltr' id='par_1_25' title="bbox 2333 1238 2518 1304">
     <span class='ocr_line' id='line_1_25' title="bbox 2333 1238 2518 1304; baseline 0.016 -15"><span class='ocrx_word' id='word_1_150' title='bbox 2333 1238 2518 1304; x_wconf 61' lang='lat' dir='ltr'><strong>terat;</strong></span> 
     </span>
    </p>
   </div>
   <div class='ocr_carea' id='block_1_26' title="bbox 2810 1354 3416 1422">
    <p class='ocr_par' dir='ltr' id='par_1_26' title="bbox 2810 1354 3416 1422">
     <span class='ocr_line' id='line_1_26' title="bbox 2810 1354 3416 1422; baseline 0.003 -15"><span class='ocrx_word' id='word_1_151' title='bbox 2810 1354 2966 1422; x_wconf 81' lang='grc' dir='ltr'>Πρὸς</span> <span class='ocrx_word' id='word_1_152' title='bbox 3004 1354 3179 1408; x_wconf 85' lang='grc' dir='ltr'>τοῦτο</span> <span class='ocrx_word' id='word_1_153' title='bbox 3215 1356 3416 1422; x_wconf 84' lang='grc' dir='ltr'><strong>λύσις.</strong></span> 
     </span>
    </p>
   </div>
   <div class='ocr_carea' id='block_1_27' title="bbox 2407 1465 3939 1541">
    <p class='ocr_par' dir='ltr' id='par_1_27' title="bbox 2407 1465 3939 1541">
     <span class='ocr_line' id='line_1_27' title="bbox 2407 1465 3939 1541; baseline 0.006 -24"><span class='ocrx_word' id='word_1_154' title='bbox 2407 1465 2553 1518; x_wconf 81' lang='grc' dir='ltr'>Ἀνω</span> <span class='ocrx_word' id='word_1_155' title='bbox 2585 1466 2681 1536; x_wconf 79' lang='grc' dir='ltr'>μὲν</span> <span class='ocrx_word' id='word_1_156' title='bbox 2713 1468 2945 1537; x_wconf 87' lang='grc' dir='ltr'>κρίσεως</span> <span class='ocrx_word' id='word_1_157' title='bbox 2982 1468 3076 1521; x_wconf 77' lang='grc' dir='ltr'><strong>καὶ</strong></span> <span class='ocrx_word' id='word_1_158' title='bbox 3105 1468 3467 1541; x_wconf 85' lang='grc' dir='ltr'>βουλήσεωςή</span> <span class='ocrx_word' id='word_1_159' title='bbox 3499 1470 3591 1524; x_wconf 85' lang='grc' dir='ltr'><strong>τοῦ</strong></span> <span class='ocrx_word' id='word_1_160' title='bbox 3634 1472 3773 1525; x_wconf 80' lang='grc' dir='ltr'>Υἱοῦ</span> <span class='ocrx_word' id='word_1_161' title='bbox 3805 1473 3939 1525; x_wconf 79' lang='grc' dir='ltr'><strong>κεῖο</strong></span> 
     </span>
    </p>
   </div>
   <div class='ocr_carea' id='block_1_28' title="bbox 2332 1554 3933 1632">
    <p class='ocr_par' dir='ltr' id='par_1_28' title="bbox 2332 1554 3933 1632">
     <span class='ocr_line' id='line_1_28' title="bbox 2332 1554 3933 1632; baseline 0.004 -27"><span class='ocrx_word' id='word_1_162' title='bbox 2332 1570 2421 1606; x_wconf 86' lang='grc' dir='ltr'><strong>ται</strong></span> <span class='ocrx_word' id='word_1_163' title='bbox 2450 1554 2720 1624; x_wconf 84' lang='grc' dir='ltr'>γέννησις.</span> <span class='ocrx_word' id='word_1_164' title='bbox 2756 1557 2831 1608; x_wconf 83' lang='grc' dir='ltr'>Τὸ</span> <span class='ocrx_word' id='word_1_165' title='bbox 2853 1559 2959 1628; x_wconf 83' lang='grc' dir='ltr'>γὰρ</span> <span class='ocrx_word' id='word_1_166' title='bbox 2992 1558 3273 1628; x_wconf 86' lang='grc' dir='ltr'>βούλεσθαι</span> <span class='ocrx_word' id='word_1_167' title='bbox 3294 1561 3389 1612; x_wconf 74' lang='grc' dir='ltr'><strong>καὶ</strong></span> <span class='ocrx_word' id='word_1_168' title='bbox 3414 1559 3617 1631; x_wconf 74' lang='grc' dir='ltr'>κρίνειν</span> <span class='ocrx_word' id='word_1_169' title='bbox 3648 1563 3705 1613; x_wconf 82' lang='grc' dir='ltr'>ὲν</span> <span class='ocrx_word' id='word_1_170' title='bbox 3729 1562 3933 1632; x_wconf 80' lang='grc' dir='ltr'>χρόνῳ</span> 
     </span>
    </p>
   </div>
   <div class='ocr_carea' id='block_1_29' title="bbox 2333 1645 3932 1719">
    <p class='ocr_par' dir='ltr' id='par_1_29' title="bbox 2333 1645 3932 1719">
     <span class='ocr_line' id='line_1_29' title="bbox 2333 1645 3932 1719; baseline 0.004 -23"><span class='ocrx_word' id='word_1_171' title='bbox 2333 1645 2549 1707; x_wconf 82' lang='grc' dir='ltr'>πάντως</span> <span class='ocrx_word' id='word_1_172' title='bbox 2597 1646 2742 1698; x_wconf 84' lang='grc' dir='ltr'>ὲστί·</span> <span class='ocrx_word' id='word_1_173' title='bbox 2786 1648 2993 1718; x_wconf 79' lang='grc' dir='ltr'>χρόνων</span> <span class='ocrx_word' id='word_1_174' title='bbox 3024 1649 3080 1701; x_wconf 83' lang='grc' dir='ltr'><strong>δὲ</strong></span> <span class='ocrx_word' id='word_1_175' title='bbox 3127 1649 3354 1719; x_wconf 83' lang='grc' dir='ltr'>ποιητὴς</span> <span class='ocrx_word' id='word_1_176' title='bbox 3393 1650 3421 1702; x_wconf 89' lang='lat'><strong>6</strong></span> <span class='ocrx_word' id='word_1_177' title='bbox 3462 1650 3609 1713; x_wconf 81' lang='grc' dir='ltr'>Υἱός.</span> <span class='ocrx_word' id='word_1_178' title='bbox 3658 1651 3791 1714; x_wconf 85' lang='grc' dir='ltr'><strong>Πῶς</strong></span> <span class='ocrx_word' id='word_1_179' title='bbox 3824 1647 3932 1705; x_wconf 75' lang='grc' dir='ltr'>οὖν</span> 
     </span>
    </p>
   </div>
   <div class='ocr_carea' id='block_1_30' title="bbox 2332 1733 3931 1809">
    <p class='ocr_par' dir='ltr' id='par_1_30' title="bbox 2332 1733 3931 1809">
     <span class='ocr_line' id='line_1_30' title="bbox 2332 1733 3931 1809; baseline 0.005 -23"><span class='ocrx_word' id='word_1_180' title='bbox 2332 1733 2485 1788; x_wconf 79' lang='grc' dir='ltr'>ἔσται</span> <span class='ocrx_word' id='word_1_181' title='bbox 2528 1734 2588 1787; x_wconf 81' lang='grc' dir='ltr'>τὸ</span> <span class='ocrx_word' id='word_1_182' title='bbox 2638 1735 2846 1807; x_wconf 85' lang='grc' dir='ltr'>ποίημα</span> <span class='ocrx_word' id='word_1_183' title='bbox 2887 1738 2989 1807; x_wconf 79' lang='grc' dir='ltr'><strong>πρὸ</strong></span> <span class='ocrx_word' id='word_1_184' title='bbox 3022 1740 3114 1792; x_wconf 86' lang='grc' dir='ltr'><strong>τοῦ</strong></span> <span class='ocrx_word' id='word_1_185' title='bbox 3156 1738 3414 1809; x_wconf 84' lang='grc' dir='ltr'>ποιητοῦ;</span> <span class='ocrx_word' id='word_1_186' title='bbox 3460 1741 3523 1793; x_wconf 77' lang='lat' dir='ltr'><strong>Ei</strong></span> <span class='ocrx_word' id='word_1_187' title='bbox 3556 1740 3612 1794; x_wconf 85' lang='grc' dir='ltr'><strong>δὲ</strong></span> <span class='ocrx_word' id='word_1_188' title='bbox 3654 1740 3931 1794; x_wconf 84' lang='grc' dir='ltr'>σύνθετον</span> 
     </span>
    </p>
   </div>
   <div class='ocr_carea' id='block_1_31' title="bbox 652 1822 2223 1900">
    <p class='ocr_par' dir='ltr' id='par_1_31' title="bbox 652 1826 2223 1896">
     <span class='ocr_line' id='line_1_31' title="bbox 652 1826 2223 1896; baseline 0.004 -17"><span class='ocrx_word' id='word_1_189' title='bbox 652 1826 707 1879; x_wconf 88' lang='lat' dir='ltr'><strong>Si</strong></span> <span class='ocrx_word' id='word_1_190' title='bbox 752 1841 877 1879; x_wconf 89' lang='lat' dir='ltr'><strong>vero</strong></span> <span class='ocrx_word' id='word_1_191' title='bbox 910 1828 1265 1896; x_wconf 88' lang='lat' dir='ltr'><strong>compositum</strong></span> <span class='ocrx_word' id='word_1_192' title='bbox 1324 1828 1651 1881; x_wconf 83' lang='lat' dir='ltr'><strong>existimatis</strong></span> <span class='ocrx_word' id='word_1_193' title='bbox 1710 1827 1823 1881; x_wconf 84' lang='lat' dir='ltr'><strong>ﬁeri</strong></span> <span class='ocrx_word' id='word_1_194' title='bbox 1879 1829 2070 1893; x_wconf 89' lang='lat' dir='ltr'><strong>Deum,</strong></span> <span class='ocrx_word' id='word_1_195' title='bbox 2112 1830 2223 1885; x_wconf 83' lang='lat' dir='ltr'><strong>ideo</strong></span> 
     </span>
    </p>
   </div>
   <div class='ocr_carea' id='block_1_32' title="bbox 2329 1822 3927 1900">
    <p class='ocr_par' dir='ltr' id='par_1_32' title="bbox 2333 1822 3927 1900">
     <span class='ocr_line' id='line_1_32' title="bbox 2333 1822 3927 1900; baseline 0.005 -24"><span class='ocrx_word' id='word_1_196' title='bbox 2333 1822 2508 1877; x_wconf 77' lang='grc' dir='ltr'>οἴεσθε</span> <span class='ocrx_word' id='word_1_197' title='bbox 2540 1825 2784 1892; x_wconf 83' lang='grc' dir='ltr'>γίνεσθαι</span> <span class='ocrx_word' id='word_1_198' title='bbox 2813 1826 2945 1880; x_wconf 82' lang='grc' dir='ltr'>Θεὸν</span> <span class='ocrx_word' id='word_1_199' title='bbox 2973 1828 3057 1881; x_wconf 83' lang='grc' dir='ltr'>διὰ</span> <span class='ocrx_word' id='word_1_200' title='bbox 3100 1829 3159 1881; x_wconf 83' lang='grc' dir='ltr'>τὸ</span> <span class='ocrx_word' id='word_1_201' title='bbox 3188 1830 3347 1897; x_wconf 80' lang='grc' dir='ltr'>φύσιν</span> <span class='ocrx_word' id='word_1_202' title='bbox 3389 1829 3531 1899; x_wconf 76' lang='grc' dir='ltr'>ἔχειν</span> <span class='ocrx_word' id='word_1_203' title='bbox 3575 1831 3669 1884; x_wconf 76' lang='grc' dir='ltr'>καὶ</span> <span class='ocrx_word' id='word_1_204' title='bbox 3704 1832 3927 1900; x_wconf 82' lang='grc' dir='ltr'>κρίσιν,</span> 
     </span>
    </p>
   </div>
   <div class='ocr_carea' id='block_1_33' title="bbox 650 1917 2225 1985">
    <p class='ocr_par' dir='ltr' id='par_1_33' title="bbox 650 1917 2225 1985">
     <span class='ocr_line' id='line_1_33' title="bbox 650 1917 2225 1985; baseline 0.004 -17"><span class='ocrx_word' id='word_1_205' title='bbox 650 1917 793 1983; x_wconf 89' lang='lat' dir='ltr'><strong>quod</strong></span> <span class='ocrx_word' id='word_1_206' title='bbox 826 1926 1075 1969; x_wconf 87' lang='lat' dir='ltr'><strong>naturam</strong></span> <span class='ocrx_word' id='word_1_207' title='bbox 1102 1919 1320 1982; x_wconf 84' lang='lat' dir='ltr'><strong>habeat,</strong></span> <span class='ocrx_word' id='word_1_208' title='bbox 1351 1928 1404 1971; x_wconf 91' lang='lat' dir='ltr'><strong>et</strong></span> <span class='ocrx_word' id='word_1_209' title='bbox 1428 1917 1711 1985; x_wconf 86' lang='lat' dir='ltr'><strong>judicium,</strong></span> <span class='ocrx_word' id='word_1_210' title='bbox 1735 1920 1849 1973; x_wconf 83' lang='lat' dir='ltr'><strong>sive</strong></span> <span class='ocrx_word' id='word_1_211' title='bbox 1876 1920 2225 1985; x_wconf 85' lang='lat' dir='ltr'><strong>voluntatem,</strong></span> 
     </span>
    </p>
   </div>
   <div class='ocr_carea' id='block_1_34' title="bbox 651 2006 2229 2075">
    <p class='ocr_par' dir='ltr' id='par_1_34' title="bbox 651 2006 2229 2075">
     <span class='ocr_line' id='line_1_34' title="bbox 651 2006 2229 2075; baseline 0.003 -16"><span class='ocrx_word' id='word_1_212' title='bbox 651 2007 830 2061; x_wconf 77' lang='lat' dir='ltr'><strong>videte</strong></span> <span class='ocrx_word' id='word_1_213' title='bbox 856 2010 1016 2060; x_wconf 90' lang='lat' dir='ltr'><strong>etiam</strong></span> <span class='ocrx_word' id='word_1_214' title='bbox 1050 2009 1151 2062; x_wconf 87' lang='lat' dir='ltr'><strong>hoc</strong></span> <span class='ocrx_word' id='word_1_215' title='bbox 1185 2025 1199 2061; x_wconf 89' lang='lat'><strong>:</strong></span> <span class='ocrx_word' id='word_1_216' title='bbox 1230 2006 1391 2060; x_wconf 89' lang='lat' dir='ltr'><strong>Pater</strong></span> <span class='ocrx_word' id='word_1_217' title='bbox 1429 2018 1649 2075; x_wconf 79' lang='lat' dir='ltr'><strong>generat</strong></span> <span class='ocrx_word' id='word_1_218' title='bbox 1680 2009 1997 2063; x_wconf 87' lang='lat' dir='ltr'><strong>naturaliter</strong></span> <span class='ocrx_word' id='word_1_219' title='bbox 2025 2027 2042 2073; x_wconf 86' lang='lat'><strong>;</strong></span> <span class='ocrx_word' id='word_1_220' title='bbox 2079 2020 2229 2065; x_wconf 90' lang='lat' dir='ltr'><strong>creat</strong></span> 
     </span>
    </p>
   </div>
   <div class='ocr_carea' id='block_1_35' title="bbox 652 2096 2230 2175">
    <p class='ocr_par' dir='ltr' id='par_1_35' title="bbox 652 2096 2230 2175">
     <span class='ocr_line' id='line_1_35' title="bbox 652 2096 2230 2175; baseline 0.004 -28"><span class='ocrx_word' id='word_1_221' title='bbox 652 2106 830 2149; x_wconf 88' lang='lat' dir='ltr'><strong>autem</strong></span> <span class='ocrx_word' id='word_1_222' title='bbox 863 2111 958 2165; x_wconf 90' lang='lat' dir='ltr'><strong>per</strong></span> <span class='ocrx_word' id='word_1_223' title='bbox 983 2096 1176 2175; x_wconf 73' lang='lat' dir='ltr'><strong>Filium</strong></span> <span class='ocrx_word' id='word_1_224' title='bbox 1208 2107 1473 2167; x_wconf 83' lang='lat' dir='ltr'><strong>quatenus</strong></span> <span class='ocrx_word' id='word_1_225' title='bbox 1500 2098 1698 2165; x_wconf 79' lang='lat' dir='ltr'><strong>opifex.</strong></span> <span class='ocrx_word' id='word_1_226' title='bbox 1728 2097 1911 2166; x_wconf 82' lang='lat' dir='ltr'><strong>Neque</strong></span> <span class='ocrx_word' id='word_1_227' title='bbox 1935 2100 2054 2153; x_wconf 87' lang='lat' dir='ltr'><strong>ideo</strong></span> <span class='ocrx_word' id='word_1_228' title='bbox 2083 2115 2230 2155; x_wconf 90' lang='lat' dir='ltr'><strong>com-</strong></span> 
     </span>
    </p>
   </div>
   <div class='ocr_carea' id='block_1_36' title="bbox 651 2187 2226 2254">
    <p class='ocr_par' dir='ltr' id='par_1_36' title="bbox 651 2187 2226 2254">
     <span class='ocr_line' id='line_1_36' title="bbox 651 2187 2226 2254; baseline 0.003 -14"><span class='ocrx_word' id='word_1_229' title='bbox 651 2188 858 2254; x_wconf 91' lang='lat' dir='ltr'><strong>positus</strong></span> <span class='ocrx_word' id='word_1_230' title='bbox 901 2196 1021 2241; x_wconf 90' lang='lat' dir='ltr'><strong>est:</strong></span> <span class='ocrx_word' id='word_1_231' title='bbox 1062 2187 1221 2241; x_wconf 91' lang='lat' dir='ltr'><strong>unius</strong></span> <span class='ocrx_word' id='word_1_232' title='bbox 1250 2187 1393 2241; x_wconf 92' lang='lat' dir='ltr'><strong>enim</strong></span> <span class='ocrx_word' id='word_1_233' title='bbox 1449 2197 1654 2241; x_wconf 72' lang='lat' dir='ltr'><strong>natum-</strong></span> <span class='ocrx_word' id='word_1_234' title='bbox 1710 2187 1932 2243; x_wconf 74' lang='lat' dir='ltr'><strong>elTectns</strong></span> <span class='ocrx_word' id='word_1_235' title='bbox 1983 2189 2034 2243; x_wconf 88' lang='lat' dir='ltr'><strong>hi</strong></span> <span class='ocrx_word' id='word_1_236' title='bbox 2079 2199 2226 2244; x_wconf 91' lang='lat' dir='ltr'><strong>sunt.</strong></span> 
     </span>
    </p>
   </div>
   <div class='ocr_carea' id='block_1_37' title="bbox 651 2278 2229 2344">
    <p class='ocr_par' dir='ltr' id='par_1_37' title="bbox 651 2278 2229 2344">
     <span class='ocr_line' id='line_1_37' title="bbox 651 2278 2229 2344; baseline 0.001 -12"><span class='ocrx_word' id='word_1_237' title='bbox 651 2278 853 2332; x_wconf 88' lang='lat' dir='ltr'><strong>Eadem</strong></span> <span class='ocrx_word' id='word_1_238' title='bbox 905 2293 1030 2332; x_wconf 84' lang='lat' dir='ltr'><strong>vero</strong></span> <span class='ocrx_word' id='word_1_239' title='bbox 1060 2278 1198 2333; x_wconf 90' lang='lat' dir='ltr'><strong>ratio</strong></span> <span class='ocrx_word' id='word_1_240' title='bbox 1245 2288 1327 2333; x_wconf 89' lang='lat' dir='ltr'><strong>est</strong></span> <span class='ocrx_word' id='word_1_241' title='bbox 1362 2278 1487 2331; x_wconf 89' lang='lat' dir='ltr'><strong>boni</strong></span> <span class='ocrx_word' id='word_1_242' title='bbox 1518 2320 1532 2344; x_wconf 95' lang='lat'><strong>,</strong></span> <span class='ocrx_word' id='word_1_243' title='bbox 1579 2279 1900 2332; x_wconf 86' lang='lat' dir='ltr'><strong>immortalis</strong></span> <span class='ocrx_word' id='word_1_244' title='bbox 1944 2288 1998 2334; x_wconf 91' lang='lat' dir='ltr'><strong>et</strong></span> <span class='ocrx_word' id='word_1_245' title='bbox 2047 2280 2229 2334; x_wconf 84' lang='lat' dir='ltr'><strong>invisi-</strong></span> 
     </span>
    </p>
   </div>
   <div class='ocr_carea' id='block_1_38' title="bbox 653 2368 2230 2438">
    <p class='ocr_par' dir='ltr' id='par_1_38' title="bbox 653 2368 2230 2438">
     <span class='ocr_line' id='line_1_38' title="bbox 653 2368 2230 2438; baseline 0.001 -17"><span class='ocrx_word' id='word_1_246' title='bbox 653 2369 793 2429; x_wconf 87' lang='lat' dir='ltr'><strong>bilis,</strong></span> <span class='ocrx_word' id='word_1_247' title='bbox 850 2377 1013 2436; x_wconf 88' lang='lat' dir='ltr'><strong>atque</strong></span> <span class='ocrx_word' id='word_1_248' title='bbox 1060 2368 1285 2423; x_wconf 87' lang='lat' dir='ltr'><strong>aliorum</strong></span> <span class='ocrx_word' id='word_1_249' title='bbox 1331 2369 1662 2437; x_wconf 82' lang='lat' dir='ltr'><strong>ejuscentodi</strong></span> <span class='ocrx_word' id='word_1_250' title='bbox 1717 2385 1836 2438; x_wconf 67' lang='lat' dir='ltr'><strong>qua:</strong></span> <span class='ocrx_word' id='word_1_251' title='bbox 1883 2368 2076 2424; x_wconf 73' lang='lat' dir='ltr'><strong>divina:</strong></span> <span class='ocrx_word' id='word_1_252' title='bbox 2132 2387 2230 2423; x_wconf 85' lang='lat' dir='ltr'><strong>tta-</strong></span> 
     </span>
    </p>
   </div>
   <div class='ocr_carea' id='block_1_39' title="bbox 653 2457 1033 2511">
    <p class='ocr_par' dir='ltr' id='par_1_39' title="bbox 653 2457 1033 2511">
     <span class='ocr_line' id='line_1_39' title="bbox 653 2457 1033 2511; baseline 0 -1"><span class='ocrx_word' id='word_1_253' title='bbox 653 2468 784 2511; x_wconf 71' lang='lat' dir='ltr'><strong>tnra:</strong></span> <span class='ocrx_word' id='word_1_254' title='bbox 824 2457 1033 2511; x_wconf 89' lang='lat' dir='ltr'><strong>insunt.</strong></span> 
     </span>
    </p>
   </div>
   <div class='ocr_carea' id='block_1_40' title="bbox 1318 2571 1544 2627">
    <p class='ocr_par' dir='ltr' id='par_1_40' title="bbox 1318 2571 1544 2627">
     <span class='ocr_line' id='line_1_40' title="bbox 1318 2571 1544 2627; baseline 0 -3"><span class='ocrx_word' id='word_1_255' title='bbox 1318 2571 1544 2627; x_wconf 87' lang='lat' dir='ltr'><strong>ALIUD.</strong></span> 
     </span>
    </p>
   </div>
   <div class='ocr_carea' id='block_1_41' title="bbox 1048 2682 1742 2752">
    <p class='ocr_par' dir='ltr' id='par_1_41' title="bbox 1048 2682 1742 2752">
     <span class='ocr_line' id='line_1_41' title="bbox 1048 2682 1742 2752; baseline 0.007 -17"><span class='ocrx_word' id='word_1_256' title='bbox 1048 2682 1132 2736; x_wconf 79' lang='lat' dir='ltr'><strong>Ex</strong></span> <span class='ocrx_word' id='word_1_257' title='bbox 1158 2683 1442 2752; x_wconf 82' lang='lat' dir='ltr'><strong>objectione</strong></span> <span class='ocrx_word' id='word_1_258' title='bbox 1474 2685 1742 2740; x_wconf 78' lang='lat' dir='ltr'><strong>Eunomii.</strong></span> 
     </span>
    </p>
   </div>
   <div class='ocr_carea' id='block_1_42' title="bbox 722 2793 2232 2867">
    <p class='ocr_par' dir='ltr' id='par_1_42' title="bbox 722 2793 2232 2867">
     <span class='ocr_line' id='line_1_42' title="bbox 722 2793 2232 2867; baseline 0.004 -19"><span class='ocrx_word' id='word_1_259' title='bbox 722 2793 896 2848; x_wconf 88' lang='lat' dir='ltr'><strong>Dicite</strong></span> <span class='ocrx_word' id='word_1_260' title='bbox 934 2794 1107 2859; x_wconf 88' lang='lat' dir='ltr'><strong>nobis,</strong></span> <span class='ocrx_word' id='word_1_261' title='bbox 1139 2795 1331 2864; x_wconf 90' lang='lat' dir='ltr'><strong>inquit,</strong></span> <span class='ocrx_word' id='word_1_262' title='bbox 1381 2811 1498 2861; x_wconf 82' lang='lat' dir='ltr'><strong>vos,</strong></span> <span class='ocrx_word' id='word_1_263' title='bbox 1536 2798 1627 2867; x_wconf 92' lang='lat' dir='ltr'><strong>qui</strong></span> <span class='ocrx_word' id='word_1_264' title='bbox 1671 2799 1869 2854; x_wconf 89' lang='lat' dir='ltr'><strong>Filium</strong></span> <span class='ocrx_word' id='word_1_265' title='bbox 1913 2798 2075 2853; x_wconf 82' lang='lat' dir='ltr'><strong>vultis</strong></span> <span class='ocrx_word' id='word_1_266' title='bbox 2111 2813 2232 2855; x_wconf 91' lang='lat' dir='ltr'><strong>esse</strong></span> 
     </span>
    </p>
   </div>
   <div class='ocr_carea' id='block_1_43' title="bbox 652 2885 2229 2956">
    <p class='ocr_par' dir='ltr' id='par_1_43' title="bbox 652 2885 2229 2956">
     <span class='ocr_line' id='line_1_43' title="bbox 652 2885 2229 2956; baseline 0.001 -15"><span class='ocrx_word' id='word_1_267' title='bbox 652 2885 992 2956; x_wconf 86' lang='lat' dir='ltr'><strong>splendorem</strong></span> <span class='ocrx_word' id='word_1_268' title='bbox 1052 2886 1251 2952; x_wconf 87' lang='lat' dir='ltr'><strong>Patris,</strong></span> <span class='ocrx_word' id='word_1_269' title='bbox 1294 2888 1551 2956; x_wconf 85' lang='lat' dir='ltr'><strong>quidnam</strong></span> <span class='ocrx_word' id='word_1_270' title='bbox 1588 2889 1931 2944; x_wconf 82' lang='lat' dir='ltr'><strong>existimatis.</strong></span> <span class='ocrx_word' id='word_1_271' title='bbox 1963 2889 2229 2954; x_wconf 71' lang='lat' dir='ltr'><strong>Quaestio-</strong></span> 
     </span>
    </p>
   </div>
   <div class='ocr_carea' id='block_1_44' title="bbox 652 2978 2227 3048">
    <p class='ocr_par' dir='ltr' id='par_1_44' title="bbox 652 2978 2227 3048">
     <span class='ocr_line' id='line_1_44' title="bbox 652 2978 2227 3048; baseline -0.001 -15"><span class='ocrx_word' id='word_1_272' title='bbox 652 2978 736 3033; x_wconf 91' lang='lat' dir='ltr'><strong>nis</strong></span> <span class='ocrx_word' id='word_1_273' title='bbox 762 2987 941 3033; x_wconf 91' lang='lat' dir='ltr'><strong>autem</strong></span> <span class='ocrx_word' id='word_1_274' title='bbox 972 2978 1107 3032; x_wconf 85' lang='lat' dir='ltr'><strong>ratio</strong></span> <span class='ocrx_word' id='word_1_275' title='bbox 1137 2980 1250 3033; x_wconf 72' lang='lat' dir='ltr'><strong>btet;</strong></span> <span class='ocrx_word' id='word_1_276' title='bbox 1266 2987 1385 3033; x_wconf 91' lang='lat' dir='ltr'><strong>est:</strong></span> <span class='ocrx_word' id='word_1_277' title='bbox 1419 2978 1641 3040; x_wconf 86' lang='lat' dir='ltr'><strong>Lumen,</strong></span> <span class='ocrx_word' id='word_1_278' title='bbox 1662 2979 1778 3033; x_wconf 71' lang='lat' dir='ltr'><strong>sive</strong></span> <span class='ocrx_word' id='word_1_279' title='bbox 1808 2979 1967 3048; x_wconf 79' lang='lat' dir='ltr'><strong>ignis,</strong></span> <span class='ocrx_word' id='word_1_280' title='bbox 1996 2979 2227 3046; x_wconf 81' lang='lat' dir='ltr'><strong>exempli</strong></span> 
     </span>
    </p>
   </div>
   <div class='ocr_carea' id='block_1_45' title="bbox 649 3068 2232 3139">
    <p class='ocr_par' dir='ltr' id='par_1_45' title="bbox 649 3068 2232 3139">
     <span class='ocr_line' id='line_1_45' title="bbox 649 3068 2232 3139; baseline 0.001 -17"><span class='ocrx_word' id='word_1_281' title='bbox 649 3068 843 3139; x_wconf 83' lang='lat' dir='ltr'><strong>gratia,</strong></span> <span class='ocrx_word' id='word_1_282' title='bbox 861 3069 912 3121; x_wconf 94' lang='lat' dir='ltr'><strong>in</strong></span> <span class='ocrx_word' id='word_1_283' title='bbox 930 3068 1146 3123; x_wconf 86' lang='lat' dir='ltr'><strong>lucerna</strong></span> <span class='ocrx_word' id='word_1_284' title='bbox 1165 3071 1389 3137; x_wconf 90' lang='lat' dir='ltr'><strong>positus,</strong></span> <span class='ocrx_word' id='word_1_285' title='bbox 1414 3069 1681 3123; x_wconf 80' lang='lat' dir='ltr'><strong>exteriora</strong></span> <span class='ocrx_word' id='word_1_286' title='bbox 1695 3069 1805 3139; x_wconf 79' lang='lat'><strong>60</strong></span> <span class='ocrx_word' id='word_1_287' title='bbox 1820 3070 2101 3135; x_wconf 89' lang='lat' dir='ltr'><strong>iliuminat;</strong></span> <span class='ocrx_word' id='word_1_288' title='bbox 2118 3070 2232 3138; x_wconf 89' lang='lat' dir='ltr'><strong>ipse</strong></span> 
     </span>
    </p>
   </div>
   <div class='ocr_carea' id='block_1_46' title="bbox 2330 1914 3928 1992">
    <p class='ocr_par' dir='ltr' id='par_1_46' title="bbox 2330 1914 3928 1992">
     <span class='ocr_line' id='line_1_46' title="bbox 2330 1914 3928 1992; baseline 0.005 -27"><span class='ocrx_word' id='word_1_289' title='bbox 2330 1914 2447 1984; x_wconf 74' lang='grc' dir='ltr'>ἦτοι</span> <span class='ocrx_word' id='word_1_290' title='bbox 2493 1914 2729 1985; x_wconf 83' lang='grc' dir='ltr'>θέλησιν,</span> <span class='ocrx_word' id='word_1_291' title='bbox 2775 1918 2934 1987; x_wconf 84' lang='grc' dir='ltr'>ὁρᾶτε</span> <span class='ocrx_word' id='word_1_292' title='bbox 2970 1920 3060 1972; x_wconf 81' lang='grc' dir='ltr'>καὶ</span> <span class='ocrx_word' id='word_1_293' title='bbox 3096 1919 3284 1972; x_wconf 84' lang='grc' dir='ltr'>τοῦτο·</span> <span class='ocrx_word' id='word_1_294' title='bbox 3338 1921 3489 1991; x_wconf 85' lang='grc' dir='ltr'>Ἔχει</span> <span class='ocrx_word' id='word_1_295' title='bbox 3534 1921 3594 1973; x_wconf 82' lang='grc' dir='ltr'>τὸ</span> <span class='ocrx_word' id='word_1_296' title='bbox 3643 1923 3849 1992; x_wconf 80' lang='grc' dir='ltr'>γεννᾷν</span> <span class='ocrx_word' id='word_1_297' title='bbox 3894 1923 3928 1973; x_wconf 88' lang='lat'><strong>6</strong></span> 
     </span>
    </p>
   </div>
   <div class='ocr_carea' id='block_1_47' title="bbox 2330 2005 3926 2082">
    <p class='ocr_par' dir='ltr' id='par_1_47' title="bbox 2330 2005 3926 2082">
     <span class='ocr_line' id='line_1_47' title="bbox 2330 2005 3926 2082; baseline 0.003 -24"><span class='ocrx_word' id='word_1_298' title='bbox 2330 2005 2521 2077; x_wconf 82' lang='grc' dir='ltr'>Πατὴρ</span> <span class='ocrx_word' id='word_1_299' title='bbox 2543 2006 2807 2073; x_wconf 75' lang='grc' dir='ltr'>φυσικῶς,</span> <span class='ocrx_word' id='word_1_300' title='bbox 2832 2006 2944 2077; x_wconf 79' lang='grc' dir='ltr'>ἔχει</span> <span class='ocrx_word' id='word_1_301' title='bbox 2970 2010 3064 2061; x_wconf 74' lang='grc' dir='ltr'><strong>καὶ</strong></span> <span class='ocrx_word' id='word_1_302' title='bbox 3087 2008 3147 2061; x_wconf 85' lang='grc' dir='ltr'>τὸ</span> <span class='ocrx_word' id='word_1_303' title='bbox 3176 2009 3379 2073; x_wconf 80' lang='grc' dir='ltr'>κτίζειν</span> <span class='ocrx_word' id='word_1_304' title='bbox 3401 2011 3467 2064; x_wconf 87' lang='grc' dir='ltr'>δι’</span> <span class='ocrx_word' id='word_1_305' title='bbox 3495 2011 3625 2064; x_wconf 78' lang='grc' dir='ltr'>Υἱοῦ</span> <span class='ocrx_word' id='word_1_306' title='bbox 3646 2013 3710 2082; x_wconf 88' lang='grc' dir='ltr'>δη</span> <span class='ocrx_word' id='word_1_307' title='bbox 3720 2029 3926 2082; x_wconf 76' lang='grc' dir='ltr'>μιουρ-</span> 
     </span>
    </p>
   </div>
   <div class='ocr_carea' id='block_1_48' title="bbox 2342 2095 3926 2172">
    <p class='ocr_par' dir='ltr' id='par_1_48' title="bbox 2342 2095 3926 2172">
     <span class='ocr_line' id='line_1_48' title="bbox 2342 2095 3926 2172; baseline 0.004 -23"><span class='ocrx_word' id='word_1_308' title='bbox 2342 2095 2535 2163; x_wconf 82' lang='grc' dir='ltr'>γικῶς,</span> <span class='ocrx_word' id='word_1_309' title='bbox 2569 2096 2659 2149; x_wconf 78' lang='grc' dir='ltr'>καὶ</span> <span class='ocrx_word' id='word_1_310' title='bbox 2684 2098 2744 2148; x_wconf 86' lang='grc' dir='ltr'>οὑ</span> <span class='ocrx_word' id='word_1_311' title='bbox 2777 2097 2927 2167; x_wconf 81' lang='grc' dir='ltr'>παρὰ</span> <span class='ocrx_word' id='word_1_312' title='bbox 2955 2098 3112 2153; x_wconf 87' lang='grc' dir='ltr'>τοῦτο</span> <span class='ocrx_word' id='word_1_313' title='bbox 3146 2100 3397 2164; x_wconf 87' lang='grc' dir='ltr'>σύνθετός</span> <span class='ocrx_word' id='word_1_314' title='bbox 3426 2103 3572 2155; x_wconf 79' lang='grc' dir='ltr'>ἐστι·</span> <span class='ocrx_word' id='word_1_315' title='bbox 3626 2105 3756 2172; x_wconf 82' lang='grc' dir='ltr'>μιᾶς</span> <span class='ocrx_word' id='word_1_316' title='bbox 3802 2105 3926 2171; x_wconf 79' lang='grc' dir='ltr'><strong>γὰρ</strong></span> 
     </span>
    </p>
   </div>
   <div class='ocr_carea' id='block_1_49' title="bbox 2332 2182 3925 2263">
    <p class='ocr_par' dir='ltr' id='par_1_49' title="bbox 2332 2182 3925 2263">
     <span class='ocr_line' id='line_1_49' title="bbox 2332 2182 3925 2263; baseline 0.007 -29"><span class='ocrx_word' id='word_1_317' title='bbox 2332 2182 2543 2250; x_wconf 78' lang='grc' dir='ltr'>φύσεως</span> <span class='ocrx_word' id='word_1_318' title='bbox 2589 2184 2657 2237; x_wconf 85' lang='grc' dir='ltr'>τὰ</span> <span class='ocrx_word' id='word_1_319' title='bbox 2700 2187 2923 2241; x_wconf 86' lang='grc' dir='ltr'>τοιαῦτα</span> <span class='ocrx_word' id='word_1_320' title='bbox 2962 2190 3192 2260; x_wconf 86' lang='grc' dir='ltr'>καρπός.</span> <span class='ocrx_word' id='word_1_321' title='bbox 3243 2191 3301 2244; x_wconf 89' lang='grc' dir='ltr'>Ὀ</span> <span class='ocrx_word' id='word_1_322' title='bbox 3345 2192 3400 2245; x_wconf 87' lang='grc' dir='ltr'><strong>δὲ</strong></span> <span class='ocrx_word' id='word_1_323' title='bbox 3443 2192 3605 2255; x_wconf 81' lang='grc' dir='ltr'>αὐτὸς</span> <span class='ocrx_word' id='word_1_324' title='bbox 3642 2193 3925 2263; x_wconf 80' lang='grc' dir='ltr'>κρατήσει</span> 
     </span>
    </p>
   </div>
   <div class='ocr_carea' id='block_1_50' title="bbox 2332 2274 3922 2356">
    <p class='ocr_par' dir='ltr' id='par_1_50' title="bbox 2332 2274 3922 2356">
     <span class='ocr_line' id='line_1_50' title="bbox 2332 2274 3922 2356; baseline 0.007 -31"><span class='ocrx_word' id='word_1_325' title='bbox 2332 2274 2489 2343; x_wconf 85' lang='grc' dir='ltr'>λόγος</span> <span class='ocrx_word' id='word_1_326' title='bbox 2518 2276 2609 2329; x_wconf 82' lang='grc' dir='ltr'>ὲπί</span> <span class='ocrx_word' id='word_1_327' title='bbox 2635 2295 2693 2329; x_wconf 89' lang='grc' dir='ltr'><strong>τε</strong></span> <span class='ocrx_word' id='word_1_328' title='bbox 2726 2279 2819 2331; x_wconf 79' lang='grc' dir='ltr'><strong>τοῦ</strong></span> <span class='ocrx_word' id='word_1_329' title='bbox 2854 2280 3058 2348; x_wconf 77' lang='grc' dir='ltr'>ἀγαθοῦ</span> <span class='ocrx_word' id='word_1_330' title='bbox 3090 2283 3183 2335; x_wconf 81' lang='grc' dir='ltr'>καὶ</span> <span class='ocrx_word' id='word_1_331' title='bbox 3217 2283 3497 2356; x_wconf 80' lang='grc' dir='ltr'><strong>ἀφθάρτου</strong></span> <span class='ocrx_word' id='word_1_332' title='bbox 3528 2285 3624 2337; x_wconf 71' lang='grc' dir='ltr'><strong>καὶ</strong></span> <span class='ocrx_word' id='word_1_333' title='bbox 3649 2284 3922 2354; x_wconf 78' lang='grc' dir='ltr'>ἀοράτου,</span> 
     </span>
    </p>
   </div>
   <div class='ocr_carea' id='block_1_51' title="bbox 2333 2367 3290 2443">
    <p class='ocr_par' dir='ltr' id='par_1_51' title="bbox 2333 2367 3290 2443">
     <span class='ocr_line' id='line_1_51' title="bbox 2333 2367 3290 2443; baseline 0.009 -25"><span class='ocrx_word' id='word_1_334' title='bbox 2333 2367 2424 2419; x_wconf 76' lang='grc' dir='ltr'>καὶ</span> <span class='ocrx_word' id='word_1_335' title='bbox 2448 2367 2545 2421; x_wconf 82' lang='grc' dir='ltr'>ὅσα</span> <span class='ocrx_word' id='word_1_336' title='bbox 2579 2368 2837 2437; x_wconf 87' lang='grc' dir='ltr'>πρόσεστι</span> <span class='ocrx_word' id='word_1_337' title='bbox 2868 2375 2932 2443; x_wconf 83' lang='grc' dir='ltr'><strong>τῇ</strong></span> <span class='ocrx_word' id='word_1_338' title='bbox 2966 2371 3085 2443; x_wconf 75' lang='grc' dir='ltr'>θείᾳ</span> <span class='ocrx_word' id='word_1_339' title='bbox 3114 2373 3290 2441; x_wconf 80' lang='grc' dir='ltr'>φύσει.</span> 
     </span>
    </p>
   </div>
   <div class='ocr_carea' id='block_1_52' title="bbox 3008 2570 3211 2623">
    <p class='ocr_par' dir='ltr' id='par_1_52' title="bbox 3008 2570 3211 2623">
     <span class='ocr_line' id='line_1_52' title="bbox 3008 2570 3211 2623; baseline 0.01 -2"><span class='ocrx_word' id='word_1_340' title='bbox 3008 2570 3211 2623; x_wconf 77' lang='grc' dir='ltr'><strong>ΑΛΛΟ.</strong></span> 
     </span>
    </p>
   </div>
   <div class='ocr_carea' id='block_1_53' title="bbox 2598 2677 3670 2752">
    <p class='ocr_par' dir='ltr' id='par_1_53' title="bbox 2598 2677 3670 2752">
     <span class='ocr_line' id='line_1_53' title="bbox 2598 2677 3670 2752; baseline 0.009 -24"><span class='ocrx_word' id='word_1_341' title='bbox 2598 2677 2687 2742; x_wconf 83' lang='grc' dir='ltr'>Ὡς</span> <span class='ocrx_word' id='word_1_342' title='bbox 2719 2677 2788 2740; x_wconf 80' lang='grc' dir='ltr'><strong>ἐξ</strong></span> <span class='ocrx_word' id='word_1_343' title='bbox 2818 2678 3177 2745; x_wconf 75' lang='grc' dir='ltr'>ἀντιθέσεως</span> <span class='ocrx_word' id='word_1_344' title='bbox 3206 2681 3321 2733; x_wconf 80' lang='grc' dir='ltr'><strong>τῶν</strong></span> <span class='ocrx_word' id='word_1_345' title='bbox 3348 2682 3670 2752; x_wconf 77' lang='grc' dir='ltr'>Εὐνομίου.</span> 
     </span>
    </p>
   </div>
   <div class='ocr_carea' id='block_1_54' title="bbox 2405 2785 3921 2864">
    <p class='ocr_par' dir='ltr' id='par_1_54' title="bbox 2405 2785 3921 2864">
     <span class='ocr_line' id='line_1_54' title="bbox 2405 2785 3921 2864; baseline 0.011 -28"><span class='ocrx_word' id='word_1_346' title='bbox 2405 2785 2624 2850; x_wconf 80' lang='grc' dir='ltr'>Εἴπατε,</span> <span class='ocrx_word' id='word_1_347' title='bbox 2655 2789 2838 2857; x_wconf 72' lang='grc' dir='ltr'>φησὶν,</span> <span class='ocrx_word' id='word_1_348' title='bbox 2870 2792 3023 2859; x_wconf 77' lang='grc' dir='ltr'>ἡμῖν,</span> <span class='ocrx_word' id='word_1_349' title='bbox 3054 2792 3101 2843; x_wconf 81' lang='grc' dir='ltr'>οἱ</span> <span class='ocrx_word' id='word_1_350' title='bbox 3133 2792 3470 2863; x_wconf 79' lang='grc' dir='ltr'>ἀπαύγασμα</span> <span class='ocrx_word' id='word_1_351' title='bbox 3499 2796 3754 2864; x_wconf 83' lang='grc' dir='ltr'>λέγοντες</span> <span class='ocrx_word' id='word_1_352' title='bbox 3777 2794 3921 2852; x_wconf 73' lang='grc' dir='ltr'>εἶναι</span> 
     </span>
    </p>
   </div>
   <div class='ocr_carea' id='block_1_55' title="bbox 2332 2873 3921 2955">
    <p class='ocr_par' dir='ltr' id='par_1_55' title="bbox 2332 2873 3921 2955">
     <span class='ocr_line' id='line_1_55' title="bbox 2332 2873 3921 2955; baseline 0.012 -31"><span class='ocrx_word' id='word_1_353' title='bbox 2332 2873 2424 2925; x_wconf 85' lang='grc' dir='ltr'><strong>τοῦ</strong></span> <span class='ocrx_word' id='word_1_354' title='bbox 2457 2876 2668 2946; x_wconf 79' lang='grc' dir='ltr'>Πατρὸς</span> <span class='ocrx_word' id='word_1_355' title='bbox 2696 2878 2786 2930; x_wconf 83' lang='grc' dir='ltr'>τὸν</span> <span class='ocrx_word' id='word_1_356' title='bbox 2834 2879 2978 2941; x_wconf 82' lang='grc' dir='ltr'>Υίὸν,</span> <span class='ocrx_word' id='word_1_357' title='bbox 3007 2881 3060 2933; x_wconf 88' lang='grc' dir='ltr'><strong>τί</strong></span> <span class='ocrx_word' id='word_1_358' title='bbox 3102 2899 3231 2935; x_wconf 89' lang='grc' dir='ltr'>ποτε</span> <span class='ocrx_word' id='word_1_359' title='bbox 3272 2884 3379 2955; x_wconf 85' lang='grc' dir='ltr'><strong>ἀρα</strong></span> <span class='ocrx_word' id='word_1_360' title='bbox 3422 2884 3729 2954; x_wconf 81' lang='grc' dir='ltr'><strong>λογίζεσθε.</strong></span> <span class='ocrx_word' id='word_1_361' title='bbox 3771 2890 3830 2943; x_wconf 84' lang='lat'><strong>&#39;0</strong></span> <span class='ocrx_word' id='word_1_362' title='bbox 3858 2892 3921 2943; x_wconf 84' lang='grc' dir='ltr'><strong>δὲ</strong></span> 
     </span>
    </p>
   </div>
   <div class='ocr_carea' id='block_1_56' title="bbox 2332 2964 3914 3052">
    <p class='ocr_par' dir='ltr' id='par_1_56' title="bbox 2332 2964 3914 3052">
     <span class='ocr_line' id='line_1_56' title="bbox 2332 2964 3914 3052; baseline 0.012 -38"><span class='ocrx_word' id='word_1_363' title='bbox 2332 2964 2429 3032; x_wconf 82' lang='grc' dir='ltr'>τῆς</span> <span class='ocrx_word' id='word_1_364' title='bbox 2459 2966 2776 3036; x_wconf 76' lang='grc' dir='ltr'><strong>ἐρωτήσεως</strong></span> <span class='ocrx_word' id='word_1_365' title='bbox 2804 2970 3019 3040; x_wconf 81' lang='grc' dir='ltr'>τρόπος,</span> <span class='ocrx_word' id='word_1_366' title='bbox 3054 2964 3243 3037; x_wconf 74' lang='grc' dir='ltr'>οὗτος’</span> <span class='ocrx_word' id='word_1_367' title='bbox 3275 2974 3346 3028; x_wconf 88' lang='lat' dir='ltr'>T6</span> <span class='ocrx_word' id='word_1_368' title='bbox 3381 2976 3495 3044; x_wconf 80' lang='grc' dir='ltr'><strong>φῶς</strong></span> <span class='ocrx_word' id='word_1_369' title='bbox 3535 2979 3655 3050; x_wconf 76' lang='grc' dir='ltr'>ἦτοι</span> <span class='ocrx_word' id='word_1_370' title='bbox 3688 2979 3747 3033; x_wconf 81' lang='grc' dir='ltr'>τὸ</span> <span class='ocrx_word' id='word_1_371' title='bbox 3781 2981 3914 3052; x_wconf 90' lang='grc' dir='ltr'>πῦρ,</span> 
     </span>
    </p>
   </div>
   <div class='ocr_carea' id='block_1_57' title="bbox 2334 3054 3915 3137">
    <p class='ocr_par' dir='ltr' id='par_1_57' title="bbox 2334 3054 3915 3137">
     <span class='ocr_line' id='line_1_57' title="bbox 2334 3054 3915 3137; baseline 0.013 -32"><span class='ocrx_word' id='word_1_372' title='bbox 2334 3054 2464 3125; x_wconf 80' lang='grc' dir='ltr'>φέρε</span> <span class='ocrx_word' id='word_1_373' title='bbox 2496 3058 2690 3122; x_wconf 81' lang='grc' dir='ltr'>εἰπεῖν,</span> <span class='ocrx_word' id='word_1_374' title='bbox 2726 3059 2784 3110; x_wconf 82' lang='grc' dir='ltr'>ἐν</span> <span class='ocrx_word' id='word_1_375' title='bbox 2830 3059 3006 3131; x_wconf 83' lang='grc' dir='ltr'>λύχνῳ</span> <span class='ocrx_word' id='word_1_376' title='bbox 3044 3064 3292 3133; x_wconf 85' lang='grc' dir='ltr'>κείμενον</span> <span class='ocrx_word' id='word_1_377' title='bbox 3344 3068 3569 3135; x_wconf 79' lang='grc' dir='ltr'>φωτίζει</span> <span class='ocrx_word' id='word_1_378' title='bbox 3618 3070 3687 3123; x_wconf 78' lang='grc' dir='ltr'><strong>τὰ</strong></span> <span class='ocrx_word' id='word_1_379' title='bbox 3733 3072 3915 3137; x_wconf 70' lang='grc' dir='ltr'>ἐκτὸς,</span> 
     </span>
    </p>
   </div>
   <div class='ocr_carea' id='block_1_58' title="bbox 651 3144 2223 3231">
    <p class='ocr_par' dir='ltr' id='par_1_58' title="bbox 651 3158 2223 3227">
     <span class='ocr_line' id='line_1_58' title="bbox 651 3158 2223 3227; baseline -0.001 -14"><span class='ocrx_word' id='word_1_380' title='bbox 651 3175 778 3214; x_wconf 80' lang='lat' dir='ltr'><strong>vero</strong></span> <span class='ocrx_word' id='word_1_381' title='bbox 803 3174 905 3212; x_wconf 91' lang='lat' dir='ltr'><strong>non</strong></span> <span class='ocrx_word' id='word_1_382' title='bbox 936 3159 1116 3213; x_wconf 87' lang='lat' dir='ltr'><strong>omnia</strong></span> <span class='ocrx_word' id='word_1_383' title='bbox 1144 3160 1347 3227; x_wconf 84' lang='lat' dir='ltr'><strong>implet,</strong></span> <span class='ocrx_word' id='word_1_384' title='bbox 1377 3158 1469 3212; x_wconf 87' lang='lat' dir='ltr'><strong>sed</strong></span> <span class='ocrx_word' id='word_1_385' title='bbox 1504 3160 1555 3212; x_wconf 92' lang='lat' dir='ltr'><strong>in</strong></span> <span class='ocrx_word' id='word_1_386' title='bbox 1585 3160 1704 3214; x_wconf 90' lang='lat' dir='ltr'><strong>loco</strong></span> <span class='ocrx_word' id='word_1_387' title='bbox 1729 3160 1864 3213; x_wconf 90' lang='lat' dir='ltr'><strong>situs</strong></span> <span class='ocrx_word' id='word_1_388' title='bbox 1894 3169 1996 3222; x_wconf 88' lang='lat' dir='ltr'><strong>est,</strong></span> <span class='ocrx_word' id='word_1_389' title='bbox 2015 3169 2069 3213; x_wconf 91' lang='lat' dir='ltr'><strong>et</strong></span> <span class='ocrx_word' id='word_1_390' title='bbox 2089 3160 2223 3213; x_wconf 80' lang='lat' dir='ltr'><strong>circa</strong></span> 
     </span>
    </p>
   </div>
   <div class='ocr_carea' id='block_1_59' title="bbox 2329 3144 3912 3231">
    <p class='ocr_par' dir='ltr' id='par_1_59' title="bbox 2334 3144 3912 3231">
     <span class='ocr_line' id='line_1_59' title="bbox 2334 3144 3912 3231; baseline 0.01 -35"><span class='ocrx_word' id='word_1_391' title='bbox 2334 3144 2448 3197; x_wconf 87' lang='grc' dir='ltr'>ἀλλ’</span> <span class='ocrx_word' id='word_1_392' title='bbox 2492 3145 2623 3199; x_wconf 76' lang='grc' dir='ltr'>αὐτὸ</span> <span class='ocrx_word' id='word_1_393' title='bbox 2666 3147 2762 3216; x_wconf 86' lang='grc' dir='ltr'><strong>μὲν</strong></span> <span class='ocrx_word' id='word_1_394' title='bbox 2794 3149 2855 3200; x_wconf 84' lang='grc' dir='ltr'>ού</span> <span class='ocrx_word' id='word_1_395' title='bbox 2884 3150 3058 3204; x_wconf 80' lang='grc' dir='ltr'>πάντα</span> <span class='ocrx_word' id='word_1_396' title='bbox 3091 3153 3320 3224; x_wconf 82' lang='grc' dir='ltr'>πληροῖ,</span> <span class='ocrx_word' id='word_1_397' title='bbox 3361 3160 3533 3210; x_wconf 85' lang='grc' dir='ltr'>κεῖται</span> <span class='ocrx_word' id='word_1_398' title='bbox 3565 3159 3622 3210; x_wconf 78' lang='grc' dir='ltr'>δὲ</span> <span class='ocrx_word' id='word_1_399' title='bbox 3655 3161 3715 3211; x_wconf 85' lang='grc' dir='ltr'>ὲν</span> <span class='ocrx_word' id='word_1_400' title='bbox 3740 3161 3912 3231; x_wconf 86' lang='grc' dir='ltr'>τόπῳ,</span> 
     </span>
    </p>
   </div>
   <div class='ocr_carea' id='block_1_60' title="bbox 649 3248 2231 3319">
    <p class='ocr_par' dir='ltr' id='par_1_60' title="bbox 649 3248 2231 3319">
     <span class='ocr_line' id='line_1_60' title="bbox 649 3248 2231 3319; baseline -0.002 -13"><span class='ocrx_word' id='word_1_401' title='bbox 649 3267 713 3306; x_wconf 83' lang='lat' dir='ltr'><strong>ea</strong></span> <span class='ocrx_word' id='word_1_402' title='bbox 752 3267 870 3319; x_wconf 76' lang='lat' dir='ltr'><strong>quas</strong></span> <span class='ocrx_word' id='word_1_403' title='bbox 904 3252 1145 3305; x_wconf 75' lang='lat' dir='ltr'><strong>exterius</strong></span> <span class='ocrx_word' id='word_1_404' title='bbox 1180 3260 1328 3313; x_wconf 91' lang='lat' dir='ltr'><strong>sunt,</strong></span> <span class='ocrx_word' id='word_1_405' title='bbox 1364 3259 1421 3302; x_wconf 93' lang='lat' dir='ltr'><strong>ut</strong></span> <span class='ocrx_word' id='word_1_406' title='bbox 1451 3249 1582 3313; x_wconf 81' lang='lat' dir='ltr'><strong>dixi,</strong></span> <span class='ocrx_word' id='word_1_407' title='bbox 1609 3249 1727 3315; x_wconf 90' lang='lat' dir='ltr'><strong>ejus</strong></span> <span class='ocrx_word' id='word_1_408' title='bbox 1760 3248 2079 3304; x_wconf 91' lang='lat' dir='ltr'><strong>illuminatio</strong></span> <span class='ocrx_word' id='word_1_409' title='bbox 2111 3264 2231 3305; x_wconf 82' lang='lat' dir='ltr'><strong>ver-</strong></span> 
     </span>
    </p>
   </div>
   <div class='ocr_carea' id='block_1_61' title="bbox 649 3340 2228 3413">
    <p class='ocr_par' dir='ltr' id='par_1_61' title="bbox 649 3340 2228 3413">
     <span class='ocr_line' id='line_1_61' title="bbox 649 3340 2228 3413; baseline -0.002 -15"><span class='ocrx_word' id='word_1_410' title='bbox 649 3352 820 3398; x_wconf 89' lang='lat' dir='ltr'><strong>satur.</strong></span> <span class='ocrx_word' id='word_1_411' title='bbox 850 3343 907 3397; x_wconf 92' lang='lat' dir='ltr'><strong>Si</strong></span> <span class='ocrx_word' id='word_1_412' title='bbox 954 3344 1119 3413; x_wconf 78' lang='lat' dir='ltr'><strong>igitur</strong></span> <span class='ocrx_word' id='word_1_413' title='bbox 1152 3342 1333 3396; x_wconf 91' lang='lat' dir='ltr'><strong>lumen</strong></span> <span class='ocrx_word' id='word_1_414' title='bbox 1383 3355 1504 3394; x_wconf 87' lang='lat' dir='ltr'><strong>esse</strong></span> <span class='ocrx_word' id='word_1_415' title='bbox 1551 3342 1734 3394; x_wconf 89' lang='lat' dir='ltr'><strong>dicitis</strong></span> <span class='ocrx_word' id='word_1_416' title='bbox 1762 3340 2000 3401; x_wconf 87' lang='lat' dir='ltr'><strong>Patrem,</strong></span> <span class='ocrx_word' id='word_1_417' title='bbox 2045 3340 2228 3410; x_wconf 90' lang='lat' dir='ltr'><strong>splen-</strong></span> 
     </span>
    </p>
   </div>
   <div class='ocr_carea' id='block_1_62' title="bbox 649 3432 2231 3504">
    <p class='ocr_par' dir='ltr' id='par_1_62' title="bbox 649 3432 2231 3504">
     <span class='ocr_line' id='line_1_62' title="bbox 649 3432 2231 3504; baseline -0.001 -15"><span class='ocrx_word' id='word_1_418' title='bbox 649 3437 838 3489; x_wconf 89' lang='lat' dir='ltr'><strong>dorem</strong></span> <span class='ocrx_word' id='word_1_419' title='bbox 867 3451 995 3489; x_wconf 84' lang='lat' dir='ltr'><strong>vero</strong></span> <span class='ocrx_word' id='word_1_420' title='bbox 1023 3436 1114 3504; x_wconf 92' lang='lat' dir='ltr'><strong>qui</strong></span> <span class='ocrx_word' id='word_1_421' title='bbox 1141 3450 1207 3489; x_wconf 84' lang='lat' dir='ltr'><strong>ex</strong></span> <span class='ocrx_word' id='word_1_422' title='bbox 1239 3432 1441 3486; x_wconf 91' lang='lat' dir='ltr'><strong>lumine</strong></span> <span class='ocrx_word' id='word_1_423' title='bbox 1475 3432 1734 3501; x_wconf 82' lang='lat' dir='ltr'><strong>gignitur,</strong></span> <span class='ocrx_word' id='word_1_424' title='bbox 1759 3432 1972 3497; x_wconf 85' lang='lat' dir='ltr'><strong>Filium,</strong></span> <span class='ocrx_word' id='word_1_425' title='bbox 2011 3446 2231 3487; x_wconf 87' lang='lat' dir='ltr'><strong>necesse</strong></span> 
     </span>
    </p>
   </div>
   <div class='ocr_carea' id='block_1_63' title="bbox 646 3522 2231 3592">
    <p class='ocr_par' dir='ltr' id='par_1_63' title="bbox 646 3522 2231 3592">
     <span class='ocr_line' id='line_1_63' title="bbox 646 3522 2231 3592; baseline -0.003 -10"><span class='ocrx_word' id='word_1_426' title='bbox 646 3537 731 3583; x_wconf 86' lang='lat' dir='ltr'><strong>est</strong></span> <span class='ocrx_word' id='word_1_427' title='bbox 760 3527 912 3581; x_wconf 80' lang='lat' dir='ltr'><strong>lateri</strong></span> <span class='ocrx_word' id='word_1_428' title='bbox 947 3527 1235 3580; x_wconf 86' lang='lat' dir='ltr'><strong>essentiam</strong></span> <span class='ocrx_word' id='word_1_429' title='bbox 1262 3522 1440 3576; x_wconf 86' lang='lat' dir='ltr'><strong>Patris</strong></span> <span class='ocrx_word' id='word_1_430' title='bbox 1484 3522 1664 3575; x_wconf 87' lang='lat' dir='ltr'><strong>omnia</strong></span> <span class='ocrx_word' id='word_1_431' title='bbox 1711 3522 1934 3590; x_wconf 91' lang='lat' dir='ltr'><strong>implere</strong></span> <span class='ocrx_word' id='word_1_432' title='bbox 1976 3538 2079 3577; x_wconf 90' lang='lat' dir='ltr'><strong>non</strong></span> <span class='ocrx_word' id='word_1_433' title='bbox 2106 3538 2231 3592; x_wconf 88' lang='lat' dir='ltr'><strong>pos-</strong></span> 
     </span>
    </p>
   </div>
   <div class='ocr_carea' id='block_1_64' title="bbox 646 3614 2230 3685">
    <p class='ocr_par' dir='ltr' id='par_1_64' title="bbox 646 3614 2230 3685">
     <span class='ocr_line' id='line_1_64' title="bbox 646 3614 2230 3685; baseline -0.002 -13"><span class='ocrx_word' id='word_1_434' title='bbox 646 3634 726 3685; x_wconf 88' lang='lat' dir='ltr'><strong>se,</strong></span> <span class='ocrx_word' id='word_1_435' title='bbox 758 3629 816 3671; x_wconf 88' lang='lat' dir='ltr'><strong>ut</strong></span> <span class='ocrx_word' id='word_1_436' title='bbox 866 3619 1015 3672; x_wconf 89' lang='lat' dir='ltr'><strong>locus</strong></span> <span class='ocrx_word' id='word_1_437' title='bbox 1044 3618 1387 3685; x_wconf 88' lang='lat' dir='ltr'><strong>relinquatur</strong></span> <span class='ocrx_word' id='word_1_438' title='bbox 1418 3614 1695 3682; x_wconf 85' lang='lat' dir='ltr'><strong>splendori</strong></span> <span class='ocrx_word' id='word_1_439' title='bbox 1720 3614 1809 3681; x_wconf 87' lang='lat' dir='ltr'><strong>qui</strong></span> <span class='ocrx_word' id='word_1_440' title='bbox 1844 3630 1912 3669; x_wconf 80' lang='lat' dir='ltr'><strong>ex</strong></span> <span class='ocrx_word' id='word_1_441' title='bbox 1937 3616 2051 3684; x_wconf 92' lang='lat' dir='ltr'><strong>ipso</strong></span> <span class='ocrx_word' id='word_1_442' title='bbox 2080 3616 2230 3669; x_wconf 86' lang='lat' dir='ltr'><strong>cmit-</strong></span> 
     </span>
    </p>
   </div>
   <div class='ocr_carea' id='block_1_65' title="bbox 648 3704 2229 3776">
    <p class='ocr_par' dir='ltr' id='par_1_65' title="bbox 648 3704 2229 3776">
     <span class='ocr_line' id='line_1_65' title="bbox 648 3704 2229 3776; baseline -0.002 -14"><span class='ocrx_word' id='word_1_443' title='bbox 648 3707 887 3776; x_wconf 66' lang='lat' dir='ltr'><strong>titur.,Si</strong></span> <span class='ocrx_word' id='word_1_444' title='bbox 918 3723 1045 3762; x_wconf 86' lang='lat' dir='ltr'><strong>vero</strong></span> <span class='ocrx_word' id='word_1_445' title='bbox 1076 3707 1257 3761; x_wconf 87' lang='lat' dir='ltr'><strong>omnia</strong></span> <span class='ocrx_word' id='word_1_446' title='bbox 1289 3705 1475 3772; x_wconf 89' lang='lat' dir='ltr'><strong>implet</strong></span> <span class='ocrx_word' id='word_1_447' title='bbox 1501 3704 1676 3768; x_wconf 87' lang='lat' dir='ltr'><strong>Pater,</strong></span> <span class='ocrx_word' id='word_1_448' title='bbox 1713 3705 1928 3760; x_wconf 87' lang='lat' dir='ltr'><strong>ubinam</strong></span> <span class='ocrx_word' id='word_1_449' title='bbox 1967 3706 2229 3761; x_wconf 91' lang='lat' dir='ltr'><strong>consistet</strong></span> 
     </span>
    </p>
   </div>
   <div class='ocr_carea' id='block_1_66' title="bbox 644 3797 1244 3869">
    <p class='ocr_par' dir='ltr' id='par_1_66' title="bbox 644 3797 1244 3869">
     <span class='ocr_line' id='line_1_66' title="bbox 644 3797 1244 3869; baseline -0.012 -12"><span class='ocrx_word' id='word_1_450' title='bbox 644 3801 878 3857; x_wconf 82' lang='lat' dir='ltr'><strong>essentia</strong></span> <span class='ocrx_word' id='word_1_451' title='bbox 916 3798 1199 3869; x_wconf 83' lang='lat' dir='ltr'><strong>genitninis</strong></span> <span class='ocrx_word' id='word_1_452' title='bbox 1221 3797 1244 3850; x_wconf 86' lang='lat'><strong>?</strong></span> 
     </span>
    </p>
   </div>
   <div class='ocr_carea' id='block_1_67' title="bbox 1158 3907 1727 3977">
    <p class='ocr_par' dir='ltr' id='par_1_67' title="bbox 1158 3907 1727 3977">
     <span class='ocr_line' id='line_1_67' title="bbox 1158 3907 1727 3977; baseline 0.002 -15"><span class='ocrx_word' id='word_1_453' title='bbox 1158 3907 1364 3962; x_wconf 84' lang='lat' dir='ltr'><strong>Salutio</strong></span> <span class='ocrx_word' id='word_1_454' title='bbox 1405 3909 1727 3977; x_wconf 81' lang='lat' dir='ltr'><strong>objectionis.</strong></span> 
     </span>
    </p>
   </div>
   <div class='ocr_carea' id='block_1_68' title="bbox 717 4000 2222 4090">
    <p class='ocr_par' dir='ltr' id='par_1_68' title="bbox 717 4000 2222 4090">
     <span class='ocr_line' id='line_1_68' title="bbox 717 4000 2222 4090; baseline -0.003 -11"><span class='ocrx_word' id='word_1_455' title='bbox 717 4025 773 4079; x_wconf 92' lang='lat' dir='ltr'><strong>Si</strong></span> <span class='ocrx_word' id='word_1_456' title='bbox 808 4026 860 4080; x_wconf 89' lang='lat' dir='ltr'><strong>in</strong></span> <span class='ocrx_word' id='word_1_457' title='bbox 899 4025 1014 4078; x_wconf 90' lang='lat' dir='ltr'><strong>loco</strong></span> <span class='ocrx_word' id='word_1_458' title='bbox 1053 4000 1329 4077; x_wconf 45' lang='lat' dir='ltr'><strong>constituit</strong></span> <span class='ocrx_word' id='word_1_459' title='bbox 1358 4022 1601 4087; x_wconf 84' lang='lat' dir='ltr'><strong>Patrem,</strong></span> <span class='ocrx_word' id='word_1_460' title='bbox 1633 4032 1685 4076; x_wconf 90' lang='lat' dir='ltr'><strong>et</strong></span> <span class='ocrx_word' id='word_1_461' title='bbox 1727 4022 1948 4090; x_wconf 85' lang='lat' dir='ltr'><strong>perinde</strong></span> <span class='ocrx_word' id='word_1_462' title='bbox 1975 4038 2040 4076; x_wconf 90' lang='lat' dir='ltr'><strong>ac</strong></span> <span class='ocrx_word' id='word_1_463' title='bbox 2096 4038 2222 4077; x_wconf 85' lang='lat' dir='ltr'><strong>cor-</strong></span> 
     </span>
    </p>
   </div>
   <div class='ocr_carea' id='block_1_69' title="bbox 643 4112 2225 4186">
    <p class='ocr_par' dir='ltr' id='par_1_69' title="bbox 643 4112 2225 4186">
     <span class='ocr_line' id='line_1_69' title="bbox 643 4112 2225 4186; baseline -0.002 -17"><span class='ocrx_word' id='word_1_464' title='bbox 643 4133 744 4186; x_wconf 88' lang='lat' dir='ltr'><strong>pus</strong></span> <span class='ocrx_word' id='word_1_465' title='bbox 778 4115 1025 4185; x_wconf 84' lang='lat' dir='ltr'><strong>progredi</strong></span> <span class='ocrx_word' id='word_1_466' title='bbox 1058 4114 1350 4178; x_wconf 87' lang='lat' dir='ltr'><strong>existimat,</strong></span> <span class='ocrx_word' id='word_1_467' title='bbox 1377 4122 1585 4181; x_wconf 65' lang='lat' dir='ltr'><strong>quazrat</strong></span> <span class='ocrx_word' id='word_1_468' title='bbox 1615 4112 1777 4165; x_wconf 85' lang='lat' dir='ltr'><strong>etiam</strong></span> <span class='ocrx_word' id='word_1_469' title='bbox 1834 4112 2087 4180; x_wconf 82' lang='lat' dir='ltr'><strong>genitnini</strong></span> <span class='ocrx_word' id='word_1_470' title='bbox 2145 4112 2225 4166; x_wconf 92' lang='lat' dir='ltr'><strong>lo-</strong></span> 
     </span>
    </p>
   </div>
   <div class='ocr_carea' id='block_1_70' title="bbox 643 4202 2221 4287">
    <p class='ocr_par' dir='ltr' id='par_1_70' title="bbox 643 4202 2221 4287">
     <span class='ocr_line' id='line_1_70' title="bbox 643 4202 2221 4287; baseline -0.004 -24"><span class='ocrx_word' id='word_1_471' title='bbox 643 4224 787 4263; x_wconf 90' lang='lat' dir='ltr'><strong>cum.</strong></span> <span class='ocrx_word' id='word_1_472' title='bbox 819 4206 873 4259; x_wconf 89' lang='lat' dir='ltr'><strong>Si</strong></span> <span class='ocrx_word' id='word_1_473' title='bbox 905 4220 1028 4259; x_wconf 91' lang='lat' dir='ltr'><strong>vero</strong></span> <span class='ocrx_word' id='word_1_474' title='bbox 1056 4204 1234 4258; x_wconf 87' lang='lat' dir='ltr'><strong>Patris</strong></span> <span class='ocrx_word' id='word_1_475' title='bbox 1267 4206 1501 4257; x_wconf 81' lang='lat' dir='ltr'><strong>essentia</strong></span> <span class='ocrx_word' id='word_1_476' title='bbox 1541 4218 1646 4256; x_wconf 89' lang='lat' dir='ltr'><strong>non</strong></span> <span class='ocrx_word' id='word_1_477' title='bbox 1698 4202 1946 4278; x_wconf 83' lang='lat' dir='ltr'><strong>consistit</strong></span> <span class='ocrx_word' id='word_1_478' title='bbox 1988 4202 2038 4256; x_wconf 93' lang='lat' dir='ltr'><strong>in</strong></span> <span class='ocrx_word' id='word_1_479' title='bbox 2074 4202 2221 4287; x_wconf 42' lang='lat' dir='ltr'><strong>.loco</strong></span> 
     </span>
    </p>
   </div>
   <div class='ocr_carea' id='block_1_71' title="bbox 643 4293 2219 4369">
    <p class='ocr_par' dir='ltr' id='par_1_71' title="bbox 643 4293 2219 4369">
     <span class='ocr_line' id='line_1_71' title="bbox 643 4293 2219 4369; baseline -0.003 -17"><span class='ocrx_word' id='word_1_480' title='bbox 643 4300 665 4369; x_wconf 94' lang='lat'><strong>(</strong></span> <span class='ocrx_word' id='word_1_481' title='bbox 694 4313 860 4367; x_wconf 90' lang='lat' dir='ltr'><strong>neque</strong></span> <span class='ocrx_word' id='word_1_482' title='bbox 894 4298 1035 4350; x_wconf 88' lang='lat' dir='ltr'><strong>enim</strong></span> <span class='ocrx_word' id='word_1_483' title='bbox 1076 4296 1328 4349; x_wconf 85' lang='lat' dir='ltr'><strong>divinitas</strong></span> <span class='ocrx_word' id='word_1_484' title='bbox 1378 4294 1496 4349; x_wconf 92' lang='lat' dir='ltr'><strong>loco</strong></span> <span class='ocrx_word' id='word_1_485' title='bbox 1522 4293 1895 4347; x_wconf 86' lang='lat' dir='ltr'><strong>circumscribi</strong></span> <span class='ocrx_word' id='word_1_486' title='bbox 1956 4302 2127 4361; x_wconf 84' lang='lat' dir='ltr'><strong>potest</strong></span> <span class='ocrx_word' id='word_1_487' title='bbox 2158 4295 2177 4367; x_wconf 93' lang='lat'>)</span> <span class='ocrx_word' id='word_1_488' title='bbox 2204 4337 2219 4361; x_wconf 95' lang='lat'><strong>,</strong></span> 
     </span>
    </p>
   </div>
   <div class='ocr_carea' id='block_1_72' title="bbox 642 4381 2219 4454">
    <p class='ocr_par' dir='ltr' id='par_1_72' title="bbox 642 4381 2219 4454">
     <span class='ocr_line' id='line_1_72' title="bbox 642 4381 2219 4454; baseline -0.001 -14"><span class='ocrx_word' id='word_1_489' title='bbox 642 4403 740 4441; x_wconf 90' lang='lat' dir='ltr'><strong>cur</strong></span> <span class='ocrx_word' id='word_1_490' title='bbox 794 4403 851 4440; x_wconf 68' lang='grc' dir='ltr'><strong>ευ</strong></span> <span class='ocrx_word' id='word_1_491' title='bbox 891 4393 1101 4454; x_wconf 91' lang='lat' dir='ltr'><strong>torquet</strong></span> <span class='ocrx_word' id='word_1_492' title='bbox 1131 4386 1183 4437; x_wconf 91' lang='lat' dir='ltr'><strong>in</strong></span> <span class='ocrx_word' id='word_1_493' title='bbox 1231 4384 1393 4438; x_wconf 90' lang='lat' dir='ltr'><strong>rebus</strong></span> <span class='ocrx_word' id='word_1_494' title='bbox 1428 4396 1545 4450; x_wconf 73' lang='lat' dir='ltr'><strong>qua:</strong></span> <span class='ocrx_word' id='word_1_495' title='bbox 1597 4381 1740 4434; x_wconf 90' lang='lat' dir='ltr'><strong>nulla</strong></span> <span class='ocrx_word' id='word_1_496' title='bbox 1788 4384 2083 4451; x_wconf 68' lang='lat' dir='ltr'><strong>quaestione</strong></span> <span class='ocrx_word' id='word_1_497' title='bbox 2142 4387 2219 4439; x_wconf 87' lang='lat' dir='ltr'><strong>in-</strong></span> 
     </span>
    </p>
   </div>
   <div class='ocr_carea' id='block_1_73' title="bbox 2332 3236 3916 3321">
    <p class='ocr_par' dir='ltr' id='par_1_73' title="bbox 2332 3236 3916 3321">
     <span class='ocr_line' id='line_1_73' title="bbox 2332 3236 3916 3321; baseline 0.012 -35"><span class='ocrx_word' id='word_1_498' title='bbox 2332 3236 2424 3287; x_wconf 74' lang='grc' dir='ltr'>καὶ</span> <span class='ocrx_word' id='word_1_499' title='bbox 2452 3237 2578 3307; x_wconf 76' lang='grc' dir='ltr'>περὶ</span> <span class='ocrx_word' id='word_1_500' title='bbox 2604 3237 2670 3291; x_wconf 77' lang='grc' dir='ltr'><strong>τὰ</strong></span> <span class='ocrx_word' id='word_1_501' title='bbox 2696 3240 2868 3305; x_wconf 79' lang='grc' dir='ltr'>ἐκτὸς,</span> <span class='ocrx_word' id='word_1_502' title='bbox 2901 3241 3153 3313; x_wconf 87' lang='grc' dir='ltr'>καθάπερ</span> <span class='ocrx_word' id='word_1_503' title='bbox 3182 3246 3424 3315; x_wconf 82' lang='grc' dir='ltr'>εἴπομεν,</span> <span class='ocrx_word' id='word_1_504' title='bbox 3450 3250 3476 3300; x_wconf 88' lang='lat'><strong>6</strong></span> <span class='ocrx_word' id='word_1_505' title='bbox 3506 3248 3565 3312; x_wconf 77' lang='grc' dir='ltr'><strong>ἐξ</strong></span> <span class='ocrx_word' id='word_1_506' title='bbox 3597 3250 3765 3303; x_wconf 82' lang='grc' dir='ltr'>αὐτοῦ</span> <span class='ocrx_word' id='word_1_507' title='bbox 3801 3269 3916 3321; x_wconf 77' lang='grc' dir='ltr'>φω-</span> 
     </span>
    </p>
   </div>
   <div class='ocr_carea' id='block_1_74' title="bbox 2329 3327 3913 3410">
    <p class='ocr_par' dir='ltr' id='par_1_74' title="bbox 2329 3327 3913 3410">
     <span class='ocr_line' id='line_1_74' title="bbox 2329 3327 3913 3410; baseline 0.013 -33"><span class='ocrx_word' id='word_1_508' title='bbox 2329 3327 2520 3395; x_wconf 85' lang='grc' dir='ltr'>τισμὸς</span> <span class='ocrx_word' id='word_1_509' title='bbox 2567 3329 2832 3397; x_wconf 87' lang='grc' dir='ltr'>γίγνεται.</span> <span class='ocrx_word' id='word_1_510' title='bbox 2873 3335 2935 3388; x_wconf 86' lang='lat' dir='ltr'><strong>El</strong></span> <span class='ocrx_word' id='word_1_511' title='bbox 2963 3335 3139 3389; x_wconf 85' lang='grc' dir='ltr'>τοίνυν</span> <span class='ocrx_word' id='word_1_512' title='bbox 3173 3337 3288 3404; x_wconf 82' lang='grc' dir='ltr'><strong>φῶς</strong></span> <span class='ocrx_word' id='word_1_513' title='bbox 3321 3338 3419 3407; x_wconf 87' lang='grc' dir='ltr'>μὲν</span> <span class='ocrx_word' id='word_1_514' title='bbox 3457 3335 3599 3393; x_wconf 78' lang='grc' dir='ltr'>εἶναί</span> <span class='ocrx_word' id='word_1_515' title='bbox 3646 3360 3786 3410; x_wconf 79' lang='grc' dir='ltr'>φατε</span> <span class='ocrx_word' id='word_1_516' title='bbox 3821 3344 3913 3399; x_wconf 72' lang='grc' dir='ltr'>τὸν</span> 
     </span>
    </p>
   </div>
   <div class='ocr_carea' id='block_1_75' title="bbox 2330 3416 3909 3504">
    <p class='ocr_par' dir='ltr' id='par_1_75' title="bbox 2330 3416 3909 3504">
     <span class='ocr_line' id='line_1_75' title="bbox 2330 3416 3909 3504; baseline 0.013 -38"><span class='ocrx_word' id='word_1_517' title='bbox 2330 3416 2571 3486; x_wconf 81' lang='grc' dir='ltr'>Πατέρα,</span> <span class='ocrx_word' id='word_1_518' title='bbox 2602 3420 2665 3472; x_wconf 81' lang='grc' dir='ltr'>ἐκ</span> <span class='ocrx_word' id='word_1_519' title='bbox 2700 3422 2875 3489; x_wconf 78' lang='grc' dir='ltr'>φωτὸς</span> <span class='ocrx_word' id='word_1_520' title='bbox 2902 3424 2959 3477; x_wconf 84' lang='grc' dir='ltr'><strong>δὲ</strong></span> <span class='ocrx_word' id='word_1_521' title='bbox 2988 3425 3327 3497; x_wconf 75' lang='grc' dir='ltr'><strong>ἀπαύγασμα</strong></span> <span class='ocrx_word' id='word_1_522' title='bbox 3374 3428 3463 3481; x_wconf 66' lang='grc' dir='ltr'><strong>τὸν</strong></span> <span class='ocrx_word' id='word_1_523' title='bbox 3508 3429 3657 3496; x_wconf 79' lang='grc' dir='ltr'>Υίὸν,</span> <span class='ocrx_word' id='word_1_524' title='bbox 3691 3433 3909 3504; x_wconf 75' lang='grc' dir='ltr'>ἀνάγκη</span> 
     </span>
    </p>
   </div>
   <div class='ocr_carea' id='block_1_76' title="bbox 2329 3506 3911 3589">
    <p class='ocr_par' dir='ltr' id='par_1_76' title="bbox 2329 3506 3911 3589">
     <span class='ocr_line' id='line_1_76' title="bbox 2329 3506 3911 3589; baseline 0.013 -31"><span class='ocrx_word' id='word_1_525' title='bbox 2329 3506 2506 3576; x_wconf 90' lang='grc' dir='ltr'>λέγειν</span> <span class='ocrx_word' id='word_1_526' title='bbox 2537 3510 2630 3563; x_wconf 85' lang='grc' dir='ltr'><strong>τοῦ</strong></span> <span class='ocrx_word' id='word_1_527' title='bbox 2660 3513 2869 3584; x_wconf 83' lang='grc' dir='ltr'>Πατρὸς</span> <span class='ocrx_word' id='word_1_528' title='bbox 2903 3514 3001 3584; x_wconf 81' lang='grc' dir='ltr'>τὴν</span> <span class='ocrx_word' id='word_1_529' title='bbox 3028 3516 3216 3571; x_wconf 77' lang='grc' dir='ltr'>οὐσίαν</span> <span class='ocrx_word' id='word_1_530' title='bbox 3247 3518 3321 3589; x_wconf 82' lang='grc' dir='ltr'><strong>μὴ</strong></span> <span class='ocrx_word' id='word_1_531' title='bbox 3345 3519 3605 3574; x_wconf 89' lang='grc' dir='ltr'>δύνασθαι</span> <span class='ocrx_word' id='word_1_532' title='bbox 3633 3523 3703 3576; x_wconf 83' lang='grc' dir='ltr'><strong>τὰ</strong></span> <span class='ocrx_word' id='word_1_533' title='bbox 3729 3524 3911 3578; x_wconf 82' lang='grc' dir='ltr'>πάντα</span> 
     </span>
    </p>
   </div>
   <div class='ocr_carea' id='block_1_77' title="bbox 2332 3598 3913 3678">
    <p class='ocr_par' dir='ltr' id='par_1_77' title="bbox 2332 3598 3913 3678">
     <span class='ocr_line' id='line_1_77' title="bbox 2332 3598 3913 3678; baseline 0.013 -29"><span class='ocrx_word' id='word_1_534' title='bbox 2332 3598 2589 3669; x_wconf 79' lang='grc' dir='ltr'>πληροῦν,</span> <span class='ocrx_word' id='word_1_535' title='bbox 2634 3602 2719 3654; x_wconf 77' lang='grc' dir='ltr'>ἵνα</span> <span class='ocrx_word' id='word_1_536' title='bbox 2755 3604 2917 3657; x_wconf 87' lang='grc' dir='ltr'>τόπον</span> <span class='ocrx_word' id='word_1_537' title='bbox 2950 3606 3060 3675; x_wconf 81' lang='grc' dir='ltr'>ἔχοι</span> <span class='ocrx_word' id='word_1_538' title='bbox 3086 3608 3179 3659; x_wconf 77' lang='grc' dir='ltr'>καὶ</span> <span class='ocrx_word' id='word_1_539' title='bbox 3207 3611 3453 3678; x_wconf 79' lang='grc' dir='ltr'>χωρῆσαι</span> <span class='ocrx_word' id='word_1_540' title='bbox 3482 3629 3573 3665; x_wconf 89' lang='grc' dir='ltr'><strong>ποι</strong></span> <span class='ocrx_word' id='word_1_541' title='bbox 3600 3612 3823 3669; x_wconf 89' lang='grc' dir='ltr'>δύναιτο</span> <span class='ocrx_word' id='word_1_542' title='bbox 3853 3618 3913 3671; x_wconf 84' lang='grc' dir='ltr'>τδ</span> 
     </span>
    </p>
   </div>
   <div class='ocr_carea' id='block_1_78' title="bbox 2330 3689 3914 3780">
    <p class='ocr_par' dir='ltr' id='par_1_78' title="bbox 2330 3689 3914 3780">
     <span class='ocr_line' id='line_1_78' title="bbox 2330 3689 3914 3780; baseline 0.013 -38"><span class='ocrx_word' id='word_1_543' title='bbox 2330 3689 2390 3754; x_wconf 77' lang='grc' dir='ltr'><strong>ἐξ</strong></span> <span class='ocrx_word' id='word_1_544' title='bbox 2422 3692 2587 3744; x_wconf 77' lang='grc' dir='ltr'>αὑτοῦ</span> <span class='ocrx_word' id='word_1_545' title='bbox 2617 3695 2966 3765; x_wconf 85' lang='grc' dir='ltr'>πεμπόμενον</span> <span class='ocrx_word' id='word_1_546' title='bbox 2991 3698 3349 3770; x_wconf 88' lang='grc' dir='ltr'>ἀπαύγασμα.</span> <span class='ocrx_word' id='word_1_547' title='bbox 3379 3703 3442 3756; x_wconf 88' lang='lat' dir='ltr'><strong>El</strong></span> <span class='ocrx_word' id='word_1_548' title='bbox 3471 3704 3527 3757; x_wconf 83' lang='grc' dir='ltr'><strong>δὲ</strong></span> <span class='ocrx_word' id='word_1_549' title='bbox 3562 3705 3745 3760; x_wconf 84' lang='grc' dir='ltr'>πάντα</span> <span class='ocrx_word' id='word_1_550' title='bbox 3772 3709 3914 3780; x_wconf 78' lang='grc' dir='ltr'>πλη-</span> 
     </span>
    </p>
   </div>
   <div class='ocr_carea' id='block_1_79' title="bbox 2333 3782 3908 3867">
    <p class='ocr_par' dir='ltr' id='par_1_79' title="bbox 2333 3782 3908 3867">
     <span class='ocr_line' id='line_1_79' title="bbox 2333 3782 3908 3867; baseline 0.014 -36"><span class='ocrx_word' id='word_1_551' title='bbox 2333 3782 2415 3849; x_wconf 86' lang='grc' dir='ltr'><strong>ροῖ</strong></span> <span class='ocrx_word' id='word_1_552' title='bbox 2442 3784 2468 3834; x_wconf 88' lang='grc' dir='ltr'>ὀ</span> <span class='ocrx_word' id='word_1_553' title='bbox 2508 3784 2716 3854; x_wconf 85' lang='grc' dir='ltr'>Πατὴρ,</span> <span class='ocrx_word' id='word_1_554' title='bbox 2746 3785 2849 3837; x_wconf 83' lang='grc' dir='ltr'><strong>ποῦ</strong></span> <span class='ocrx_word' id='word_1_555' title='bbox 2883 3789 3123 3859; x_wconf 82' lang='grc' dir='ltr'>χωρήσει</span> <span class='ocrx_word' id='word_1_556' title='bbox 3151 3790 3243 3844; x_wconf 86' lang='grc' dir='ltr'><strong>τοῦ</strong></span> <span class='ocrx_word' id='word_1_557' title='bbox 3275 3794 3616 3863; x_wconf 85' lang='grc' dir='ltr'><strong>γεννήματος</strong></span> <span class='ocrx_word' id='word_1_558' title='bbox 3646 3799 3680 3867; x_wconf 86' lang='grc' dir='ltr'><strong>ή</strong></span> <span class='ocrx_word' id='word_1_559' title='bbox 3717 3799 3908 3865; x_wconf 74' lang='grc' dir='ltr'>οὐσίας</span> 
     </span>
    </p>
   </div>
   <div class='ocr_carea' id='block_1_80' title="bbox 2809 3900 3416 3969">
    <p class='ocr_par' dir='ltr' id='par_1_80' title="bbox 2809 3900 3416 3969">
     <span class='ocr_line' id='line_1_80' title="bbox 2809 3900 3416 3969; baseline 0.012 -17"><span class='ocrx_word' id='word_1_560' title='bbox 2809 3900 2968 3968; x_wconf 81' lang='grc' dir='ltr'>Πρὸς</span> <span class='ocrx_word' id='word_1_561' title='bbox 2996 3902 3181 3956; x_wconf 78' lang='grc' dir='ltr'>ταῦτα</span> <span class='ocrx_word' id='word_1_562' title='bbox 3216 3906 3416 3969; x_wconf 81' lang='grc' dir='ltr'><strong>λύσις.</strong></span> 
     </span>
    </p>
   </div>
   <div class='ocr_carea' id='block_1_81' title="bbox 2397 4006 3909 4094">
    <p class='ocr_par' dir='ltr' id='par_1_81' title="bbox 2397 4006 3909 4094">
     <span class='ocr_line' id='line_1_81' title="bbox 2397 4006 3909 4094; baseline 0.015 -38"><span class='ocrx_word' id='word_1_563' title='bbox 2397 4006 2459 4057; x_wconf 76' lang='lat' dir='ltr'><strong>Et</strong></span> <span class='ocrx_word' id='word_1_564' title='bbox 2506 4008 2601 4075; x_wconf 83' lang='grc' dir='ltr'><strong>μὲν</strong></span> <span class='ocrx_word' id='word_1_565' title='bbox 2643 4010 2701 4061; x_wconf 86' lang='grc' dir='ltr'>ὲν</span> <span class='ocrx_word' id='word_1_566' title='bbox 2731 4010 2881 4080; x_wconf 82' lang='grc' dir='ltr'>τόπῳ</span> <span class='ocrx_word' id='word_1_567' title='bbox 2911 4011 3091 4080; x_wconf 84' lang='grc' dir='ltr'>τίθησι</span> <span class='ocrx_word' id='word_1_568' title='bbox 3118 4013 3209 4067; x_wconf 83' lang='grc' dir='ltr'>τὸν</span> <span class='ocrx_word' id='word_1_569' title='bbox 3242 4016 3483 4087; x_wconf 82' lang='grc' dir='ltr'>Πατέρα,</span> <span class='ocrx_word' id='word_1_570' title='bbox 3527 4021 3623 4073; x_wconf 80' lang='grc' dir='ltr'>καὶ</span> <span class='ocrx_word' id='word_1_571' title='bbox 3653 4022 3909 4094; x_wconf 75' lang='grc' dir='ltr'>καθάπερ</span> 
     </span>
    </p>
   </div>
   <div class='ocr_carea' id='block_1_82' title="bbox 2324 4099 3906 4183">
    <p class='ocr_par' dir='ltr' id='par_1_82' title="bbox 2324 4099 3906 4183">
     <span class='ocr_line' id='line_1_82' title="bbox 2324 4099 3906 4183; baseline 0.012 -34"><span class='ocrx_word' id='word_1_572' title='bbox 2324 4115 2375 4149; x_wconf 88' lang='grc' dir='ltr'><strong>τι</strong></span> <span class='ocrx_word' id='word_1_573' title='bbox 2411 4099 2569 4168; x_wconf 81' lang='grc' dir='ltr'>σῶμα</span> <span class='ocrx_word' id='word_1_574' title='bbox 2601 4101 2894 4170; x_wconf 84' lang='grc' dir='ltr'>χωρεῖσθαι</span> <span class='ocrx_word' id='word_1_575' title='bbox 2943 4103 3210 4171; x_wconf 82' lang='grc' dir='ltr'>βούλεται,</span> <span class='ocrx_word' id='word_1_576' title='bbox 3255 4105 3489 4176; x_wconf 79' lang='grc' dir='ltr'>ζητείτω</span> <span class='ocrx_word' id='word_1_577' title='bbox 3526 4111 3623 4163; x_wconf 73' lang='grc' dir='ltr'>καὶ</span> <span class='ocrx_word' id='word_1_578' title='bbox 3665 4114 3743 4183; x_wconf 82' lang='grc' dir='ltr'><strong>τῷ</strong></span> <span class='ocrx_word' id='word_1_579' title='bbox 3780 4132 3906 4183; x_wconf 88' lang='grc' dir='ltr'>γεν-</span> 
     </span>
    </p>
   </div>
   <div class='ocr_carea' id='block_1_83' title="bbox 2322 4194 3935 4276">
    <p class='ocr_par' dir='ltr' id='par_1_83' title="bbox 2322 4194 3935 4276">
     <span class='ocr_line' id='line_1_83' title="bbox 2322 4194 3935 4276; baseline 0.009 -31"><span class='ocrx_word' id='word_1_580' title='bbox 2322 4194 2521 4263; x_wconf 87' lang='grc' dir='ltr'>νήματι</span> <span class='ocrx_word' id='word_1_581' title='bbox 2550 4194 2731 4246; x_wconf 85' lang='grc' dir='ltr'>τόπον.</span> <span class='ocrx_word' id='word_1_582' title='bbox 2761 4196 2824 4247; x_wconf 82' lang='grc' dir='ltr'><strong>Εἰ</strong></span> <span class='ocrx_word' id='word_1_583' title='bbox 2850 4195 2907 4248; x_wconf 84' lang='grc' dir='ltr'>δὲ</span> <span class='ocrx_word' id='word_1_584' title='bbox 2937 4196 3036 4248; x_wconf 80' lang='grc' dir='ltr'><strong>οὐκ</strong></span> <span class='ocrx_word' id='word_1_585' title='bbox 3062 4198 3117 4249; x_wconf 84' lang='grc' dir='ltr'>ὲν</span> <span class='ocrx_word' id='word_1_586' title='bbox 3148 4198 3296 4270; x_wconf 84' lang='grc' dir='ltr'>τόπῳ</span> <span class='ocrx_word' id='word_1_587' title='bbox 3315 4200 3408 4253; x_wconf 85' lang='grc' dir='ltr'><strong>τοῦ</strong></span> <span class='ocrx_word' id='word_1_588' title='bbox 3438 4204 3650 4273; x_wconf 73' lang='grc' dir='ltr'>Πατρός</span> <span class='ocrx_word' id='word_1_589' title='bbox 3682 4207 3715 4276; x_wconf 84' lang='grc' dir='ltr'><strong>ή</strong></span> <span class='ocrx_word' id='word_1_590' title='bbox 3748 4207 3905 4259; x_wconf 74' lang='grc' dir='ltr'>οὐσία</span> <span class='ocrx_word' id='word_1_591' title='bbox 3934 4228 3935 4231; x_wconf 45' lang='grc' dir='ltr'><strong>η</strong></span> 
     </span>
    </p>
   </div>
   <div class='ocr_carea' id='block_1_84' title="bbox 2324 4283 3901 4367">
    <p class='ocr_par' dir='ltr' id='par_1_84' title="bbox 2324 4283 3901 4367">
     <span class='ocr_line' id='line_1_84' title="bbox 2324 4283 3901 4367; baseline 0.008 -30"><span class='ocrx_word' id='word_1_592' title='bbox 2324 4284 2405 4355; x_wconf 80' lang='grc' dir='ltr'>(ού</span> <span class='ocrx_word' id='word_1_593' title='bbox 2442 4283 2551 4354; x_wconf 83' lang='grc' dir='ltr'><strong>γὰρ</strong></span> <span class='ocrx_word' id='word_1_594' title='bbox 2579 4284 2727 4354; x_wconf 86' lang='grc' dir='ltr'>τόπῳ</span> <span class='ocrx_word' id='word_1_595' title='bbox 2758 4286 3097 4357; x_wconf 80' lang='grc' dir='ltr'>περιληπτὸν</span> <span class='ocrx_word' id='word_1_596' title='bbox 3126 4288 3187 4340; x_wconf 84' lang='grc' dir='ltr'>τὸ</span> <span class='ocrx_word' id='word_1_597' title='bbox 3230 4290 3411 4363; x_wconf 80' lang='grc' dir='ltr'>θεῖον),</span> <span class='ocrx_word' id='word_1_598' title='bbox 3444 4294 3495 4345; x_wconf 80' lang='grc' dir='ltr'><strong>τί</strong></span> <span class='ocrx_word' id='word_1_599' title='bbox 3533 4296 3710 4365; x_wconf 86' lang='grc' dir='ltr'>μάτην</span> <span class='ocrx_word' id='word_1_600' title='bbox 3744 4314 3901 4367; x_wconf 82' lang='grc' dir='ltr'>περι-</span> 
     </span>
    </p>
   </div>
   <div class='ocr_carea' id='block_1_85' title="bbox 2323 4373 3902 4460">
    <p class='ocr_par' dir='ltr' id='par_1_85' title="bbox 2323 4373 3902 4460">
     <span class='ocr_line' id='line_1_85' title="bbox 2323 4373 3902 4460; baseline 0.008 -34"><span class='ocrx_word' id='word_1_601' title='bbox 2323 4373 2615 4444; x_wconf 78' lang='grc' dir='ltr'>εργάζεται</span> <span class='ocrx_word' id='word_1_602' title='bbox 2642 4376 2711 4429; x_wconf 81' lang='grc' dir='ltr'>τὰ</span> <span class='ocrx_word' id='word_1_603' title='bbox 2754 4377 3024 4447; x_wconf 82' lang='grc' dir='ltr'>μηδεμίαν</span> <span class='ocrx_word' id='word_1_604' title='bbox 3065 4378 3256 4448; x_wconf 80' lang='grc' dir='ltr'>ἔχοντα</span> <span class='ocrx_word' id='word_1_605' title='bbox 3299 4382 3546 4453; x_wconf 81' lang='grc' dir='ltr'>ζήτησιν,</span> <span class='ocrx_word' id='word_1_606' title='bbox 3592 4386 3689 4439; x_wconf 83' lang='grc' dir='ltr'><strong>καὶ</strong></span> <span class='ocrx_word' id='word_1_607' title='bbox 3727 4388 3902 4460; x_wconf 74' lang='grc' dir='ltr'>τολμᾷ</span> 
     </span>
    </p>
   </div>
   <div class='ocr_carea' id='block_1_86' title="bbox 642 4465 2223 4549">
    <p class='ocr_par' dir='ltr' id='par_1_86' title="bbox 642 4474 2221 4546">
     <span class='ocr_line' id='line_1_86' title="bbox 642 4474 2221 4546; baseline -0.002 -15"><span class='ocrx_word' id='word_1_608' title='bbox 642 4480 851 4546; x_wconf 79' lang='lat' dir='ltr'><strong>digent,</strong></span> <span class='ocrx_word' id='word_1_609' title='bbox 890 4479 1157 4545; x_wconf 86' lang='lat' dir='ltr'><strong>audetque</strong></span> <span class='ocrx_word' id='word_1_610' title='bbox 1194 4477 1374 4529; x_wconf 87' lang='lat' dir='ltr'><strong>dicere</strong></span> <span class='ocrx_word' id='word_1_611' title='bbox 1408 4491 1421 4528; x_wconf 90' lang='lat'>:</span> <span class='ocrx_word' id='word_1_612' title='bbox 1454 4474 1703 4538; x_wconf 83' lang='lat' dir='ltr'><strong>Quonam</strong></span> <span class='ocrx_word' id='word_1_613' title='bbox 1734 4474 1927 4527; x_wconf 87' lang='lat' dir='ltr'><strong>evadet</strong></span> <span class='ocrx_word' id='word_1_614' title='bbox 1958 4475 2075 4527; x_wconf 91' lang='lat' dir='ltr'><strong>Filii</strong></span> <span class='ocrx_word' id='word_1_615' title='bbox 2142 4490 2221 4529; x_wconf 88' lang='lat' dir='ltr'><strong>es-</strong></span> 
     </span>
    </p>
   </div>
   <div class='ocr_carea' id='block_1_87' title="bbox 2329 4465 3902 4549">
    <p class='ocr_par' dir='ltr' id='par_1_87' title="bbox 2329 4465 3902 4549">
     <span class='ocr_line' id='line_1_87' title="bbox 2329 4465 3902 4549; baseline 0.009 -32"><span class='ocrx_word' id='word_1_616' title='bbox 2329 4465 2506 4534; x_wconf 83' lang='grc' dir='ltr'>λέγειν</span> <span class='ocrx_word' id='word_1_617' title='bbox 2532 4484 2544 4496; x_wconf 88' lang='grc'><strong>·</strong></span> <span class='ocrx_word' id='word_1_618' title='bbox 2580 4467 2689 4519; x_wconf 86' lang='grc' dir='ltr'><strong>Ποῦ</strong></span> <span class='ocrx_word' id='word_1_619' title='bbox 2718 4468 2958 4538; x_wconf 85' lang='grc' dir='ltr'>χωρήσει</span> <span class='ocrx_word' id='word_1_620' title='bbox 2996 4469 3090 4521; x_wconf 87' lang='grc' dir='ltr'><strong>τοῦ</strong></span> <span class='ocrx_word' id='word_1_621' title='bbox 3119 4472 3455 4541; x_wconf 83' lang='grc' dir='ltr'>γεννήματος</span> <span class='ocrx_word' id='word_1_622' title='bbox 3486 4477 3518 4545; x_wconf 80' lang='grc' dir='ltr'>ἡ</span> <span class='ocrx_word' id='word_1_623' title='bbox 3549 4478 3727 4541; x_wconf 81' lang='grc' dir='ltr'>οὐσία,</span> <span class='ocrx_word' id='word_1_624' title='bbox 3761 4480 3902 4549; x_wconf 76' lang='grc' dir='ltr'>πλη-</span> 
     </span>
    </p>
   </div>
   <div class='ocr_carea' id='block_1_88' title="bbox 643 4561 2220 4632">
    <p class='ocr_par' dir='ltr' id='par_1_88' title="bbox 643 4561 2220 4632">
     <span class='ocr_line' id='line_1_88' title="bbox 643 4561 2220 4632; baseline 0.001 -14"><span class='ocrx_word' id='word_1_625' title='bbox 643 4566 842 4626; x_wconf 90' lang='lat' dir='ltr'><strong>sentia,</strong></span> <span class='ocrx_word' id='word_1_626' title='bbox 884 4578 1005 4617; x_wconf 89' lang='lat' dir='ltr'><strong>eum</strong></span> <span class='ocrx_word' id='word_1_627' title='bbox 1034 4562 1195 4616; x_wconf 87' lang='lat' dir='ltr'><strong>Pater</strong></span> <span class='ocrx_word' id='word_1_628' title='bbox 1220 4562 1401 4615; x_wconf 82' lang='lat' dir='ltr'><strong>omnia</strong></span> <span class='ocrx_word' id='word_1_629' title='bbox 1431 4561 1636 4629; x_wconf 88' lang='lat' dir='ltr'><strong>repleat</strong></span> <span class='ocrx_word' id='word_1_630' title='bbox 1655 4561 1677 4613; x_wconf 91' lang='lat'><strong>?</strong></span> <span class='ocrx_word' id='word_1_631' title='bbox 1696 4562 1929 4629; x_wconf 83' lang='lat' dir='ltr'><strong>Apparet</strong></span> <span class='ocrx_word' id='word_1_632' title='bbox 1960 4564 2140 4632; x_wconf 83' lang='lat' dir='ltr'><strong>itaque</strong></span> <span class='ocrx_word' id='word_1_633' title='bbox 2167 4573 2220 4619; x_wconf 91' lang='lat' dir='ltr'><strong>et</strong></span> 
     </span>
    </p>
   </div>
   <div class='ocr_carea' id='block_1_89' title="bbox 604 4649 2216 4715">
    <p class='ocr_par' dir='ltr' id='par_1_89' title="bbox 604 4649 2216 4715">
     <span class='ocr_line' id='line_1_89' title="bbox 604 4649 2216 4715; baseline -0.001 -8"><span class='ocrx_word' id='word_1_634' title='bbox 604 4661 725 4707; x_wconf 72' lang='lat' dir='ltr'><strong>‘est</strong></span> <span class='ocrx_word' id='word_1_635' title='bbox 765 4651 925 4705; x_wconf 88' lang='lat' dir='ltr'><strong>Pater</strong></span> <span class='ocrx_word' id='word_1_636' title='bbox 964 4652 1016 4704; x_wconf 88' lang='lat' dir='ltr'><strong>in</strong></span> <span class='ocrx_word' id='word_1_637' title='bbox 1057 4650 1214 4715; x_wconf 85' lang='lat' dir='ltr'><strong>Filio,</strong></span> <span class='ocrx_word' id='word_1_638' title='bbox 1262 4659 1315 4704; x_wconf 88' lang='lat' dir='ltr'><strong>et</strong></span> <span class='ocrx_word' id='word_1_639' title='bbox 1353 4650 1525 4704; x_wconf 89' lang='lat' dir='ltr'><strong>Filius</strong></span> <span class='ocrx_word' id='word_1_640' title='bbox 1566 4650 1620 4703; x_wconf 90' lang='lat' dir='ltr'><strong>in</strong></span> <span class='ocrx_word' id='word_1_641' title='bbox 1668 4649 1850 4713; x_wconf 83' lang='lat' dir='ltr'><strong>Patre,</strong></span> <span class='ocrx_word' id='word_1_642' title='bbox 1885 4667 1987 4705; x_wconf 92' lang='lat' dir='ltr'><strong>non</strong></span> <span class='ocrx_word' id='word_1_643' title='bbox 2043 4660 2216 4708; x_wconf 87' lang='lat' dir='ltr'><strong>tamen</strong></span> 
     </span>
    </p>
   </div>
   <div class='ocr_carea' id='block_1_90' title="bbox 643 4744 2221 4811">
    <p class='ocr_par' dir='ltr' id='par_1_90' title="bbox 643 4744 2221 4811">
     <span class='ocr_line' id='line_1_90' title="bbox 643 4744 2221 4811; baseline 0.001 -12"><span class='ocrx_word' id='word_1_644' title='bbox 643 4754 704 4799; x_wconf 85' lang='lat' dir='ltr'><strong>ut</strong></span> <span class='ocrx_word' id='word_1_645' title='bbox 734 4747 869 4797; x_wconf 89' lang='lat' dir='ltr'><strong>idem</strong></span> <span class='ocrx_word' id='word_1_646' title='bbox 900 4744 1244 4808; x_wconf 78' lang='lat' dir='ltr'><strong>exsislenles,</strong></span> <span class='ocrx_word' id='word_1_647' title='bbox 1276 4757 1447 4811; x_wconf 88' lang='lat' dir='ltr'><strong>neque</strong></span> <span class='ocrx_word' id='word_1_648' title='bbox 1479 4752 1539 4796; x_wconf 88' lang='lat' dir='ltr'><strong>ut</strong></span> <span class='ocrx_word' id='word_1_649' title='bbox 1582 4759 1746 4797; x_wconf 87' lang='lat' dir='ltr'><strong>unum</strong></span> <span class='ocrx_word' id='word_1_650' title='bbox 1814 4761 2054 4799; x_wconf 89' lang='lat' dir='ltr'><strong>numero.</strong></span> <span class='ocrx_word' id='word_1_651' title='bbox 2124 4748 2221 4801; x_wconf 85' lang='lat' dir='ltr'><strong>Est</strong></span> 
     </span>
    </p>
   </div>
   <div class='ocr_carea' id='block_1_91' title="bbox 638 4835 2222 4907">
    <p class='ocr_par' dir='ltr' id='par_1_91' title="bbox 638 4835 2222 4907">
     <span class='ocr_line' id='line_1_91' title="bbox 638 4835 2222 4907; baseline 0.001 -16"><span class='ocrx_word' id='word_1_652' title='bbox 638 4838 782 4891; x_wconf 88' lang='lat' dir='ltr'><strong>enim</strong></span> <span class='ocrx_word' id='word_1_653' title='bbox 817 4836 972 4890; x_wconf 83' lang='lat' dir='ltr'><strong>Pater</strong></span> <span class='ocrx_word' id='word_1_654' title='bbox 1000 4837 1051 4888; x_wconf 92' lang='lat' dir='ltr'><strong>in</strong></span> <span class='ocrx_word' id='word_1_655' title='bbox 1083 4850 1175 4890; x_wconf 92' lang='lat' dir='ltr'><strong>sua</strong></span> <span class='ocrx_word' id='word_1_656' title='bbox 1206 4836 1559 4903; x_wconf 88' lang='lat' dir='ltr'><strong>proprietate,</strong></span> <span class='ocrx_word' id='word_1_657' title='bbox 1600 4844 1654 4889; x_wconf 91' lang='lat' dir='ltr'><strong>et</strong></span> <span class='ocrx_word' id='word_1_658' title='bbox 1686 4845 1771 4889; x_wconf 86' lang='lat' dir='ltr'><strong>est</strong></span> <span class='ocrx_word' id='word_1_659' title='bbox 1814 4835 1982 4891; x_wconf 87' lang='lat' dir='ltr'><strong>Filius</strong></span> <span class='ocrx_word' id='word_1_660' title='bbox 2039 4839 2088 4891; x_wconf 89' lang='lat' dir='ltr'><strong>itt</strong></span> <span class='ocrx_word' id='word_1_661' title='bbox 2136 4854 2222 4907; x_wconf 83' lang='lat' dir='ltr'><strong>pe-</strong></span> 
     </span>
    </p>
   </div>
   <div class='ocr_carea' id='block_1_92' title="bbox 639 4927 2221 4996">
    <p class='ocr_par' dir='ltr' id='par_1_92' title="bbox 639 4927 2221 4996">
     <span class='ocr_line' id='line_1_92' title="bbox 639 4927 2221 4996; baseline -0.002 -12"><span class='ocrx_word' id='word_1_662' title='bbox 639 4929 831 4984; x_wconf 89' lang='lat' dir='ltr'><strong>culiari</strong></span> <span class='ocrx_word' id='word_1_663' title='bbox 874 4944 968 4982; x_wconf 90' lang='lat' dir='ltr'><strong>sua</strong></span> <span class='ocrx_word' id='word_1_664' title='bbox 1018 4928 1364 4996; x_wconf 85' lang='lat' dir='ltr'><strong>proprietate,</strong></span> <span class='ocrx_word' id='word_1_665' title='bbox 1394 4928 1534 4980; x_wconf 90' lang='lat' dir='ltr'><strong>banc</strong></span> <span class='ocrx_word' id='word_1_666' title='bbox 1565 4928 1732 4981; x_wconf 88' lang='lat' dir='ltr'><strong>solam</strong></span> <span class='ocrx_word' id='word_1_667' title='bbox 1760 4942 1788 4980; x_wconf 87' lang='lat' dir='ltr'><strong>a</strong></span> <span class='ocrx_word' id='word_1_668' title='bbox 1850 4927 2011 4983; x_wconf 89' lang='lat' dir='ltr'><strong>Patre</strong></span> <span class='ocrx_word' id='word_1_669' title='bbox 2067 4927 2221 4982; x_wconf 55' lang='lat' dir='ltr'><strong>diﬂ‘ea</strong></span> 
     </span>
    </p>
   </div>
   <div class='ocr_carea' id='block_1_93' title="bbox 638 5016 2217 5088">
    <p class='ocr_par' dir='ltr' id='par_1_93' title="bbox 638 5016 2217 5088">
     <span class='ocr_line' id='line_1_93' title="bbox 638 5016 2217 5088; baseline -0.001 -14"><span class='ocrx_word' id='word_1_670' title='bbox 638 5021 868 5075; x_wconf 84' lang='lat' dir='ltr'><strong>rentiatn</strong></span> <span class='ocrx_word' id='word_1_671' title='bbox 928 5019 1153 5081; x_wconf 86' lang='lat' dir='ltr'><strong>habens,</strong></span> <span class='ocrx_word' id='word_1_672' title='bbox 1188 5017 1329 5086; x_wconf 89' lang='lat' dir='ltr'><strong>quod</strong></span> <span class='ocrx_word' id='word_1_673' title='bbox 1383 5016 1543 5070; x_wconf 86' lang='lat' dir='ltr'><strong>Pater</strong></span> <span class='ocrx_word' id='word_1_674' title='bbox 1585 5018 1799 5085; x_wconf 86' lang='lat' dir='ltr'><strong>quidem</strong></span> <span class='ocrx_word' id='word_1_675' title='bbox 1835 5033 1929 5088; x_wconf 90' lang='lat' dir='ltr'><strong>per</strong></span> <span class='ocrx_word' id='word_1_676' title='bbox 1988 5032 2046 5072; x_wconf 90' lang='lat' dir='ltr'><strong>se</strong></span> <span class='ocrx_word' id='word_1_677' title='bbox 2089 5030 2217 5084; x_wconf 89' lang='lat' dir='ltr'><strong>est,</strong></span> 
     </span>
    </p>
   </div>
   <div class='ocr_carea' id='block_1_94' title="bbox 639 5107 2218 5181">
    <p class='ocr_par' dir='ltr' id='par_1_94' title="bbox 639 5107 2218 5181">
     <span class='ocr_line' id='line_1_94' title="bbox 639 5107 2218 5181; baseline 0.002 -18"><span class='ocrx_word' id='word_1_678' title='bbox 639 5126 814 5181; x_wconf 85' lang='lat' dir='ltr'><strong>neque</strong></span> <span class='ocrx_word' id='word_1_679' title='bbox 855 5120 937 5164; x_wconf 86' lang='lat' dir='ltr'><strong>est</strong></span> <span class='ocrx_word' id='word_1_680' title='bbox 978 5108 1191 5171; x_wconf 87' lang='lat' dir='ltr'><strong>Filius;</strong></span> <span class='ocrx_word' id='word_1_681' title='bbox 1250 5107 1419 5161; x_wconf 85' lang='lat' dir='ltr'><strong>Filius</strong></span> <span class='ocrx_word' id='word_1_682' title='bbox 1446 5108 1607 5162; x_wconf 89' lang='lat' dir='ltr'><strong>etiam</strong></span> <span class='ocrx_word' id='word_1_683' title='bbox 1648 5124 1743 5178; x_wconf 91' lang='lat' dir='ltr'><strong>per</strong></span> <span class='ocrx_word' id='word_1_684' title='bbox 1797 5125 1855 5165; x_wconf 90' lang='lat' dir='ltr'><strong>se</strong></span> <span class='ocrx_word' id='word_1_685' title='bbox 1912 5120 2012 5175; x_wconf 88' lang='lat' dir='ltr'><strong>est,</strong></span> <span class='ocrx_word' id='word_1_686' title='bbox 2048 5125 2218 5178; x_wconf 89' lang='lat' dir='ltr'><strong>neque</strong></span> 
     </span>
    </p>
   </div>
   <div class='ocr_carea' id='block_1_95' title="bbox 638 5198 2217 5266">
    <p class='ocr_par' dir='ltr' id='par_1_95' title="bbox 638 5198 2217 5266">
     <span class='ocr_line' id='line_1_95' title="bbox 638 5198 2217 5266; baseline 0.001 -10"><span class='ocrx_word' id='word_1_687' title='bbox 638 5213 722 5256; x_wconf 89' lang='lat' dir='ltr'><strong>est</strong></span> <span class='ocrx_word' id='word_1_688' title='bbox 767 5200 947 5254; x_wconf 87' lang='lat' dir='ltr'><strong>Pater.</strong></span> <span class='ocrx_word' id='word_1_689' title='bbox 976 5201 1081 5254; x_wconf 87' lang='lat' dir='ltr'><strong>Sed</strong></span> <span class='ocrx_word' id='word_1_690' title='bbox 1133 5200 1235 5253; x_wconf 88' lang='lat' dir='ltr'><strong>hac</strong></span> <span class='ocrx_word' id='word_1_691' title='bbox 1284 5198 1499 5266; x_wconf 82' lang='lat' dir='ltr'><strong>quidem</strong></span> <span class='ocrx_word' id='word_1_692' title='bbox 1549 5200 1661 5253; x_wconf 90' lang='lat' dir='ltr'><strong>sola</strong></span> <span class='ocrx_word' id='word_1_693' title='bbox 1703 5200 2002 5257; x_wconf 67' lang='lat' dir='ltr'><strong>differentia</strong></span> <span class='ocrx_word' id='word_1_694' title='bbox 2055 5218 2084 5255; x_wconf 90' lang='lat' dir='ltr'><strong>a</strong></span> <span class='ocrx_word' id='word_1_695' title='bbox 2115 5203 2217 5257; x_wconf 88' lang='lat' dir='ltr'><strong>Pa-</strong></span> 
     </span>
    </p>
   </div>
   <div class='ocr_carea' id='block_1_96' title="bbox 641 5290 2217 5362">
    <p class='ocr_par' dir='ltr' id='par_1_96' title="bbox 641 5290 2217 5362">
     <span class='ocr_line' id='line_1_96' title="bbox 641 5290 2217 5362; baseline 0.003 -17"><span class='ocrx_word' id='word_1_696' title='bbox 641 5301 726 5345; x_wconf 86' lang='lat' dir='ltr'><strong>tre</strong></span> <span class='ocrx_word' id='word_1_697' title='bbox 770 5291 1077 5353; x_wconf 87' lang='lat' dir='ltr'><strong>distinctus,</strong></span> <span class='ocrx_word' id='word_1_698' title='bbox 1124 5290 1370 5345; x_wconf 85' lang='lat' dir='ltr'><strong>eamdem</strong></span> <span class='ocrx_word' id='word_1_699' title='bbox 1404 5290 1565 5344; x_wconf 88' lang='lat' dir='ltr'><strong>habet</strong></span> <span class='ocrx_word' id='word_1_700' title='bbox 1594 5300 1829 5359; x_wconf 67' lang='lat' dir='ltr'><strong>paterna:</strong></span> <span class='ocrx_word' id='word_1_701' title='bbox 1864 5301 2068 5348; x_wconf 66' lang='lat' dir='ltr'><strong>natura:</strong></span> <span class='ocrx_word' id='word_1_702' title='bbox 2098 5309 2217 5362; x_wconf 81' lang='lat' dir='ltr'><strong>pro-</strong></span> 
     </span>
    </p>
   </div>
   <div class='ocr_carea' id='block_1_97' title="bbox 639 5382 2214 5452">
    <p class='ocr_par' dir='ltr' id='par_1_97' title="bbox 639 5382 2214 5452">
     <span class='ocr_line' id='line_1_97' title="bbox 639 5382 2214 5452; baseline 0.002 -15"><span class='ocrx_word' id='word_1_703' title='bbox 639 5385 961 5452; x_wconf 86' lang='lat' dir='ltr'><strong>prietatem;</strong></span> <span class='ocrx_word' id='word_1_704' title='bbox 1021 5391 1207 5448; x_wconf 90' lang='lat' dir='ltr'><strong>estque</strong></span> <span class='ocrx_word' id='word_1_705' title='bbox 1278 5396 1469 5437; x_wconf 88' lang='lat' dir='ltr'><strong>rursus</strong></span> <span class='ocrx_word' id='word_1_706' title='bbox 1520 5384 1571 5437; x_wconf 92' lang='lat' dir='ltr'><strong>in</strong></span> <span class='ocrx_word' id='word_1_707' title='bbox 1623 5382 1820 5447; x_wconf 84' lang='lat' dir='ltr'><strong>Patre,</strong></span> <span class='ocrx_word' id='word_1_708' title='bbox 1868 5385 2214 5451; x_wconf 87' lang='lat' dir='ltr'><strong>quemadmo-</strong></span> 
     </span>
    </p>
   </div>
   <div class='ocr_carea' id='block_1_98' title="bbox 639 5469 2213 5540">
    <p class='ocr_par' dir='ltr' id='par_1_98' title="bbox 639 5469 2213 5540">
     <span class='ocr_line' id='line_1_98' title="bbox 639 5469 2213 5540; baseline -0.001 -13"><span class='ocrx_word' id='word_1_709' title='bbox 639 5473 764 5527; x_wconf 88' lang='lat' dir='ltr'><strong>dum</strong></span> <span class='ocrx_word' id='word_1_710' title='bbox 793 5471 1044 5540; x_wconf 89' lang='lat' dir='ltr'><strong>splendor</strong></span> <span class='ocrx_word' id='word_1_711' title='bbox 1071 5470 1158 5539; x_wconf 90' lang='lat' dir='ltr'><strong>qui</strong></span> <span class='ocrx_word' id='word_1_712' title='bbox 1186 5484 1216 5524; x_wconf 91' lang='lat' dir='ltr'><strong>e</strong></span> <span class='ocrx_word' id='word_1_713' title='bbox 1256 5469 1366 5524; x_wconf 87' lang='lat' dir='ltr'><strong>sole</strong></span> <span class='ocrx_word' id='word_1_714' title='bbox 1406 5470 1692 5534; x_wconf 90' lang='lat' dir='ltr'><strong>emittitur,</strong></span> <span class='ocrx_word' id='word_1_715' title='bbox 1726 5471 1815 5539; x_wconf 90' lang='lat' dir='ltr'><strong>qui</strong></span> <span class='ocrx_word' id='word_1_716' title='bbox 1844 5470 2056 5537; x_wconf 89' lang='lat' dir='ltr'><strong>quidem</strong></span> <span class='ocrx_word' id='word_1_717' title='bbox 2090 5486 2213 5540; x_wconf 92' lang='lat' dir='ltr'><strong>pro-</strong></span> 
     </span>
    </p>
   </div>
   <div class='ocr_carea' id='block_1_99' title="bbox 641 5560 2208 5630">
    <p class='ocr_par' dir='ltr' id='par_1_99' title="bbox 641 5560 2208 5630">
     <span class='ocr_line' id='line_1_99' title="bbox 641 5560 2208 5630; baseline -0.004 -12"><span class='ocrx_word' id='word_1_718' title='bbox 641 5564 784 5618; x_wconf 86' lang='lat' dir='ltr'><strong>cedit</strong></span> <span class='ocrx_word' id='word_1_719' title='bbox 829 5577 893 5616; x_wconf 82' lang='lat' dir='ltr'><strong>ex</strong></span> <span class='ocrx_word' id='word_1_720' title='bbox 926 5563 1059 5630; x_wconf 89' lang='lat' dir='ltr'><strong>ipso,</strong></span> <span class='ocrx_word' id='word_1_721' title='bbox 1091 5561 1233 5615; x_wconf 91' lang='lat' dir='ltr'><strong>aliud</strong></span> <span class='ocrx_word' id='word_1_722' title='bbox 1256 5560 1531 5630; x_wconf 87' lang='lat' dir='ltr'><strong>quidpiam</strong></span> <span class='ocrx_word' id='word_1_723' title='bbox 1565 5560 1634 5613; x_wconf 90' lang='lat' dir='ltr'><strong>ab</strong></span> <span class='ocrx_word' id='word_1_724' title='bbox 1676 5560 1810 5628; x_wconf 88' lang='lat' dir='ltr'><strong>ipso,</strong></span> <span class='ocrx_word' id='word_1_725' title='bbox 1842 5574 2005 5611; x_wconf 91' lang='lat' dir='ltr'><strong>unum</strong></span> <span class='ocrx_word' id='word_1_726' title='bbox 2034 5568 2208 5613; x_wconf 88' lang='lat' dir='ltr'><strong>tamen</strong></span> 
     </span>
    </p>
   </div>
   <div class='ocr_carea' id='block_1_100' title="bbox 640 5650 2204 5719">
    <p class='ocr_par' dir='ltr' id='par_1_100' title="bbox 640 5650 2204 5719">
     <span class='ocr_line' id='line_1_100' title="bbox 640 5650 2204 5719; baseline -0.001 -11"><span class='ocrx_word' id='word_1_727' title='bbox 640 5664 830 5709; x_wconf 81' lang='lat' dir='ltr'><strong>natura</strong></span> <span class='ocrx_word' id='word_1_728' title='bbox 846 5654 1134 5709; x_wconf 84' lang='lat' dir='ltr'><strong>exsislens.</strong></span> <span class='ocrx_word' id='word_1_729' title='bbox 1155 5652 1288 5707; x_wconf 87' lang='lat' dir='ltr'><strong>Nam</strong></span> <span class='ocrx_word' id='word_1_730' title='bbox 1305 5654 1409 5707; x_wconf 86' lang='lat' dir='ltr'><strong>hoc</strong></span> <span class='ocrx_word' id='word_1_731' title='bbox 1427 5661 1511 5706; x_wconf 93' lang='lat' dir='ltr'><strong>est</strong></span> <span class='ocrx_word' id='word_1_732' title='bbox 1528 5651 1628 5717; x_wconf 90' lang='lat' dir='ltr'><strong>sol,</strong></span> <span class='ocrx_word' id='word_1_733' title='bbox 1651 5650 1776 5704; x_wconf 80' lang='lat' dir='ltr'><strong>illud</strong></span> <span class='ocrx_word' id='word_1_734' title='bbox 1792 5665 1922 5704; x_wconf 83' lang='lat' dir='ltr'><strong>vero</strong></span> <span class='ocrx_word' id='word_1_735' title='bbox 1935 5651 2204 5719; x_wconf 86' lang='lat' dir='ltr'><strong>splendor.</strong></span> 
     </span>
    </p>
   </div>
   <div class='ocr_carea' id='block_1_101' title="bbox 640 5739 2202 5812">
    <p class='ocr_par' dir='ltr' id='par_1_101' title="bbox 640 5739 2202 5812">
     <span class='ocr_line' id='line_1_101' title="bbox 640 5739 2202 5812; baseline -0.004 -10"><span class='ocrx_word' id='word_1_736' title='bbox 640 5746 799 5802; x_wconf 83' lang='lat' dir='ltr'><strong>Pater</strong></span> <span class='ocrx_word' id='word_1_737' title='bbox 829 5747 1008 5809; x_wconf 87' lang='lat' dir='ltr'><strong>itaque</strong></span> <span class='ocrx_word' id='word_1_738' title='bbox 1033 5745 1306 5803; x_wconf 83' lang='lat' dir='ltr'><strong>exsistens</strong></span> <span class='ocrx_word' id='word_1_739' title='bbox 1333 5742 1515 5797; x_wconf 88' lang='lat' dir='ltr'><strong>emisit</strong></span> <span class='ocrx_word' id='word_1_740' title='bbox 1555 5742 1757 5806; x_wconf 86' lang='lat' dir='ltr'><strong>lumen,</strong></span> <span class='ocrx_word' id='word_1_741' title='bbox 1786 5739 1979 5795; x_wconf 84' lang='lat' dir='ltr'><strong>Filium</strong></span> <span class='ocrx_word' id='word_1_742' title='bbox 2006 5783 2021 5808; x_wconf 92' lang='lat'><strong>,</strong></span> <span class='ocrx_word' id='word_1_743' title='bbox 2055 5742 2202 5812; x_wconf 78' lang='lat' dir='ltr'><strong>sigil-</strong></span> 
     </span>
    </p>
   </div>
   <div class='ocr_carea' id='block_1_102' title="bbox 2327 4557 3901 4639">
    <p class='ocr_par' dir='ltr' id='par_1_102' title="bbox 2327 4557 3901 4639">
     <span class='ocr_line' id='line_1_102' title="bbox 2327 4557 3901 4639; baseline 0.011 -31"><span class='ocrx_word' id='word_1_744' title='bbox 2327 4557 2545 4626; x_wconf 86' lang='grc' dir='ltr'>ροῦντος</span> <span class='ocrx_word' id='word_1_745' title='bbox 2589 4558 2656 4610; x_wconf 81' lang='grc' dir='ltr'><strong>τὰ</strong></span> <span class='ocrx_word' id='word_1_746' title='bbox 2688 4559 2866 4612; x_wconf 87' lang='grc' dir='ltr'>πάντα</span> <span class='ocrx_word' id='word_1_747' title='bbox 2901 4559 2995 4611; x_wconf 85' lang='grc' dir='ltr'><strong>τοῦ</strong></span> <span class='ocrx_word' id='word_1_748' title='bbox 3037 4561 3283 4632; x_wconf 82' lang='grc' dir='ltr'>Πατρός;</span> <span class='ocrx_word' id='word_1_749' title='bbox 3328 4565 3579 4620; x_wconf 82' lang='grc' dir='ltr'>Φαίνεται</span> <span class='ocrx_word' id='word_1_750' title='bbox 3627 4571 3727 4639; x_wconf 86' lang='grc' dir='ltr'>μὲν</span> <span class='ocrx_word' id='word_1_751' title='bbox 3756 4568 3845 4625; x_wconf 83' lang='grc' dir='ltr'><strong>οῦν</strong></span> <span class='ocrx_word' id='word_1_752' title='bbox 3872 4577 3901 4625; x_wconf 90' lang='lat'><strong>6</strong></span> 
     </span>
    </p>
   </div>
   <div class='ocr_carea' id='block_1_103' title="bbox 2321 4649 3897 4732">
    <p class='ocr_par' dir='ltr' id='par_1_103' title="bbox 2321 4649 3897 4732">
     <span class='ocr_line' id='line_1_103' title="bbox 2321 4649 3897 4732; baseline 0.01 -32"><span class='ocrx_word' id='word_1_753' title='bbox 2321 4649 2510 4719; x_wconf 81' lang='grc' dir='ltr'>Πατὴρ</span> <span class='ocrx_word' id='word_1_754' title='bbox 2540 4650 2630 4701; x_wconf 74' lang='grc' dir='ltr'><strong>καὶ</strong></span> <span class='ocrx_word' id='word_1_755' title='bbox 2654 4649 2797 4702; x_wconf 77' lang='grc' dir='ltr'>ἔστιν</span> <span class='ocrx_word' id='word_1_756' title='bbox 2828 4652 2885 4703; x_wconf 81' lang='grc' dir='ltr'>ὲν</span> <span class='ocrx_word' id='word_1_757' title='bbox 2918 4650 3051 4721; x_wconf 81' lang='grc' dir='ltr'>Υἱῷ,</span> <span class='ocrx_word' id='word_1_758' title='bbox 3083 4654 3176 4707; x_wconf 66' lang='grc' dir='ltr'>καὶ</span> <span class='ocrx_word' id='word_1_759' title='bbox 3207 4654 3333 4719; x_wconf 81' lang='grc' dir='ltr'><strong>Υἱὸς</strong></span> <span class='ocrx_word' id='word_1_760' title='bbox 3370 4657 3429 4709; x_wconf 87' lang='grc' dir='ltr'>ὲν</span> <span class='ocrx_word' id='word_1_761' title='bbox 3459 4659 3632 4730; x_wconf 90' lang='grc' dir='ltr'>Πατρί</span> <span class='ocrx_word' id='word_1_762' title='bbox 3654 4678 3667 4692; x_wconf 79' lang='grc'><em>’</em></span> <span class='ocrx_word' id='word_1_763' title='bbox 3697 4663 3795 4732; x_wconf 76' lang='grc' dir='ltr'><strong>οὺχ</strong></span> <span class='ocrx_word' id='word_1_764' title='bbox 3825 4664 3897 4727; x_wconf 84' lang='grc' dir='ltr'>ὡς</span> 
     </span>
    </p>
   </div>
   <div class='ocr_carea' id='block_1_104' title="bbox 2319 4736 3897 4821">
    <p class='ocr_par' dir='ltr' id='par_1_104' title="bbox 2319 4736 3897 4821">
     <span class='ocr_line' id='line_1_104' title="bbox 2319 4736 3897 4821; baseline 0.011 -35"><span class='ocrx_word' id='word_1_765' title='bbox 2319 4737 2516 4789; x_wconf 86' lang='grc' dir='ltr'>ταυτὸν</span> <span class='ocrx_word' id='word_1_766' title='bbox 2549 4736 2606 4788; x_wconf 81' lang='grc' dir='ltr'>δὲ</span> <span class='ocrx_word' id='word_1_767' title='bbox 2653 4737 2825 4802; x_wconf 76' lang='grc' dir='ltr'>ὅντες,</span> <span class='ocrx_word' id='word_1_768' title='bbox 2856 4739 2975 4792; x_wconf 83' lang='grc' dir='ltr'>οὐδὲ</span> <span class='ocrx_word' id='word_1_769' title='bbox 3017 4739 3091 4802; x_wconf 85' lang='grc' dir='ltr'><strong>ὡς</strong></span> <span class='ocrx_word' id='word_1_770' title='bbox 3142 4740 3199 4794; x_wconf 81' lang='grc' dir='ltr'>ἓν</span> <span class='ocrx_word' id='word_1_771' title='bbox 3243 4744 3482 4816; x_wconf 79' lang='grc' dir='ltr'>ἀριθμῷ.</span> <span class='ocrx_word' id='word_1_772' title='bbox 3518 4748 3675 4800; x_wconf 87' lang='grc' dir='ltr'>Ἔστι</span> <span class='ocrx_word' id='word_1_773' title='bbox 3720 4750 3827 4821; x_wconf 79' lang='grc' dir='ltr'>γὰρ</span> <span class='ocrx_word' id='word_1_774' title='bbox 3868 4753 3897 4803; x_wconf 90' lang='lat'><strong>6</strong></span> 
     </span>
    </p>
   </div>
   <div class='ocr_carea' id='block_1_105' title="bbox 2321 4825 3893 4909">
    <p class='ocr_par' dir='ltr' id='par_1_105' title="bbox 2321 4825 3893 4909">
     <span class='ocr_line' id='line_1_105' title="bbox 2321 4825 3893 4909; baseline 0.011 -34"><span class='ocrx_word' id='word_1_775' title='bbox 2321 4825 2510 4895; x_wconf 85' lang='grc' dir='ltr'>Πατὴρ</span> <span class='ocrx_word' id='word_1_776' title='bbox 2541 4827 2597 4877; x_wconf 81' lang='grc' dir='ltr'>ἐν</span> <span class='ocrx_word' id='word_1_777' title='bbox 2628 4828 2693 4896; x_wconf 78' lang='grc' dir='ltr'><strong>τῇ</strong></span> <span class='ocrx_word' id='word_1_778' title='bbox 2723 4826 2885 4882; x_wconf 68' lang='grc' dir='ltr'>αὐτοῦ</span> <span class='ocrx_word' id='word_1_779' title='bbox 2919 4828 3138 4897; x_wconf 86' lang='grc' dir='ltr'>ἰδιότητι</span> <span class='ocrx_word' id='word_1_780' title='bbox 3158 4845 3171 4858; x_wconf 85' lang='grc'><strong>’</strong></span> <span class='ocrx_word' id='word_1_781' title='bbox 3204 4832 3297 4883; x_wconf 72' lang='grc' dir='ltr'>καὶ</span> <span class='ocrx_word' id='word_1_782' title='bbox 3336 4832 3483 4887; x_wconf 78' lang='grc' dir='ltr'>ἔστιν</span> <span class='ocrx_word' id='word_1_783' title='bbox 3521 4837 3548 4887; x_wconf 87' lang='lat'><strong>6</strong></span> <span class='ocrx_word' id='word_1_784' title='bbox 3579 4836 3706 4900; x_wconf 78' lang='grc' dir='ltr'><strong>Υἱὸς</strong></span> <span class='ocrx_word' id='word_1_785' title='bbox 3752 4840 3808 4890; x_wconf 83' lang='grc' dir='ltr'>ὲν</span> <span class='ocrx_word' id='word_1_786' title='bbox 3832 4843 3893 4909; x_wconf 82' lang='grc' dir='ltr'>τῇ</span> 
     </span>
    </p>
   </div>
   <div class='ocr_carea' id='block_1_106' title="bbox 2325 4916 3898 5001">
    <p class='ocr_par' dir='ltr' id='par_1_106' title="bbox 2325 4916 3898 5001">
     <span class='ocr_line' id='line_1_106' title="bbox 2325 4916 3898 5001; baseline 0.01 -33"><span class='ocrx_word' id='word_1_787' title='bbox 2325 4916 2431 4986; x_wconf 79' lang='grc' dir='ltr'>ἰδία</span> <span class='ocrx_word' id='word_1_788' title='bbox 2465 4916 2703 4987; x_wconf 80' lang='grc' dir='ltr'>ἰδιότητι,</span> <span class='ocrx_word' id='word_1_789' title='bbox 2732 4919 2935 4989; x_wconf 85' lang='grc' dir='ltr'>ταύτην</span> <span class='ocrx_word' id='word_1_790' title='bbox 2965 4920 3102 4989; x_wconf 79' lang='grc' dir='ltr'>ἔχων</span> <span class='ocrx_word' id='word_1_791' title='bbox 3132 4922 3299 4993; x_wconf 85' lang='grc' dir='ltr'>μόνην</span> <span class='ocrx_word' id='word_1_792' title='bbox 3332 4926 3468 4995; x_wconf 84' lang='grc' dir='ltr'>πρὸς</span> <span class='ocrx_word' id='word_1_793' title='bbox 3506 4928 3597 4981; x_wconf 83' lang='grc' dir='ltr'>τὸν</span> <span class='ocrx_word' id='word_1_794' title='bbox 3634 4929 3898 5001; x_wconf 81' lang='grc' dir='ltr'>Γεγεννη-</span> 
     </span>
    </p>
   </div>
   <div class='ocr_carea' id='block_1_107' title="bbox 2320 5006 3897 5087">
    <p class='ocr_par' dir='ltr' id='par_1_107' title="bbox 2320 5006 3897 5087">
     <span class='ocr_line' id='line_1_107' title="bbox 2320 5006 3897 5087; baseline 0.011 -30"><span class='ocrx_word' id='word_1_795' title='bbox 2320 5006 2456 5059; x_wconf 86' lang='grc' dir='ltr'>κότα</span> <span class='ocrx_word' id='word_1_796' title='bbox 2497 5006 2597 5077; x_wconf 83' lang='grc' dir='ltr'>τὴν</span> <span class='ocrx_word' id='word_1_797' title='bbox 2634 5007 2896 5078; x_wconf 71' lang='grc' dir='ltr'>διαφοράν</span> <span class='ocrx_word' id='word_1_798' title='bbox 2918 5026 2930 5040; x_wconf 74' lang='grc' dir='ltr'><strong><em>ο</em></strong></span> <span class='ocrx_word' id='word_1_799' title='bbox 2972 5010 3001 5061; x_wconf 90' lang='lat'><strong>6</strong></span> <span class='ocrx_word' id='word_1_800' title='bbox 3030 5011 3127 5080; x_wconf 84' lang='grc' dir='ltr'>μὲν</span> <span class='ocrx_word' id='word_1_801' title='bbox 3162 5012 3269 5082; x_wconf 79' lang='grc' dir='ltr'><strong>γὰρ</strong></span> <span class='ocrx_word' id='word_1_802' title='bbox 3298 5013 3507 5087; x_wconf 84' lang='grc' dir='ltr'>Πατὴρ,</span> <span class='ocrx_word' id='word_1_803' title='bbox 3556 5017 3680 5070; x_wconf 81' lang='grc' dir='ltr'>καθ’</span> <span class='ocrx_word' id='word_1_804' title='bbox 3707 5020 3897 5075; x_wconf 81' lang='grc' dir='ltr'>ἑαυτόν</span> 
     </span>
    </p>
   </div>
   <div class='ocr_carea' id='block_1_108' title="bbox 2319 5098 3894 5173">
    <p class='ocr_par' dir='ltr' id='par_1_108' title="bbox 2319 5098 3894 5173">
     <span class='ocr_line' id='line_1_108' title="bbox 2319 5098 3894 5173; baseline 0.01 -24"><span class='ocrx_word' id='word_1_805' title='bbox 2319 5099 2456 5161; x_wconf 76' lang='grc' dir='ltr'>ἐστι,</span> <span class='ocrx_word' id='word_1_806' title='bbox 2482 5099 2573 5150; x_wconf 84' lang='grc' dir='ltr'><strong>καί</strong></span> <span class='ocrx_word' id='word_1_807' title='bbox 2599 5098 2698 5150; x_wconf 83' lang='grc' dir='ltr'><strong>οὐκ</strong></span> <span class='ocrx_word' id='word_1_808' title='bbox 2724 5098 2869 5152; x_wconf 77' lang='grc' dir='ltr'>ἔστιν</span> <span class='ocrx_word' id='word_1_809' title='bbox 2900 5101 3055 5170; x_wconf 56' lang='grc' dir='ltr'><strong>Υἱὸςῄ</strong></span> <span class='ocrx_word' id='word_1_810' title='bbox 3088 5105 3115 5156; x_wconf 91' lang='lat'><strong>6</strong></span> <span class='ocrx_word' id='word_1_811' title='bbox 3136 5104 3193 5156; x_wconf 82' lang='grc' dir='ltr'><strong>δὲ</strong></span> <span class='ocrx_word' id='word_1_812' title='bbox 3223 5106 3351 5168; x_wconf 84' lang='grc' dir='ltr'><strong>Υἱὸς</strong></span> <span class='ocrx_word' id='word_1_813' title='bbox 3377 5107 3498 5159; x_wconf 84' lang='grc' dir='ltr'>καθ’</span> <span class='ocrx_word' id='word_1_814' title='bbox 3523 5108 3716 5161; x_wconf 80' lang='grc' dir='ltr'>ἑαυτὸν</span> <span class='ocrx_word' id='word_1_815' title='bbox 3759 5112 3894 5173; x_wconf 80' lang='grc' dir='ltr'>ἐστι,</span> 
     </span>
    </p>
   </div>
   <div class='ocr_carea' id='block_1_109' title="bbox 2319 5189 3898 5269">
    <p class='ocr_par' dir='ltr' id='par_1_109' title="bbox 2319 5189 3898 5269">
     <span class='ocr_line' id='line_1_109' title="bbox 2319 5189 3898 5269; baseline 0.011 -29"><span class='ocrx_word' id='word_1_816' title='bbox 2319 5190 2412 5241; x_wconf 73' lang='grc' dir='ltr'>καὶ</span> <span class='ocrx_word' id='word_1_817' title='bbox 2459 5190 2559 5243; x_wconf 80' lang='grc' dir='ltr'>οὐκ</span> <span class='ocrx_word' id='word_1_818' title='bbox 2605 5189 2718 5243; x_wconf 78' lang='grc' dir='ltr'>ἔστι</span> <span class='ocrx_word' id='word_1_819' title='bbox 2764 5192 2977 5263; x_wconf 88' lang='grc' dir='ltr'>Πατήρ.</span> <span class='ocrx_word' id='word_1_820' title='bbox 3038 5193 3195 5248; x_wconf 87' lang='grc' dir='ltr'><strong>Ἀλλά</strong></span> <span class='ocrx_word' id='word_1_821' title='bbox 3236 5196 3375 5249; x_wconf 86' lang='grc' dir='ltr'>κατά</span> <span class='ocrx_word' id='word_1_822' title='bbox 3420 5197 3577 5252; x_wconf 87' lang='grc' dir='ltr'>τοῦτο</span> <span class='ocrx_word' id='word_1_823' title='bbox 3621 5201 3785 5269; x_wconf 89' lang='grc' dir='ltr'>μόνον</span> <span class='ocrx_word' id='word_1_824' title='bbox 3826 5204 3898 5269; x_wconf 83' lang='grc' dir='ltr'>ὡς</span> 
     </span>
    </p>
   </div>
   <div class='ocr_carea' id='block_1_110' title="bbox 2318 5280 3896 5365">
    <p class='ocr_par' dir='ltr' id='par_1_110' title="bbox 2318 5280 3896 5365">
     <span class='ocr_line' id='line_1_110' title="bbox 2318 5280 3896 5365; baseline 0.011 -34"><span class='ocrx_word' id='word_1_825' title='bbox 2318 5280 2455 5349; x_wconf 87' lang='grc' dir='ltr'>πρὸς</span> <span class='ocrx_word' id='word_1_826' title='bbox 2504 5280 2594 5333; x_wconf 82' lang='grc' dir='ltr'>τὸν</span> <span class='ocrx_word' id='word_1_827' title='bbox 2650 5282 2868 5352; x_wconf 82' lang='grc' dir='ltr'>Πατέρα</span> <span class='ocrx_word' id='word_1_828' title='bbox 2912 5284 3008 5353; x_wconf 84' lang='grc' dir='ltr'>τὴν</span> <span class='ocrx_word' id='word_1_829' title='bbox 3054 5283 3336 5358; x_wconf 85' lang='grc' dir='ltr'>διαστολὴν</span> <span class='ocrx_word' id='word_1_830' title='bbox 3385 5288 3548 5359; x_wconf 79' lang='grc' dir='ltr'>ἔχων,</span> <span class='ocrx_word' id='word_1_831' title='bbox 3596 5293 3753 5364; x_wconf 83' lang='grc' dir='ltr'>φέρει</span> <span class='ocrx_word' id='word_1_832' title='bbox 3802 5296 3896 5365; x_wconf 84' lang='grc' dir='ltr'><strong>μὲν</strong></span> 
     </span>
    </p>
   </div>
   <div class='ocr_carea' id='block_1_111' title="bbox 2316 5372 3893 5455">
    <p class='ocr_par' dir='ltr' id='par_1_111' title="bbox 2316 5372 3893 5455">
     <span class='ocr_line' id='line_1_111' title="bbox 2316 5372 3893 5455; baseline 0.008 -31"><span class='ocrx_word' id='word_1_833' title='bbox 2316 5373 2447 5425; x_wconf 81' lang='grc' dir='ltr'>αὐτὸ</span> <span class='ocrx_word' id='word_1_834' title='bbox 2476 5372 2575 5443; x_wconf 79' lang='grc' dir='ltr'>τῆς</span> <span class='ocrx_word' id='word_1_835' title='bbox 2605 5375 2874 5444; x_wconf 81' lang='grc' dir='ltr'>πατρικῆς</span> <span class='ocrx_word' id='word_1_836' title='bbox 2902 5374 3116 5444; x_wconf 83' lang='grc' dir='ltr'>φύσεως</span> <span class='ocrx_word' id='word_1_837' title='bbox 3152 5376 3212 5428; x_wconf 86' lang='grc' dir='ltr'>τὸ</span> <span class='ocrx_word' id='word_1_838' title='bbox 3249 5377 3468 5449; x_wconf 78' lang='grc' dir='ltr'>ἰδίωμα,</span> <span class='ocrx_word' id='word_1_839' title='bbox 3509 5380 3625 5434; x_wconf 79' lang='grc' dir='ltr'>ἔστι</span> <span class='ocrx_word' id='word_1_840' title='bbox 3650 5384 3708 5455; x_wconf 77' lang='grc' dir='ltr'><strong>δὲ</strong></span> <span class='ocrx_word' id='word_1_841' title='bbox 3736 5385 3893 5437; x_wconf 82' lang='grc' dir='ltr'>πάλιν</span> 
     </span>
    </p>
   </div>
   <div class='ocr_carea' id='block_1_112' title="bbox 2315 5462 3893 5545">
    <p class='ocr_par' dir='ltr' id='par_1_112' title="bbox 2315 5462 3893 5545">
     <span class='ocr_line' id='line_1_112' title="bbox 2315 5462 3893 5545; baseline 0.01 -31"><span class='ocrx_word' id='word_1_842' title='bbox 2315 5464 2371 5515; x_wconf 84' lang='grc' dir='ltr'>ἐν</span> <span class='ocrx_word' id='word_1_843' title='bbox 2412 5462 2490 5532; x_wconf 82' lang='grc' dir='ltr'><strong>τῷ</strong></span> <span class='ocrx_word' id='word_1_844' title='bbox 2536 5464 2727 5535; x_wconf 72' lang='grc' dir='ltr'>Πατρὶ,</span> <span class='ocrx_word' id='word_1_845' title='bbox 2764 5464 2952 5535; x_wconf 83' lang='grc' dir='ltr'>ὥσπερ</span> <span class='ocrx_word' id='word_1_846' title='bbox 2996 5466 3055 5518; x_wconf 84' lang='grc' dir='ltr'>τὸ</span> <span class='ocrx_word' id='word_1_847' title='bbox 3100 5468 3164 5520; x_wconf 80' lang='grc' dir='ltr'>ἐκ</span> <span class='ocrx_word' id='word_1_848' title='bbox 3204 5468 3298 5522; x_wconf 85' lang='grc' dir='ltr'><strong>τοῦ</strong></span> <span class='ocrx_word' id='word_1_849' title='bbox 3341 5471 3490 5541; x_wconf 85' lang='grc' dir='ltr'>ήλίου</span> <span class='ocrx_word' id='word_1_850' title='bbox 3541 5475 3893 5545; x_wconf 87' lang='grc' dir='ltr'>πεμπόμενον</span> 
     </span>
    </p>
   </div>
   <div class='ocr_carea' id='block_1_113' title="bbox 2313 5556 3891 5639">
    <p class='ocr_par' dir='ltr' id='par_1_113' title="bbox 2313 5556 3891 5639">
     <span class='ocr_line' id='line_1_113' title="bbox 2313 5556 3891 5639; baseline 0.006 -28"><span class='ocrx_word' id='word_1_851' title='bbox 2313 5556 2672 5627; x_wconf 83' lang='grc' dir='ltr'>ἀπαύγασμα,</span> <span class='ocrx_word' id='word_1_852' title='bbox 2701 5558 2914 5627; x_wconf 86' lang='grc' dir='ltr'>πρόεισι</span> <span class='ocrx_word' id='word_1_853' title='bbox 2944 5559 3041 5628; x_wconf 85' lang='grc' dir='ltr'><strong>μὲν</strong></span> <span class='ocrx_word' id='word_1_854' title='bbox 3064 5560 3125 5624; x_wconf 75' lang='grc' dir='ltr'>ἐξ</span> <span class='ocrx_word' id='word_1_855' title='bbox 3160 5561 3347 5625; x_wconf 84' lang='grc' dir='ltr'>αὑτοῦ,</span> <span class='ocrx_word' id='word_1_856' title='bbox 3382 5563 3567 5633; x_wconf 77' lang='grc' dir='ltr'>ἕτερον</span> <span class='ocrx_word' id='word_1_857' title='bbox 3594 5564 3651 5618; x_wconf 79' lang='grc' dir='ltr'>δέ</span> <span class='ocrx_word' id='word_1_858' title='bbox 3680 5584 3735 5619; x_wconf 90' lang='grc' dir='ltr'><strong>τι</strong></span> <span class='ocrx_word' id='word_1_859' title='bbox 3767 5571 3891 5639; x_wconf 82' lang='grc' dir='ltr'>παρ’</span> 
     </span>
    </p>
   </div>
   <div class='ocr_carea' id='block_1_114' title="bbox 2315 5648 3886 5728">
    <p class='ocr_par' dir='ltr' id='par_1_114' title="bbox 2315 5648 3886 5728">
     <span class='ocr_line' id='line_1_114' title="bbox 2315 5648 3886 5728; baseline 0.006 -27"><span class='ocrx_word' id='word_1_860' title='bbox 2315 5649 2477 5702; x_wconf 82' lang='grc' dir='ltr'>αὐτόν</span> <span class='ocrx_word' id='word_1_861' title='bbox 2509 5652 2675 5711; x_wconf 85' lang='grc' dir='ltr'>ἐστιν,</span> <span class='ocrx_word' id='word_1_862' title='bbox 2705 5648 2761 5702; x_wconf 84' lang='grc' dir='ltr'>ἓν</span> <span class='ocrx_word' id='word_1_863' title='bbox 2806 5650 2946 5702; x_wconf 88' lang='grc' dir='ltr'><strong>κατά</strong></span> <span class='ocrx_word' id='word_1_864' title='bbox 2996 5650 3157 5718; x_wconf 81' lang='grc' dir='ltr'>φύσιν</span> <span class='ocrx_word' id='word_1_865' title='bbox 3203 5653 3462 5724; x_wconf 85' lang='grc' dir='ltr'>ὑπάρχον.</span> <span class='ocrx_word' id='word_1_866' title='bbox 3499 5655 3571 5705; x_wconf 89' lang='lat' dir='ltr'>T6</span> <span class='ocrx_word' id='word_1_867' title='bbox 3616 5656 3716 5725; x_wconf 78' lang='grc' dir='ltr'>μὲν</span> <span class='ocrx_word' id='word_1_868' title='bbox 3762 5661 3886 5728; x_wconf 61' lang='grc' dir='ltr'>γὰρ.</span> 
     </span>
    </p>
   </div>
   <div class='ocr_carea' id='block_1_115' title="bbox 2316 5738 3887 5818">
    <p class='ocr_par' dir='ltr' id='par_1_115' title="bbox 2316 5738 3887 5818">
     <span class='ocr_line' id='line_1_115' title="bbox 2316 5738 3887 5818; baseline 0.003 -22"><span class='ocrx_word' id='word_1_869' title='bbox 2316 5745 2497 5814; x_wconf 75' lang='grc' dir='ltr'>ἥλιος,</span> <span class='ocrx_word' id='word_1_870' title='bbox 2524 5742 2582 5795; x_wconf 81' lang='grc' dir='ltr'>τὸ</span> <span class='ocrx_word' id='word_1_871' title='bbox 2616 5742 2691 5807; x_wconf 78' lang='grc' dir='ltr'>δ’ὲ,</span> <span class='ocrx_word' id='word_1_872' title='bbox 2722 5741 3080 5813; x_wconf 85' lang='grc' dir='ltr'>ἀπαύγασμα.</span> <span class='ocrx_word' id='word_1_873' title='bbox 3115 5745 3206 5797; x_wconf 85' lang='grc' dir='ltr'>Ὢν</span> <span class='ocrx_word' id='word_1_874' title='bbox 3241 5738 3572 5816; x_wconf 73' lang='grc' dir='ltr'>οὗνΠατήρ,</span> <span class='ocrx_word' id='word_1_875' title='bbox 3602 5748 3887 5818; x_wconf 81' lang='grc' dir='ltr'>ἀπηύγασε</span> 
     </span>
    </p>
   </div>
  </div>
