4144 6554
246 382 339 435 101

1658 367 2100 427 THESAURUS.

3397 366 3495 418 i02

242 495 332 546 τὸν
367 492 515 555 Υἰὺν,
563 490 835 562 σφρανῖὃα
868 490 961 542 καὶ
1002 489 1184 543 εἰκόνα
1222 490 1320 560 τῆς
1367 488 1558 543 ἑαυτου
1609 486 1822 555 φύσεως

1936 484 2030 533 Tum
2062 489 2117 536 et
2172 480 2459 551 imaginem
2502 480 2954 548 perfectissimam
3005 494 3114 535 sua:
3179 476 3347 548 ipsius
3400 493 3499 532 na-

242 581 665 651 ἀκριϐεστάτην,

756 702 1123 788 ΛΟΓΟΣ
1198 703 1328 786 H’.

247 860 404 927 Πρὸς
439 859 578 923 τοὺς
610 857 921 926 λέγοντας,
963 858 1053 911 ὅτι
1082 860 1154 911 οὐ
1182 856 1262 922 τῷ
1307 856 1507 924 Πατρὶ,
1545 855 1705 909 ἀλλὰ
1746 856 1820 922 τῇ

417 928 720 995 βουλήσει
752 928 939 982 αὐτοῦ
977 928 1180 998 ὅμοιός
1207 928 1376 981 ἐστιν
1413 930 1445 981 ὁ
1488 927 1621 991 Υἱός

320 1041 524 1111 Πολλὴν
552 1040 616 1094 ἄν
641 1058 727 1103 τις
752 1040 977 1103 εἰκότως
1010 1038 1265 1093 ἀδουλίαν
1292 1038 1400 1092 τῶν
1441 1036 1821 1108 χριστομάχων

250 1133 717 1203 καταψηφίσαιτο,
770 1132 803 1201 ἢ
855 1133 1112 1200 λογιεῖται
1161 1132 1334 1203 ὀρθῶς
1381 1131 1686 1201 μαίνεσθαι,
1733 1149 1823 1183 πι-

250 1222 455 1276 στεύων
475 1225 589 1285 τοῑς
627 1220 724 1290 τῆς
754 1221 1060 1292 βουλήσεως
1095 1221 1187 1274 τοῦ
1222 1221 1434 1291 Πατρὸς
1468 1222 1650 1291 ὅμοιον
1686 1216 1825 1275 εἶναι

248 1313 467 1381 λέγουσι
496 1312 588 1365 τὸν
617 1310 765 1373 Υἰὸν,
806 1311 906 1363 οὐκ
950 1310 1099 1380 αὑτῷ
1140 1310 1218 1380 τῷ
1262 1311 1466 1382 Πατρί·
1518 1309 1693 1364 καίτοι
1727 1310 1826 1380 τῆς

251 1404 402 1466 Θείας
425 1405 646 1474 Γραφῆς
690 1404 749 1455 οὐ
788 1402 975 1455 τοῦτον
1009 1402 1345 1472 ἐκφερούσης
1385 1402 1512 1475 περὶ
1540 1401 1705 1455 αὑτοῦ
1735 1403 1826 1455 τὸν

251 1497 396 1566 ὅρον,
428 1495 543 1547 ἀλλ’
563 1495 682 1547 οὐδὲ
712 1495 877 1548 αὑτοῦ
909 1494 1003 1547 τοῦ
1035 1495 1286 1565 Σωτῆρος
1309 1495 1556 1562 λέγοντος
1577 1512 1590 1525 ο
1636 1496 1692 1549 '0
1728 1496 1826 1548 ἐω-

254 1584 436 1654 ρακὼς
462 1584 582 1653 ἐμὲ,
610 1583 819 1654 ἑώρακε
845 1583 941 1654 τὴν
968 1583 1219 1652 βούλησιν
1239 1584 1333 1635 τοῦ
1361 1585 1591 1653 Πατρός.
1632 1584 1827 1655 Ἐχρῆν

249 1674 309 1727 δέ
338 1690 401 1742 γε
431 1672 523 1725 τὸν
559 1674 780 1726 εἰπόντα
804 1675 1036 1745 Χριστόν
1059 1688 1070 1703 ⁸
1101 1694 1117 1725 ι
1167 1673 1306 1742 Ἐγώ
1331 1676 1445 1744 εἰμι
1474 1678 1505 1745 ἡ
1531 1676 1775 1746 ἀλήθεια,
1803 1694 1820 1726 ι

255 1765 330 1836 μὴ
353 1765 432 1835 τῷ
464 1766 638 1835 Πατρί
679 1766 820 1819 κατὰ
854 1766 1014 1835 φύσιν
1042 1766 1233 1819 ἐαυτὸν
1265 1766 1565 1837 ἐξομοιοῦν,
1599 1771 1665 1838 τῇ
1708 1767 1829 1837 βου‹

251 1858 407 1927 λήσει
444 1857 499 1910 δὲ
543 1843 743 1927 μᾶλλοῦ
787 1855 974 1919 αὑτοῦ,
1019 1858 1174 1927 εἴπερ
1208 1855 1381 1919 οὑτως
1409 1856 1544 1927 ἔχει,
1574 1856 1825 1929 καθάπερ

252 1948 448 2002 ἐκεῖνοί
474 1965 659 2017 φασιν.
701 1948 836 2000 Ἀλλ’
863 1949 1095 2018 οὐδαμοῦ
1123 1950 1220 2019 τὴν
1255 1950 1505 2019 βούλησιν
1531 1952 1821 2020 ὀνομάσας,

252 2040 434 2094 εἰκόνα
458 2040 514 2093 δέ
533 2038 625 2092 τοῦ
658 2038 868 2110 Πατρὺς
894 2040 1083 2092 ἐαυτὸν
1116 2039 1447 2111 προσειπὼν,
1470 2041 1625 2112 δῆλος
1652 2043 1718 2095 ἂν
1739 2041 1823 2112 εἴη

253 2133 350 2203 τὴν
381 2131 608 2185 ἐκείνων
641 2130 897 2184 ὑπόνοιαν
932 2132 1189 2202 ἀναιρῶν.

934 2247 1138 2301 AAAO.

273 2407 277 2410 .
340 2354 668 2424 Ἑρωτητέον
687 2356 813 2418 τοὺς
839 2357 1237 2427 χριστομάχους
1258 2372 1270 2386 ·
1318 2358 1380 2409 Ἦ
1414 2357 1665 2428 βούλησις
1691 2358 1828 2425 αὕτη

260 2444 353 2495 τοῦ
379 2444 612 2513 Πατρός,
642 2440 709 2515 ἦς
748 2446 934 2514 ὅμοιον
959 2442 1098 2499 εἶναί
1124 2464 1259 2514 φατε
1287 2448 1377 2500 τὸν
1422 2449 1568 2511 Υἱὺν,
1605 2448 1829 2519 πότερόν

262 2552 391 2587 ποτε
420 2536 577 2588 οὐσία
612 2536 694 2597 τίς
740 2537 874 2599 ἐστι,
920 2536 1014 2588 καὶ
1046 2537 1253 2606 ὑπέστη
1286 2537 1425 2608 αὑτὴ
1463 2537 1582 2589 καθ’
1610 2538 1828 2609 ἑαυτὴν,

262 2626 294 2693 ἢ
326 2626 445 2695 οὐχί
468 2643 481 2691 ;
520 2628 581 2677 Εἰ
626 2625 724 2694 μὲν
764 2625 873 2697 γὰρ
900 2624 1132 2697 οὑσιὼδη
1172 2629 1265 2679 καὶ
1305 2628 1669 2698 ὑποστατικὴν
1695 2623 1831 2679 εἶναι

257 2715 456 2767 δώσετε
486 2716 707 2785 ταύτην,
740 2717 853 2779 πῶς
880 2716 959 2770 ἔτι
990 2718 1282 2787 μονογενὴς
1313 2720 1341 2771 ό
1368 2718 1516 2781 Υἱὸς,
1548 2718 1726 2789 τρίτος
1756 2719 1831 2772 ὢν

256 2809 319 2859 ἐκ
347 2808 587 2877 Πατρόςς
626 2810 875 2861 Φαίνεται
902 2809 1008 2876 γὰρ
1050 2810 1422 2878 μεσολασοῦσα
1455 2810 1551 2881 τὴν
1582 2811 1831 2881 γέννησιν

256 2900 421 2953 αὑτοῦ
448 2899 702 2971 βούλησίς
729 2919 809 2963 τις
838 2902 1199 2963 ἐνυπόστατος
1240 2902 1333 2953 καὶ
1368 2902 1536 2966 ζῶσα,
1564 2902 1707 2956 κατὰ
1734 2903 1831 2972 τὴν

257 2993 526 3063 ὑμετέραν
565 2994 849 3063 πρότασιν.
900 2994 960 3046 Εἰ
1001 2992 1056 3045 δέ
1091 2992 1248 3045 τοῦτο
1278 2992 1726 3063 παραιτούμενοι,
1768 2993 1829 3045 οὐ

257 3082 381 3135 καθ’
406 3084 697 3137 ὑπόστασιν
726 3086 823 3153 τὴν
856 3084 1108 3153 βούλησιν
1131 3082 1436 3136 διακεῖσθαι
1467 3082 1686 3147 δώσετε,
1711 3083 1831 3137 οὑδὲ

1926 582 2079 625 ιυτω.

2238 697 2811 791 ASSEBTIO
2904 701 3184 790 VIII.

1922 920 1932 937 ,
1961 869 2221 923 Adversus
2241 867 2486 930 dicentes,
2507 883 2626 937 rnon
2646 866 2819 937 Patri,
2841 866 2930 919 sed
2952 865 3210 920 voluntati
3227 866 3341 936 ejus
3396 869 3471 921 si-

2422 936 2599 991 milem
2620 953 2731 991 esse
2767 935 2998 990 Filium.

1997 1050 2187 1106 Merito
2209 1050 2331 1120 quis
2362 1063 2611 1119 magnam
2639 1048 2873 1103 hostium
2910 1046 3113 1102 Christi
3142 1046 3502 1101 temeritatem

1926 1141 2161 1205 damnet,
2195 1148 2285 1194 aut
2338 1138 2538 1194 rectius
2587 1138 2825 1193 insanire
2868 1137 3071 1204 iudicet
3112 1150 3203 1191 eos
3242 1136 3332 1206 qui
3397 1150 3503 1189 non

1928 1230 2027 1298 ipsi
2065 1231 2237 1294 Patri,
2286 1230 2378 1284 sed
2406 1228 2665 1282 voluntati
2691 1227 2806 1296 ejus
2857 1227 3085 1281 similem
3135 1239 3257 1280 esse
3310 1223 3505 1279 Filium

1927 1320 2253 1376 contendunt
2283 1358 2299 1384 ,
2346 1334 2467 1375 cum
2515 1318 2714 1387 alioqui
2764 1332 2918 1373 sacra
2957 1317 3233 1385 Scriptura
3272 1331 3379 1371 non
3433 1316 3506 1370 ita

1930 1413 1995 1468 de
2069 1414 2183 1481 ipso
2240 1412 2505 1476 definiat,
2559 1411 2651 1465 sed
2712 1424 2886 1479 neque
2953 1410 3065 1479 ipse
3122 1406 3375 1462 Servator
3424 1407 3509 1460 di-

1929 1514 2065 1556 cat:
2110 1504 2209 1570 Qui
2269 1505 2397 1557 vidit
2459 1518 2543 1558 me
2577 1544 2591 1567 ,
2648 1503 2889 1556 viditfet
2942 1502 3278 1555 voluntatem
3331 1499 3509 1553 Patris

1927 1595 2031 1664 61
2071 1596 2193 1649 mei.
2231 1592 2481 1664 Oportuit
2514 1610 2642 1650 vero
2680 1593 2951 1648 Christum
2998 1593 3264 1647 dicentem
3295 1630 3310 1655 ,
3342 1609 3360 1641 ι
3398 1589 3510 1658 Ego

1930 1701 2045 1739 sum
2073 1686 2271 1740 veritas
2300 1686 2367 1752 δι,
2403 1704 2420 1736 ι
2455 1700 2793 1754 nequaquam
2820 1699 2875 1739 se
2905 1684 3052 1738 Patri
3082 1681 3377 1737 secundum
3414 1695 3509 1733 na-

1932 1787 2108 1830 turam
2158 1792 2497 1846 comparare,
2526 1777 2623 1831 sed
2667 1776 2845 1844 potius
2877 1774 2991 1843 ejus
3021 1773 3306 1836 voluntati,
3349 1770 3393 1824 si
3429 1771 3500 1822 ita

1930 1878 2034 1932 est,
2078 1877 2135 1921 ut
2188 1868 2287 1937 ipsi
2344 1870 2554 1923 Volunt.
2621 1869 2689 1921 At
2733 1882 2853 1920 eum
2898 1881 2956 1921 se
3007 1880 3111 1919 non
3182 1864 3509 1919 voluntatem

1933 1958 2248 2021 nominarit,
2284 1961 2376 2012 sed
2409 1958 2668 2027 adjecerit
2703 1971 2760 2011 se
2806 1970 2924 2009 esse
2980 1936 3271 2023 imaginem
3310 1952 3507 2015 Patris,

1932 2051 2219 2107 manifeste
2251 2066 2438 2106 eorum
2471 2050 2781 2121 Opinionem
2809 2046 3093 2101 subvertit.

2613 2242 2841 2298 ALIUD.

2007 2359 2379 2430 lnterrogandi
2414 2367 2539 2412 sunt
2582 2356 2769 2410 hostes
2807 2353 3007 2408 Christi
3056 2370 3070 2407 :
3109 2353 3369 2407 Voluntas
3403 2353 3515 2407 iure

1938 2452 2133 2515 Patris,
2165 2454 2249 2505 cui
2287 2448 2518 2503 similem
2568 2448 2750 2502 dicitis
2793 2461 2913 2501 esse
2964 2445 3182 2508 Filium,
3239 2453 3391 2498 estne
3431 2460 3515 2499 es-

1938 2541 2133 2604 sentia,
2188 2538 2511 2607 exstititque
2566 2538 2680 2605 ipsa
2722 2552 2819 2606 per
2853 2552 2933 2603 se,
2985 2551 3053 2589 an
3104 2533 3412 2589 non?Nam
3469 2536 3513 2589 si

1938 2631 2279 2686 essentialem
2332 2644 2452 2682 esse
2491 2629 2684 2681 dicetis
2731 2637 2786 2681 et
2838 2642 2933 2694 per
2971 2641 3029 2681 se
3060 2628 3356 2693 exstitisse,
3408 2643 3519 2696 quo

1938 2731 2098 2792 pacto
2130 2720 2383 2788 deinceps
2437 2719 2612 2773 Filius
2647 2718 2754 2772 erit
2785 2720 3113 2788 unigenitus,
3145 2734 3264 2772 cum
3306 2719 3416 2788 jam
3448 2719 3517 2772 sit

1940 2815 2131 2868 tertius
2169 2827 2234 2865 ex
2275 2810 2437 2865 Patre
2464 2810 2747 2880 ?Apparet
2780 2810 2921 2863 enim
2959 2810 3305 2878 praecessisse
3348 2811 3517 2879 ipsius

1937 2902 2334 2971 generationem
2393 2902 2721 2955 voluntatem
2773 2901 3063 2969 quamdam
3122 2914 3309 2954 revera
3367 2901 3516 2953 exsi-

1939 2999 2170 3046 stentem
2194 3000 2247 3043 et
2268 2989 2633 3058 vivam,juxta
2652 2997 2885 3042 vestram
2906 2989 3346 3057 pr0positionem.
3364 2988 3519 3053 Quod

1939 3081 1984 3135 si
2030 3095 2159 3133 vero
2206 3081 2310 3134 hoe
2366 3089 2648 3149 negantes,
2704 3094 2808 3133 non
2860 3079 2912 3132 in
2966 3079 3182 3147 propria
3238 3079 3515 3149 ltypostasi

257 3174 444 3228 οὐσίαν
467 3170 606 3229 εἶναι
637 3176 816 3241 ζῶσαν
840 3177 932 3229 καὶ
956 3177 1321 3248 ὑπάρχουσαν,
1347 3176 1535 3247 ὥσπερ
1569 3174 1658 3229 τὸν
1685 3174 1830 3237 Υἱὸν,

1941 3173 2240 3224 subsistere
2264 3172 2401 3225 hanc
2428 3172 2757 3224 voluntatem
2783 3171 3001 3233 dabitis,
3031 3184 3203 3237 neque
3226 3172 3518 3224 essentiam
3548 3202 3549 3207 η

258 3265 597 3330 ἀπαιδεύτως
631 3267 834 3336 σφόδρα
867 3266 959 3320 καὶ
992 3267 1219 3336 ἀμαθῶς
1259 3268 1333 3337 μὴ
1368 3265 1462 3319 δύο
1500 3265 1834 3336 παραθέντες

257 3356 445 3420 οὐσίας
477 3359 773 3428 ὁμοιότητα
800 3358 1031 3428 ζητεῖτε.
1063 3356 1188 3420 Πῶς
1225 3357 1333 3426 γὰρ
1365 3356 1516 3408 ἔσται
1551 3355 1611 3408 τὸ
1642 3354 1834 3407 ἐνυπό-

262 3466 453 3502 στατον
486 3448 564 3519 τῷ
602 3449 675 3519 μὴ
703 3448 928 3519 τοιούτῳ
961 3448 1311 3520 προσεοικός;
1348 3449 1379 3519 ἢ
1411 3446 1526 3509 πῶς
1555 3448 1613 3500 τὸ
1646 3447 1719 3517 μὴ
1755 3448 1835 3511 εἰς

256 3539 445 3592 οὐσίαν
474 3539 687 3610 ἐνεχθὲν
725 3539 801 3609 τῷ
839 3539 1169 3609 ὑφεστηκότι
1209 3539 1352 3592 κατὰ
1380 3538 1471 3591 τὸν
1515 3538 1614 3608 τῆς
1660 3540 1832 3607 ἐμφε-

261 3628 413 3699 ρείας
443 3629 645 3699 τρόπον
675 3628 1109 3696 ἁντεξετάζοιτο;

944 3820 1149 3874 ΑΛΛΟ.

332 3934 440 3987 Καὶ
465 3933 547 3996 τίς
571 3933 670 3987 οὐκ
698 3933 764 3987 ἂν
793 3935 1145 4005 ὁμολογήσειε
1175 3932 1299 3987 νοῦν
1329 3932 1469 4003 ἔχων
1501 3932 1582 3986 ὅτι
1609 3931 1687 4003 τῷ
1712 3930 1835 4002 ζώῳ

257 4024 393 4093 πρὸς
445 4025 505 4077 τὸ
547 4023 685 4089 ζῶον
743 4027 776 4096 ὴ
820 4025 1094 4095 ὁμοιότης,
1143 4025 1235 4078 καὶ
1281 4024 1358 4095 τῷ
1399 4026 1474 4096 μὴ
1524 4024 1650 4095 ζώῳ
1700 4026 1835 4095 πρὸς

254 4116 317 4167 τὸ
349 4115 421 4185 μὴ
451 4113 624 4180 ζῶον;
662 4116 742 4168 Τὰ
772 4115 878 4186 γὰρ
910 4116 1198 4186 ἑτερογενῆ
1232 4115 1327 4168 καὶ
1357 4115 1533 4185 πάντη
1571 4115 1669 4185 τῆς
1700 4116 1835 4185 πρὸς

252 4206 463 4276 ἄλληλα
512 4206 746 4276 σχέσεως
783 4206 1026 4275 φυσικῶς
1058 4206 1485 4276 διακεκομμένα,
1517 4208 1616 4261 οὐκ
1646 4210 1710 4262 άν
1753 4226 1836 4272 τις

250 4294 314 4350 εὖ
376 4297 587 4367 φρονῶν
640 4298 982 4363 ἀντεξετὰξοι
1036 4299 1170 4369 πρὸς
1224 4298 1467 4369 ἄλληλα,
1505 4299 1627 4351 οὐδὲ
1677 4301 1835 4353 τοῦτο

254 4389 451 4459 ἐκείνῳ
469 4390 938 4459 προσεοικὸς,οὒτε
965 4392 1070 4461 μὴν
1096 4392 1270 4444 ἐκεῖνο
1298 4391 1472 4461 τούτῳ
1500 4395 1723 4463 φήσειεν
1748 4394 1831 4447 ἄν.

1937 3275 2058 3315 esse
2089 3262 2264 3313 vivam
2314 3269 2479 3330 atque
2534 3260 2913 3325 exsisteutem,
2972 3270 3029 3314 ut
3086 3259 3303 3325 Filium,
3341 3261 3523 3328 inepte

1936 3359 2085 3404 certe
2136 3364 2241 3403 non
2305 3349 2499 3418 positis
2554 3349 2759 3403 duabus
2808 3350 3063 3403 essenliis
3109 3349 3518 3403 similitudinem

1935 3439 2199 3507 queritis.
2238 3440 2356 3505 Quo
2390 3448 2550 3507 pacto
2594 3438 2738 3492 enim
2784 3437 2835 3491 id
2870 3439 3014 3507 quod
3049 3437 3388 3508 bypostatice
3423 3452 3521 3491 ex-

1936 3528 2100 3593 sistit,
2151 3544 2258 3584 non
2310 3527 2596 3583 exsistenti
2644 3527 2819 3581 simile
2866 3528 2971 3582 dici
3017 3527 3227 3596 possit?
3272 3536 3366 3581 aut
3413 3543 3520 3596 quo

1937 3628 2095 3688 pacto
2125 3620 2174 3674 id
2205 3620 2346 3688 quod
2393 3621 2634 3674 nondum
2684 3619 2750 3673 ad
2783 3632 2903 3674 esse
2951 3620 3273 3689 perductum
3309 3630 3416 3683 est,
3466 3617 3517 3673 ei

1936 3713 2079 3781 quod
2103 3713 2215 3780 jam
2246 3721 2352 3777 est,
2387 3711 2759 3766 similitudinis
2793 3712 3003 3767 ratione
3029 3711 3270 3768 conferri
3303 3713 3522 3783 potest?

2611 3824 2842 3879 ALIUD.

2008 3939 2141 4006 Quis
2171 3938 2314 3992 enim
2350 3949 2497 3991 sane
2528 3935 2727 3990 mentis
2768 3949 2873 3988 non
2914 3934 3149 3989 fateatur
3182 3935 3402 3990 animali
3450 3937 3518 3989 ad

1937 4030 2138 4085 animal
2169 4028 2575 4084 similitudinem
2608 4027 2961 4093 intercedere,
2993 4035 3047 4080 et
3070 4040 3173 4079 non
3199 4026 3417 4081 animali
3449 4028 3519 4081 ad

1941 4138 2047 4177 non
2076 4120 2319 4175 animal?
2363 4119 2497 4173 Nam
2533 4133 2653 4188 qua:
2689 4118 2887 4173 diversi
2920 4117 3133 4186 generis
3181 4126 3328 4185 sunt,
3363 4128 3419 4172 et
3449 4120 3516 4171 ad

1938 4215 2167 4288 invicem
2212 4212 2405 4288 relata,
2454 4209 2776 4264 naturaliter
2818 4209 3111 4273 dissident,
3165 4222 3324 4264 nemo
3372 4222 3521 4264 recte

1937 4287 2173 4357 εριιιῖεηε
2203 4287 2344 4355 inter
2376 4315 2433 4355 se
2457 4308 2755 4369 comparet,
2789 4313 2962 4367 neque
2997 4298 3098 4353 llOC
3127 4298 3227 4362 illi,
3252 4309 3347 4352 aut
3388 4299 3517 4353 illud

1938 4396 2063 4449 lmic
2094 4393 2281 4448 ’simile
2325 4407 2448 4448 esse
2483 4392 2646 4445 dicat.
2679 4389 2880 4454 Veluti,
2910 4391 3140 4459 exempli
3174 4391 3369 4459 gratia,
3404 4400 3514 4445 sta-

252 4478 383 4536 Οἴον
416 4482 545 4551 φέρε
580 4484 787 4535 εἰπεῖν·
811 4482 1129 4553 Ἀνθρωπος
1173 4468 1541 4554 προσκείσθω,
1579 4485 1611 4555 ἢ
1646 4484 1830 4558 ἕτερόν

1941 4497 2123 4543 luatur
2148 4487 2327 4552 homo,
2365 4494 2458 4538 aut
2490 4482 2593 4537 alia
2624 4483 2887 4551 qmepiam
2920 4483 3220 4537 substantia
3264 4497 3383 4551 quas
3421 4483 3522 4538 sub

252 4590 305 4624 τι
340 4573 447 4625 τῶν
482 4572 650 4625 ὄντων
698 4574 797 4625 ὅσα
840 4574 1027 4625 πίπτει
1068 4572 1202 4642 πρὸς
1233 4572 1326 4626 τὸν
1366 4575 1493 4643 ὅρον
1530 4573 1625 4625 τοῦ
1670 4573 1830 4641 ζώου,

255 4665 458 4717 κείσθω
502 4665 598 4718 καὶ
638 4666 942 4735 ἐπιστήμη,
996 4666 1114 4736 ἦτοι
1152 4666 1330 4733 σοφία,
1364 4666 1506 4736 λῆτοι
1560 4665 1832 4737 βούλησις,

252 4757 286 4827 ἦ
325 4756 508 4827 ἕτερόν
549 4773 601 4808 τι
643 4755 750 4809 τῶν
805 4757 906 4809 ὅσα
959 4757 1082 4809 καθ’
1129 4757 1297 4809 ἑαυτὰ
1339 4755 1439 4810 οὐκ
1502 4757 1836 4811 ἐνυπόστατα

256 4847 378 4916 μὲν,
423 4847 719 4918 ἐνυπάρχει
766 4847 822 4899 δὲ
866 4848 1014 4918 ὅμως
1056 4848 1163 4902 τῶν
1203 4851 1370 4909 ὄντων
1419 4854 1580 4917 τισὶν,
1625 4850 1836 4923 ἀνθρώ-

253 4956 377 5002 ποις
417 4940 576 5009 τυχὸν
634 4939 665 5010 ἢ
723 4939 995 5007 ἀγγέλοις.
1047 4936 1171 5012 ’Ἆρ’
1203 4938 1331 5007 οὖν,
1378 4943 1552 5007 εἴτις
1592 4945 1685 4997 τὸν
1744 4944 1837 4998 ἄν·

252 5030 470 5100 θρωπον
524 5030 557 5100 ἢ
606 5030 791 5101 ἕτερόν
843 5048 895 5084 τι
954 5030 1092 5096 ζῶον
1133 5035 1197 5102 τῇ
1258 5035 1535 5106 ἐπιστήμῃ
1593 5036 1710 5106 ἦτοι
1767 5037 1833 5105 τῇ

255 5124 418 5193 σοφίᾳ
452 5122 484 5192 ἢ
533 5125 598 5193 τῇ
650 5116 897 5194 βουλήσει
941 5125 1318 5195 προσεοικέναι
1360 5127 1605 5196 φήσειεν,
1635 5128 1734 5180 οὐκ
1767 5126 1834 5179 ἂν

252 5214 485 5276 εἰκότως
518 5214 729 5284 μωρίας
757 5214 983 5284 ὀφλήσοι
1019 5216 1250 5284 γέλωτα,
1280 5218 1351 5270 τὰ
1392 5218 1555 5289 μηδὲν
1585 5217 1835 5288 ἀλλήλοις

252 5306 615 5375 προσεοικότα
653 5307 967 5377 δοκιμάζειν
996 5326 1055 5361 τε
1087 5309 1180 5363 καὶ
1209 5310 1586 5375 ἀντεξετάζειν
1628 5312 1835 5380 ἐπιχει-

253 5397 396 5468 ρῶν;
449 5396 658 5451 Οὐκοῦν
697 5399 1055 5463 ἐνυπόστατος
1086 5399 1161 5453 ὢν
1204 5402 1232 5453 ό
1263 5402 1389 5465 Υἱὸς
1429 5401 1525 5454 τοῦ
1572 5401 1730 5466 Θεοῦ,
1765 5403 1832 5472 τῇ

248 5490 608 5559 ἁνυποστάτῳ
644 5490 894 5561 βουλήσει
937 5494 1058 5544 κατ’
1084 5492 1237 5545 οὐδὲν
1278 5492 1428 5547 ἔσται
1473 5492 1831 5564 προσεοικώς.

250 5579 326 5632 Ἦ
356 5581 466 5651 γὰρ
497 5583 787 5654 ἀποτόμως
820 5585 1069 5656 ἀνόμοιον
1098 5581 1238 5641 εἶναι
1275 5587 1352 5657 τῷ
1387 5587 1562 5656 Πατρί
1594 5586 1830 5655 λεγέτω-

200 5098 205 5103 ’
234 5096 246 5143 l

321 5762 368 5794 “
400 5758 555 5816 Joan.
600 5778 710 5830 xw,
741 5764 792 5817 6.

1938 4580 2306 4635 definitionem
2331 4574 2578 4631 animalis
2599 4574 2771 4629 cadit:
2792 4582 3059 4627 statuatur
3081 4575 3243 4627 etiam
3270 4573 3519 4639 scientia,

1940 4672 2024 4725 vel
2059 4670 2347 4741 sapientia,
2398 4667 2483 4723 vel
2512 4666 2781 4731 voluntas,
2827 4665 2913 4719 vel
2964 4665 3110 4719 aliud
3159 4665 3286 4733 quid
3333 4679 3521 4720 eorum

1942 4778 2061 4832 quae
2087 4778 2191 4816 non
2220 4762 2487 4816 exsistunt
2520 4773 2615 4829 per
2650 4772 2728 4825 se,
2756 4759 2936 4811 insunt
2965 4766 3140 4810 tamen
3169 4757 3312 4821 aliis,
3342 4756 3520 4810 homi-

1944 4854 2105 4910 nibus
2130 4854 2383 4908 nimirum
2413 4852 2494 4905 vcl
2528 4850 2753 4919 angelis.
2778 4848 2833 4902 Si
2870 4849 2992 4917 quis
3023 4849 3185 4916 igitur
3214 4848 3523 4909 hominem,

1946 4957 2038 5002 aut
2059 4947 2200 5001 aliud
2225 4946 2441 5015 aliquod
2467 4942 2669 4998 animal
2695 4941 2955 5005 scientiae,
2979 4948 3072 4994 aut
3095 4939 3400 5007 sapientiae,
3427 4946 3521 4991 aut

1945 5039 2205 5093 voluntati
2246 5037 2423 5091 simile
2444 5050 2564 5091 esse
2593 5034 2815 5094 dixerit,
2840 5032 3022 5086 'nonne
3047 5030 3245 5084 merito
3272 5028 3521 5083 stultitiae

1942 5130 2159 5184 nomine
2189 5127 2467 5183 rideatur?
2499 5126 2697 5195 quippe
2731 5125 2823 5193 qui
2850 5138 2910 5177 ea
2940 5122 3134 5189 quibus
3165 5118 3308 5173 nulla
3352 5121 3521 5174 inter-

1939 5220 2082 5275 cedit
2114 5218 2510 5283 convenientia,
2559 5229 2875 5285 comparare
2907 5222 3069 5281 atque
3098 5210 3350 5265 conferre
3380 5211 3522 5266 inter

1940 5327 1998 5366 se
2052 5311 2202 5364 velit.
2258 5310 2424 5363 Filius
2487 5308 2667 5377 itaque
2709 5307 2798 5361 Dei
2857 5303 3189 5375 bypostatice
3230 5304 3518 5370 exsistens,

1939 5398 2199 5454 voluntati
2243 5396 2578 5467 liypostatice
2620 5410 2723 5450 non
2766 5394 3047 5449 exsistenti
3082 5392 3226 5446 nulla
3268 5409 3330 5447 ex
3368 5402 3520 5461 parte

1941 5491 2138 5549 similis
2176 5498 2281 5545 est.
2322 5489 2429 5544 Aut
2472 5488 2614 5543 enim
2667 5485 2827 5557 pl‘ane
2859 5484 3174 5541 dissimilem
3214 5483 3358 5537 Patri
3399 5497 3519 5537 esse

1942 5582 2146 5648 dicant,
2190 5591 2244 5638 et
2299 5588 2484 5650 aperte
2530 5578 2967 5648 blaspliemantes
3007 5574 3312 5632 detestandi
3358 5574 3513 5629 sint:
3554 5614 3559 5620 .
