4144 6502
614 359 718 417 105

1604 355 1667 409 S.
1710 352 1992 410 CYRILLI
2034 349 2515 408 ALEXANDRINI
2549 349 2881 407 ARCHIEP.

3784 352 3897 409 106

612 485 709 534 aut
756 472 800 529 si
852 468 1165 526 necessario
1213 469 1629 525 similitudinem
1675 486 1797 526 cum
1852 471 2011 526 Patre
2062 471 2184 525 Filic

2304 487 2424 537 σαν,
2477 470 2570 523 καὶ
2626 469 2878 542 φανερῶς
2935 467 3347 541 δυσφημοῦντες
3394 468 3787 542 μιπίσθωσαν·
3854 473 3894 543 ἦ

516 580 521 585 '
612 569 854 625 tribuere
906 561 1127 625 debent,
1167 562 1535 616 necessarium
1582 565 1744 616 etiam
1778 566 1999 618 omnino
2034 564 2195 617 fuerit

608 676 717 715 non
735 673 857 715 esse
880 658 1149 713 voluntati
1174 656 1430 722 similem,
1455 659 1564 729 62
1592 659 1686 713 sed
1708 656 1973 713 Genitori.
2000 656 2195 713 Osten-

608 765 726 804 sum
758 749 903 805 enim
938 760 1023 805 est
1056 748 1201 820 quod
1230 748 1295 803 iis
1329 764 1449 819 qme
1481 750 1536 803 in
1572 749 1809 804 essentia
1840 758 1893 802 et
1923 750 2191 820 hypostasi

606 842 901 905 exsistunt,
926 842 991 896 ad
1019 856 1082 896 ea
1108 856 1227 911 quae
1253 841 1563 895 essentialia
1594 849 1649 895 et
1684 840 2020 911 hypostatica
2048 850 2193 906 sunt,

608 933 908 988 similitudo
959 935 1074 988 haec
1119 943 1403 1000 servatur;
1447 948 1557 987 non
1592 932 1659 987 ad
1697 947 1756 987 ea
1799 948 1919 1004 quae
1968 934 2193 989 alterius

609 1032 741 1076 sunt
770 1023 1010 1092 generis,
1038 1032 1092 1077 et
1123 1024 1176 1077 in
1213 1021 1335 1077 aliis
1370 1038 1528 1078 suum
1561 1036 1683 1078 esse
1717 1023 1919 1077 habent
1952 1041 1966 1077 :
2004 1037 2193 1092 quem-

608 1112 900 1167 admodum
950 1112 1216 1182 sapientia
1264 1112 1317 1165 in
1366 1114 1631 1182 sapiente,
1677 1124 1733 1168 et
1777 1112 2029 1169 voluntas
2079 1115 2194 1172 sive

604 1202 892 1258 consilium
925 1204 977 1258 in
1011 1204 1226 1259 volente
1257 1203 1340 1258 vel
1367 1203 1736 1259 consultante.

817 1314 1051 1380 ALIUD,
1077 1330 1167 1384 per
1190 1315 1540 1369 reductionem
1571 1316 1640 1369 ad
1669 1316 1975 1371 absurdum.

674 1426 732 1481 Si
790 1427 1053 1481 voluntati
1089 1424 1269 1481 Patris
1315 1426 1509 1482 similis
1555 1429 1847 1494 exsistens,
1886 1444 1953 1483 ex
2006 1439 2186 1486 vestra

604 1520 893 1582 sententia,
930 1518 1099 1572 Filius
1121 1519 1396 1573 dissimilis
1426 1530 1507 1573 est
1535 1522 1780 1589 genitori,
1814 1524 2181 1578 necessarium

2300 561 2461 631 εἴπερ
2492 561 2705 631 ἀνάγκη
2732 563 2833 633 τὴν
2856 561 3148 632 ὁμοιότητα
3173 561 3355 616 δοῦναι
3388 561 3466 634 τῷ
3492 562 3606 633 Υίῷ
3629 564 3766 635 πρὸς
3795 564 3895 617 τὸν

2302 653 2543 724 Πατέρα,
2578 654 2792 724 ἀνάγκη
2838 653 2903 724 δὴ
2937 656 3087 707 πᾶσα
3121 655 3196 716 ὼς
3225 657 3325 708 οὐκ
3365 655 3521 709 ἔσται
3550 657 3646 724 τῆς
3687 654 3889 727 βουλή-

2304 761 2440 807 σεως
2485 744 2689 814 ὅμοιος,
2738 744 2877 798 ἀλλά
2934 745 3137 815 μᾶλλον
3185 745 3280 799 τοῦ
3320 746 3730 818 γεγεννηκότος.
3781 747 3887 800 Δέ-

2300 835 2509 889 ὅεικται
2534 836 2642 907 γὰρ
2679 836 2760 889 ὅτι
2795 838 2909 898 τοῖς
2937 837 2996 889 ὲν
3019 837 3177 907 οὐσίᾳ
3204 838 3299 890 καὶ
3329 837 3622 892 ὑποστάσει
3649 839 3786 909 πρὸς
3814 838 3888 891 τὰ

2301 926 2518 981 ἐνούσιά
2543 945 2601 979 τε
2629 926 2722 980 καὶ
2756 927 3099 981 ἐνυπόστατα
3133 929 3166 998 ἡ
3202 928 3456 999 ὁμοιότης
3483 931 3515 997 ή
3557 929 3698 982 κατὰ
3724 927 3885 982 τοῦτο

2303 1016 2553 1085 σώζεται,
2578 1018 2639 1070 οὐ
2668 1017 2802 1088 πρὸς
2822 1017 2891 1070 τά
2912 1019 3220 1089 ἑτερογενῆ,
3251 1020 3346 1072 καὶ
3373 1021 3431 1072 ὲν
3454 1018 3662 1090 ἑτέροις
3689 1016 3885 1090 ἔχοντα

2298 1110 2359 1163 τὸ
2388 1106 2547 1175 εἶναι,
2581 1109 2769 1179 ὥσπερ
2813 1111 2845 1180 ή
2897 1110 3059 1178 σοφία
3100 1111 3261 1181 τυχὸν
3289 1113 3348 1165 ὲν
3371 1112 3450 1183 τῷ
3498 1110 3665 1183 σοφῷ,
3710 1111 3809 1165 καὶ
3848 1112 3883 1181 ή

2301 1200 2555 1274 βούλησις
2585 1205 2643 1256 ὲν
2669 1202 2747 1275 τῷ
2778 1204 3170 1276 βουλευομένῳ.

2474 1317 2678 1384 ΑΛΛΟ,
2710 1316 2808 1371 διὰ
2845 1317 2955 1386 τῆς
2986 1320 3072 1383 είς
3099 1317 3328 1372 ἄτοπον
3355 1317 3694 1388 ἀπαγωγῆς.

2367 1429 2431 1482 El
2452 1428 2550 1501 τῆς
2573 1428 2878 1501 βουλήσεως
2896 1428 2989 1483 τοῦ
3017 1430 3228 1500 Πατρὸς
3248 1431 3431 1501 ὅμοιος
3455 1429 3551 1495 ὢν,
3570 1428 3689 1483 καθ’
3710 1429 3881 1500 ὑμᾶς,

2294 1522 2322 1573 6
2351 1519 2478 1583 Υἱὸς
2515 1520 2767 1585 ἀνόμοιός
2795 1523 2911 1574 ἐστι
2948 1520 3026 1592 τῷ
3072 1523 3441 1592 γεγεννηκότι,
3481 1521 3693 1591 ἀνάγκη
3727 1522 3883 1574 πᾶσα

604 1613 824 1666 omnino
860 1611 1047 1675 fuerit,
1082 1626 1254 1681 neque
1290 1612 1620 1666 voluntatem
1656 1614 1887 1669 similem
1927 1630 2050 1670 esse
2084 1617 2184 1670 Deo

2294 1612 2394 1681 τὴν
2423 1612 2676 1683 βούλησιν
2712 1613 2865 1667 οὐδὲν
2907 1614 3281 1685 προσεοικέναι
3322 1614 3399 1684 τῷ
3431 1613 3550 1685 Θεῷ
3580 1615 3672 1668 καὶ
3698 1612 3885 1683 Πατρὶ

602 1718 668 1757 ac
698 1702 1061 1771 Patri;‘cujus
1093 1704 1402 1767 character,
1436 1719 1558 1756 cum
1584 1704 1655 1758 sit
1688 1704 1878 1769 Filius,
1911 1705 2184 1762 dissimilis

2293 1703 2495 1772 λέγειν,
2523 1699 2591 1774 ἦς
2616 1704 2905 1775 χαρακτὴρ
2938 1692 3198 1776 ὑπάρχων
3224 1708 3251 1758 ὁ
3273 1707 3418 1769 Υἱὸς,
3452 1706 3698 1775 ἀνόμοιός
3732 1706 3879 1765 ἐστι,

599 1804 703 1858 est,
743 1796 1044 1849 secundum
1078 1810 1198 1857 vos,
1232 1793 1401 1849 Patri.
1438 1795 1555 1850 Erit
1595 1796 1780 1866 itaque
1804 1797 1969 1851 etiam
2006 1798 2184 1852 volun-

2292 1795 2413 1848 καθ’
2455 1795 2620 1865 ὑμᾶς,
2670 1795 2748 1865 τῷ
2792 1796 2988 1866 Πατρί.
3028 1798 3222 1851 Ἔσται
3252 1793 3344 1850 οὖν
3378 1798 3474 1850 καὶ
3506 1799 3573 1868 τῇ
3622 1796 3882 1867 βουλήσει

602 1895 714 1941 tate
746 1901 841 1939 sua
891 1885 1174 1940 dissimilis
1218 1885 1400 1940 Pater.
1456 1887 1581 1942 Ihec
1624 1888 1770 1943 enim
1822 1889 2071 1959 impietas
2118 1906 2185 1945 ex

601 1977 747 2031 dicto
773 1985 954 2030 vestro
995 1977 1261 2046 sequitur.
1298 1979 1367 2032 At
1404 1980 1449 2032 si
1478 1979 1813 2034 voluntatem
1847 1981 2049 2050 aliquid
2088 1982 2187 2052 hy-

600 2068 872 2136 postatice
902 2069 1174 2123 exsistens
1208 2083 1330 2124 esse
1367 2070 1582 2135 dicetis,
1612 2072 1717 2125 erit
1760 2071 1948 2141 utique
1999 2073 2050 2126 in
2103 2087 2189 2128 es-

599 2161 776 2215 sentia
819 2158 911 2214 Dei
945 2160 1150 2230 aliquid
1190 2162 1291 2230 ipsi
1342 2161 1625 2216 dissimile.
1673 2161 1808 2216 Nam
1863 2165 2026 2218 etiam
2088 2166 2190 2218 hoc

602 2250 741 2304 ratio
769 2266 863 2305 vos
894 2251 1142 2306 confiteri
1168 2261 1345 2319 coget.
1373 2252 1641 2306 Craterum
1676 2254 1763 2308 hic
1784 2256 2073 2324 quaerenda
2099 2266 2187 2310 est

601 2344 744 2396 ratio
787 2342 1246 2397 dissimilitudinis
1290 2358 1409 2413 quae
1444 2343 1708 2399 voluntati
1747 2347 2034 2402 intercedit
2066 2363 2186 2403 cum

601 2434 782 2490 Patre.
825 2433 882 2490 Si
921 2435 1063 2488 enim
1108 2450 1171 2487 ea
1216 2434 1425 2489 ratione
1467 2436 1747 2491 dissimilis
1789 2446 1872 2491 est
1917 2439 2058 2505 quod
2122 2455 2186 2494 ex

601 2525 779 2594 aliqua
826 2535 980 2593 parte
1028 2525 1098 2578 sit
1144 2525 1319 2579 minor
1379 2539 1444 2579 eo
1512 2525 1567 2579 id
1618 2527 1762 2595 quod
1813 2528 2077 2595 processit
2118 2543 2185 2583 ex

608 2616 906 2671 substantia
940 2615 1137 2679 Patris,
1170 2616 1274 2669 erit
1317 2614 1472 2685 pejus
1515 2630 1575 2671 se
1622 2631 1686 2671 ac
1730 2618 1911 2673 minus
1959 2635 1972 2672 :
2008 2634 2184 2688 neque

599 2709 745 2763 enim
777 2707 1119 2762 extrinsecus
1157 2708 1323 2761 ascita
1360 2720 1444 2761 est
1495 2708 1765 2771 voluntas,
1805 2710 1899 2764 sed
1949 2725 2014 2765 ex
2067 2711 2184 2779 ipso

597 2808 655 2853 et
678 2799 731 2851 in
759 2799 894 2866 ipso.
923 2798 1113 2868 Pejora
1142 2809 1319 2852 autem
1344 2814 1408 2853 ex
1433 2815 1492 2854 se
1522 2801 1763 2867 gignere,
1791 2817 1856 2855 ne
1879 2803 1944 2857 iis
1965 2803 2185 2864 quidem

596 2891 690 2959 qui
710 2905 947 2946 creatam
969 2894 1164 2946 habent
1190 2907 1465 2957 namram,
1498 2894 1751 2948 accidere
1776 2905 1969 2964 potest.
2002 2895 2187 2964 Neque

597 2981 743 3036 enim
782 2981 943 3036 homo
978 2983 1121 3037 aliud
1155 2984 1283 3052 quid
1318 2985 1593 3039 diversum
1631 3000 1661 3039 a
1686 2999 1744 3040 se
1774 2989 2055 3056 generabit
2087 3006 2101 3043 :
2131 2998 2188 3041 ut

597 3087 700 3128 nec
729 3074 873 3129 aliud
900 3075 1130 3143 quodvis
1154 3076 1470 3130 animalium
1512 3076 1720 3132 ratione
1754 3080 2075 3133 carentium.
2128 3079 2186 3134 Si

2290 1889 2355 1958 τῇ
2388 1887 2583 1940 ἑαυτοῦ
2614 1887 2867 1956 ἀνόμοιος
2898 1890 2926 1940 6
2958 1889 3169 1960 Πατήρ.
3219 1889 3389 1943 Τοῦτο
3416 1891 3525 1960 γὰρ
3556 1891 3618 1942 ἐκ
3652 1888 3744 1941 τοῦ
3783 1888 3879 1941 λόε

2292 1996 2389 2048 γου
2423 1979 2717 2046 συνάγεται
2759 1979 2818 2031 τὸ
2864 1980 3138 2051 ἀσέϐημα.
3178 1980 3286 2032 Καὶ
3317 1983 3365 2032 εί
3410 1980 3773 2034 ἐνυπόστατόν
3820 1996 3881 2032 τι

2290 2070 2388 2141 τήν
2418 2069 2672 2140 βούλησιν
2699 2066 2836 2124 εἴναί
2869 2088 3027 2140 φατε,
3054 2072 3165 2125 ἐστι
3194 2089 3247 2124 τι
3280 2071 3498 2135 πάντως
3533 2073 3589 2125 ἐν
3618 2074 3683 2141 τῇ
3716 2070 3881 2139 οὐσίᾳ

2290 2164 2385 2217 τοῦ
2408 2163 2543 2216 Θεοῦ
2576 2163 2636 2216 τὸ
2672 2162 2925 2232 ἀνόμοιον
2953 2164 3139 2217 αὐτοῦ.
3178 2163 3290 2215 Καὶ
3318 2162 3477 2217 τοῦτο
3507 2163 3615 2230 γὰρ
3649 2164 3677 2214 6
3718 2161 3880 2229 λόγος

2292 2254 2719 2324 προσομολογεῖν
2762 2255 2906 2325 ὑμᾶς
2940 2255 3259 2323 ἀναγκάσει.
3310 2254 3449 2308 Ἀλλ’
3484 2254 3671 2309 ἐνθάδε
3710 2253 3877 2324 ζητηο

2292 2346 2413 2399 τέον
2460 2346 2561 2415 τῆς
2594 2347 2978 2415 ἀνομοιότητος
3027 2346 3118 2399 τὸν
3159 2346 3380 2418 τρόπον,
3431 2346 3497 2418 ἦν
3536 2348 3571 2417 ἡ
3623 2345 3875 2416 βούλησις

2294 2435 2408 2506 ἔχει
2442 2435 2579 2505 πρὸς
2600 2435 2689 2488 τὸν
2720 2435 2956 2505 Πατέρα.
2996 2434 3054 2488 Ei
3079 2437 3177 2505 μὲν
3202 2437 3311 2507 γὰρ
3337 2436 3412 2500 ὡς
3445 2437 3680 2491 ἐλάττων
3709 2436 3870 2489 αὐτοῦ

2293 2527 2438 2581 κατά
2474 2544 2528 2579 τι
2555 2526 2917 2596 τυγχάνουσα,
2957 2528 3054 2598 τήν
3082 2529 3371 2598 ὁμοιότητα
3402 2530 3502 2600 τήν
3546 2529 3681 2599 πρὸς
3714 2528 3873 2581 αὐτὸν

2289 2616 2391 2669 οὐκ
2423 2615 2558 2685 ἔχει.
2586 2616 2646 2668 τὸ
2676 2615 3041 2685 προεληλυθὸς
3074 2618 3138 2669 ἐκ
3164 2618 3263 2687 τῆς
3293 2619 3481 2682 οὐσίας
3509 2617 3603 2672 τοῦ
3640 2618 3869 2689 Πατρὸς,

2288 2710 2471 2777 χεῖρον
2524 2707 2687 2761 αὐτοῦ
2742 2708 2837 2760 καὶ
2893 2707 3145 2761 ἐλάττον’
3197 2709 3259 2761 οὐ
3314 2709 3423 2780 γὰρ
3477 2709 3695 2774 ἔξωθεν,
3752 2710 3871 2762 οὐδὲ

2292 2798 2615 2852 ἐπείσακτον
2660 2800 2692 2869 ἡ
2745 2797 3019 2869 βούλησις,
3050 2799 3161 2851 ἀλλ’
3201 2800 3259 2864 ἐξ
3287 2800 3453 2853 αὐτοῦ
3483 2801 3578 2855 καὶ
3614 2803 3672 2853 ἐν
3704 2800 3869 2868 αὐτῷ.

2294 2891 2368 2945 Tb
2400 2892 2455 2944 δὲ
2485 2893 2703 2963 χείρονα
2731 2893 2960 2955 τίκτειν,
3001 2894 3120 2945 οὐδὲ
3153 2897 3265 2957 τοῖς
3294 2893 3528 2964 γενητὴν
3562 2894 3747 2964 ἔχουσι
3774 2896 3874 2964 τήν

2296 2984 2456 3054 φύσιν
2486 2980 2592 3043 οἶδε
2625 2985 2960 3054 συμϐαίνειν.
2991 2985 3123 3039 Οὐδὲ
3151 2985 3258 3056 γὰρ
3290 2986 3576 3056 ἄνθρωπος
3602 2987 3789 3049 ἕτερόν
3820 3004 3874 3040 τι

2295 3079 2547 3149 γεννήσει
2578 3080 2705 3148 παρ’
2731 3079 2868 3148 ὅπερ
2889 3079 3035 3130 ἐστὶν
3068 3079 3228 3141 αὐτός
3250 3092 3262 3106 ·
3296 3078 3411 3131 ἀλλ’
3442 3079 3566 3132 οὐδὲ
3595 3080 3779 3149 ἕτερόν
3819 3097 3873 3133 τι

597 3178 756 3230 vero,
787 3165 930 3233 quod
962 3164 1117 3219 nefas
1150 3165 1293 3218 dictu
1322 3175 1427 3233 est,
1457 3168 1634 3221 Patris
1663 3172 1909 3223 voluntas
1936 3183 2000 3223 eo
2033 3171 2184 3224 adni-

2293 3170 2401 3223 τῶν
2430 3170 2639 3237 ἀλόγων
2674 3168 2848 3233 ζώων.
2906 3171 2968 3223 Εἰ
3014 3171 3092 3231 δὲ,
3140 3171 3277 3240 ὅπερ
3311 3171 3371 3223 οὐ
3417 3171 3636 3240 θεμιτὸν
3674 3171 3874 3240 λέγειν,

598 3265 723 3311 tens
750 3264 810 3309 ut
857 3255 1029 3325 majus
1072 3256 1274 3324 aliquid
1334 3259 1552 3321 habeat,
1598 3259 1918 3313 dissimilem
1976 3276 2035 3315 se
2085 3262 2187 3316 sibi

598 3347 752 3411 facit,
782 3356 967 3417 utpme
998 3345 1110 3414 jam
1149 3349 1329 3403 minor
1371 3364 1433 3403 ac
1485 3349 1636 3419 pejor
1670 3366 1728 3404 se
1779 3353 2039 3418 redditus,
2083 3369 2191 3424 quo

596 3446 762 3507 pacto
799 3451 905 3491 non
960 3437 1183 3505 impium
1234 3439 1397 3494 fuerit
1431 3440 1575 3495 dictu
1608 3442 1811 3511 aliquid
1855 3458 1975 3498 esse
2019 3446 2199 3515 majus

595 3537 654 3581 et
686 3526 877 3581 melius
910 3526 1112 3583 Patre?
1155 3528 1212 3583 Si
1256 3545 1387 3584 vero
1441 3548 1615 3602 neque
1662 3534 1783 3598 hoc,
1836 3550 2010 3604 neque
2060 3537 2187 3591 illud

596 3620 928 3683 concedetis,
968 3628 1023 3675 et
1055 3618 1386 3675 voluntatem
1418 3638 1524 3677 non
1573 3638 1668 3692 per
1700 3640 1758 3680 se
1805 3626 2187 3683 subsistentem

595 3722 721 3763 esse
751 3707 943 3764 dicetis
974 3718 1138 3778 atque
1167 3710 1240 3763 ita
1280 3719 1341 3765 ut
1386 3711 1438 3765 in
1486 3714 1642 3769 nobis
1684 3715 2034 3781 intellectam,
2084 3734 2188 3788 quo

599 3809 757 3868 pacto
786 3802 947 3855 etiam
984 3800 1112 3855 hinc
1145 3803 1397 3857 statuetis
1431 3803 1750 3859 dissimilem
1781 3822 1902 3861 esse
1936 3810 2186 3863 volunta-

599 3902 706 3945 tem
732 3891 878 3946 Patri
901 3893 924 3946 ?
947 3889 1081 3946 Nam
1122 3893 1166 3947 si
1202 3892 1273 3946 ita
1304 3904 1409 3957 est,
1448 3895 1720 3949 videbitur
1755 3895 1914 3950 Pater
1958 3898 2189 3954 voluisse

598 3997 717 4053 qua:
749 3983 850 4038 sibi
879 3985 1104 4040 minime
1128 3985 1461 4041 conveniunt
1492 4004 1505 4040 :
1539 3989 1690 4056 quod
1717 3987 1799 4045 vel
1830 3988 1945 4045 Sola
1980 3992 2186 4062 cogita-

599 4078 747 4131 tione
773 4074 1065 4130 absurdum
1097 4086 1200 4132 est.

1281 4168 1510 4226 ALIUD.

674 4284 832 4337 Ratio
863 4284 973 4353 ipsa
1002 4298 1098 4339 vos
1118 4293 1276 4352 coget
1308 4293 1367 4338 ut
1393 4287 1556 4340 etiam
1592 4286 1746 4341 inviti
1772 4285 1909 4343 Filio
1941 4287 2185 4343 similitu-

596 4374 780 4429 dinem
808 4390 927 4428 cum
966 4374 1129 4429 Patre
1171 4376 1439 4431 tribuatis.
1468 4378 1904 4433 Demonstratum
1932 4380 2074 4433 enim
2102 4389 2183 4434 est

2294 3262 2389 3315 ἐπὶ
2417 3261 2477 3315 τὸ
2515 3264 2696 3331 μεῖξον
2727 3262 2872 3332 ἔχειν
2907 3281 2959 3315 τι
2989 3262 3273 3333 δραμοῦσα
3307 3262 3400 3315 τοῦ
3437 3264 3647 3333 Πατρός
3687 3267 3721 3333 ή
3754 3265 3877 3334 βοῦς

2293 3355 2447 3424 λησις
2468 3353 2631 3407 αὐτοῦ
2658 3354 2755 3424 τὴν
2790 3354 2927 3424 πρὸς
2969 3354 3130 3408 αὐτὸν
3162 3356 3522 3427 ἀνομοιότητα
3550 3355 3689 3408 κατά
3721 3355 3878 3411 τοῦτο

2293 3450 2468 3517 φορεῖ,
2512 3447 2587 3508 ὼς
2620 3447 2757 3517 πρὸς
2808 3446 3065 3500 ἐλάττονα
3116 3447 3147 3517 ἢ
3196 3446 3336 3501 κατά
3378 3465 3431 3500 τι
3471 3448 3709 3519 χείρονα,
3759 3449 3878 3512 πιῖις

2291 3538 2391 3590 οὐκ
2420 3537 2615 3599 ἀσεϐὲς
2648 3536 2831 3604 μεῖζόν
2869 3553 2921 3589 τι
2953 3536 3047 3588 καὶ
3077 3539 3323 3609 κρεῖττον
3366 3536 3458 3590 τοῦ
3493 3537 3705 3607 Πατρός
3736 3535 3877 3591 εἶναι

2290 3627 2506 3695 λέγειν;
2540 3627 2600 3679 Εἰ
2646 3627 2702 3679 δὲ
2740 3628 2876 3697 μήτε
2913 3626 3070 3679 τοῦτο
3103 3626 3323 3692 δώσετε,
3374 3631 3511 3700 μήτε
3545 3632 3741 3695 ἐκεῖνο,
3789 3632 3878 3684 άν-

2290 3719 2589 3773 υπόστατόν
2636 3735 2696 3771 τε
2749 3720 2845 3789 τὴν
2881 3718 3134 3787 βούλησιν
3173 3716 3310 3773 εἶναι
3363 3721 3729 3793 ὁμολογήσετε
3778 3727 3875 3777 καὶ

2290 3811 2433 3864 οῦτω
2485 3810 2780 3880 νοουμένην
2832 3809 3023 3880 ὥσπερ
3071 3810 3156 3877 ἐφ’
3195 3811 3373 3881 ήμῶν,
3423 3813 3557 3876 πῶς’
3593 3814 3872 3868 κάνταῦθα

2288 3903 2485 3976 θήσετε
2510 3904 2762 3973 ἀνόμοιον
2782 3896 2920 3956 εἶναι
2944 3902 3042 3973 τὴν
3072 3900 3421 3975 βούλησιν¹τῷ
3444 3907 3618 3976 Πατρί
3639 3925 3652 3971 ;
3678 3908 3871 3961 Ἔσται

2289 3997 2419 4067 γὰρ,
2452 3997 2520 4050 ἀν
2560 3995 2731 4058 οὕτως
2771 3994 2890 4066 ἔχῃ,
2932 3993 3001 4046 τὰ
3038 3994 3215 4065 ἐαυτῷ
3250 3997 3325 4066 μὴ
3366 3997 3641 4067 πρέποντα
3679 3998 3866 4069 βουλη-

2289 4088 2402 4149 θείς
2425 4105 2437 4118 ·
2472 4089 2606 4157 ὅπερ
2633 4086 2751 4139 ἐστὶ
2784 4084 2877 4140 καὶ
2906 4085 3067 4155 μόνον
3097 4086 3298 4138 ἐννοεῖν
3337 4087 3706 4144 ἀτοπώτατον.

2982 4175 3194 4227 ΑΛΛΟ.

2369 4287 2426 4338 '0
2456 4286 2611 4353 λόγος
2652 4286 2953 4353 ἀναγκάσει
2999 4287 3094 4338 καὶ
3124 4285 3356 4348 ἄκοντας
3387 4288 3532 4355 ὑμᾶς
3576 4285 3757 4341 δοῦναι
3788 4286 3864 4356 τῷ

2286 4378 2398 4450 Υἱῷ
2426 4379 2524 4451 τήν
2561 4378 2856 4449 ὁμοιότητα
2899 4377 2998 4448 τὴν
3035 4378 3172 4449 πρὸς
3212 4377 3303 4430 τὸν
3334 4378 3573 4449 Πατέρα.
3624 4379 3860 4449 Ἐδείχθη

596 4465 1045 4519 absurdissimum
1079 4481 1220 4532 esse,
1270 4468 1313 4522 si
1347 4470 1468 4536 quis
1513 4470 1701 4523 credat
1742 4469 1911 4524 Deum
1946 4471 2180 4528 voluisse

2290 4470 2390 4541 γὰρ
2420 4468 2540 4522 λίαν
2570 4470 2915 4521 ἀτοπώτατον
2944 4466 3003 4520 ὃν
3035 4469 3094 4520 τὸ
3129 4466 3419 4530 πιστεύειν,
3471 4468 3539 4521 τὰ
3589 4469 3666 4539 μὴ
3718 4470 3861 4539 αὐτῴ

596 4572 663 4611 ea
690 4572 811 4625 qua:
844 4557 944 4610 sibi
985 4571 1321 4628 nequaquam
1368 4561 1719 4624 conveniunt,
1765 4564 1835 4615 ita
1874 4573 1934 4616 ut
1962 4578 2180 4618 necesse

593 4650 822 4705 omnino
855 4650 925 4703 sit
969 4650 1297 4706 voluntatem
1335 4667 1487 4705 suam
1530 4653 1762 4707 similem
1800 4653 1901 4708 sibi
1945 4669 2088 4711 esse.
2120 4654 2176 4709 Si

591 4761 727 4813 ergo
758 4742 1001 4797 voluntas
1035 4742 1226 4798 similis
1255 4753 1340 4798 est
1375 4745 1543 4810 Patri,
1579 4745 1747 4800 Filius
1778 4756 1957 4801 autem
1991 4747 2179 4802 volun-

595 4837 695 4891 tati
729 4855 744 4890 :
777 4837 881 4891 erit
901 4838 1206 4891 necessario
1231 4837 1426 4892 tertius
1451 4837 1646 4893 similis
1674 4839 1867 4908 primo.
1903 4838 2035 4891 Nam
2056 4854 2176 4908 qua:

594 4929 649 4983 in
668 4929 847 4983 medio
864 4929 1035 4999 posita
1050 4938 1129 4984 est
1145 4929 1413 4993 voluntas,
1430 4928 1539 4999 63
1554 4928 1849 4983 naturalem
1864 4928 2177 4983 similitudi-

595 5034 720 5075 nem
747 5019 864 5089 ejus
894 5023 984 5089 qui
1006 5035 1124 5076 eam
1152 5020 1319 5090 gignit
1343 5020 1679 5088 exprimens,
1705 5020 1848 5074 dedit
1872 5035 1991 5074 eam
2018 5019 2172 5086 Filio,

590 5107 746 5177 juxta
774 5122 1008 5167 vestram
1034 5111 1361 5167 sententiam
1388 5124 1402 5163 :
1433 5112 1534 5164 hac
1558 5109 1722 5180 igitur
1744 5112 1951 5167 ratione
1978 5112 2172 5168 similis

597 5200 744 5257 Patri
768 5202 955 5267 Filius,
981 5204 1146 5257 etiam
1176 5202 1487 5257 nolentibus
1511 5201 1684 5266 vobis,
1719 5203 2171 5273 deprehendetur.

594 5297 730 5351 Cum
763 5310 891 5351 vero
932 5294 1236 5350 intermedii
1273 5292 1405 5347 nihil
1438 5295 1509 5348 sit
1553 5293 1695 5349 inter
1733 5294 1944 5352 Patrem
1985 5310 2039 5352 et
2081 5296 2172 5351 Fi-

600 5388 746 5455 lium,
790 5386 1028 5443 cessabit
1067 5386 1288 5440 omnino
1321 5395 1375 5440 et
1409 5401 1805 5456 supervacanea
1844 5389 1951 5442 erit
1995 5396 2171 5443 vestra

594 5481 660 5536 de
687 5479 975 5537 uoluntate
1016 5478 1154 5532 ratio
1192 5496 1205 5533 :
1260 5471 1511 5546 nulloq’t'te
1557 5478 1949 5531 interveniente
2003 5478 2172 5534 Filius

590 5572 699 5628 erit
728 5571 1045 5629 immediate
1072 5573 1365 5626 secumlum
1398 5581 1649 5626 naturam
1680 5569 1873 5624 similis
1906 5570 2073 5624 Patri.

1256 5683 1483 5739 ALIUD.

663 5778 915 5835 Christus
944 5778 995 5833 in
1027 5778 1305 5847 Scriptura
1341 5785 1560 5831 vocatur
1609 5775 1843 5844 potentia
1873 5783 1926 5827 rt
1960 5774 2171 5843 sapien-

2286 4559 2565 4631 πρέποντα
2597 4557 2953 4627 βεϐουλῆσθαι
2981 4557 3135 4621 Θεὸν,
3164 4557 3240 4620 ὼς
3279 4558 3524 4628 ἀνάγκην
3564 4554 3703 4612 εἶναι
3756 4562 3860 4612 πᾶ-

2285 4672 2384 4708 σαν
2429 4655 2669 4706 ἐοικυῖαν
2708 4652 2857 4723 αὐτῷ
2903 4652 3001 4723 τὴν
3050 4652 3305 4723 βούλησιν
3355 4653 3521 4706 αὐτοῦ
3568 4655 3764 4723 λέγειν.
3802 4658 3861 4710 Εἰ

2282 4746 2459 4798 τοίνυν
2490 4747 2523 4814 ἡ
2570 4743 2666 4814 μὲν
2711 4726 2963 4812 βούλησις
2992 4743 3132 4795 ἔοικε
3162 4743 3237 4812 τῷ
3274 4744 3469 4815 nam,
3500 4747 3528 4796 ὁ
3559 4745 3614 4797 δὲ
3644 4746 3771 4810 Υἱὸς
3796 4751 3859 4817 τῇ

2284 4836 2557 4907 βουλήσει,
2588 4835 2740 4887 ἔσται
2767 4835 2979 4898 πάντως
3010 4838 3038 4887 6
3064 4834 3246 4904 τρίτος
3278 4835 3353 4903 τῷ
3385 4836 3586 4907 πρώτῳ
3617 4854 3863 4909 προσεοι-

2282 4923 2411 4988 κώς,
2462 4924 2526 4977 Ἦ
2560 4924 2667 4994 γὰρ
2696 4926 2754 4976 ὲν
2782 4923 2859 4992 τῷ
2901 4925 3050 4994 μέσῳ
3080 4925 3306 4995 κειμένη
3339 4925 3613 4996 βούλησις,
3647 4929 3745 4997 τὴν
3770 4928 3861 4981 τοῦ

2280 5016 2534 5079 τεκόντος
2590 5015 2753 5068 αὐτὸν
2806 5015 3043 5085 φυσικὴν
3093 5017 3391 5087 ἐμφέρειαν
3437 5018 3859 5089 ἀναμαξαμένη,

2280 5108 2510 5163 δέδωκεν
2555 5106 2728 5177 αὐτὴν
2782 5106 2861 5175 τῷ
2902 5105 3034 5176 Υίῷ,
3085 5107 3204 5160 καθ’
3240 5110 3411 5177 ὑμᾶς·
3460 5109 3602 5162 οὕτω
3641 5109 3739 5178 μὲν
3770 5105 3863 5163 οῦν

2278 5200 2356 5272 τῷ
2387 5200 2563 5271 [Iatth
2611 5195 2968 5270 προσεοικὼς,
3006 5200 3101 5251 καὶ
3131 5198 3203 5269 μὴ
3249 5199 3590 5269 βουλομένων
3626 5202 3801 5270 ὐμῶν,
3833 5204 3862 5253 6

2280 5292 2408 5355 Υἱὸς
2439 5290 2814 5363 εὑρεθήσεται.
2857 5288 3075 5359 Ἐπειδὴ
3123 5289 3175 5341 δὲ
3220 5288 3372 5341 οὐδέν
3405 5290 3518 5340 ἐστι
3553 5288 3612 5340 τὸ
3657 5288 3861 5358 μεταξὺ

2279 5382 2492 5452 Ιιατρὸς
2532 5382 2625 5433 καὶ
2657 5377 2810 5442 Υίοῦ,
2845 5380 3079 5449 ἀργήσει
3131 5382 3228 5448 μὲν
3273 5380 3490 5441 πάντως
3526 5382 3553 5431 6
3586 5379 3715 5449 περὶ
3761 5383 3861 5450 τῆς

2280 5474 2587 5545 βουλήσεως
2642 5474 2833 5539 λόγος,
2890 5473 2985 5525 καὶ
3037 5472 3248 5534 οὐδενὸς
3299 5472 3378 5524 ἔτι
3434 5461 3861 5541 μεσολαϐοῦντος

2281 5568 2562 5638 προσεχῶς
2587 5569 2614 5619 6
2648 5565 2776 5627 Υἱὸς
2808 5564 2960 5617 ἔσται
2990 5564 3131 5617 κατά
3166 5566 3325 5631 φύσιν
3347 5565 3530 5635 ὅμοιος
3554 5564 3632 5634 τῷ
3662 5565 3858 5637 Πατρί.

2968 5679 3170 5730 ΔΛΛΟ.

2348 5774 2659 5846 Γέγραπται
2690 5770 2926 5843 Χριστὸς
2951 5769 3087 5823 Θεοῦ
3117 5769 3345 5841 δύναμις
3376 5770 3468 5824 καὶ
3497 5768 3633 5823 Θεοῦ
3676 5765 3856 5836 σοφία.
