4144 6548
254 349 357 413 ibi;

1668 342 2116 417 THESAUBUS.

3402 349 3503 401 illﬂ

252 471 311 521 Εἰ
339 468 517 522 τοίνυν
554 468 586 537 ἡ
623 466 875 537 βούλησις
916 467 1009 520 τοῦ
1051 465 1262 536 Πατρὺς
1297 462 1690 535 χαρακτηρίζει
1726 463 1820 530 τήν

1939 461 2009 513 tia
2039 461 2132 515 Dei
2160 461 2226 514 ⁸¹.
2258 460 2313 514 Si
2344 476 2472 530 ergo
2513 463 2764 519 voluntas
2812 467 2904 522 Dei
2954 467 3209 536 exprimit
3255 482 3320 521 ac
3355 474 3505 522 notat

248 576 308 610 τε
356 558 582 627 δύναμιν
634 558 726 610 καὶ
762 557 967 627 Δσοφίαν
1019 555 1206 619 αὑτοῦ,
1248 555 1496 607 τουτέστι
1537 554 1628 607 τὸν
1676 554 1822 616 Υίὸν,

248 652 464 720 ἀνάγκη
493 620 652 702 ’πᾶσα
697 620 781 718 μή
822 620 1079 718 ἀνομοίαν
1112 647 1281 718 αὐτὴν
1335 643 1471 700 εἶναι
1522 646 1700 714 λέγειν
1748 644 1827 715 τῷ

252 743 446 811 Πατρὶ,
485 741 567 793 ἶνα
601 741 676 809 μὴ
710 739 964 809 φαίνηται
997 740 1224 809 δύναμιν
1260 739 1351 791 καὶ
1390 738 1590 808 σοφίαν
1621 737 1758 807 ἔχων
1796 739 1824 790 ὁ

253 834 441 901 Πατὴρ
469 833 566 899 οὐχ
594 830 786 899 ὁμοίαν
824 830 1022 900 ἐαυτῷ.
1060 830 1122 885 El
1172 831 1226 883 δὲ
1278 829 1459 892 τοῦτο,
1504 829 1690 884 λοιπὸν
1740 831 1825 881 ἐν·

248 923 536 973 νοείτωσαν
573 920 621 971 οί
659 920 1019 989 χριστομάχοι
1058 920 1159 989 τῆς
1205 920 1414 974 ἑαυτῶν
1460 920 1719 982 ἀϐουλίας
1764 920 1826 971 τὸ

251 1010 497 1080 μέγεθος.
552 1010 983 1080 Παραιτούμενοι
1029 1011 1136 1081 γὰρ
1188 1012 1282 1064 ἕνα
1340 1012 1470 1065 ὄντα
1520 1011 1611 1064 τὸν
1673 1012 1821 1075 Υίὸν,

245 1102 429 1169 ὅμοιον
467 1096 603 1153 εἶναι
637 1101 816 1168 λέγειν
844 1101 922 1171 τῷ
956 1104 1148 1172 Πατρὶ,
1189 1103 1282 1156 δύο
1308 1102 1627 1165 δεδώκασιν,
1666 1102 1825 1171 εἴπερ

246 1188 385 1244 εἷναί
432 1210 483 1245 τι
528 1192 627 1261 τὴν
665 1191 917 1263 βούλησιν
957 1193 1177 1262 ἐροῦσιν
1216 1196 1598 1249 ἐνυπόστατον.
1656 1195 1719 1247 Ei
1768 1194 1824 1247 δὲ

245 1282 608 1345 ἀνυπόστατός
638 1284 801 1344 ἐστιν,
828 1284 926 1336 οὐκ
956 1284 1107 1337 ἔσται
1142 1285 1424 1356 χαρακτὴρ
1457 1285 1550 1338 τοῦ
1582 1285 1825 1353 ὑφεστῶ-

245 1392 335 1439 τος
382 1376 441 1428 τὸ
497 1374 571 1444 μὴ
621 1374 946 1443 ὑφεστηκὸς,
993 1378 1113 1429 κατ’
1145 1378 1277 1431 αὐτὸ
1328 1379 1393 1449 δὴ
1431 1378 1587 1431 τοῦτο
1637 1377 1698 1430 τὸ
1747 1377 1822 1447 μὴ

245 1466 629 1537 ὑφεστηκέναι.

928 1582 1110 1634 ΑΛΛΟ

317 1688 398 1740 Τὰ
438 1687 537 1758 τὴν
580 1691 745 1761 αὐτὴν
787 1691 1065 1762 ἐνέργειαν
1113 1690 1301 1762 ἔχοντα
1350 1692 1445 1744 καὶ
1476 1692 1596 1753 ταῖς
1631 1691 1821 1753 αὑταῖς

240 1777 506 1848 δυνάμεσι
542 1784 798 1846 φυσικαῖς
837 1782 1282 1853 ἀποκεχρημένα,
1330 1784 1430 1852 τῆς
1471 1783 1641 1851 αὐτῆς
1683 1780 1821 1835 εἶναι

247 1868 463 1930 πάντως
513 1870 706 1931 οὐσίας
754 1872 1071 1939 ἀναγκαῖον.
1130 1872 1295 1925 Οὐδὲν
1338 1858 1455 1942 ’γὰρ
1504 1872 1613 1925 τῶν
1657 1872 1825 1924 ὄντων

232 1957 380 2028 ,πρὸς
408 1958 468 2010 τὸ
500 1960 812 2030 έτερογενὲς
843 1962 936 2015 καὶ
969 1962 1275 2033 ἑτερούσιον
1310 1962 1407 2026 τὰς
1448 1963 1616 2027 αὐτὰς
1645 1965 1825 2035 ἀπαρ-

249 2048 526 2113 αλλάκτως
552 2053 773 2122 φορέσει
815 2052 1073 2122 δυνάμεις
1122 2070 1179 2105 τε
1232 2054 1326 2107 καὶ
1375 2052 1690 2125 ὲνεργείας’
1730 2072 1823 2107 κε-

248 2139 506 2208 χρήσετσιι
536 2141 591 2193 δὲ
624 2142 808 2209 μόνοις
857 2146 967 2205 τοῖς
1001 2144 1135 2206 ἴσοις
1183 2143 1432 2213 ίδιώμασι
1473 2144 1543 2197 τὰ
1574 2145 1702 2214 μίαν
1731 2144 1825 2197 λα-

246 2230 404 2295 χόντα
438 2230 535 2301 τὴν
571 2231 731 2299 φύσιν
754 2248 767 2261 ⁸
801 2228 880 2296 οἷς
912 2234 970 2285 δὲ
1001 2234 1032 2303 ή
1058 2236 1115 2286 ὲν
1153 2237 1217 2305 τῇ
1247 2234 1403 2304 οὐσίᾳ
1430 2235 1675 2306 κοινότης
1702 2236 1820 2304 μία,

243 2320 452 2384 τούτοις
504 2324 864 2395 ἀκολουθήσει
907 2326 1099 2379 καὶτὸ
1154 2326 1410 2397 ἀλλήλοις
1460 2327 1599 2380 κατὰ
1646 2328 1823 2380 πάντα

244 2413 645 2481 προσεοικέναι.
686 2414 749 2466 El
790 2415 968 2468 τοίνυν
1024 2417 1121 2486 μία
1169 2418 1266 2487 μὲν
1315 2417 1562 2488 ἐνέργεια
1612 2418 1825 2487 Πατρὸς

245 2500 342 2552 καὶ
376 2501 528 2567 Υίοῦ,
573 2505 604 2572 ὴ
657 2504 796 2575 αὐτὴ
825 2506 882 2557 δὲ
919 2505 1145 2576 δύναμις
1178 2508 1235 2559 ὲν
1280 2509 1445 2559 πᾶσιν
1478 2509 1693 2577 ὁρᾶται,
1726 2511 1825 2579 οὐχ

246 2593 555 2661 ἑτερούσιος
600 2595 677 2657 ὡς
724 2596 861 2666 πρὸς
913 2597 1111 2666 ἑαυτὴν
1166 2598 1198 2665 ἡ
1250 2595 1401 2659 δυάς.
1450 2598 1512 2649 Εί
1547 2597 1603 2649 δὲ
1644 2596 1820 2662 τοῦτο,

245 2682 465 2752 φορέσει
511 2684 730 2747 πάντως
778 2686 872 2738 καὶ
917 2687 1016 2756 τὴν
1063 2687 1354 2758 ὁμοιότητα
1404 2687 1499 2741 τοῦ
1546 2688 1759 2759 Πατρὸς
1796 2690 1825 2740 6

243 2772 393 2837 Υἱὸς,
427 2774 502 2836 ὼς
533 2775 835 2845 ὁμοούσιος,
888 2778 983 2831 καὶ
1026 2778 1125 2831 οὐκ
1171 2778 1321 2830 ἔσται
1368 2781 1465 2848 τῆς
1518 2778 1823 2849 βουλήσεως

241 2863 426 2916 εἰκών.
1515 2903 1561 2942 η

932 2982 1131 3035 AAAO.

312 3092 375 3145 ιιί
407 3092 505 3145 ὅσα
544 3092 855 3162 βουλεύεται
896 3096 924 3148 ὁ
968 3095 1099 3158 Θεὸς
1135 3098 1226 3149 καὶ
1260 3099 1467 3168 Πατὴρ,
1495 3098 1666 3152 ταῦτα
1695 3099 1817 3168 βουο

239 3183 456 3238 λεύεται
501 3187 594 3238 καὶ
629 3187 657 3239 ὁ
687 3186 813 3250 Υἱὸς
844 3187 1092 3257 (οὐδεμία
1127 3188 1237 3261 γὰρ
1285 3192 1473 3255 στάσις
1506 3191 1537 3261 ἢ
1584 3192 1819 3262 διχόνοια

240 3277 483 3347 χωρήσει
513 3276 643 3328 ποτὲ
676 3277 734 3328 ὲν
761 3279 826 3347 τῇ
863 3279 961 3348 μιᾷ
1002 3279 1097 3331 καὶ
1127 3280 1377 3351 ἀχράντῳ
1406 3281 1641 3351 Τριάδι),
1668 3284 1819 3334 ποῖον

239 3366 353 3431 ιξει
399 3366 564 3420 τόπον
610 3367 971 3429 ὲνυπόστατος
1022 3367 1296 3438 βούλησις,
1352 3369 1535 3438 τρίτον
1582 3371 1819 3438 ἀποφαί‹

240 3475 404 3511 νουσα
438 3459 530 3512 τὸν
552 3459 679 3511 Υίὸν
699 3459 791 3511 τὸν
822 3460 1059 3531 προσεχῆ
1084 3460 1162 3530 τῷ
1184 3462 1379 3531 Πατρὶ,
1415 3461 1547 3515 καθὸ
1574 3463 1667 3515 καὶ
1694 3463 1820 3525 Υἱὸς

1884 1540 1897 1552 .
1930 1464 2073 1533 quod
2106 1479 2211 1517 non
2241 1463 2506 1517 subsistit.

1858 1829 1898 1882 Β

1847 3156 1889 3213 C

1940 551 2234 619 potentiam
2273 561 2328 605 et
2374 552 2696 621 sapientiam
2770 571 2961 621 suam,
3015 559 3118 612 hoc
3161 566 3247 613 est
3292 558 3504 620 Filium,

1937 642 2305 697 necessarium
2340 642 2498 711 plane
2537 650 2623 697 est
2656 654 2711 696 nt
2742 659 2860 697 eam
2890 661 2995 698 non
3028 646 3331 701 absimilem
3364 645 3507 700 Patri

1934 748 2056 789 esse
2088 734 2358 797 dicamus,
2402 748 2469 787 ne
2504 734 2749 789 videatur
2776 732 2939 788 Pater
2987 735 3186 790 habere
3217 737 3505 803 potentiam

1933 836 1986 880 ει
2017 824 2336 893 sapientiam
2363 840 2431 893 qu
2453 838 2499 878 te
2533 839 2637 879 non
2670 826 2740 879 sit
2770 824 2965 879 similis
2994 825 3094 879 sibi
3131 826 3252 893 ipsi.
3279 825 3427 891 Quod
3461 826 3505 878 si

1935 917 2005 969 ita
2041 924 2145 977 est,
2184 913 2488 984 intelligant
2522 915 2740 969 tandem
2775 915 2962 969 hostes
2986 915 3188 969 Christi
3221 916 3505 969 dementiae

1934 1022 2046 1062 sua:
2082 1007 2527 1077 magnitudinem.
2547 1006 2680 1061 Cum
2713 1008 2855 1061 enim
2884 1016 3137 1061 recusent
3168 1005 3385 1066 Filium.
3412 1004 3503 1073 qni

1935 1112 2073 1152 unus
2097 1106 2199 1161 est,
2240 1098 2385 1152 Patri
2421 1096 2652 1152 similem
2682 1097 2882 1161 dicere,
2912 1096 3046 1151 duos
3080 1096 3497 1159 constituerunt,

1933 1190 1978 1244 si
2024 1190 2353 1244 voluntatem
2382 1204 2477 1258 per
2515 1203 2575 1243 se
2604 1188 2901 1243 subsistere
2918 1187 3122 1243 volunt.
3152 1187 3225 1240 At
3248 1202 3370 1239 cum
3409 1199 3503 1238 vo-

1935 1280 2112 1336 luntas
2145 1295 2241 1350 per
2267 1296 2325 1336 se
2350 1295 2458 1335 non
2494 1279 2775 1343 subsistat,
2808 1294 2913 1334 non
2948 1278 3053 1333 erit
3078 1279 3361 1333 character
3388 1275 3506 1345 ejus

1931 1376 2072 1441 quod
2102 1372 2350 1427 subsistit
2381 1372 2432 1426 id
2463 1373 2605 1440 quod
2634 1386 2741 1425 non
2774 1371 3041 1436 subsistit,
3066 1384 3129 1424 ea
3157 1371 3272 1439 ipsa
3296 1368 3509 1422 ratione

2608 1576 2831 1632 ALIUD.

1999 1687 2132 1755 Quze
2154 1690 2397 1744 eamdem
2424 1690 2624 1744 habent
2650 1691 2916 1744 actionem
2948 1688 3248 1756 iisdemque
3277 1694 3501 1741 natura-

1931 1776 2069 1831 libus
2105 1778 2455 1833 facultatibus
2498 1787 2726 1833 uttmtur
2752 1820 2766 1843 ,
2811 1779 3052 1846 ejusdem
3098 1778 3351 1832 essentia:
3393 1777 3503 1832 sint

1931 1880 2151 1920 necesse
2180 1872 2283 1920 est.
2314 1865 2457 1920 Nihil
2482 1868 2626 1922 enim
2656 1882 2843 1921 eorum
2870 1883 2989 1936 quae
3022 1869 3074 1921 iu
3100 1882 3278 1922 rerum
3310 1874 3501 1921 natura

1928 1959 2218 2023 exsistunt,
2250 1961 2466 2013 easdem
2496 1962 2701 2029 absque
2730 1962 2839 2015 ulla
2871 1961 3173 2016 dill‘erentia
3221 1960 3505 2016 facultates

1927 2050 2281 2118 actionesque
2320 2050 2463 2112 edet,
2515 2066 2641 2105 cum
2684 2065 2749 2105 eo
2798 2052 2939 2119 quod
2972 2066 3171 2123 genere
3218 2062 3379 2121 atque
3414 2068 3502 2108 es-

1927 2139 2099 2191 sentia
2128 2137 2351 2203 differt;
2386 2146 2610 2193 utentur
2648 2155 2775 2194 vero
2804 2154 2865 2193 ea
2898 2150 3105 2194 tantum
3148 2142 3340 2196 iisdem
3375 2157 3502 2211 pro-

1927 2220 2410 2297 prietatibus;qute
2444 2244 2547 2283 una
2578 2240 2740 2299 atque
2769 2232 2956 2285 eadem
2986 2234 3209 2301 praedita
3245 2244 3375 2288 sunt
3401 2250 3501 2289 na-

1929 2328 2044 2370 tura
2074 2337 2088 2371 :
2126 2328 2179 2371 at
2214 2318 2416 2388 quibus
2451 2335 2554 2374 una
2586 2323 2812 2393 contigit
2842 2324 3095 2377 essentite
3136 2326 3389 2388 societas,
3434 2340 3499 2378 ea

1926 2409 2090 2459 etiam
2131 2408 2385 2463 omnibus
2420 2409 2619 2463 similia
2656 2411 2798 2465 inter
2831 2427 2889 2466 se
2915 2421 3092 2467 erunt.
3124 2413 3179 2467 Si
3225 2429 3356 2483 ergo
3393 2429 3496 2467 una

1927 2504 2009 2547 est
2038 2494 2286 2561 operatio
2334 2496 2512 2551 Patris
2548 2509 2601 2553 et
2631 2499 2775 2565 Filii,
2821 2502 3121 2571 eademque
3168 2504 3405 2571 potentia
3443 2504 3497 2555 in

1928 2585 2179 2638 omnibus
2210 2585 2476 2647 cernitur,
2520 2603 2628 2641 non
2669 2600 2752 2643 est
2783 2591 3013 2645 dualitas
3050 2594 3280 2648 diversze
3318 2608 3501 2647 essen-

1931 2677 2037 2730 tite.
2068 2676 2132 2729 Et
2156 2676 2199 2731 si
2230 2677 2302 2731 ita
2329 2688 2437 2745 est,
2460 2682 2687 2747 gestabit
2713 2684 2935 2736 omnino
2957 2684 3364 2739 similitudinem
3394 2685 3498 2738 Pa-

1930 2768 2026 2820 tris
2073 2767 2262 2833 Filius,
2312 2778 2371 2824 ut
2407 2773 2918 2837 consubstantialis;
2959 2788 3133 2842 neque
3172 2777 3275 2829 erit
3322 2777 3503 2846 imago

1928 2855 2239 2911 voluntatis.

2596 2977 2828 3034 ALIUD.

1996 3082 2051 3136 Si
2079 3099 2415 3156 quaecunque
2460 3090 2651 3143 statuit
2684 3089 2825 3147 Deus
2858 3102 2911 3147 et
2946 3094 3124 3158 Pater,
3153 3098 3340 3151 eadem
3386 3107 3497 3151 sta-

1926 3176 2025 3230 tuit
2054 3189 2109 3230 ει
2135 3175 2307 3247 Filius
2328 3177 2499 3249 (nulla
2525 3182 2672 3235 enim
2709 3183 2977 3239 dissensio
3007 3186 3058 3238 in
3096 3202 3199 3240 una
3230 3198 3283 3239 et
3312 3188 3505 3241 iocor--

1926 3275 2083 3336 rupta
2115 3266 2431 3339 'l'rinitate),
2470 3285 2628 3339 quem
2666 3271 2843 3327 locum
2873 3274 3093 3328 habebit
3126 3277 3375 3331 voluntas
3405 3295 3499 3347 per

1926 3373 1983 3412 se
2010 3360 2335 3425 subsiStens,
2356 3361 2574 3416 tertium
2597 3366 2934 3420 constituens
2960 3365 3156 3421 Filium
3188 3370 3499 3425 immediate

1924 3453 2275 3519 coujunctum
2302 3450 2473 3517 Patri,
2512 3462 2765 3523 tanquam
2812 3466 2865 3511 et
2892 3456 3060 3513 Filius
3103 3462 3192 3527 qui
3241 3462 3370 3515 nihil
3404 3462 3497 3516 ha-

239 3550 394 3605 οὐδὲν
423 3550 562 3621 ἔχων
598 3549 931 3620 μεσολαϐοῦν
958 3553 1055 3622 τὴν
1080 3552 1331 3621 γέννησιν
1370 3552 1535 3606 αὐτοῦ
1560 3570 1575 3619 ;
1606 3554 1696 3607 Διὸ
1726 3554 1820 3608 καὶ

1926 3542 2013 3595 bet
2061 3542 2439 3598 intermedium
2485 3544 2626 3601 inter
2666 3563 2823 3603 suam
2874 3551 3315 3619 generationem?
3351 3552 3497 3619 Quo-

238 3642 406 3706 αὐτός
437 3646 585 3696 ἐστιν
613 3646 645 3715 ἡ
685 3645 835 3708 ζῶσα
866 3646 959 3698 καὶ
985 3645 1225 3708 ὲνούσιος
1255 3648 1287 3715 ή
1322 3644 1573 3717 βούλησις
1603 3644 1695 3697 τοῦ
1736 3662 1818 3713 γεε

241 3735 585 3804 γεννηκότος.

922 3849 1125 3905 ΑΛΛΟ.

312 3953 427 4023 Τῆς
453 3953 760 4025 βουλήσεως
787 3955 880 4009 τοῦ
911 3958 1124 4028 [ἰατρὸς
1153 3960 1478 4031 χαρακτῆρα
1511 3962 1604 4014 καὶ
1631 3960 1821 4029 ὁμοίω-

243 4061 330 4096 σιν
357 4040 492 4096 εἶναι
516 4046 605 4097 τὸν
634 4046 762 4099 Υίδν
784 4048 1232 4116 καταψεύδονται,
1264 4050 1379 4103 ἀλλ’
1400 4051 1499 4104 οὐκ
1531 4052 1696 4105 αὐτοῦ
1726 4050 1819 4104 τοῦ

242 4135 476 4205 Πατρός.
508 4135 599 4187 Διὸ
632 4135 695 4207 δὴ
725 4136 885 4190 πάλιν
919 4140 1217 4208 ὲρωτητέον
1244 4143 1369 4205 τοὺς
1396 4143 1819 4214 χριστομάχους,

241 4224 307 4278 ΕΞ
343 4226 527 4295 ὅμοιός
562 4228 707 4279 ἐστιν
746 4228 774 4279 ὁ
811 4230 1000 4300 Πατὴρ
1040 4231 1140 4300 τῆς
1183 4232 1379 4285 ἑαυτοῦ
1417 4233 1743 4305 βουλήσεως,
1787 4236 1818 4306 ἢ

239 4315 393 4385 οὐχί;
452 4315 514 4368 ΕΞ
567 4317 664 4385 μὲν
715 4318 823 4387 γὰρ
879 4319 1152 4387 ἀνόμοιος,
1204 4320 1463 4391 ἀνομοίαν
1503 4323 1678 4392 ἑαυτῷ
1722 4323 1820 4394 τὴν

240 4404 498 4476 βούλησιν
522 4404 632 4476 ἔχει
653 4420 664 4433 ·
697 4407 789 4459 καὶ
822 4407 1010 4460 σιωπῶ
1044 4409 1180 4479 πρὸς
1217 4410 1375 4463 τοῦτο
1412 4410 1473 4465 τὺ
1504 4411 1817 4481 δύσφημον*

235 4498 289 4548 εί
327 4495 383 4549 δὲ
416 4496 607 4565 ὁμοίαν
637 4497 814 4569 ἑαυτῷ
844 4499 940 4568 τὴν
978 4499 1233 4571 βούλησιν
1261 4501 1394 4570 ἔχει,
1422 4498 1510 4573 ἧς,
1551 4501 1625 4566 ὥς
1662 4519 1821 4571 φατε,

236 4588 527 4659 χαρακτήρ
568 4590 681 4640 ἐστι
727 4590 822 4642 καὶ
865 4588 1028 4643 είκὼν
1066 4592 1095 4643 ὁ
1130 4592 1277 4656 Υἱὸς,
1317 4592 1492 4647 ἔοικεν
1535 4594 1642 4666 ἄρα
1677 4597 1817 4650 κατά

234 4677 397 4730 τοῦτο
424 4678 502 4747 τῷ
536 4679 729 4749 Πατρί.
763 4680 887 4743 Πῶς
924 4676 1018 4733 οὖν
1060 4682 1309 4751 ἀνόμοιος
1353 4684 1506 4739 ἔσται
1538 4688 1678 4740 κατά
1721 4686 1818 4758 τὴν

234 4768 425 4821 οὐσίαν
453 4768 619 4839 αὐτῷ,
649 4772 676 4822 6
720 4770 807 4822 διὰ
847 4770 908 4823 τὸ
937 4774 1000 4842 τῇ
1038 4773 1286 4844 βουλήσει
1322 4778 1696 4844 προσεοικέναι
1723 4796 1818 4848 χαι

238 4859 454 4930 ρακτὴρ
486 4859 561 4911 ὢν
591 4860 790 4927 αὑτοῦ;
827 4862 1179 4929 Συγκείσεται
1222 4867 1352 4937 γὰρ,
1390 4868 1456 4920 ἂν
1495 4869 1665 4933 οὕτως
1696 4871 1814 4942 ἔχῃ,

236 4949 361 5001 καθ’
392 4951 555 5020 ὑμᾶς,
600 4952 657 5018 ἐξ
686 4953 870 5022 ὁμοίου
904 4956 996 5007 καὶ
1035 4955 1094 5023 ἐξ
1127 4957 1381 5027 ἀνομοίου
1424 4960 1453 5010 6
1488 4960 1631 5023 Υἱὸς,
1676 4962 1817 5015 κατά

234 5056 287 5090 τι
320 5039 419 5108 μὲν
448 5040 638 5103 ἐοικὼς
669 5043 745 5113 τῷ
788 5044 983 5115 Πατρὶ,
1016 5047 1156 5101 κατά
1182 5065 1233 5101 τι
1274 5049 1330 5101 δὲ
1370 5048 1817 5121 ἀλλοτριούμενος

233 5129 336 5198 τῆς
372 5130 508 5200 πρὸς
537 5130 697 5185 αὐτὸν
732 5135 1067 5204 ὁμοιότητος.
1098 5132 1253 5202 Εἶτα,
1287 5144 1439 5203 ποῖος
1471 5144 1815 5212 συγχωρήσει

235 5221 395 5287 λόγος
420 5222 481 5275 τὸ
513 5220 569 5273 ἑν
596 5225 712 5276 κατ’
742 5225 928 5279 οὐσίαν
960 5227 1201 5299 ὑπάρχον
1245 5230 1336 5282 καὶ
1363 5232 1419 5282 ἐν
1445 5231 1682 5302 ἀριθμῷ,
1707 5226 1818 5283 οἷον

237 5308 452 5362 Παῦλον
481 5312 641 5382 τυχὸν
682 5313 714 5383 ἢ
763 5314 987 5385 Πέτρον,
1016 5317 1109 5371 δύο
1140 5320 1327 5390 φέρειν
1355 5322 1411 5373 ὲν
1456 5323 1639 5392 ταυτῷ
1678 5324 1818 5376 κατά

228 5398 401 5467 φύσιν
427 5401 495 5453 τὰ
526 5403 770 5467 ὲναντία;
801 5406 875 5459 Οὐ
906 5406 1015 5478 γὰρ
1043 5408 1333 5479 δυνήσεταί
1360 5430 1443 5475 τις
1468 5414 1642 5465 εἰπεῖν
1667 5429 1680 5442 ·
1711 5415 1815 5467 Λοο

231 5492 389 5555 γικός
423 5491 486 5545 τέ
519 5496 632 5565 είμι
674 5498 768 5549 καὶ
815 5497 1042 5567 ἄλογοςο
1073 5501 1184 5555 οὐδ’
1216 5499 1282 5555 αὖ
1324 5503 1383 5555 τὸ
1426 5503 1533 5575 πῦρ
1575 5506 1693 5575 ἐρεῖ
1732 5522 1816 5567 τις

230 5581 437 5654 Θερμὺν
465 5579 601 5637 εἷναί
645 5604 703 5639 τε
738 5590 831 5641 καὶ
875 5590 1115 5661 ψυχρόνο
1146 5592 1226 5644 δεῖ
1254 5593 1383 5664 γὰρ,
1415 5596 1531 5659 ἑνὸς
1576 5598 1813 5666 ὲνυπάΡ⁹

301 5736 348 5767 ⁶¹
387 5737 407 5791 ι
443 5738 567 5795 Cor.
600 5757 639 5805 I,
678 5742 768 5796 24.

588 5837 863 5899 ΡΑτιιοι..
911 5840 1027 5901 (in.
1076 5839 1325 5902 LXXV.

1921 3634 2066 3687 circa
2104 3633 2217 3703 ipse
2248 3643 2332 3689 est
2362 3636 2551 3692 vivens
2581 3647 2744 3708 atque
2776 3640 3088 3696 essentialis
3118 3642 3369 3700 voluntas
3403 3660 3495 3716 ge-

1924 3725 2137 3780 nitoris.

2599 3843 2813 3899 ALIUD

1998 3950 2305 4007 Voluntatis
2327 3962 2586 4022 paternae,
2625 3970 2732 4009 non
2769 3965 2947 4009 autem
2976 3957 3144 4026 ipsius
3176 3960 3286 4032 64
3320 3960 3499 4016 Patris

1924 4041 2302 4096 characterem
2329 4052 2384 4097 ει
2414 4043 2822 4100 similitudinem
2848 4061 2968 4101 esse
2992 4046 3186 4102 Filium
3220 4052 3496 4104 mentiun-

1928 4143 2033 4185 tur.
2065 4133 2242 4202 Atque
2274 4134 2479 4189 idcireo
2514 4149 2702 4190 rursus
2754 4136 3118 4207 interrogandi
3150 4149 3275 4193 sunt
3312 4138 3497 4194 hostes

1926 4222 2056 4289 Dei,
2110 4239 2177 4278 an
2222 4226 2416 4280 similis
2466 4227 2538 4281 sit
2580 4226 2744 4282 Pater
2789 4243 2900 4282 sua:
2951 4229 3244 4295 voluntati.
3300 4247 3490 4287 necne.

1924 4311 2057 4365 Nam
2081 4316 2123 4367 si
2159 4315 2443 4370 dissimilis
2474 4329 2579 4381 est,
2614 4333 2740 4389 ergo
2769 4319 3087 4374 dissimilem
3120 4320 3221 4374 sibi
3255 4322 3499 4375 volunta-

1931 4412 2036 4456 tem
2069 4405 2230 4459 habet
2255 4421 2272 4459 :
2297 4415 2352 4461 et
2396 4416 2551 4463 taceo
2584 4408 2974 4478 blasphemiam
3004 4426 3125 4480 quae
3158 4412 3280 4466 inde
3312 4414 3499 4481 sequi-

1854 4482 1900 4543 D
1929 4500 2046 4557 tur;
2083 4496 2127 4549 si
2151 4510 2282 4550 vero
2306 4498 2536 4553 similem
2562 4499 2665 4554 sibi
2700 4500 2800 4569 ipsi
2834 4501 3165 4555 voluntatem
3193 4502 3377 4565 habet,
3406 4518 3496 4556 cu-

1926 4585 2031 4653 jus,
2062 4595 2118 4639 ut
2148 4587 2349 4651 dicitis,
2387 4590 2670 4645 character
2690 4602 2771 4645 est
2793 4601 2847 4645 et
2874 4592 3049 4662 imago
3081 4593 3267 4656 Filius,
3303 4595 3496 4649 similis

1925 4678 2089 4748 igitur
2131 4680 2232 4733 hac
2279 4694 2344 4733 ex
2393 4691 2546 4748 parte
2576 4692 2659 4735 est
2706 4680 2874 4735 Patri.
2927 4684 3205 4748 Quomodo
3238 4686 3400 4754 igitur
3444 4686 3494 4738 ei

1923 4768 2200 4822 dissimilis
2234 4771 2340 4823 erit
2379 4769 2535 4838 juxta
2579 4770 2873 4824 essentiam
2920 4771 2964 4823 is
3010 4772 3101 4839 qui
3136 4772 3205 4825 ob
3249 4773 3301 4825 id
3349 4775 3490 4841 quod

1918 4859 2194 4916 voluntate
2224 4862 2418 4915 similis
2450 4861 2539 4925 sit,
2574 4863 2855 4917 character
2892 4863 3058 4930 ipsius
3106 4864 3225 4917 est?
3252 4864 3307 4916 Si
3350 4865 3493 4917 enim

1920 4952 1992 5004 ita
2033 4960 2152 5016 est,
2212 4960 2267 5005 ut
2315 4967 2409 5007 vos
2459 4952 2780 5021 opinamini,
2823 4966 2888 5006 ex
2938 4952 3103 5006 simili
3153 4962 3208 5006 et
3240 4953 3491 5007 dissimili

1923 5047 2255 5115 compositus
2288 5047 2393 5100 erit
2417 5046 2587 5101 Filius
2617 5064 2629 5100 :
2664 5046 2843 5116 aliqua
2886 5061 2953 5101 ex
2983 5056 3136 5115 parte
3172 5046 3363 5100 similis
3389 5048 3492 5100 Pa-

1925 5137 2014 5201 tri,
2060 5151 2125 5190 ex
2174 5137 2277 5190 alia
2315 5152 2444 5191 vero
2488 5153 2517 5190 a
2562 5138 2913 5192 similitudine
2945 5153 3065 5190 cum
3103 5138 3217 5204 ipso
3258 5139 3488 5192 alienus.

1925 5227 2149 5292 Deinde,
2180 5243 2300 5297 quae
2328 5228 2467 5281 ratio
2496 5228 2600 5282 hoc
2626 5227 2753 5294 fert,
2781 5238 2841 5282 ut
2865 5228 2916 5282 id
2945 5226 3086 5296 quod
3111 5227 3414 5285 substantia
3437 5242 3493 5285 et

1927 5333 2153 5372 numero
2186 5334 2350 5372 unum
2386 5328 2489 5382 est,
2534 5327 2587 5372 ut
2619 5318 2836 5381 Paulus,
2873 5318 2955 5373 vel
2980 5318 3192 5384 Petrus,
3225 5322 3330 5377 duo
3355 5324 3409 5377 in
3435 5339 3493 5378 se

1926 5409 2123 5464 habeat
2151 5408 2474 5463 naturaliter
2502 5408 2771 5463 contraria
2795 5408 2817 5461 ?
2841 5405 3022 5477 Neque
3038 5410 3180 5463 enim
3207 5413 3492 5481 quisquam

1925 5505 2107 5560 dicere
2142 5506 2378 5575 poterit:
2427 5506 2560 5560 Sum
2595 5506 2804 5561 ratione
2846 5508 3124 5577 praeditus,
3156 5520 3209 5563 et
3242 5526 3358 5565 sum
3400 5527 3489 5565 ra—

1929 5597 2090 5652 tionis
2138 5610 2369 5666 expers;
2424 5612 2598 5665 ncque
2656 5597 2793 5653 nllus
2858 5600 3032 5669 ignem
3089 5600 3321 5655 calidum
3372 5617 3491 5657 esse

3066 5852 3101 5911 4
