  <div class='ocr_page' id='page_1' title='image "/cluster/home/n/w/nwhite01/storage/ocr_20150623/75/hvd.32044019207935/061.png"; bbox 0 0 4144 6524; ppageno 0'>
   <div class='ocr_carea' id='block_1_1' title="bbox 670 306 3940 407">
    <p class='ocr_par' dir='ltr' id='par_1_1' title="bbox 670 306 3940 407">
     <span class='ocr_line' id='line_1_1' title="bbox 670 306 3940 407; baseline 0.001 -34"><span class='ocrx_word' id='word_1_1' title='bbox 670 312 777 374; x_wconf 80' lang='lat' dir='ltr'><strong>m7</strong></span> <span class='ocrx_word' id='word_1_2' title='bbox 1699 315 1756 372; x_wconf 88' lang='lat' dir='ltr'><strong>S.</strong></span> <span class='ocrx_word' id='word_1_3' title='bbox 1794 306 2065 371; x_wconf 35' lang='lat' dir='ltr'><strong>C‘YRILLI</strong></span> <span class='ocrx_word' id='word_1_4' title='bbox 2112 308 2941 407; x_wconf 50' lang='lat' dir='ltr'><strong>ALFXANDRINLARCIIIH’.</strong></span> <span class='ocrx_word' id='word_1_5' title='bbox 3084 362 3087 367; x_wconf 85' lang='lat'>.</span> <span class='ocrx_word' id='word_1_6' title='bbox 3822 328 3940 377; x_wconf 72' lang='grc' dir='ltr'>ιυδ</span> 
     </span>
    </p>
   </div>
   <div class='ocr_carea' id='block_1_2' title="bbox 671 429 2208 511">
    <p class='ocr_par' dir='ltr' id='par_1_2' title="bbox 671 429 2208 500">
     <span class='ocr_line' id='line_1_2' title="bbox 671 429 2208 500; baseline -0.003 -11"><span class='ocrx_word' id='word_1_7' title='bbox 671 432 870 489; x_wconf 76' lang='lat' dir='ltr'><strong>dixerit</strong></span> <span class='ocrx_word' id='word_1_8' title='bbox 899 430 1058 489; x_wconf 85' lang='lat' dir='ltr'><strong>simul</strong></span> <span class='ocrx_word' id='word_1_9' title='bbox 1102 439 1159 487; x_wconf 88' lang='lat' dir='ltr'><strong>et</strong></span> <span class='ocrx_word' id='word_1_10' title='bbox 1196 429 1454 500; x_wconf 80' lang='lat' dir='ltr'><strong>frigidum</strong></span> <span class='ocrx_word' id='word_1_11' title='bbox 1490 447 1505 485; x_wconf 88' lang='lat'><strong>:</strong></span> <span class='ocrx_word' id='word_1_12' title='bbox 1538 443 1763 486; x_wconf 89' lang='lat' dir='ltr'><strong>necesse</strong></span> <span class='ocrx_word' id='word_1_13' title='bbox 1810 432 1955 487; x_wconf 88' lang='lat' dir='ltr'><strong>enim</strong></span> <span class='ocrx_word' id='word_1_14' title='bbox 1992 443 2097 498; x_wconf 86' lang='lat' dir='ltr'><strong>est,</strong></span> <span class='ocrx_word' id='word_1_15' title='bbox 2128 449 2208 488; x_wconf 62' lang='lat' dir='ltr'><strong>unt</strong></span> 
     </span>
    </p>
   </div>
   <div class='ocr_carea' id='block_1_3' title="bbox 2311 429 3935 511">
    <p class='ocr_par' dir='ltr' id='par_1_3' title="bbox 2336 432 3935 511">
     <span class='ocr_line' id='line_1_3' title="bbox 2336 432 3935 511; baseline 0.004 -25"><span class='ocrx_word' id='word_1_16' title='bbox 2336 450 2540 505; x_wconf 87' lang='grc' dir='ltr'>χοντος,</span> <span class='ocrx_word' id='word_1_17' title='bbox 2594 433 2945 507; x_wconf 79' lang='grc' dir='ltr'>ἀναρῤεῖσθαι</span> <span class='ocrx_word' id='word_1_18' title='bbox 2979 432 3087 486; x_wconf 83' lang='grc' dir='ltr'>τῶν</span> <span class='ocrx_word' id='word_1_19' title='bbox 3138 434 3554 505; x_wconf 80' lang='grc' dir='ltr'><strong>σημαινομένων</strong></span> <span class='ocrx_word' id='word_1_20' title='bbox 3605 435 3664 490; x_wconf 82' lang='grc' dir='ltr'><strong>τὺ</strong></span> <span class='ocrx_word' id='word_1_21' title='bbox 3708 436 3935 511; x_wconf 74' lang='grc' dir='ltr'>Ξτερον.</span> 
     </span>
    </p>
   </div>
   <div class='ocr_carea' id='block_1_4' title="bbox 668 522 2208 597">
    <p class='ocr_par' dir='ltr' id='par_1_4' title="bbox 668 523 2208 596">
     <span class='ocr_line' id='line_1_4' title="bbox 668 523 2208 596; baseline 0.001 -17"><span class='ocrx_word' id='word_1_22' title='bbox 668 526 983 589; x_wconf 80' lang='lat' dir='ltr'><strong>exsistente,</strong></span> <span class='ocrx_word' id='word_1_23' title='bbox 1006 524 1231 578; x_wconf 83' lang='lat' dir='ltr'><strong>alterum</strong></span> <span class='ocrx_word' id='word_1_24' title='bbox 1260 537 1446 577; x_wconf 85' lang='lat' dir='ltr'><strong>eorum</strong></span> <span class='ocrx_word' id='word_1_25' title='bbox 1490 536 1609 592; x_wconf 69' lang='lat' dir='ltr'><strong>qua:</strong></span> <span class='ocrx_word' id='word_1_26' title='bbox 1635 523 2008 594; x_wconf 76' lang='lat' dir='ltr'><strong>signiﬁcantur</strong></span> <span class='ocrx_word' id='word_1_27' title='bbox 2038 526 2208 596; x_wconf 84' lang='lat' dir='ltr'><strong>perire</strong></span> 
     </span>
    </p>
   </div>
   <div class='ocr_carea' id='block_1_5' title="bbox 2311 522 3935 597">
    <p class='ocr_par' dir='ltr' id='par_1_5' title="bbox 2348 522 3935 597">
     <span class='ocr_line' id='line_1_5' title="bbox 2348 522 3935 597; baseline 0.003 -18"><span class='ocrx_word' id='word_1_28' title='bbox 2348 525 2554 580; x_wconf 84' lang='grc' dir='ltr'>Οὑκοὺν</span> <span class='ocrx_word' id='word_1_29' title='bbox 2580 528 2857 597; x_wconf 85' lang='grc' dir='ltr'>ἀμήχανον</span> <span class='ocrx_word' id='word_1_30' title='bbox 2889 527 2947 579; x_wconf 80' lang='grc' dir='ltr'><strong>ἐν</strong></span> <span class='ocrx_word' id='word_1_31' title='bbox 2976 526 3089 594; x_wconf 86' lang='grc' dir='ltr'><strong>Υἱῷ</strong></span> <span class='ocrx_word' id='word_1_32' title='bbox 3114 527 3207 579; x_wconf 78' lang='grc' dir='ltr'>καὶ</span> <span class='ocrx_word' id='word_1_33' title='bbox 3232 526 3293 580; x_wconf 80' lang='grc' dir='ltr'>τὸ</span> <span class='ocrx_word' id='word_1_34' title='bbox 3334 527 3515 597; x_wconf 79' lang='grc' dir='ltr'>ὅμοιον</span> <span class='ocrx_word' id='word_1_35' title='bbox 3542 522 3681 581; x_wconf 78' lang='grc' dir='ltr'>εἶναι</span> <span class='ocrx_word' id='word_1_36' title='bbox 3721 531 3817 583; x_wconf 78' lang='grc' dir='ltr'>καὶ</span> <span class='ocrx_word' id='word_1_37' title='bbox 3865 531 3935 584; x_wconf 72' lang='grc' dir='ltr'><strong>τὸ</strong></span> 
     </span>
    </p>
   </div>
   <div class='ocr_carea' id='block_1_6' title="bbox 670 613 2208 693">
    <p class='ocr_par' dir='ltr' id='par_1_6' title="bbox 670 613 2208 685">
     <span class='ocr_line' id='line_1_6' title="bbox 670 613 2208 685; baseline 0.003 -18"><span class='ocrx_word' id='word_1_38' title='bbox 670 613 809 671; x_wconf 85' lang='lat' dir='ltr'><strong>Fieri</strong></span> <span class='ocrx_word' id='word_1_39' title='bbox 843 615 1023 685; x_wconf 91' lang='lat' dir='ltr'><strong>itaque</strong></span> <span class='ocrx_word' id='word_1_40' title='bbox 1055 629 1162 670; x_wconf 91' lang='lat' dir='ltr'><strong>non</strong></span> <span class='ocrx_word' id='word_1_41' title='bbox 1196 622 1375 684; x_wconf 85' lang='lat' dir='ltr'><strong>potest</strong></span> <span class='ocrx_word' id='word_1_42' title='bbox 1402 623 1459 668; x_wconf 93' lang='lat' dir='ltr'><strong>ut</strong></span> <span class='ocrx_word' id='word_1_43' title='bbox 1489 614 1541 668; x_wconf 91' lang='lat' dir='ltr'><strong>in</strong></span> <span class='ocrx_word' id='word_1_44' title='bbox 1578 613 1715 669; x_wconf 87' lang='lat' dir='ltr'><strong>Filio</strong></span> <span class='ocrx_word' id='word_1_45' title='bbox 1747 615 2044 671; x_wconf 82' lang='lat' dir='ltr'><strong>similitudo</strong></span> <span class='ocrx_word' id='word_1_46' title='bbox 2078 617 2208 673; x_wconf 89' lang='lat' dir='ltr'><strong>simu</strong></span> 
     </span>
    </p>
   </div>
   <div class='ocr_carea' id='block_1_7' title="bbox 2311 613 3933 693">
    <p class='ocr_par' dir='ltr' id='par_1_7' title="bbox 2346 616 3933 693">
     <span class='ocr_line' id='line_1_7' title="bbox 2346 616 3933 693; baseline 0.001 -22"><span class='ocrx_word' id='word_1_47' title='bbox 2346 616 2621 687; x_wconf 86' lang='grc' dir='ltr'>ἀνόμοιον.</span> <span class='ocrx_word' id='word_1_48' title='bbox 2661 616 3172 689; x_wconf 87' lang='grc' dir='ltr'>Ἐπιμαρτυρούσης</span> <span class='ocrx_word' id='word_1_49' title='bbox 3197 618 3253 670; x_wconf 84' lang='grc' dir='ltr'>δὲ</span> <span class='ocrx_word' id='word_1_50' title='bbox 3279 618 3379 688; x_wconf 82' lang='grc' dir='ltr'>τῆς</span> <span class='ocrx_word' id='word_1_51' title='bbox 3413 618 3562 682; x_wconf 88' lang='grc' dir='ltr'>θείας</span> <span class='ocrx_word' id='word_1_52' title='bbox 3592 619 3740 690; x_wconf 88' lang='grc' dir='ltr'>αὑτῷ</span> <span class='ocrx_word' id='word_1_53' title='bbox 3780 620 3933 693; x_wconf 80' lang='grc' dir='ltr'>Γραο</span> 
     </span>
    </p>
   </div>
   <div class='ocr_carea' id='block_1_8' title="bbox 665 704 2208 779">
    <p class='ocr_par' dir='ltr' id='par_1_8' title="bbox 665 704 2208 775">
     <span class='ocr_line' id='line_1_8' title="bbox 665 704 2208 775; baseline 0.002 -16"><span class='ocrx_word' id='word_1_54' title='bbox 665 709 737 760; x_wconf 79' lang='lat' dir='ltr'><strong>sit</strong></span> <span class='ocrx_word' id='word_1_55' title='bbox 765 714 820 761; x_wconf 93' lang='lat' dir='ltr'><strong>et</strong></span> <span class='ocrx_word' id='word_1_56' title='bbox 845 705 1257 761; x_wconf 83' lang='lat' dir='ltr'><strong>dissimilitudo.</strong></span> <span class='ocrx_word' id='word_1_57' title='bbox 1281 704 1413 760; x_wconf 86' lang='lat' dir='ltr'><strong>Cum</strong></span> <span class='ocrx_word' id='word_1_58' title='bbox 1441 719 1572 760; x_wconf 80' lang='lat' dir='ltr'><strong>vero</strong></span> <span class='ocrx_word' id='word_1_59' title='bbox 1597 720 1754 761; x_wconf 87' lang='lat' dir='ltr'><strong>sacra</strong></span> <span class='ocrx_word' id='word_1_60' title='bbox 1780 707 2057 775; x_wconf 84' lang='lat' dir='ltr'><strong>Scriptura</strong></span> <span class='ocrx_word' id='word_1_61' title='bbox 2083 708 2208 763; x_wconf 87' lang='lat' dir='ltr'><strong>simi</strong></span> 
     </span>
    </p>
   </div>
   <div class='ocr_carea' id='block_1_9' title="bbox 2311 704 3931 779">
    <p class='ocr_par' dir='ltr' id='par_1_9' title="bbox 2346 707 3931 779">
     <span class='ocr_line' id='line_1_9' title="bbox 2346 707 3931 779; baseline -0.003 -18"><span class='ocrx_word' id='word_1_62' title='bbox 2346 708 2455 778; x_wconf 78' lang='grc' dir='ltr'>φῆς</span> <span class='ocrx_word' id='word_1_63' title='bbox 2494 707 2590 779; x_wconf 83' lang='grc' dir='ltr'>τὴν</span> <span class='ocrx_word' id='word_1_64' title='bbox 2619 707 2912 779; x_wconf 88' lang='grc' dir='ltr'>ὁμοιότητα</span> <span class='ocrx_word' id='word_1_65' title='bbox 2954 708 3054 774; x_wconf 80' lang='grc' dir='ltr'>τὴν</span> <span class='ocrx_word' id='word_1_66' title='bbox 3084 707 3220 777; x_wconf 82' lang='grc' dir='ltr'>πρὸς</span> <span class='ocrx_word' id='word_1_67' title='bbox 3243 707 3333 760; x_wconf 81' lang='grc' dir='ltr'><strong>τὸν</strong></span> <span class='ocrx_word' id='word_1_68' title='bbox 3362 708 3605 778; x_wconf 81' lang='grc' dir='ltr'><strong>Πατέρα,</strong></span> <span class='ocrx_word' id='word_1_69' title='bbox 3632 712 3725 764; x_wconf 78' lang='grc' dir='ltr'>καὶ</span> <span class='ocrx_word' id='word_1_70' title='bbox 3750 710 3931 765; x_wconf 72' lang='grc' dir='ltr'>αὑτοῦ</span> 
     </span>
    </p>
   </div>
   <div class='ocr_carea' id='block_1_10' title="bbox 666 795 2208 869">
    <p class='ocr_par' dir='ltr' id='par_1_10' title="bbox 666 795 2208 867">
     <span class='ocr_line' id='line_1_10' title="bbox 666 795 2208 867; baseline 0.004 -18"><span class='ocrx_word' id='word_1_71' title='bbox 666 796 771 850; x_wconf 87' lang='lat' dir='ltr'><strong>lem</strong></span> <span class='ocrx_word' id='word_1_72' title='bbox 805 795 951 850; x_wconf 84' lang='lat' dir='ltr'><strong>Patri</strong></span> <span class='ocrx_word' id='word_1_73' title='bbox 976 810 1104 851; x_wconf 71' lang='lat' dir='ltr'><strong>esse</strong></span> <span class='ocrx_word' id='word_1_74' title='bbox 1139 796 1392 861; x_wconf 89' lang='lat' dir='ltr'><strong>testetur&#39;,</strong></span> <span class='ocrx_word' id='word_1_75' title='bbox 1418 811 1651 866; x_wconf 91' lang='lat' dir='ltr'><strong>cumque</strong></span> <span class='ocrx_word' id='word_1_76' title='bbox 1692 798 1806 867; x_wconf 84' lang='lat' dir='ltr'><strong>ipse</strong></span> <span class='ocrx_word' id='word_1_77' title='bbox 1845 798 1993 855; x_wconf 88' lang='lat' dir='ltr'><strong>dicat</strong></span> <span class='ocrx_word' id='word_1_78' title='bbox 2031 817 2046 855; x_wconf 91' lang='lat'><strong>:</strong></span> <span class='ocrx_word' id='word_1_79' title='bbox 2084 818 2103 852; x_wconf 82' lang='grc' dir='ltr'><strong>ι</strong></span> <span class='ocrx_word' id='word_1_80' title='bbox 2134 800 2208 867; x_wconf 82' lang='lat' dir='ltr'><strong>Qu</strong></span> 
     </span>
    </p>
   </div>
   <div class='ocr_carea' id='block_1_11' title="bbox 2311 795 3930 869">
    <p class='ocr_par' dir='ltr' id='par_1_11' title="bbox 2342 797 3930 869">
     <span class='ocr_line' id='line_1_11' title="bbox 2342 797 3930 869; baseline 0.003 -18"><span class='ocrx_word' id='word_1_81' title='bbox 2342 798 2399 851; x_wconf 87' lang='grc' dir='ltr'>δὲ</span> <span class='ocrx_word' id='word_1_82' title='bbox 2433 797 2729 867; x_wconf 80' lang='grc' dir='ltr'>φάσκοντος</span> <span class='ocrx_word' id='word_1_83' title='bbox 2751 814 2765 831; x_wconf 89' lang='grc'><strong>·</strong></span> <span class='ocrx_word' id='word_1_84' title='bbox 2811 816 2831 850; x_wconf 77' lang='grc' dir='ltr'><strong>ι</strong></span> <span class='ocrx_word' id='word_1_85' title='bbox 2887 798 2944 851; x_wconf 85' lang='grc'><strong>’0</strong></span> <span class='ocrx_word' id='word_1_86' title='bbox 2973 798 3232 869; x_wconf 79' lang='grc' dir='ltr'>ἑωρακὼς</span> <span class='ocrx_word' id='word_1_87' title='bbox 3280 797 3403 869; x_wconf 80' lang='grc' dir='ltr'>ἐμὲ,</span> <span class='ocrx_word' id='word_1_88' title='bbox 3436 798 3647 869; x_wconf 79' lang='grc' dir='ltr'>ἑώρακε</span> <span class='ocrx_word' id='word_1_89' title='bbox 3688 800 3777 855; x_wconf 81' lang='grc' dir='ltr'>τὸν</span> <span class='ocrx_word' id='word_1_90' title='bbox 3809 803 3930 856; x_wconf 80' lang='grc' dir='ltr'>Πα-</span> 
     </span>
    </p>
   </div>
   <div class='ocr_carea' id='block_1_12' title="bbox 665 886 2208 964">
    <p class='ocr_par' dir='ltr' id='par_1_12' title="bbox 665 886 2201 953">
     <span class='ocr_line' id='line_1_12' title="bbox 665 886 2201 953; baseline 0.004 -15"><span class='ocrx_word' id='word_1_91' title='bbox 665 886 801 940; x_wconf 77' lang='lat' dir='ltr'><strong>vidit</strong></span> <span class='ocrx_word' id='word_1_92' title='bbox 827 901 940 951; x_wconf 87' lang='lat' dir='ltr'><strong>me,</strong></span> <span class='ocrx_word' id='word_1_93' title='bbox 968 887 1102 940; x_wconf 81' lang='lat' dir='ltr'><strong>vidit</strong></span> <span class='ocrx_word' id='word_1_94' title='bbox 1134 893 1188 941; x_wconf 90' lang='lat' dir='ltr'><strong>et</strong></span> <span class='ocrx_word' id='word_1_95' title='bbox 1212 886 1424 941; x_wconf 84' lang='lat' dir='ltr'><strong>Patrem</strong></span> <span class='ocrx_word' id='word_1_96' title='bbox 1446 886 1544 953; x_wconf 60' lang='lat' dir='ltr'><strong>&quot;,s</strong></span> <span class='ocrx_word' id='word_1_97' title='bbox 1579 888 2069 945; x_wconf 87' lang='lat' dir='ltr'><strong>dissimilitudinem</strong></span> <span class='ocrx_word' id='word_1_98' title='bbox 2096 891 2201 946; x_wconf 95' lang='lat' dir='ltr'><strong>han</strong></span> 
     </span>
    </p>
   </div>
   <div class='ocr_carea' id='block_1_13' title="bbox 2311 886 3929 964">
    <p class='ocr_par' dir='ltr' id='par_1_13' title="bbox 2342 889 3929 964">
     <span class='ocr_line' id='line_1_13' title="bbox 2342 889 3929 964; baseline 0.004 -23"><span class='ocrx_word' id='word_1_99' title='bbox 2342 890 2497 960; x_wconf 88' lang='grc' dir='ltr'>τέρα,</span> <span class='ocrx_word' id='word_1_100' title='bbox 2542 909 2560 941; x_wconf 73' lang='grc' dir='ltr'><strong>ι</strong></span> <span class='ocrx_word' id='word_1_101' title='bbox 2596 890 2657 943; x_wconf 83' lang='grc' dir='ltr'>τὸ</span> <span class='ocrx_word' id='word_1_102' title='bbox 2683 889 2934 961; x_wconf 88' lang='grc' dir='ltr'>ἀνόμοιον</span> <span class='ocrx_word' id='word_1_103' title='bbox 2962 890 3022 943; x_wconf 84' lang='grc' dir='ltr'><strong>οὑ</strong></span> <span class='ocrx_word' id='word_1_104' title='bbox 3054 889 3489 962; x_wconf 79' lang='grc' dir='ltr'><strong>παραδεξόμεθα,</strong></span> <span class='ocrx_word' id='word_1_105' title='bbox 3526 892 3929 964; x_wconf 85' lang='grc' dir='ltr'>ποδηγούμενοι</span> 
     </span>
    </p>
   </div>
   <div class='ocr_carea' id='block_1_14' title="bbox 664 974 2208 1053">
    <p class='ocr_par' dir='ltr' id='par_1_14' title="bbox 664 974 2208 1047">
     <span class='ocr_line' id='line_1_14' title="bbox 664 974 2208 1047; baseline 0.003 -19"><span class='ocrx_word' id='word_1_106' title='bbox 664 988 768 1030; x_wconf 88' lang='lat' dir='ltr'><strong>non</strong></span> <span class='ocrx_word' id='word_1_107' title='bbox 787 975 1149 1039; x_wconf 88' lang='lat' dir='ltr'><strong>admittemus,</strong></span> <span class='ocrx_word' id='word_1_108' title='bbox 1176 989 1273 1044; x_wconf 92' lang='lat' dir='ltr'><strong>per</strong></span> <span class='ocrx_word' id='word_1_109' title='bbox 1304 974 1420 1029; x_wconf 55' lang='lat' dir='ltr'><strong>haec</strong></span> <span class='ocrx_word' id='word_1_110' title='bbox 1456 975 1757 1030; x_wconf 89' lang='lat' dir='ltr'><strong>testimonia</strong></span> <span class='ocrx_word' id='word_1_111' title='bbox 1795 977 1860 1030; x_wconf 86' lang='lat' dir='ltr'><strong>ad</strong></span> <span class='ocrx_word' id='word_1_112' title='bbox 1885 976 1938 1031; x_wconf 91' lang='lat' dir='ltr'><strong>id</strong></span> <span class='ocrx_word' id='word_1_113' title='bbox 1972 979 2115 1047; x_wconf 88' lang='lat' dir='ltr'><strong>quod</strong></span> <span class='ocrx_word' id='word_1_114' title='bbox 2148 993 2208 1032; x_wconf 85' lang='lat' dir='ltr'><strong>ve</strong></span> 
     </span>
    </p>
   </div>
   <div class='ocr_carea' id='block_1_15' title="bbox 2311 974 3925 1053">
    <p class='ocr_par' dir='ltr' id='par_1_15' title="bbox 2340 978 3925 1053">
     <span class='ocr_line' id='line_1_15' title="bbox 2340 978 3925 1053; baseline 0.004 -22"><span class='ocrx_word' id='word_1_115' title='bbox 2340 978 2427 1033; x_wconf 84' lang='grc' dir='ltr'><strong>διὰ</strong></span> <span class='ocrx_word' id='word_1_116' title='bbox 2478 978 2683 1034; x_wconf 90' lang='grc' dir='ltr'>τούτων</span> <span class='ocrx_word' id='word_1_117' title='bbox 2726 980 2820 1033; x_wconf 72' lang='grc' dir='ltr'>ἐπὶ</span> <span class='ocrx_word' id='word_1_118' title='bbox 2863 978 2925 1033; x_wconf 83' lang='grc' dir='ltr'>τὸ</span> <span class='ocrx_word' id='word_1_119' title='bbox 2968 979 3327 1051; x_wconf 87' lang='grc' dir='ltr'>ἀληθέστερόν</span> <span class='ocrx_word' id='word_1_120' title='bbox 3372 998 3433 1035; x_wconf 87' lang='grc' dir='ltr'><strong>τε</strong></span> <span class='ocrx_word' id='word_1_121' title='bbox 3491 983 3586 1036; x_wconf 80' lang='grc' dir='ltr'>καὶ</span> <span class='ocrx_word' id='word_1_122' title='bbox 3632 985 3925 1053; x_wconf 83' lang='grc' dir='ltr'>πρεπωδέ-</span> 
     </span>
    </p>
   </div>
   <div class='ocr_carea' id='block_1_16' title="bbox 660 1065 2208 1145">
    <p class='ocr_par' dir='ltr' id='par_1_16' title="bbox 660 1065 2201 1136">
     <span class='ocr_line' id='line_1_16' title="bbox 660 1065 2201 1136; baseline 0.005 -18"><span class='ocrx_word' id='word_1_123' title='bbox 660 1065 777 1119; x_wconf 91' lang='lat' dir='ltr'><strong>rius</strong></span> <span class='ocrx_word' id='word_1_124' title='bbox 804 1066 1322 1136; x_wconf 84' lang='lat' dir='ltr'><strong>convenientiusque</strong></span> <span class='ocrx_word' id='word_1_125' title='bbox 1341 1075 1424 1121; x_wconf 88' lang='lat' dir='ltr'><strong>est</strong></span> <span class='ocrx_word' id='word_1_126' title='bbox 1438 1067 1673 1122; x_wconf 85' lang='lat' dir='ltr'><strong>adducti.</strong></span> <span class='ocrx_word' id='word_1_127' title='bbox 1698 1067 1904 1122; x_wconf 82' lang='lat' dir='ltr'><strong>Etcum</strong></span> <span class='ocrx_word' id='word_1_128' title='bbox 1943 1083 2046 1124; x_wconf 92' lang='lat' dir='ltr'><strong>non</strong></span> <span class='ocrx_word' id='word_1_129' title='bbox 2079 1071 2201 1126; x_wconf 78' lang='lat' dir='ltr'><strong>dixe</strong></span> 
     </span>
    </p>
   </div>
   <div class='ocr_carea' id='block_1_17' title="bbox 2311 1065 3925 1145">
    <p class='ocr_par' dir='ltr' id='par_1_17' title="bbox 2342 1068 3925 1145">
     <span class='ocr_line' id='line_1_17' title="bbox 2342 1068 3925 1145; baseline 0.004 -23"><span class='ocrx_word' id='word_1_130' title='bbox 2342 1085 2551 1141; x_wconf 90' lang='grc' dir='ltr'>στερον.</span> <span class='ocrx_word' id='word_1_131' title='bbox 2612 1069 2830 1141; x_wconf 80' lang='grc' dir='ltr'><strong>Ἐπειδὴ</strong></span> <span class='ocrx_word' id='word_1_132' title='bbox 2873 1070 2930 1123; x_wconf 85' lang='grc' dir='ltr'><strong>δέ</strong></span> <span class='ocrx_word' id='word_1_133' title='bbox 2978 1071 3138 1125; x_wconf 81' lang='grc' dir='ltr'>πάλιν</span> <span class='ocrx_word' id='word_1_134' title='bbox 3177 1071 3277 1123; x_wconf 90' lang='grc' dir='ltr'><strong>οὑκ</strong></span> <span class='ocrx_word' id='word_1_135' title='bbox 3320 1068 3505 1127; x_wconf 78' lang='grc' dir='ltr'>εἶπενο</span> <span class='ocrx_word' id='word_1_136' title='bbox 3546 1073 3605 1126; x_wconf 89' lang='lat' dir='ltr'><strong>&#39;U</strong></span> <span class='ocrx_word' id='word_1_137' title='bbox 3655 1075 3925 1145; x_wconf 80' lang='grc' dir='ltr'>ἑωρακὼς</span> 
     </span>
    </p>
   </div>
   <div class='ocr_carea' id='block_1_18' title="bbox 661 1157 2208 1235">
    <p class='ocr_par' dir='ltr' id='par_1_18' title="bbox 661 1159 2189 1226">
     <span class='ocr_line' id='line_1_18' title="bbox 661 1159 2189 1226; baseline 0.007 -15"><span class='ocrx_word' id='word_1_138' title='bbox 661 1159 732 1213; x_wconf 87' lang='lat' dir='ltr'><strong>rit</strong></span> <span class='ocrx_word' id='word_1_139' title='bbox 759 1175 773 1214; x_wconf 91' lang='lat'><strong>:</strong></span> <span class='ocrx_word' id='word_1_140' title='bbox 803 1159 903 1226; x_wconf 86' lang='lat' dir='ltr'><strong>Qui</strong></span> <span class='ocrx_word' id='word_1_141' title='bbox 938 1161 1071 1215; x_wconf 81' lang='lat' dir='ltr'><strong>vidit</strong></span> <span class='ocrx_word' id='word_1_142' title='bbox 1102 1175 1215 1226; x_wconf 91' lang='lat' dir='ltr'><strong>me,</strong></span> <span class='ocrx_word' id='word_1_143' title='bbox 1244 1162 1381 1216; x_wconf 75' lang='lat' dir='ltr'><strong>vidit</strong></span> <span class='ocrx_word' id='word_1_144' title='bbox 1419 1173 1469 1217; x_wconf 91' lang='lat' dir='ltr'><strong>et</strong></span> <span class='ocrx_word' id='word_1_145' title='bbox 1508 1162 1835 1218; x_wconf 76' lang='lat' dir='ltr'><strong>voluntatem</strong></span> <span class='ocrx_word' id='word_1_146' title='bbox 1876 1163 2054 1221; x_wconf 81' lang='lat' dir='ltr'><strong>Patris</strong></span> <span class='ocrx_word' id='word_1_147' title='bbox 2086 1169 2189 1222; x_wconf 90' lang='lat' dir='ltr'><strong>mei</strong></span> 
     </span>
    </p>
   </div>
   <div class='ocr_carea' id='block_1_19' title="bbox 2311 1157 3923 1235">
    <p class='ocr_par' dir='ltr' id='par_1_19' title="bbox 2338 1157 3923 1235">
     <span class='ocr_line' id='line_1_19' title="bbox 2338 1157 3923 1235; baseline 0.006 -24"><span class='ocrx_word' id='word_1_148' title='bbox 2338 1158 2460 1227; x_wconf 81' lang='grc' dir='ltr'>ἐμὲ,</span> <span class='ocrx_word' id='word_1_149' title='bbox 2494 1158 2591 1229; x_wconf 81' lang='grc' dir='ltr'><strong>τὴν</strong></span> <span class='ocrx_word' id='word_1_150' title='bbox 2622 1158 2875 1230; x_wconf 86' lang='grc' dir='ltr'>βούλησιν</span> <span class='ocrx_word' id='word_1_151' title='bbox 2916 1157 3127 1230; x_wconf 77' lang='grc' dir='ltr'>ἑώρακε</span> <span class='ocrx_word' id='word_1_152' title='bbox 3174 1160 3268 1214; x_wconf 78' lang='grc' dir='ltr'>τοῦ</span> <span class='ocrx_word' id='word_1_153' title='bbox 3302 1163 3511 1234; x_wconf 84' lang='grc' dir='ltr'>Πατρός</span> <span class='ocrx_word' id='word_1_154' title='bbox 3553 1181 3678 1235; x_wconf 86' lang='grc' dir='ltr'>μου,</span> <span class='ocrx_word' id='word_1_155' title='bbox 3713 1166 3772 1218; x_wconf 91' lang='grc' dir='ltr'><strong>οὑ</strong></span> <span class='ocrx_word' id='word_1_156' title='bbox 3814 1166 3923 1235; x_wconf 77' lang='grc' dir='ltr'>τῆς</span> 
     </span>
    </p>
   </div>
   <div class='ocr_carea' id='block_1_20' title="bbox 660 1244 2208 1321">
    <p class='ocr_par' dir='ltr' id='par_1_20' title="bbox 660 1248 2208 1321">
     <span class='ocr_line' id='line_1_20' title="bbox 660 1248 2208 1321; baseline 0.006 -21"><span class='ocrx_word' id='word_1_157' title='bbox 660 1261 765 1301; x_wconf 91' lang='lat' dir='ltr'><strong>non</strong></span> <span class='ocrx_word' id='word_1_158' title='bbox 811 1248 1133 1317; x_wconf 82' lang='lat' dir='ltr'><strong>voluntatis,</strong></span> <span class='ocrx_word' id='word_1_159' title='bbox 1182 1251 1275 1305; x_wconf 90' lang='lat' dir='ltr'><strong>sed</strong></span> <span class='ocrx_word' id='word_1_160' title='bbox 1317 1250 1499 1306; x_wconf 80' lang='lat' dir='ltr'><strong>Patris</strong></span> <span class='ocrx_word' id='word_1_161' title='bbox 1537 1251 1825 1321; x_wconf 73' lang='lat' dir='ltr'><strong>imaginem</strong></span> <span class='ocrx_word' id='word_1_162' title='bbox 1875 1268 1997 1310; x_wconf 89' lang='lat' dir='ltr'><strong>esse</strong></span> <span class='ocrx_word' id='word_1_163' title='bbox 2034 1254 2208 1311; x_wconf 78' lang='lat' dir='ltr'><strong>Filiun</strong></span> 
     </span>
    </p>
   </div>
   <div class='ocr_carea' id='block_1_21' title="bbox 2311 1244 3983 1321">
    <p class='ocr_par' dir='ltr' id='par_1_21' title="bbox 2341 1244 3983 1321">
     <span class='ocr_line' id='line_1_21' title="bbox 2341 1244 3983 1321; baseline 0.003 -23"><span class='ocrx_word' id='word_1_164' title='bbox 2341 1244 2646 1316; x_wconf 82' lang='grc' dir='ltr'><strong>βουλήσεως</strong></span> <span class='ocrx_word' id='word_1_165' title='bbox 2677 1247 2857 1300; x_wconf 88' lang='grc' dir='ltr'>είκόνα</span> <span class='ocrx_word' id='word_1_166' title='bbox 2881 1244 2974 1300; x_wconf 85' lang='grc' dir='ltr'><strong>τδν</strong></span> <span class='ocrx_word' id='word_1_167' title='bbox 3004 1246 3131 1300; x_wconf 83' lang='grc' dir='ltr'>Υίδν</span> <span class='ocrx_word' id='word_1_168' title='bbox 3159 1248 3587 1321; x_wconf 77' lang='grc' dir='ltr'>ὁμολογήσομεν,</span> <span class='ocrx_word' id='word_1_169' title='bbox 3609 1251 3723 1305; x_wconf 80' lang='grc' dir='ltr'>ἀλλ’</span> <span class='ocrx_word' id='word_1_170' title='bbox 3746 1252 3919 1306; x_wconf 75' lang='grc' dir='ltr'>αὑτοῦ</span> <span class='ocrx_word' id='word_1_171' title='bbox 3976 1294 3983 1303; x_wconf 92' lang='grc'><strong>.</strong></span> 
     </span>
    </p>
   </div>
   <div class='ocr_carea' id='block_1_22' title="bbox 658 1334 2208 1407">
    <p class='ocr_par' dir='ltr' id='par_1_22' title="bbox 658 1338 966 1395">
     <span class='ocr_line' id='line_1_22' title="bbox 658 1338 966 1395; baseline 0.013 -5"><span class='ocrx_word' id='word_1_172' title='bbox 658 1338 966 1395; x_wconf 78' lang='lat' dir='ltr'><strong>fatebimur.</strong></span> 
     </span>
    </p>
   </div>
   <div class='ocr_carea' id='block_1_23' title="bbox 2311 1334 2960 1407">
    <p class='ocr_par' dir='ltr' id='par_1_23' title="bbox 2337 1334 2960 1407">
     <span class='ocr_line' id='line_1_23' title="bbox 2337 1334 2960 1407; baseline 0.002 -18"><span class='ocrx_word' id='word_1_173' title='bbox 2337 1334 2430 1389; x_wconf 83' lang='grc' dir='ltr'><strong>τοῦ</strong></span> <span class='ocrx_word' id='word_1_174' title='bbox 2461 1336 2671 1407; x_wconf 83' lang='grc' dir='ltr'>Πατρδς</span> <span class='ocrx_word' id='word_1_175' title='bbox 2696 1336 2773 1401; x_wconf 84' lang='grc' dir='ltr'>ὡς</span> <span class='ocrx_word' id='word_1_176' title='bbox 2808 1336 2960 1391; x_wconf 82' lang='grc' dir='ltr'>Υίόν.</span> 
     </span>
    </p>
   </div>
   <div class='ocr_carea' id='block_1_24' title="bbox 3022 1449 3227 1505">
    <p class='ocr_par' dir='ltr' id='par_1_24' title="bbox 3022 1449 3227 1505">
     <span class='ocr_line' id='line_1_24' title="bbox 3022 1449 3227 1505; baseline 0.01 -4"><span class='ocrx_word' id='word_1_177' title='bbox 3022 1449 3227 1505; x_wconf 81' lang='grc' dir='ltr'><strong>ΔΔΛΟ.</strong></span> 
     </span>
    </p>
   </div>
   <div class='ocr_carea' id='block_1_25' title="bbox 1328 1454 1560 1511">
    <p class='ocr_par' dir='ltr' id='par_1_25' title="bbox 1328 1454 1560 1511">
     <span class='ocr_line' id='line_1_25' title="bbox 1328 1454 1560 1511; baseline -0.004 -2"><span class='ocrx_word' id='word_1_178' title='bbox 1328 1454 1560 1511; x_wconf 82' lang='lat' dir='ltr'><strong>ALIUD.</strong></span> 
     </span>
    </p>
   </div>
   <div class='ocr_carea' id='block_1_26' title="bbox 727 1567 2225 1638">
    <p class='ocr_par' dir='ltr' id='par_1_26' title="bbox 727 1567 2225 1638">
     <span class='ocr_line' id='line_1_26' title="bbox 727 1567 2225 1638; baseline 0.003 -15"><span class='ocrx_word' id='word_1_179' title='bbox 727 1568 858 1635; x_wconf 68' lang='lat' dir='ltr'><strong>Quae</strong></span> <span class='ocrx_word' id='word_1_180' title='bbox 898 1582 927 1621; x_wconf 90' lang='lat' dir='ltr'><strong>a</strong></span> <span class='ocrx_word' id='word_1_181' title='bbox 971 1577 1151 1623; x_wconf 91' lang='lat' dir='ltr'><strong>mutua</strong></span> <span class='ocrx_word' id='word_1_182' title='bbox 1192 1567 1571 1638; x_wconf 73' lang='lat' dir='ltr'><strong>conjunctione</strong></span> <span class='ocrx_word' id='word_1_183' title='bbox 1609 1578 1663 1624; x_wconf 93' lang='lat' dir='ltr'><strong>et</strong></span> <span class='ocrx_word' id='word_1_184' title='bbox 1703 1570 1933 1625; x_wconf 90' lang='lat' dir='ltr'><strong>naturali</strong></span> <span class='ocrx_word' id='word_1_185' title='bbox 1974 1570 2225 1627; x_wconf 90' lang='lat' dir='ltr'><strong>similitu-</strong></span> 
     </span>
    </p>
   </div>
   <div class='ocr_carea' id='block_1_27' title="bbox 654 1658 2230 1730">
    <p class='ocr_par' dir='ltr' id='par_1_27' title="bbox 654 1658 2230 1730">
     <span class='ocr_line' id='line_1_27' title="bbox 654 1658 2230 1730; baseline 0.004 -19"><span class='ocrx_word' id='word_1_186' title='bbox 654 1658 782 1713; x_wconf 85' lang='lat' dir='ltr'><strong>dine</strong></span> <span class='ocrx_word' id='word_1_187' title='bbox 810 1660 1103 1723; x_wconf 88' lang='lat' dir='ltr'><strong>recedunt,</strong></span> <span class='ocrx_word' id='word_1_188' title='bbox 1130 1668 1185 1713; x_wconf 90' lang='lat' dir='ltr'><strong>et</strong></span> <span class='ocrx_word' id='word_1_189' title='bbox 1210 1659 1515 1714; x_wconf 87' lang='lat' dir='ltr'><strong>essentialis</strong></span> <span class='ocrx_word' id='word_1_190' title='bbox 1542 1660 1821 1730; x_wconf 86' lang='lat' dir='ltr'><strong>qualitatis</strong></span> <span class='ocrx_word' id='word_1_191' title='bbox 1851 1662 2057 1719; x_wconf 86' lang='lat' dir='ltr'><strong>ratione</strong></span> <span class='ocrx_word' id='word_1_192' title='bbox 2089 1664 2230 1718; x_wconf 89' lang='lat' dir='ltr'><strong>inter</strong></span> 
     </span>
    </p>
   </div>
   <div class='ocr_carea' id='block_1_28' title="bbox 2406 1559 3914 1639">
    <p class='ocr_par' dir='ltr' id='par_1_28' title="bbox 2406 1559 3914 1639">
     <span class='ocr_line' id='line_1_28' title="bbox 2406 1559 3914 1639; baseline 0.007 -27"><span class='ocrx_word' id='word_1_193' title='bbox 2406 1559 2485 1612; x_wconf 85' lang='grc' dir='ltr'><strong>Τά</strong></span> <span class='ocrx_word' id='word_1_194' title='bbox 2523 1560 2622 1631; x_wconf 83' lang='grc' dir='ltr'>τῆς</span> <span class='ocrx_word' id='word_1_195' title='bbox 2652 1561 2788 1632; x_wconf 81' lang='grc' dir='ltr'>πρὸς</span> <span class='ocrx_word' id='word_1_196' title='bbox 2817 1560 3021 1633; x_wconf 78' lang='grc' dir='ltr'>ἄλληλα</span> <span class='ocrx_word' id='word_1_197' title='bbox 3066 1563 3360 1633; x_wconf 78' lang='grc' dir='ltr'>συναφείας</span> <span class='ocrx_word' id='word_1_198' title='bbox 3393 1563 3425 1635; x_wconf 81' lang='grc' dir='ltr'><strong>ή</strong></span> <span class='ocrx_word' id='word_1_199' title='bbox 3468 1566 3701 1637; x_wconf 80' lang='grc' dir='ltr'>φυσικῆς</span> <span class='ocrx_word' id='word_1_200' title='bbox 3741 1568 3914 1639; x_wconf 85' lang='grc' dir='ltr'>ἐμφε-</span> 
     </span>
    </p>
   </div>
   <div class='ocr_carea' id='block_1_29' title="bbox 2335 1650 3912 1727">
    <p class='ocr_par' dir='ltr' id='par_1_29' title="bbox 2335 1650 3912 1727">
     <span class='ocr_line' id='line_1_29' title="bbox 2335 1650 3912 1727; baseline 0.007 -26"><span class='ocrx_word' id='word_1_201' title='bbox 2335 1650 2486 1721; x_wconf 84' lang='grc' dir='ltr'>ρείας</span> <span class='ocrx_word' id='word_1_202' title='bbox 2531 1650 2981 1724; x_wconf 72' lang='grc' dir='ltr'>ἀναχωρήσαντα,</span> <span class='ocrx_word' id='word_1_203' title='bbox 3022 1654 3116 1707; x_wconf 78' lang='grc' dir='ltr'>καὶ</span> <span class='ocrx_word' id='word_1_204' title='bbox 3160 1655 3301 1708; x_wconf 89' lang='grc' dir='ltr'><strong>κατά</strong></span> <span class='ocrx_word' id='word_1_205' title='bbox 3342 1654 3433 1708; x_wconf 85' lang='grc' dir='ltr'>τὸν</span> <span class='ocrx_word' id='word_1_206' title='bbox 3470 1656 3570 1727; x_wconf 83' lang='grc' dir='ltr'>τῆς</span> <span class='ocrx_word' id='word_1_207' title='bbox 3622 1656 3912 1722; x_wconf 85' lang='grc' dir='ltr'>οὑσιὼδους</span> 
     </span>
    </p>
   </div>
   <div class='ocr_carea' id='block_1_30' title="bbox 652 1741 2208 1839">
    <p class='ocr_par' dir='ltr' id='par_1_30' title="bbox 652 1747 2208 1820">
     <span class='ocr_line' id='line_1_30' title="bbox 652 1747 2208 1820; baseline 0.001 -17"><span class='ocrx_word' id='word_1_208' title='bbox 652 1762 713 1803; x_wconf 90' lang='lat' dir='ltr'><strong>se</strong></span> <span class='ocrx_word' id='word_1_209' title='bbox 741 1748 1035 1811; x_wconf 84' lang='lat' dir='ltr'><strong>dissident,</strong></span> <span class='ocrx_word' id='word_1_210' title='bbox 1064 1762 1128 1803; x_wconf 89' lang='lat' dir='ltr'><strong>ea</strong></span> <span class='ocrx_word' id='word_1_211' title='bbox 1164 1756 1258 1801; x_wconf 91' lang='lat' dir='ltr'><strong>aut</strong></span> <span class='ocrx_word' id='word_1_212' title='bbox 1290 1747 1439 1812; x_wconf 91' lang='lat' dir='ltr'><strong>loco,</strong></span> <span class='ocrx_word' id='word_1_213' title='bbox 1466 1758 1559 1802; x_wconf 91' lang='lat' dir='ltr'><strong>aut</strong></span> <span class='ocrx_word' id='word_1_214' title='bbox 1596 1749 1707 1803; x_wconf 90' lang='lat' dir='ltr'><strong>sola</strong></span> <span class='ocrx_word' id='word_1_215' title='bbox 1744 1750 1950 1805; x_wconf 89' lang='lat' dir='ltr'><strong>ratione</strong></span> <span class='ocrx_word' id='word_1_216' title='bbox 1984 1752 2208 1820; x_wconf 73' lang='lat' dir='ltr'><strong>seiuncta</strong></span> 
     </span>
    </p>
   </div>
   <div class='ocr_carea' id='block_1_31' title="bbox 2311 1741 3912 1839">
    <p class='ocr_par' dir='ltr' id='par_1_31' title="bbox 2334 1741 3912 1821">
     <span class='ocr_line' id='line_1_31' title="bbox 2334 1741 3912 1821; baseline 0.007 -28"><span class='ocrx_word' id='word_1_217' title='bbox 2334 1741 2615 1812; x_wconf 82' lang='grc' dir='ltr'>ποιότητος</span> <span class='ocrx_word' id='word_1_218' title='bbox 2647 1742 2801 1811; x_wconf 89' lang='grc' dir='ltr'>λόγον</span> <span class='ocrx_word' id='word_1_219' title='bbox 2846 1745 3322 1816; x_wconf 84' lang='grc' dir='ltr'>ἀπεσχοινισμένα,</span> <span class='ocrx_word' id='word_1_220' title='bbox 3376 1748 3707 1821; x_wconf 85' lang='grc' dir='ltr'>διίσταταιῆ</span> <span class='ocrx_word' id='word_1_221' title='bbox 3756 1749 3912 1819; x_wconf 80' lang='grc' dir='ltr'>τόπῳ</span> 
     </span>
    </p>
   </div>
   <div class='ocr_carea' id='block_1_32' title="bbox 650 1838 2227 1913">
    <p class='ocr_par' dir='ltr' id='par_1_32' title="bbox 650 1838 2227 1913">
     <span class='ocr_line' id='line_1_32' title="bbox 650 1838 2227 1913; baseline 0.004 -21"><span class='ocrx_word' id='word_1_222' title='bbox 650 1847 796 1893; x_wconf 83' lang='grc' dir='ltr'>ιιιιιιι.</span> <span class='ocrx_word' id='word_1_223' title='bbox 820 1838 887 1893; x_wconf 85' lang='grc' dir='ltr'>Ει</span> <span class='ocrx_word' id='word_1_224' title='bbox 912 1838 1030 1893; x_wconf 94' lang='lat' dir='ltr'><strong>loco</strong></span> <span class='ocrx_word' id='word_1_225' title='bbox 1056 1838 1271 1907; x_wconf 88' lang='lat' dir='ltr'><strong>quidem</strong></span> <span class='ocrx_word' id='word_1_226' title='bbox 1301 1853 1329 1891; x_wconf 92' lang='lat' dir='ltr'><strong>a</strong></span> <span class='ocrx_word' id='word_1_227' title='bbox 1356 1846 1540 1893; x_wconf 90' lang='lat' dir='ltr'><strong>mutua</strong></span> <span class='ocrx_word' id='word_1_228' title='bbox 1570 1840 1945 1908; x_wconf 81' lang='lat' dir='ltr'><strong>conjunctione</strong></span> <span class='ocrx_word' id='word_1_229' title='bbox 1973 1857 2227 1913; x_wconf 90' lang='lat' dir='ltr'><strong>separan-</strong></span> 
     </span>
    </p>
   </div>
   <div class='ocr_carea' id='block_1_33' title="bbox 550 1916 2227 1999">
    <p class='ocr_par' dir='ltr' id='par_1_33' title="bbox 550 1916 2227 1999">
     <span class='ocr_line' id='line_1_33' title="bbox 550 1916 2227 1999; baseline 0.004 -16"><span class='ocrx_word' id='word_1_230' title='bbox 550 1916 551 1919; x_wconf 29' lang='grc'><em>“</em></span> <span class='ocrx_word' id='word_1_231' title='bbox 652 1940 739 1985; x_wconf 89' lang='lat' dir='ltr'><strong>tur</strong></span> <span class='ocrx_word' id='word_1_232' title='bbox 767 1944 887 1999; x_wconf 64' lang='lat' dir='ltr'><strong>quae</strong></span> <span class='ocrx_word' id='word_1_233' title='bbox 918 1943 1236 1999; x_wconf 87' lang='lat' dir='ltr'><strong>corpoream</strong></span> <span class='ocrx_word' id='word_1_234' title='bbox 1269 1929 1713 1985; x_wconf 86' lang='lat' dir='ltr'><strong>constitutionem</strong></span> <span class='ocrx_word' id='word_1_235' title='bbox 1748 1932 1979 1999; x_wconf 83' lang='lat' dir='ltr'><strong>habent;</strong></span> <span class='ocrx_word' id='word_1_236' title='bbox 2018 1934 2227 1989; x_wconf 90' lang='lat' dir='ltr'><strong>ratione</strong></span> 
     </span>
    </p>
   </div>
   <div class='ocr_carea' id='block_1_34' title="bbox 653 2020 2226 2091">
    <p class='ocr_par' dir='ltr' id='par_1_34' title="bbox 653 2020 2226 2091">
     <span class='ocr_line' id='line_1_34' title="bbox 653 2020 2226 2091; baseline 0.005 -18"><span class='ocrx_word' id='word_1_237' title='bbox 653 2030 832 2075; x_wconf 85' lang='lat' dir='ltr'><strong>autem</strong></span> <span class='ocrx_word' id='word_1_238' title='bbox 869 2020 1251 2090; x_wconf 86' lang='lat' dir='ltr'><strong>disjunguntur</strong></span> <span class='ocrx_word' id='word_1_239' title='bbox 1284 2021 1575 2085; x_wconf 80' lang='lat' dir='ltr'><strong>nonnulla,</strong></span> <span class='ocrx_word' id='word_1_240' title='bbox 1602 2038 1721 2091; x_wconf 65' lang='lat' dir='ltr'><strong>quae</strong></span> <span class='ocrx_word' id='word_1_241' title='bbox 1761 2024 2033 2079; x_wconf 88' lang='lat' dir='ltr'><strong>essentiali</strong></span> <span class='ocrx_word' id='word_1_242' title='bbox 2069 2026 2226 2082; x_wconf 70' lang='lat' dir='ltr'><strong>diffe-</strong></span> 
     </span>
    </p>
   </div>
   <div class='ocr_carea' id='block_1_35' title="bbox 652 2110 2226 2183">
    <p class='ocr_par' dir='ltr' id='par_1_35' title="bbox 652 2110 2226 2183">
     <span class='ocr_line' id='line_1_35' title="bbox 652 2110 2226 2183; baseline 0.006 -20"><span class='ocrx_word' id='word_1_243' title='bbox 652 2110 825 2164; x_wconf 88' lang='lat' dir='ltr'><strong>rentia</strong></span> <span class='ocrx_word' id='word_1_244' title='bbox 855 2110 1131 2175; x_wconf 84' lang='lat' dir='ltr'><strong>diﬂ&#39;erunt,</strong></span> <span class='ocrx_word' id='word_1_245' title='bbox 1156 2118 1216 2164; x_wconf 93' lang='lat' dir='ltr'><strong>ut</strong></span> <span class='ocrx_word' id='word_1_246' title='bbox 1246 2110 1407 2164; x_wconf 86' lang='lat' dir='ltr'><strong>homo</strong></span> <span class='ocrx_word' id='word_1_247' title='bbox 1438 2110 1505 2165; x_wconf 90' lang='lat' dir='ltr'><strong>ab</strong></span> <span class='ocrx_word' id='word_1_248' title='bbox 1537 2125 1697 2180; x_wconf 89' lang='lat' dir='ltr'><strong>equo.</strong></span> <span class='ocrx_word' id='word_1_249' title='bbox 1727 2111 2072 2183; x_wconf 68' lang='lat' dir='ltr'><strong>Quaecunque</strong></span> <span class='ocrx_word' id='word_1_250' title='bbox 2094 2131 2226 2173; x_wconf 82' lang='lat' dir='ltr'><strong>vero</strong></span> 
     </span>
    </p>
   </div>
   <div class='ocr_carea' id='block_1_36' title="bbox 646 2197 2225 2268">
    <p class='ocr_par' dir='ltr' id='par_1_36' title="bbox 646 2197 2225 2268">
     <span class='ocr_line' id='line_1_36' title="bbox 646 2197 2225 2268; baseline 0.006 -18"><span class='ocrx_word' id='word_1_251' title='bbox 646 2197 1094 2267; x_wconf 80' lang='lat' dir='ltr'><strong>signiﬁcationem</strong></span> <span class='ocrx_word' id='word_1_252' title='bbox 1138 2208 1194 2253; x_wconf 90' lang='lat' dir='ltr'><strong>et</strong></span> <span class='ocrx_word' id='word_1_253' title='bbox 1236 2198 1379 2267; x_wconf 90' lang='lat' dir='ltr'><strong>quod</strong></span> <span class='ocrx_word' id='word_1_254' title='bbox 1422 2211 1489 2252; x_wconf 82' lang='lat' dir='ltr'><strong>ex</strong></span> <span class='ocrx_word' id='word_1_255' title='bbox 1530 2198 1660 2268; x_wconf 90' lang='lat' dir='ltr'><strong>ipsis</strong></span> <span class='ocrx_word' id='word_1_256' title='bbox 1702 2198 1929 2255; x_wconf 72' lang='lat' dir='ltr'><strong>edicitur</strong></span> <span class='ocrx_word' id='word_1_257' title='bbox 1964 2203 2225 2260; x_wconf 82' lang='lat' dir='ltr'><strong>dissimile</strong></span> 
     </span>
    </p>
   </div>
   <div class='ocr_carea' id='block_1_37' title="bbox 647 2287 2219 2363">
    <p class='ocr_par' dir='ltr' id='par_1_37' title="bbox 647 2287 2219 2363">
     <span class='ocr_line' id='line_1_37' title="bbox 647 2287 2219 2363; baseline 0.005 -23"><span class='ocrx_word' id='word_1_258' title='bbox 647 2287 884 2354; x_wconf 84' lang='lat' dir='ltr'><strong>habent,</strong></span> <span class='ocrx_word' id='word_1_259' title='bbox 921 2303 984 2342; x_wconf 90' lang='lat' dir='ltr'><strong>ea</strong></span> <span class='ocrx_word' id='word_1_260' title='bbox 1045 2288 1257 2343; x_wconf 89' lang='lat' dir='ltr'><strong>ratione</strong></span> <span class='ocrx_word' id='word_1_261' title='bbox 1306 2288 1743 2360; x_wconf 85' lang='lat' dir='ltr'><strong>cegitationeque</strong></span> <span class='ocrx_word' id='word_1_262' title='bbox 1793 2291 2219 2363; x_wconf 87' lang='lat' dir='ltr'><strong>distinguuntur,</strong></span> 
     </span>
    </p>
   </div>
   <div class='ocr_carea' id='block_1_38' title="bbox 631 2372 2223 2446">
    <p class='ocr_par' dir='ltr' id='par_1_38' title="bbox 631 2372 2223 2446">
     <span class='ocr_line' id='line_1_38' title="bbox 631 2372 2223 2446; baseline 0.008 -18"><span class='ocrx_word' id='word_1_263' title='bbox 631 2376 1097 2446; x_wconf 60' lang='lat' dir='ltr'><strong>quemadmodum</strong></span> <span class='ocrx_word' id='word_1_264' title='bbox 1158 2378 1366 2433; x_wconf 82' lang='lat' dir='ltr'><strong>sanitas</strong></span> <span class='ocrx_word' id='word_1_265' title='bbox 1422 2388 1477 2434; x_wconf 92' lang='lat' dir='ltr'><strong>et</strong></span> <span class='ocrx_word' id='word_1_266' title='bbox 1530 2382 1768 2436; x_wconf 88' lang='lat' dir='ltr'><strong>morbus.</strong></span> <span class='ocrx_word' id='word_1_267' title='bbox 1824 2382 1902 2437; x_wconf 81' lang='lat' dir='ltr'><strong>Ex</strong></span> <span class='ocrx_word' id='word_1_268' title='bbox 1955 2372 2040 2439; x_wconf 83' lang='lat' dir='ltr'><strong>his</strong></span> <span class='ocrx_word' id='word_1_269' title='bbox 2095 2399 2223 2442; x_wconf 81' lang='lat' dir='ltr'><strong>vero</strong></span> 
     </span>
    </p>
   </div>
   <div class='ocr_carea' id='block_1_39' title="bbox 644 2468 2221 2538">
    <p class='ocr_par' dir='ltr' id='par_1_39' title="bbox 644 2468 2221 2538">
     <span class='ocr_line' id='line_1_39' title="bbox 644 2468 2221 2538; baseline 0.006 -17"><span class='ocrx_word' id='word_1_270' title='bbox 644 2483 981 2538; x_wconf 68' lang='lat' dir='ltr'><strong>quaecunque</strong></span> <span class='ocrx_word' id='word_1_271' title='bbox 1007 2468 1120 2524; x_wconf 84' lang='lat' dir='ltr'><strong>sola</strong></span> <span class='ocrx_word' id='word_1_272' title='bbox 1151 2470 1361 2525; x_wconf 88' lang='lat' dir='ltr'><strong>ratione</strong></span> <span class='ocrx_word' id='word_1_273' title='bbox 1383 2479 1437 2525; x_wconf 89' lang='lat' dir='ltr'><strong>et</strong></span> <span class='ocrx_word' id='word_1_274' title='bbox 1469 2470 1660 2527; x_wconf 71' lang='lat' dir='ltr'><strong>effectu</strong></span> <span class='ocrx_word' id='word_1_275' title='bbox 1688 2476 1960 2529; x_wconf 84' lang='lat' dir='ltr'><strong>contraria</strong></span> <span class='ocrx_word' id='word_1_276' title='bbox 1994 2476 2135 2531; x_wconf 89' lang='lat' dir='ltr'><strong>inter</strong></span> <span class='ocrx_word' id='word_1_277' title='bbox 2160 2492 2221 2532; x_wconf 86' lang='lat' dir='ltr'><strong>se</strong></span> 
     </span>
    </p>
   </div>
   <div class='ocr_carea' id='block_1_40' title="bbox 645 2561 2217 2633">
    <p class='ocr_par' dir='ltr' id='par_1_40' title="bbox 645 2561 2217 2633">
     <span class='ocr_line' id='line_1_40' title="bbox 645 2561 2217 2633; baseline 0.006 -19"><span class='ocrx_word' id='word_1_278' title='bbox 645 2568 806 2626; x_wconf 84' lang='lat' dir='ltr'><strong>sunt,</strong></span> <span class='ocrx_word' id='word_1_279' title='bbox 865 2561 1153 2631; x_wconf 87' lang='lat' dir='ltr'><strong>peritiores</strong></span> <span class='ocrx_word' id='word_1_280' title='bbox 1213 2562 1515 2633; x_wconf 84' lang='lat' dir='ltr'><strong>philosophi</strong></span> <span class='ocrx_word' id='word_1_281' title='bbox 1575 2568 1849 2621; x_wconf 90' lang='lat' dir='ltr'><strong>contraria</strong></span> <span class='ocrx_word' id='word_1_282' title='bbox 1905 2568 2217 2625; x_wconf 89' lang='lat' dir='ltr'><strong>immediata</strong></span> 
     </span>
    </p>
   </div>
   <div class='ocr_carea' id='block_1_41' title="bbox 642 2652 2219 2727">
    <p class='ocr_par' dir='ltr' id='par_1_41' title="bbox 642 2652 2219 2727">
     <span class='ocr_line' id='line_1_41' title="bbox 642 2652 2219 2727; baseline 0.008 -24"><span class='ocrx_word' id='word_1_283' title='bbox 642 2660 870 2717; x_wconf 79' lang='lat' dir='ltr'><strong>vocant;</strong></span> <span class='ocrx_word' id='word_1_284' title='bbox 926 2652 1030 2706; x_wconf 91' lang='lat' dir='ltr'><strong>alia</strong></span> <span class='ocrx_word' id='word_1_285' title='bbox 1074 2668 1205 2708; x_wconf 82' lang='lat' dir='ltr'><strong>vero</strong></span> <span class='ocrx_word' id='word_1_286' title='bbox 1257 2655 1508 2710; x_wconf 90' lang='lat' dir='ltr'><strong>mediata.</strong></span> <span class='ocrx_word' id='word_1_287' title='bbox 1554 2657 1871 2711; x_wconf 87' lang='lat' dir='ltr'><strong>lmmediata</strong></span> <span class='ocrx_word' id='word_1_288' title='bbox 1920 2659 2111 2727; x_wconf 83' lang='lat' dir='ltr'><strong>igitur,</strong></span> <span class='ocrx_word' id='word_1_289' title='bbox 2160 2671 2219 2716; x_wconf 92' lang='lat' dir='ltr'><strong>ut</strong></span> 
     </span>
    </p>
   </div>
   <div class='ocr_carea' id='block_1_42' title="bbox 645 2742 2217 2820">
    <p class='ocr_par' dir='ltr' id='par_1_42' title="bbox 645 2742 2217 2820">
     <span class='ocr_line' id='line_1_42' title="bbox 645 2742 2217 2820; baseline 0.007 -26"><span class='ocrx_word' id='word_1_290' title='bbox 645 2743 803 2797; x_wconf 82' lang='lat' dir='ltr'><strong>modo</strong></span> <span class='ocrx_word' id='word_1_291' title='bbox 836 2742 1101 2808; x_wconf 66' lang='lat' dir='ltr'><strong>diximus,</strong></span> <span class='ocrx_word' id='word_1_292' title='bbox 1128 2753 1253 2797; x_wconf 85' lang='lat' dir='ltr'><strong>sunt</strong></span> <span class='ocrx_word' id='word_1_293' title='bbox 1286 2744 1491 2800; x_wconf 89' lang='lat' dir='ltr'><strong>sanitas</strong></span> <span class='ocrx_word' id='word_1_294' title='bbox 1530 2755 1584 2799; x_wconf 93' lang='lat' dir='ltr'><strong>et</strong></span> <span class='ocrx_word' id='word_1_295' title='bbox 1622 2748 1841 2803; x_wconf 87' lang='lat' dir='ltr'><strong>morbus</strong></span> <span class='ocrx_word' id='word_1_296' title='bbox 1884 2766 1896 2800; x_wconf 92' lang='lat'>:</span> <span class='ocrx_word' id='word_1_297' title='bbox 1936 2748 2045 2820; x_wconf 77' lang='lat'><strong>65</strong></span> <span class='ocrx_word' id='word_1_298' title='bbox 2087 2751 2217 2805; x_wconf 87' lang='lat' dir='ltr'><strong>nihil</strong></span> 
     </span>
    </p>
   </div>
   <div class='ocr_carea' id='block_1_43' title="bbox 641 2833 2215 2908">
    <p class='ocr_par' dir='ltr' id='par_1_43' title="bbox 641 2833 2215 2908">
     <span class='ocr_line' id='line_1_43' title="bbox 641 2833 2215 2908; baseline 0.006 -21"><span class='ocrx_word' id='word_1_299' title='bbox 641 2834 784 2887; x_wconf 89' lang='lat' dir='ltr'><strong>enim</strong></span> <span class='ocrx_word' id='word_1_300' title='bbox 814 2833 955 2888; x_wconf 91' lang='lat' dir='ltr'><strong>inter</strong></span> <span class='ocrx_word' id='word_1_301' title='bbox 982 2835 1097 2889; x_wconf 65' lang='lat' dir='ltr'><strong>haec</strong></span> <span class='ocrx_word' id='word_1_302' title='bbox 1123 2844 1206 2888; x_wconf 92' lang='lat' dir='ltr'><strong>est</strong></span> <span class='ocrx_word' id='word_1_303' title='bbox 1238 2835 1493 2889; x_wconf 82' lang='lat' dir='ltr'><strong>medium.</strong></span> <span class='ocrx_word' id='word_1_304' title='bbox 1522 2835 1578 2891; x_wconf 89' lang='lat' dir='ltr'><strong>Si</strong></span> <span class='ocrx_word' id='word_1_305' title='bbox 1609 2839 1751 2892; x_wconf 91' lang='lat' dir='ltr'><strong>enim</strong></span> <span class='ocrx_word' id='word_1_306' title='bbox 1787 2837 1987 2908; x_wconf 87' lang='lat' dir='ltr'><strong>aliquid</strong></span> <span class='ocrx_word' id='word_1_307' title='bbox 2022 2840 2215 2896; x_wconf 87' lang='lat' dir='ltr'><strong>horum</strong></span> 
     </span>
    </p>
   </div>
   <div class='ocr_carea' id='block_1_44' title="bbox 641 2923 2214 2997">
    <p class='ocr_par' dir='ltr' id='par_1_44' title="bbox 641 2923 2214 2997">
     <span class='ocr_line' id='line_1_44' title="bbox 641 2923 2214 2997; baseline 0.005 -20"><span class='ocrx_word' id='word_1_308' title='bbox 641 2923 844 2978; x_wconf 88' lang='lat' dir='ltr'><strong>homini</strong></span> <span class='ocrx_word' id='word_1_309' title='bbox 876 2925 1107 2988; x_wconf 88' lang='lat' dir='ltr'><strong>accidat,</strong></span> <span class='ocrx_word' id='word_1_310' title='bbox 1131 2925 1183 2979; x_wconf 92' lang='lat' dir='ltr'><strong>id</strong></span> <span class='ocrx_word' id='word_1_311' title='bbox 1208 2926 1379 2979; x_wconf 90' lang='lat' dir='ltr'><strong>solum</strong></span> <span class='ocrx_word' id='word_1_312' title='bbox 1412 2928 1464 2981; x_wconf 89' lang='lat' dir='ltr'><strong>in</strong></span> <span class='ocrx_word' id='word_1_313' title='bbox 1496 2928 1611 2997; x_wconf 81' lang='lat' dir='ltr'><strong>ipso</strong></span> <span class='ocrx_word' id='word_1_314' title='bbox 1638 2938 1741 2982; x_wconf 89' lang='lat' dir='ltr'><strong>est.</strong></span> <span class='ocrx_word' id='word_1_315' title='bbox 1766 2930 1875 2983; x_wconf 84' lang='lat' dir='ltr'><strong>Aut</strong></span> <span class='ocrx_word' id='word_1_316' title='bbox 1895 2932 2041 2985; x_wconf 90' lang='lat' dir='ltr'><strong>enim</strong></span> <span class='ocrx_word' id='word_1_317' title='bbox 2077 2932 2214 2986; x_wconf 90' lang='lat' dir='ltr'><strong>bene</strong></span> 
     </span>
    </p>
   </div>
   <div class='ocr_carea' id='block_1_45' title="bbox 2328 1831 3913 1909">
    <p class='ocr_par' dir='ltr' id='par_1_45' title="bbox 2328 1831 3913 1909">
     <span class='ocr_line' id='line_1_45' title="bbox 2328 1831 3913 1909; baseline 0.003 -22"><span class='ocrx_word' id='word_1_318' title='bbox 2328 1834 2655 1905; x_wconf 82' lang='grc' dir='ltr'>τεμνόμενα,</span> <span class='ocrx_word' id='word_1_319' title='bbox 2685 1836 2720 1906; x_wconf 74' lang='grc' dir='ltr'><strong>ἢ</strong></span> <span class='ocrx_word' id='word_1_320' title='bbox 2767 1835 2955 1905; x_wconf 88' lang='grc' dir='ltr'>μόναις</span> <span class='ocrx_word' id='word_1_321' title='bbox 2998 1839 3115 1900; x_wconf 90' lang='grc' dir='ltr'>ταῖς</span> <span class='ocrx_word' id='word_1_322' title='bbox 3150 1831 3437 1900; x_wconf 73' lang='grc' dir='ltr'>ἐπινοίαις.</span> <span class='ocrx_word' id='word_1_323' title='bbox 3486 1834 3647 1909; x_wconf 78' lang='grc' dir='ltr'>Τὸπῳ</span> <span class='ocrx_word' id='word_1_324' title='bbox 3680 1839 3778 1909; x_wconf 86' lang='grc' dir='ltr'><strong>μέν</strong></span> <span class='ocrx_word' id='word_1_325' title='bbox 3813 1835 3913 1894; x_wconf 74' lang='grc' dir='ltr'>οὖν</span> 
     </span>
    </p>
   </div>
   <div class='ocr_carea' id='block_1_46' title="bbox 2326 1924 3912 1999">
    <p class='ocr_par' dir='ltr' id='par_1_46' title="bbox 2326 1924 3912 1999">
     <span class='ocr_line' id='line_1_46' title="bbox 2326 1924 3912 1999; baseline 0.004 -22"><span class='ocrx_word' id='word_1_326' title='bbox 2326 1928 2427 1996; x_wconf 78' lang='grc' dir='ltr'>τῆς</span> <span class='ocrx_word' id='word_1_327' title='bbox 2454 1926 2590 1997; x_wconf 81' lang='grc' dir='ltr'>πρὸς</span> <span class='ocrx_word' id='word_1_328' title='bbox 2616 1924 2821 1994; x_wconf 79' lang='grc' dir='ltr'>ἄλληλα</span> <span class='ocrx_word' id='word_1_329' title='bbox 2858 1927 3151 1995; x_wconf 82' lang='grc' dir='ltr'>συναφείας</span> <span class='ocrx_word' id='word_1_330' title='bbox 3176 1926 3444 1980; x_wconf 84' lang='grc' dir='ltr'>διίσταται</span> <span class='ocrx_word' id='word_1_331' title='bbox 3475 1928 3542 1981; x_wconf 90' lang='grc' dir='ltr'><strong>τά</strong></span> <span class='ocrx_word' id='word_1_332' title='bbox 3588 1930 3912 1999; x_wconf 78' lang='grc' dir='ltr'>σωματικὴν</span> 
     </span>
    </p>
   </div>
   <div class='ocr_carea' id='block_1_47' title="bbox 2328 2012 3911 2090">
    <p class='ocr_par' dir='ltr' id='par_1_47' title="bbox 2328 2012 3911 2090">
     <span class='ocr_line' id='line_1_47' title="bbox 2328 2012 3911 2090; baseline 0.003 -21"><span class='ocrx_word' id='word_1_333' title='bbox 2328 2017 2521 2087; x_wconf 78' lang='grc' dir='ltr'>ἔχοντα</span> <span class='ocrx_word' id='word_1_334' title='bbox 2576 2017 2857 2081; x_wconf 82' lang='grc' dir='ltr'>σύστασιν,</span> <span class='ocrx_word' id='word_1_335' title='bbox 2913 2017 3179 2071; x_wconf 87' lang='grc' dir='ltr'>διίσταται</span> <span class='ocrx_word' id='word_1_336' title='bbox 3215 2014 3272 2072; x_wconf 87' lang='grc' dir='ltr'><strong>δέ</strong></span> <span class='ocrx_word' id='word_1_337' title='bbox 3315 2012 3411 2073; x_wconf 68' lang='grc' dir='ltr'>καὶ</span> <span class='ocrx_word' id='word_1_338' title='bbox 3453 2018 3597 2090; x_wconf 85' lang='grc' dir='ltr'>λόγῳ</span> <span class='ocrx_word' id='word_1_339' title='bbox 3633 2020 3755 2074; x_wconf 89' lang='grc' dir='ltr'><strong>τινά</strong></span> <span class='ocrx_word' id='word_1_340' title='bbox 3794 2020 3911 2073; x_wconf 83' lang='grc' dir='ltr'><strong>τῶν</strong></span> 
     </span>
    </p>
   </div>
   <div class='ocr_carea' id='block_1_48' title="bbox 2326 2106 3910 2181">
    <p class='ocr_par' dir='ltr' id='par_1_48' title="bbox 2326 2106 3910 2181">
     <span class='ocr_line' id='line_1_48' title="bbox 2326 2106 3910 2181; baseline 0.003 -21"><span class='ocrx_word' id='word_1_341' title='bbox 2326 2108 2469 2160; x_wconf 89' lang='grc' dir='ltr'><strong>κατά</strong></span> <span class='ocrx_word' id='word_1_342' title='bbox 2525 2106 2623 2178; x_wconf 81' lang='grc' dir='ltr'>τὴν</span> <span class='ocrx_word' id='word_1_343' title='bbox 2671 2107 2901 2178; x_wconf 88' lang='grc' dir='ltr'>οὑσιώδη</span> <span class='ocrx_word' id='word_1_344' title='bbox 2962 2107 3243 2181; x_wconf 79' lang='grc' dir='ltr'>διαφορὰν,</span> <span class='ocrx_word' id='word_1_345' title='bbox 3310 2109 3388 2173; x_wconf 84' lang='grc' dir='ltr'>ὡς</span> <span class='ocrx_word' id='word_1_346' title='bbox 3458 2109 3745 2181; x_wconf 79' lang='grc' dir='ltr'>ἄνθρωπος</span> <span class='ocrx_word' id='word_1_347' title='bbox 3812 2113 3910 2164; x_wconf 81' lang='grc' dir='ltr'>ἴπ-</span> 
     </span>
    </p>
   </div>
   <div class='ocr_carea' id='block_1_49' title="bbox 2324 2198 3909 2269">
    <p class='ocr_par' dir='ltr' id='par_1_49' title="bbox 2324 2198 3909 2269">
     <span class='ocr_line' id='line_1_49' title="bbox 2324 2198 3909 2269; baseline 0.004 -19"><span class='ocrx_word' id='word_1_348' title='bbox 2324 2215 2450 2251; x_wconf 85' lang='grc' dir='ltr'>που.</span> <span class='ocrx_word' id='word_1_349' title='bbox 2484 2198 2565 2251; x_wconf 89' lang='grc' dir='ltr'><strong>Τά</strong></span> <span class='ocrx_word' id='word_1_350' title='bbox 2591 2198 2648 2251; x_wconf 83' lang='grc' dir='ltr'><strong>δέ</strong></span> <span class='ocrx_word' id='word_1_351' title='bbox 2680 2199 2779 2251; x_wconf 81' lang='grc' dir='ltr'>ὅσα</span> <span class='ocrx_word' id='word_1_352' title='bbox 2810 2198 2908 2269; x_wconf 80' lang='grc' dir='ltr'>τὴν</span> <span class='ocrx_word' id='word_1_353' title='bbox 2937 2198 3167 2268; x_wconf 83' lang='grc' dir='ltr'>δήλωσιν</span> <span class='ocrx_word' id='word_1_354' title='bbox 3200 2201 3295 2253; x_wconf 75' lang='grc' dir='ltr'><strong>καὶ</strong></span> <span class='ocrx_word' id='word_1_355' title='bbox 3338 2200 3399 2253; x_wconf 84' lang='grc' dir='ltr'><strong>τὸ</strong></span> <span class='ocrx_word' id='word_1_356' title='bbox 3445 2201 3505 2267; x_wconf 80' lang='grc' dir='ltr'>ἐξ</span> <span class='ocrx_word' id='word_1_357' title='bbox 3543 2202 3721 2256; x_wconf 82' lang='grc' dir='ltr'>αὑτῶν</span> <span class='ocrx_word' id='word_1_358' title='bbox 3765 2206 3909 2257; x_wconf 83' lang='grc' dir='ltr'>ἀπο-</span> 
     </span>
    </p>
   </div>
   <div class='ocr_carea' id='block_1_50' title="bbox 2323 2286 3904 2365">
    <p class='ocr_par' dir='ltr' id='par_1_50' title="bbox 2323 2286 3904 2365">
     <span class='ocr_line' id='line_1_50' title="bbox 2323 2286 3904 2365; baseline 0.005 -25"><span class='ocrx_word' id='word_1_359' title='bbox 2323 2286 2647 2359; x_wconf 82' lang='grc' dir='ltr'>τελούμενον</span> <span class='ocrx_word' id='word_1_360' title='bbox 2700 2288 2953 2358; x_wconf 87' lang='grc' dir='ltr'>ἀνόμοιον</span> <span class='ocrx_word' id='word_1_361' title='bbox 3001 2289 3132 2359; x_wconf 75' lang='grc' dir='ltr'>ἔχει,</span> <span class='ocrx_word' id='word_1_362' title='bbox 3185 2290 3327 2360; x_wconf 79' lang='grc' dir='ltr'>λόγῳ</span> <span class='ocrx_word' id='word_1_363' title='bbox 3370 2290 3511 2363; x_wconf 74' lang='grc' dir='ltr'>ψιλῷ</span> <span class='ocrx_word' id='word_1_364' title='bbox 3550 2296 3644 2346; x_wconf 81' lang='grc' dir='ltr'>καὶ</span> <span class='ocrx_word' id='word_1_365' title='bbox 3686 2294 3904 2365; x_wconf 75' lang='grc' dir='ltr'>ἐπινοίᾳ</span> 
     </span>
    </p>
   </div>
   <div class='ocr_carea' id='block_1_51' title="bbox 2327 2376 3901 2449">
    <p class='ocr_par' dir='ltr' id='par_1_51' title="bbox 2327 2376 3901 2449">
     <span class='ocr_line' id='line_1_51' title="bbox 2327 2376 3901 2449; baseline 0.004 -18"><span class='ocrx_word' id='word_1_366' title='bbox 2327 2378 2660 2449; x_wconf 78' lang='grc' dir='ltr'>μεριζόμενα</span> <span class='ocrx_word' id='word_1_367' title='bbox 2699 2377 2969 2447; x_wconf 89' lang='grc' dir='ltr'>φαίνεται,</span> <span class='ocrx_word' id='word_1_368' title='bbox 3000 2376 3111 2432; x_wconf 71' lang='grc' dir='ltr'>οἷον</span> <span class='ocrx_word' id='word_1_369' title='bbox 3150 2380 3330 2449; x_wconf 86' lang='grc' dir='ltr'>ὑγίεια</span> <span class='ocrx_word' id='word_1_370' title='bbox 3376 2384 3469 2436; x_wconf 78' lang='grc' dir='ltr'>καὶ</span> <span class='ocrx_word' id='word_1_371' title='bbox 3498 2384 3669 2447; x_wconf 89' lang='grc' dir='ltr'>νόσος.</span> <span class='ocrx_word' id='word_1_372' title='bbox 3723 2384 3809 2437; x_wconf 85' lang='grc' dir='ltr'>Ἐν</span> <span class='ocrx_word' id='word_1_373' title='bbox 3839 2385 3901 2437; x_wconf 75' lang='grc' dir='ltr'>δὲ</span> 
     </span>
    </p>
   </div>
   <div class='ocr_carea' id='block_1_52' title="bbox 2319 2465 3902 2539">
    <p class='ocr_par' dir='ltr' id='par_1_52' title="bbox 2319 2465 3902 2539">
     <span class='ocr_line' id='line_1_52' title="bbox 2319 2465 3902 2539; baseline 0.004 -21"><span class='ocrx_word' id='word_1_374' title='bbox 2319 2465 2529 2529; x_wconf 77' lang='grc' dir='ltr'>τούτοις</span> <span class='ocrx_word' id='word_1_375' title='bbox 2563 2467 2663 2519; x_wconf 82' lang='grc' dir='ltr'>ὅσα</span> <span class='ocrx_word' id='word_1_376' title='bbox 2696 2466 2841 2537; x_wconf 85' lang='grc' dir='ltr'>λόγῳ</span> <span class='ocrx_word' id='word_1_377' title='bbox 2873 2467 3019 2537; x_wconf 84' lang='grc' dir='ltr'>μόνῳ</span> <span class='ocrx_word' id='word_1_378' title='bbox 3065 2470 3159 2522; x_wconf 79' lang='grc' dir='ltr'><strong>καὶ</strong></span> <span class='ocrx_word' id='word_1_379' title='bbox 3192 2470 3269 2539; x_wconf 81' lang='grc' dir='ltr'>τῷ</span> <span class='ocrx_word' id='word_1_380' title='bbox 3301 2471 3359 2537; x_wconf 80' lang='grc' dir='ltr'>ἐξ</span> <span class='ocrx_word' id='word_1_381' title='bbox 3388 2472 3567 2525; x_wconf 86' lang='grc' dir='ltr'>αὐτῶν</span> <span class='ocrx_word' id='word_1_382' title='bbox 3607 2473 3902 2526; x_wconf 85' lang='grc' dir='ltr'>ἀποτελου-</span> 
     </span>
    </p>
   </div>
   <div class='ocr_carea' id='block_1_53' title="bbox 2323 2558 3899 2635">
    <p class='ocr_par' dir='ltr' id='par_1_53' title="bbox 2323 2558 3899 2635">
     <span class='ocr_line' id='line_1_53' title="bbox 2323 2558 3899 2635; baseline 0.004 -24"><span class='ocrx_word' id='word_1_383' title='bbox 2323 2558 2469 2629; x_wconf 83' lang='grc' dir='ltr'><strong>μένῳ</strong></span> <span class='ocrx_word' id='word_1_384' title='bbox 2496 2558 2616 2612; x_wconf 86' lang='grc' dir='ltr'>κατ’</span> <span class='ocrx_word' id='word_1_385' title='bbox 2646 2560 2994 2630; x_wconf 79' lang='grc' dir='ltr'>ἐναντιότητα</span> <span class='ocrx_word' id='word_1_386' title='bbox 3036 2559 3307 2631; x_wconf 78' lang='grc' dir='ltr'>διέστηκε,</span> <span class='ocrx_word' id='word_1_387' title='bbox 3339 2565 3404 2615; x_wconf 69' lang='grc' dir='ltr'><strong>τὰ</strong></span> <span class='ocrx_word' id='word_1_388' title='bbox 3437 2563 3536 2633; x_wconf 87' lang='grc' dir='ltr'><strong>μέν</strong></span> <span class='ocrx_word' id='word_1_389' title='bbox 3581 2562 3763 2635; x_wconf 80' lang='grc' dir='ltr'>ἀμεσα</span> <span class='ocrx_word' id='word_1_390' title='bbox 3800 2582 3899 2618; x_wconf 86' lang='grc' dir='ltr'>κα-</span> 
     </span>
    </p>
   </div>
   <div class='ocr_carea' id='block_1_54' title="bbox 2316 2648 3893 2723">
    <p class='ocr_par' dir='ltr' id='par_1_54' title="bbox 2316 2648 3893 2723">
     <span class='ocr_line' id='line_1_54' title="bbox 2316 2648 3893 2723; baseline 0.002 -20"><span class='ocrx_word' id='word_1_391' title='bbox 2316 2648 2498 2704; x_wconf 83' lang='grc' dir='ltr'>λοῦσιν</span> <span class='ocrx_word' id='word_1_392' title='bbox 2537 2652 2586 2704; x_wconf 83' lang='grc' dir='ltr'><strong>οἱ</strong></span> <span class='ocrx_word' id='word_1_393' title='bbox 2620 2651 2688 2704; x_wconf 85' lang='grc' dir='ltr'>τὰ</span> <span class='ocrx_word' id='word_1_394' title='bbox 2730 2654 2829 2721; x_wconf 72' lang='grc' dir='ltr'>τῆς</span> <span class='ocrx_word' id='word_1_395' title='bbox 2876 2651 3192 2721; x_wconf 78' lang='grc' dir='ltr'>φιλοσοφίας</span> <span class='ocrx_word' id='word_1_396' title='bbox 3228 2653 3529 2723; x_wconf 74' lang='grc' dir='ltr'>ἠσκημένοι</span> <span class='ocrx_word' id='word_1_397' title='bbox 3573 2652 3893 2723; x_wconf 83' lang='grc' dir='ltr'>μαθήματα,</span> 
     </span>
    </p>
   </div>
   <div class='ocr_carea' id='block_1_55' title="bbox 2317 2738 3899 2815">
    <p class='ocr_par' dir='ltr' id='par_1_55' title="bbox 2317 2738 3899 2815">
     <span class='ocr_line' id='line_1_55' title="bbox 2317 2738 3899 2815; baseline 0.003 -23"><span class='ocrx_word' id='word_1_398' title='bbox 2317 2740 2387 2792; x_wconf 85' lang='grc' dir='ltr'><strong>τά</strong></span> <span class='ocrx_word' id='word_1_399' title='bbox 2408 2740 2465 2792; x_wconf 87' lang='grc' dir='ltr'>δὲ</span> <span class='ocrx_word' id='word_1_400' title='bbox 2496 2740 2731 2811; x_wconf 77' lang='grc' dir='ltr'>ἔμμεσα.</span> <span class='ocrx_word' id='word_1_401' title='bbox 2767 2741 2982 2811; x_wconf 79' lang='grc' dir='ltr'>’Λμεσα</span> <span class='ocrx_word' id='word_1_402' title='bbox 3017 2742 3117 2811; x_wconf 86' lang='grc' dir='ltr'>μὲν</span> <span class='ocrx_word' id='word_1_403' title='bbox 3148 2738 3259 2805; x_wconf 81' lang='grc' dir='ltr'>οὖν,</span> <span class='ocrx_word' id='word_1_404' title='bbox 3288 2742 3541 2814; x_wconf 84' lang='grc' dir='ltr'>καθάπερ</span> <span class='ocrx_word' id='word_1_405' title='bbox 3568 2743 3667 2814; x_wconf 80' lang='grc' dir='ltr'><strong>ήδη</strong></span> <span class='ocrx_word' id='word_1_406' title='bbox 3714 2748 3899 2815; x_wconf 80' lang='grc' dir='ltr'>προεῖ-</span> 
     </span>
    </p>
   </div>
   <div class='ocr_carea' id='block_1_56' title="bbox 2317 2832 3895 2904">
    <p class='ocr_par' dir='ltr' id='par_1_56' title="bbox 2317 2832 3895 2904">
     <span class='ocr_line' id='line_1_56' title="bbox 2317 2832 3895 2904; baseline 0.003 -20"><span class='ocrx_word' id='word_1_407' title='bbox 2317 2848 2437 2897; x_wconf 85' lang='grc' dir='ltr'>πον,</span> <span class='ocrx_word' id='word_1_408' title='bbox 2471 2832 2649 2900; x_wconf 89' lang='grc' dir='ltr'>ὑγίεια</span> <span class='ocrx_word' id='word_1_409' title='bbox 2681 2832 2776 2885; x_wconf 79' lang='grc' dir='ltr'>καὶ</span> <span class='ocrx_word' id='word_1_410' title='bbox 2816 2833 3000 2897; x_wconf 86' lang='grc' dir='ltr'>νόσος·</span> <span class='ocrx_word' id='word_1_411' title='bbox 3048 2833 3203 2886; x_wconf 81' lang='grc' dir='ltr'>οὑδέν</span> <span class='ocrx_word' id='word_1_412' title='bbox 3233 2833 3342 2904; x_wconf 84' lang='grc' dir='ltr'><strong>γὰρ</strong></span> <span class='ocrx_word' id='word_1_413' title='bbox 3372 2834 3576 2888; x_wconf 88' lang='grc' dir='ltr'>τούτων</span> <span class='ocrx_word' id='word_1_414' title='bbox 3622 2837 3739 2888; x_wconf 78' lang='grc' dir='ltr'>ἐστὶ</span> <span class='ocrx_word' id='word_1_415' title='bbox 3792 2854 3895 2904; x_wconf 80' lang='grc' dir='ltr'>με·</span> 
     </span>
    </p>
   </div>
   <div class='ocr_carea' id='block_1_57' title="bbox 2314 2914 3892 2995">
    <p class='ocr_par' dir='ltr' id='par_1_57' title="bbox 2314 2914 3892 2995">
     <span class='ocr_line' id='line_1_57' title="bbox 2314 2914 3892 2995; baseline 0.004 -22"><span class='ocrx_word' id='word_1_416' title='bbox 2314 2921 2466 2985; x_wconf 78' lang='grc' dir='ltr'>ταξύ.</span> <span class='ocrx_word' id='word_1_417' title='bbox 2504 2922 2565 2973; x_wconf 86' lang='grc' dir='ltr'><strong>Εἰ</strong></span> <span class='ocrx_word' id='word_1_418' title='bbox 2590 2914 2700 2993; x_wconf 72' lang='grc' dir='ltr'><strong>Ῡάρ</strong></span> <span class='ocrx_word' id='word_1_419' title='bbox 2728 2922 2814 2975; x_wconf 80' lang='grc' dir='ltr'>ἐπ’</span> <span class='ocrx_word' id='word_1_420' title='bbox 2841 2921 3126 2993; x_wconf 80' lang='grc' dir='ltr'>ἀνθρώπου</span> <span class='ocrx_word' id='word_1_421' title='bbox 3155 2923 3316 2994; x_wconf 83' lang='grc' dir='ltr'>τυχὸν</span> <span class='ocrx_word' id='word_1_422' title='bbox 3348 2924 3566 2995; x_wconf 83' lang='grc' dir='ltr'>φέροιτὸ</span> <span class='ocrx_word' id='word_1_423' title='bbox 3590 2941 3644 2978; x_wconf 93' lang='grc' dir='ltr'><strong>τι</strong></span> <span class='ocrx_word' id='word_1_424' title='bbox 3668 2925 3892 2992; x_wconf 88' lang='grc' dir='ltr'>τούτων,</span> 
     </span>
    </p>
   </div>
   <div class='ocr_carea' id='block_1_58' title="bbox 622 3011 2208 3088">
    <p class='ocr_par' dir='ltr' id='par_1_58' title="bbox 622 3016 2208 3088">
     <span class='ocr_line' id='line_1_58' title="bbox 622 3016 2208 3088; baseline 0.004 -20"><span class='ocrx_word' id='word_1_425' title='bbox 622 3016 800 3080; x_wconf 64' lang='grc' dir='ltr'>πίει,</span> <span class='ocrx_word' id='word_1_426' title='bbox 822 3026 913 3070; x_wconf 92' lang='lat' dir='ltr'><strong>aut</strong></span> <span class='ocrx_word' id='word_1_427' title='bbox 934 3025 1191 3087; x_wconf 74' lang='lat' dir='ltr'><strong>aegrotat;</strong></span> <span class='ocrx_word' id='word_1_428' title='bbox 1221 3017 1533 3087; x_wconf 90' lang='lat' dir='ltr'><strong>nullumque</strong></span> <span class='ocrx_word' id='word_1_429' title='bbox 1563 3021 1705 3073; x_wconf 87' lang='lat' dir='ltr'><strong>inter</strong></span> <span class='ocrx_word' id='word_1_430' title='bbox 1727 3031 1997 3088; x_wconf 60' lang='grc' dir='ltr'>αισι-οιατο</span> <span class='ocrx_word' id='word_1_431' title='bbox 2026 3030 2080 3075; x_wconf 88' lang='lat' dir='ltr'><strong>et</strong></span> <span class='ocrx_word' id='word_1_432' title='bbox 2108 3038 2208 3076; x_wconf 90' lang='lat' dir='ltr'><strong>non</strong></span> 
     </span>
    </p>
   </div>
   <div class='ocr_carea' id='block_1_59' title="bbox 2311 3011 3890 3088">
    <p class='ocr_par' dir='ltr' id='par_1_59' title="bbox 2316 3011 3890 3086">
     <span class='ocr_line' id='line_1_59' title="bbox 2316 3011 3890 3086; baseline 0.003 -23"><span class='ocrx_word' id='word_1_433' title='bbox 2316 3012 2373 3064; x_wconf 78' lang='grc' dir='ltr'>ἓν</span> <span class='ocrx_word' id='word_1_434' title='bbox 2406 3011 2554 3066; x_wconf 78' lang='grc' dir='ltr'>ἔσται</span> <span class='ocrx_word' id='word_1_435' title='bbox 2583 3012 2799 3076; x_wconf 79' lang='grc' dir='ltr'>πάντως</span> <span class='ocrx_word' id='word_1_436' title='bbox 2827 3013 2884 3065; x_wconf 79' lang='grc' dir='ltr'>ὲν</span> <span class='ocrx_word' id='word_1_437' title='bbox 2918 3012 3087 3084; x_wconf 84' lang='grc' dir='ltr'>αὐτῷ.</span> <span class='ocrx_word' id='word_1_438' title='bbox 3132 3013 3205 3066; x_wconf 84' lang='grc' dir='ltr'><strong>Ἢ</strong></span> <span class='ocrx_word' id='word_1_439' title='bbox 3240 3014 3347 3085; x_wconf 79' lang='grc' dir='ltr'><strong>γὰρ</strong></span> <span class='ocrx_word' id='word_1_440' title='bbox 3377 3014 3629 3082; x_wconf 81' lang='grc' dir='ltr'>ὑγιαίνει,</span> <span class='ocrx_word' id='word_1_441' title='bbox 3663 3016 3695 3086; x_wconf 75' lang='grc' dir='ltr'><strong>ἢ</strong></span> <span class='ocrx_word' id='word_1_442' title='bbox 3726 3018 3890 3083; x_wconf 81' lang='grc' dir='ltr'>νοσεῖ,</span> 
     </span>
    </p>
   </div>
   <div class='ocr_carea' id='block_1_60' title="bbox 621 3103 2208 3181">
    <p class='ocr_par' dir='ltr' id='par_1_60' title="bbox 621 3108 2208 3181">
     <span class='ocr_line' id='line_1_60' title="bbox 621 3108 2208 3181; baseline 0.006 -22"><span class='ocrx_word' id='word_1_443' title='bbox 621 3116 898 3175; x_wconf 69' lang='grc' dir='ltr'>-ωετοιστο</span> <span class='ocrx_word' id='word_1_444' title='bbox 922 3116 1015 3161; x_wconf 81' lang='lat' dir='ltr'><strong>est</strong></span> <span class='ocrx_word' id='word_1_445' title='bbox 1048 3108 1301 3162; x_wconf 88' lang='lat' dir='ltr'><strong>medium.</strong></span> <span class='ocrx_word' id='word_1_446' title='bbox 1328 3108 1555 3163; x_wconf 81' lang='lat' dir='ltr'><strong>lllediata</strong></span> <span class='ocrx_word' id='word_1_447' title='bbox 1590 3125 1716 3164; x_wconf 86' lang='lat' dir='ltr'><strong>vero</strong></span> <span class='ocrx_word' id='word_1_448' title='bbox 1749 3114 2021 3167; x_wconf 89' lang='lat' dir='ltr'><strong>contraria</strong></span> <span class='ocrx_word' id='word_1_449' title='bbox 2051 3113 2208 3181; x_wconf 87' lang='lat' dir='ltr'><strong>justi-</strong></span> 
     </span>
    </p>
   </div>
   <div class='ocr_carea' id='block_1_61' title="bbox 2311 3103 3891 3181">
    <p class='ocr_par' dir='ltr' id='par_1_61' title="bbox 2314 3103 3891 3178">
     <span class='ocr_line' id='line_1_61' title="bbox 2314 3103 3891 3178; baseline 0.004 -23"><span class='ocrx_word' id='word_1_450' title='bbox 2314 3103 2425 3155; x_wconf 58' lang='grc' dir='ltr'>καὶ)</span> <span class='ocrx_word' id='word_1_451' title='bbox 2438 3104 2499 3155; x_wconf 85' lang='grc' dir='ltr'>τὸ</span> <span class='ocrx_word' id='word_1_452' title='bbox 2534 3103 2696 3173; x_wconf 79' lang='grc' dir='ltr'>μέσον</span> <span class='ocrx_word' id='word_1_453' title='bbox 2724 3103 2819 3156; x_wconf 77' lang='grc' dir='ltr'>τοῦ</span> <span class='ocrx_word' id='word_1_454' title='bbox 2851 3108 3024 3157; x_wconf 86' lang='grc' dir='ltr'>νοσεῖν</span> <span class='ocrx_word' id='word_1_455' title='bbox 3052 3105 3085 3176; x_wconf 79' lang='grc' dir='ltr'>ἢ</span> <span class='ocrx_word' id='word_1_456' title='bbox 3122 3106 3195 3176; x_wconf 80' lang='grc' dir='ltr'>μὴ</span> <span class='ocrx_word' id='word_1_457' title='bbox 3230 3108 3427 3171; x_wconf 84' lang='grc' dir='ltr'>νοσεῖν,</span> <span class='ocrx_word' id='word_1_458' title='bbox 3461 3106 3638 3161; x_wconf 81' lang='grc' dir='ltr'>οὐδέν.</span> <span class='ocrx_word' id='word_1_459' title='bbox 3678 3108 3891 3178; x_wconf 83' lang='grc' dir='ltr'>Ἐμμε-</span> 
     </span>
    </p>
   </div>
   <div class='ocr_carea' id='block_1_62' title="bbox 626 3284 2208 3360">
    <p class='ocr_par' dir='ltr' id='par_1_62' title="bbox 626 3291 2208 3360">
     <span class='ocr_line' id='line_1_62' title="bbox 626 3291 2208 3360; baseline 0.004 -17"><span class='ocrx_word' id='word_1_460' title='bbox 626 3292 798 3344; x_wconf 67' lang='grc' dir='ltr'>είιοιηο</span> <span class='ocrx_word' id='word_1_461' title='bbox 840 3300 935 3345; x_wconf 90' lang='lat' dir='ltr'><strong>aut</strong></span> <span class='ocrx_word' id='word_1_462' title='bbox 971 3292 1025 3345; x_wconf 93' lang='lat' dir='ltr'><strong>in</strong></span> <span class='ocrx_word' id='word_1_463' title='bbox 1073 3292 1384 3346; x_wconf 82' lang='lat' dir='ltr'><strong>universum</strong></span> <span class='ocrx_word' id='word_1_464' title='bbox 1424 3291 1634 3360; x_wconf 80' lang='lat' dir='ltr'><strong>justus,</strong></span> <span class='ocrx_word' id='word_1_465' title='bbox 1672 3303 1763 3347; x_wconf 78' lang='lat' dir='ltr'><strong>aut</strong></span> <span class='ocrx_word' id='word_1_466' title='bbox 1804 3294 1857 3348; x_wconf 91' lang='lat' dir='ltr'><strong>in</strong></span> <span class='ocrx_word' id='word_1_467' title='bbox 1904 3295 2208 3349; x_wconf 81' lang='lat' dir='ltr'><strong>universum</strong></span> 
     </span>
    </p>
   </div>
   <div class='ocr_carea' id='block_1_63' title="bbox 2311 3284 3887 3360">
    <p class='ocr_par' dir='ltr' id='par_1_63' title="bbox 2329 3284 3887 3360">
     <span class='ocr_line' id='line_1_63' title="bbox 2329 3284 3887 3360; baseline 0.004 -22"><span class='ocrx_word' id='word_1_468' title='bbox 2329 3284 2659 3358; x_wconf 84' lang='grc' dir='ltr'>Ἐπειδήπερ</span> <span class='ocrx_word' id='word_1_469' title='bbox 2692 3286 2753 3339; x_wconf 92' lang='grc' dir='ltr'><strong>οὑ</strong></span> <span class='ocrx_word' id='word_1_470' title='bbox 2776 3288 2882 3349; x_wconf 76' lang='grc' dir='ltr'><strong>πᾶς</strong></span> <span class='ocrx_word' id='word_1_471' title='bbox 2905 3287 3189 3358; x_wconf 77' lang='grc' dir='ltr'>ἄνθρωπος</span> <span class='ocrx_word' id='word_1_472' title='bbox 3216 3288 3248 3359; x_wconf 77' lang='grc' dir='ltr'>ἢ</span> <span class='ocrx_word' id='word_1_473' title='bbox 3273 3288 3577 3360; x_wconf 81' lang='grc' dir='ltr'>ὁλοκλήρως</span> <span class='ocrx_word' id='word_1_474' title='bbox 3599 3290 3826 3355; x_wconf 76' lang='grc' dir='ltr'>δίκαιος,</span> <span class='ocrx_word' id='word_1_475' title='bbox 3853 3289 3887 3360; x_wconf 72' lang='grc' dir='ltr'>ἢ</span> 
     </span>
    </p>
   </div>
   <div class='ocr_carea' id='block_1_64' title="bbox 627 3376 2208 3455">
    <p class='ocr_par' dir='ltr' id='par_1_64' title="bbox 627 3380 2208 3455">
     <span class='ocr_line' id='line_1_64' title="bbox 627 3380 2208 3455; baseline 0.003 -20"><span class='ocrx_word' id='word_1_476' title='bbox 627 3380 866 3449; x_wconf 65' lang='grc' dir='ltr'>τίιιὶιιειιιε</span> <span class='ocrx_word' id='word_1_477' title='bbox 902 3394 1004 3438; x_wconf 82' lang='lat' dir='ltr'><strong>est.</strong></span> <span class='ocrx_word' id='word_1_478' title='bbox 1031 3380 1175 3438; x_wconf 86' lang='lat' dir='ltr'><strong>Fieri</strong></span> <span class='ocrx_word' id='word_1_479' title='bbox 1215 3383 1358 3437; x_wconf 84' lang='lat' dir='ltr'><strong>enim</strong></span> <span class='ocrx_word' id='word_1_480' title='bbox 1401 3394 1576 3452; x_wconf 88' lang='lat' dir='ltr'><strong>potest</strong></span> <span class='ocrx_word' id='word_1_481' title='bbox 1610 3394 1667 3438; x_wconf 90' lang='lat' dir='ltr'><strong>ut</strong></span> <span class='ocrx_word' id='word_1_482' title='bbox 1702 3386 1934 3440; x_wconf 91' lang='lat' dir='ltr'><strong>medium</strong></span> <span class='ocrx_word' id='word_1_483' title='bbox 1978 3386 2208 3455; x_wconf 87' lang='lat' dir='ltr'><strong>aliquem</strong></span> 
     </span>
    </p>
   </div>
   <div class='ocr_carea' id='block_1_65' title="bbox 2311 3376 3889 3455">
    <p class='ocr_par' dir='ltr' id='par_1_65' title="bbox 2313 3376 3889 3451">
     <span class='ocr_line' id='line_1_65' title="bbox 2313 3376 3889 3451; baseline 0.003 -22"><span class='ocrx_word' id='word_1_484' title='bbox 2313 3376 2494 3439; x_wconf 81' lang='grc' dir='ltr'>ἀδικός</span> <span class='ocrx_word' id='word_1_485' title='bbox 2528 3379 2664 3430; x_wconf 81' lang='grc' dir='ltr'>ἐστι.</span> <span class='ocrx_word' id='word_1_486' title='bbox 2702 3378 2936 3432; x_wconf 86' lang='grc' dir='ltr'>Δυνατὸν</span> <span class='ocrx_word' id='word_1_487' title='bbox 2970 3380 3077 3448; x_wconf 80' lang='grc' dir='ltr'>γὰρ</span> <span class='ocrx_word' id='word_1_488' title='bbox 3124 3379 3289 3448; x_wconf 80' lang='grc' dir='ltr'>μέσον</span> <span class='ocrx_word' id='word_1_489' title='bbox 3338 3379 3527 3451; x_wconf 83' lang='grc' dir='ltr'>ὥσπερ</span> <span class='ocrx_word' id='word_1_490' title='bbox 3578 3381 3699 3435; x_wconf 77' lang='grc' dir='ltr'>τινὰ</span> <span class='ocrx_word' id='word_1_491' title='bbox 3720 3381 3889 3434; x_wconf 76' lang='grc' dir='ltr'>τόπον</span> 
     </span>
    </p>
   </div>
   <div class='ocr_carea' id='block_1_66' title="bbox 626 3473 2217 3550">
    <p class='ocr_par' dir='ltr' id='par_1_66' title="bbox 626 3473 2217 3550">
     <span class='ocr_line' id='line_1_66' title="bbox 626 3473 2217 3550; baseline 0.005 -26"><span class='ocrx_word' id='word_1_492' title='bbox 626 3473 807 3527; x_wconf 76' lang='lat' dir='ltr'><strong>locum</strong></span> <span class='ocrx_word' id='word_1_493' title='bbox 832 3475 1211 3550; x_wconf 67' lang='lat' dir='ltr'><strong>&#39;inVeniamus,</strong></span> <span class='ocrx_word' id='word_1_494' title='bbox 1240 3474 1493 3529; x_wconf 89' lang='lat' dir='ltr'><strong>nimirum</strong></span> <span class='ocrx_word' id='word_1_495' title='bbox 1529 3482 1587 3528; x_wconf 86' lang='lat' dir='ltr'><strong>ut</strong></span> <span class='ocrx_word' id='word_1_496' title='bbox 1616 3476 1738 3544; x_wconf 92' lang='lat' dir='ltr'><strong>quis</strong></span> <span class='ocrx_word' id='word_1_497' title='bbox 1762 3488 1826 3529; x_wconf 72' lang='lat' dir='ltr'><strong>ex</strong></span> <span class='ocrx_word' id='word_1_498' title='bbox 1858 3484 2008 3543; x_wconf 89' lang='lat' dir='ltr'><strong>parte</strong></span> <span class='ocrx_word' id='word_1_499' title='bbox 2033 3476 2217 3543; x_wconf 87' lang='lat' dir='ltr'><strong>justus</strong></span> 
     </span>
    </p>
   </div>
   <div class='ocr_carea' id='block_1_67' title="bbox 626 3558 2211 3634">
    <p class='ocr_par' dir='ltr' id='par_1_67' title="bbox 626 3558 2211 3634">
     <span class='ocr_line' id='line_1_67' title="bbox 626 3558 2211 3634; baseline 0.004 -19"><span class='ocrx_word' id='word_1_500' title='bbox 626 3558 722 3630; x_wconf 71' lang='lat' dir='ltr'><strong>ait,</strong></span> <span class='ocrx_word' id='word_1_501' title='bbox 752 3577 855 3617; x_wconf 90' lang='lat' dir='ltr'><strong>non</strong></span> <span class='ocrx_word' id='word_1_502' title='bbox 885 3572 1062 3618; x_wconf 89' lang='lat' dir='ltr'><strong>autem</strong></span> <span class='ocrx_word' id='word_1_503' title='bbox 1094 3563 1346 3618; x_wconf 78' lang='lat' dir='ltr'><strong>omnibus</strong></span> <span class='ocrx_word' id='word_1_504' title='bbox 1368 3564 1612 3633; x_wconf 84' lang='lat' dir='ltr'><strong>partibus</strong></span> <span class='ocrx_word' id='word_1_505' title='bbox 1644 3566 1899 3634; x_wconf 88' lang='lat' dir='ltr'><strong>injustus.</strong></span> <span class='ocrx_word' id='word_1_506' title='bbox 1926 3564 2018 3621; x_wconf 86' lang='lat' dir='ltr'><strong>llis</strong></span> <span class='ocrx_word' id='word_1_507' title='bbox 2044 3567 2211 3634; x_wconf 86' lang='lat' dir='ltr'><strong>igitur</strong></span> 
     </span>
    </p>
   </div>
   <div class='ocr_carea' id='block_1_68' title="bbox 632 3653 2209 3728">
    <p class='ocr_par' dir='ltr' id='par_1_68' title="bbox 632 3653 2209 3728">
     <span class='ocr_line' id='line_1_68' title="bbox 632 3653 2209 3728; baseline 0.005 -22"><span class='ocrx_word' id='word_1_508' title='bbox 632 3654 731 3708; x_wconf 87' lang='lat' dir='ltr'><strong>hoc</strong></span> <span class='ocrx_word' id='word_1_509' title='bbox 760 3653 918 3708; x_wconf 93' lang='lat' dir='ltr'><strong>modo</strong></span> <span class='ocrx_word' id='word_1_510' title='bbox 945 3654 1323 3720; x_wconf 87' lang='lat' dir='ltr'><strong>consideratis,</strong></span> <span class='ocrx_word' id='word_1_511' title='bbox 1350 3664 1403 3708; x_wconf 91' lang='lat' dir='ltr'><strong>et</strong></span> <span class='ocrx_word' id='word_1_512' title='bbox 1430 3655 1871 3713; x_wconf 88' lang='lat' dir='ltr'><strong>dissimilitudine</strong></span> <span class='ocrx_word' id='word_1_513' title='bbox 1901 3659 1954 3713; x_wconf 91' lang='lat' dir='ltr'><strong>in</strong></span> <span class='ocrx_word' id='word_1_514' title='bbox 1983 3658 2209 3728; x_wconf 86' lang='lat' dir='ltr'><strong>singulis</strong></span> 
     </span>
    </p>
   </div>
   <div class='ocr_carea' id='block_1_69' title="bbox 2310 3467 3886 3539">
    <p class='ocr_par' dir='ltr' id='par_1_69' title="bbox 2310 3467 3886 3539">
     <span class='ocr_line' id='line_1_69' title="bbox 2310 3467 3886 3539; baseline 0.004 -19"><span class='ocrx_word' id='word_1_515' title='bbox 2310 3467 2567 3538; x_wconf 79' lang='grc' dir='ltr'>εὑρέσθαι</span> <span class='ocrx_word' id='word_1_516' title='bbox 2596 3470 2660 3521; x_wconf 87' lang='grc' dir='ltr'><strong>ἐκ</strong></span> <span class='ocrx_word' id='word_1_517' title='bbox 2687 3470 2889 3539; x_wconf 84' lang='grc' dir='ltr'>μέρους</span> <span class='ocrx_word' id='word_1_518' title='bbox 2913 3468 3124 3522; x_wconf 85' lang='grc' dir='ltr'>δικαίου</span> <span class='ocrx_word' id='word_1_519' title='bbox 3158 3470 3302 3534; x_wconf 82' lang='grc' dir='ltr'>τινὸς</span> <span class='ocrx_word' id='word_1_520' title='bbox 3330 3470 3500 3535; x_wconf 73' lang='grc' dir='ltr'>ὄντος,</span> <span class='ocrx_word' id='word_1_521' title='bbox 3526 3472 3621 3524; x_wconf 75' lang='grc' dir='ltr'>καὶ</span> <span class='ocrx_word' id='word_1_522' title='bbox 3652 3472 3715 3525; x_wconf 86' lang='grc' dir='ltr'><strong>οὑ</strong></span> <span class='ocrx_word' id='word_1_523' title='bbox 3747 3488 3886 3537; x_wconf 71' lang='grc' dir='ltr'>παν-</span> 
     </span>
    </p>
   </div>
   <div class='ocr_carea' id='block_1_70' title="bbox 2308 3557 3887 3634">
    <p class='ocr_par' dir='ltr' id='par_1_70' title="bbox 2308 3557 3887 3634">
     <span class='ocr_line' id='line_1_70' title="bbox 2308 3557 3887 3634; baseline 0.006 -26"><span class='ocrx_word' id='word_1_524' title='bbox 2308 3557 2477 3620; x_wconf 82' lang='grc' dir='ltr'>τελῶς</span> <span class='ocrx_word' id='word_1_525' title='bbox 2501 3558 2707 3612; x_wconf 88' lang='grc' dir='ltr'>ἀδίκου.</span> <span class='ocrx_word' id='word_1_526' title='bbox 2740 3558 2955 3612; x_wconf 90' lang='grc' dir='ltr'>Τούτων</span> <span class='ocrx_word' id='word_1_527' title='bbox 2985 3559 3271 3631; x_wconf 74' lang='grc' dir='ltr'>τοιγαροῦν</span> <span class='ocrx_word' id='word_1_528' title='bbox 3302 3560 3443 3614; x_wconf 86' lang='grc' dir='ltr'><strong>κατά</strong></span> <span class='ocrx_word' id='word_1_529' title='bbox 3471 3562 3619 3615; x_wconf 77' lang='grc' dir='ltr'>τόνδε</span> <span class='ocrx_word' id='word_1_530' title='bbox 3648 3562 3739 3617; x_wconf 76' lang='grc' dir='ltr'><strong>τὸν</strong></span> <span class='ocrx_word' id='word_1_531' title='bbox 3762 3563 3887 3634; x_wconf 85' lang='grc' dir='ltr'>τρό-</span> 
     </span>
    </p>
   </div>
   <div class='ocr_carea' id='block_1_71' title="bbox 2309 3649 3884 3723">
    <p class='ocr_par' dir='ltr' id='par_1_71' title="bbox 2309 3649 3884 3723">
     <span class='ocr_line' id='line_1_71' title="bbox 2309 3649 3884 3723; baseline 0.004 -23"><span class='ocrx_word' id='word_1_532' title='bbox 2309 3664 2410 3701; x_wconf 86' lang='grc' dir='ltr'><strong>πον</strong></span> <span class='ocrx_word' id='word_1_533' title='bbox 2457 3649 2590 3719; x_wconf 84' lang='grc' dir='ltr'>ήμῖν</span> <span class='ocrx_word' id='word_1_534' title='bbox 2627 3649 3061 3720; x_wconf 87' lang='grc' dir='ltr'>διεσκεμμένων.</span> <span class='ocrx_word' id='word_1_535' title='bbox 3112 3651 3206 3705; x_wconf 74' lang='grc' dir='ltr'>καὶ</span> <span class='ocrx_word' id='word_1_536' title='bbox 3254 3654 3354 3722; x_wconf 78' lang='grc' dir='ltr'>τῆς</span> <span class='ocrx_word' id='word_1_537' title='bbox 3390 3652 3774 3723; x_wconf 85' lang='grc' dir='ltr'>ἀνομοιότητος</span> <span class='ocrx_word' id='word_1_538' title='bbox 3825 3656 3884 3707; x_wconf 80' lang='grc' dir='ltr'><strong>ἐν</strong></span> 
     </span>
    </p>
   </div>
   <div class='ocr_carea' id='block_1_72' title="bbox 626 3190 2208 3833">
    <p class='ocr_par' dir='ltr' id='par_1_72' title="bbox 626 3198 2208 3812">
     <span class='ocr_line' id='line_1_72' title="bbox 626 3198 2208 3271; baseline 0.006 -21"><span class='ocrx_word' id='word_1_539' title='bbox 626 3199 766 3252; x_wconf 70' lang='grc' dir='ltr'>ιιίιιιιι</span> <span class='ocrx_word' id='word_1_540' title='bbox 803 3206 857 3253; x_wconf 88' lang='lat' dir='ltr'><strong>et</strong></span> <span class='ocrx_word' id='word_1_541' title='bbox 887 3198 1199 3266; x_wconf 65' lang='lat' dir='ltr'><strong>iniustitiam</strong></span> <span class='ocrx_word' id='word_1_542' title='bbox 1232 3214 1355 3256; x_wconf 84' lang='lat' dir='ltr'><strong>esse</strong></span> <span class='ocrx_word' id='word_1_543' title='bbox 1389 3200 1594 3256; x_wconf 84' lang='lat' dir='ltr'><strong>volunt.</strong></span> <span class='ocrx_word' id='word_1_544' title='bbox 1630 3198 1817 3271; x_wconf 84' lang='lat' dir='ltr'><strong>Neque</strong></span> <span class='ocrx_word' id='word_1_545' title='bbox 1857 3204 2004 3257; x_wconf 93' lang='lat' dir='ltr'><strong>enim</strong></span> <span class='ocrx_word' id='word_1_546' title='bbox 2039 3207 2208 3260; x_wconf 75' lang='lat' dir='ltr'><strong>omnis</strong></span> 
     </span>
     <span class='ocr_line' id='line_1_73' title="bbox 626 3291 2208 3360; baseline 0.004 -17"><span class='ocrx_word' id='word_1_547' title='bbox 626 3292 798 3344; x_wconf 48' lang='lat' dir='ltr'><strong>‘ltomo</strong></span> <span class='ocrx_word' id='word_1_548' title='bbox 840 3300 935 3345; x_wconf 90' lang='lat' dir='ltr'><strong>aut</strong></span> <span class='ocrx_word' id='word_1_549' title='bbox 971 3292 1025 3345; x_wconf 93' lang='lat' dir='ltr'><strong>in</strong></span> <span class='ocrx_word' id='word_1_550' title='bbox 1073 3292 1384 3346; x_wconf 82' lang='lat' dir='ltr'><strong>universum</strong></span> <span class='ocrx_word' id='word_1_551' title='bbox 1424 3291 1634 3360; x_wconf 80' lang='lat' dir='ltr'><strong>justus,</strong></span> <span class='ocrx_word' id='word_1_552' title='bbox 1672 3303 1763 3347; x_wconf 78' lang='lat' dir='ltr'><strong>aut</strong></span> <span class='ocrx_word' id='word_1_553' title='bbox 1804 3294 1857 3348; x_wconf 91' lang='lat' dir='ltr'><strong>in</strong></span> <span class='ocrx_word' id='word_1_554' title='bbox 1904 3295 2208 3349; x_wconf 81' lang='lat' dir='ltr'><strong>universum</strong></span> 
     </span>
     <span class='ocr_line' id='line_1_74' title="bbox 627 3380 2208 3455; baseline 0.003 -20"><span class='ocrx_word' id='word_1_555' title='bbox 627 3380 866 3449; x_wconf 62' lang='lat' dir='ltr'><strong>*injustus</strong></span> <span class='ocrx_word' id='word_1_556' title='bbox 902 3394 1004 3438; x_wconf 82' lang='lat' dir='ltr'><strong>est.</strong></span> <span class='ocrx_word' id='word_1_557' title='bbox 1031 3380 1175 3438; x_wconf 86' lang='lat' dir='ltr'><strong>Fieri</strong></span> <span class='ocrx_word' id='word_1_558' title='bbox 1215 3383 1358 3437; x_wconf 84' lang='lat' dir='ltr'><strong>enim</strong></span> <span class='ocrx_word' id='word_1_559' title='bbox 1401 3394 1576 3452; x_wconf 88' lang='lat' dir='ltr'><strong>potest</strong></span> <span class='ocrx_word' id='word_1_560' title='bbox 1610 3394 1667 3438; x_wconf 90' lang='lat' dir='ltr'><strong>ut</strong></span> <span class='ocrx_word' id='word_1_561' title='bbox 1702 3386 1934 3440; x_wconf 91' lang='lat' dir='ltr'><strong>medium</strong></span> <span class='ocrx_word' id='word_1_562' title='bbox 1978 3386 2208 3455; x_wconf 87' lang='lat' dir='ltr'><strong>aliquem</strong></span> 
     </span>
     <span class='ocr_line' id='line_1_75' title="bbox 626 3473 2208 3544; baseline 0.005 -20"><span class='ocrx_word' id='word_1_563' title='bbox 626 3473 807 3527; x_wconf 76' lang='lat' dir='ltr'><strong>locum</strong></span> <span class='ocrx_word' id='word_1_564' title='bbox 832 3475 1177 3529; x_wconf 76' lang='lat' dir='ltr'><strong>imreniamus</strong></span> <span class='ocrx_word' id='word_1_565' title='bbox 1196 3513 1211 3537; x_wconf 86' lang='lat'><em>.</em></span> <span class='ocrx_word' id='word_1_566' title='bbox 1240 3474 1493 3529; x_wconf 89' lang='lat' dir='ltr'><strong>nimirum</strong></span> <span class='ocrx_word' id='word_1_567' title='bbox 1529 3482 1587 3528; x_wconf 86' lang='lat' dir='ltr'><strong>ut</strong></span> <span class='ocrx_word' id='word_1_568' title='bbox 1616 3476 1738 3544; x_wconf 92' lang='lat' dir='ltr'><strong>quis</strong></span> <span class='ocrx_word' id='word_1_569' title='bbox 1762 3488 1826 3529; x_wconf 72' lang='lat' dir='ltr'><strong>ex</strong></span> <span class='ocrx_word' id='word_1_570' title='bbox 1858 3484 2008 3543; x_wconf 89' lang='lat' dir='ltr'><strong>parte</strong></span> <span class='ocrx_word' id='word_1_571' title='bbox 2033 3476 2208 3543; x_wconf 86' lang='lat' dir='ltr'><strong>justus</strong></span> 
     </span>
     <span class='ocr_line' id='line_1_76' title="bbox 626 3547 2208 3634; baseline 0.004 -19"><span class='ocrx_word' id='word_1_572' title='bbox 626 3558 722 3630; x_wconf 71' lang='lat' dir='ltr'><strong>ait,</strong></span> <span class='ocrx_word' id='word_1_573' title='bbox 752 3577 855 3617; x_wconf 90' lang='lat' dir='ltr'><strong>non</strong></span> <span class='ocrx_word' id='word_1_574' title='bbox 885 3572 1062 3618; x_wconf 89' lang='lat' dir='ltr'><strong>autem</strong></span> <span class='ocrx_word' id='word_1_575' title='bbox 1094 3547 1346 3618; x_wconf 78' lang='lat' dir='ltr'><strong>omnibus</strong></span> <span class='ocrx_word' id='word_1_576' title='bbox 1368 3564 1612 3633; x_wconf 84' lang='lat' dir='ltr'><strong>partibus</strong></span> <span class='ocrx_word' id='word_1_577' title='bbox 1644 3566 1899 3634; x_wconf 88' lang='lat' dir='ltr'><strong>injustus.</strong></span> <span class='ocrx_word' id='word_1_578' title='bbox 1926 3564 2018 3621; x_wconf 86' lang='lat' dir='ltr'><strong>llis</strong></span> <span class='ocrx_word' id='word_1_579' title='bbox 2044 3567 2208 3634; x_wconf 90' lang='lat' dir='ltr'><strong>igitur</strong></span> 
     </span>
     <span class='ocr_line' id='line_1_77' title="bbox 632 3653 2208 3728; baseline 0.005 -22"><span class='ocrx_word' id='word_1_580' title='bbox 632 3654 731 3708; x_wconf 87' lang='lat' dir='ltr'><strong>hoc</strong></span> <span class='ocrx_word' id='word_1_581' title='bbox 760 3653 918 3708; x_wconf 93' lang='lat' dir='ltr'><strong>modo</strong></span> <span class='ocrx_word' id='word_1_582' title='bbox 945 3654 1323 3720; x_wconf 88' lang='lat' dir='ltr'><strong>consideratis,</strong></span> <span class='ocrx_word' id='word_1_583' title='bbox 1350 3664 1403 3708; x_wconf 91' lang='lat' dir='ltr'><strong>et</strong></span> <span class='ocrx_word' id='word_1_584' title='bbox 1430 3655 1871 3713; x_wconf 88' lang='lat' dir='ltr'><strong>dissimilitudine</strong></span> <span class='ocrx_word' id='word_1_585' title='bbox 1901 3659 1954 3713; x_wconf 91' lang='lat' dir='ltr'><strong>in</strong></span> <span class='ocrx_word' id='word_1_586' title='bbox 1983 3658 2208 3728; x_wconf 89' lang='lat' dir='ltr'><strong>singulis</strong></span> 
     </span>
     <span class='ocr_line' id='line_1_78' title="bbox 632 3742 2207 3812; baseline 0.007 -19"><span class='ocrx_word' id='word_1_587' title='bbox 632 3743 791 3797; x_wconf 91' lang='lat' dir='ltr'><strong>rebus</strong></span> <span class='ocrx_word' id='word_1_588' title='bbox 828 3743 1216 3812; x_wconf 81' lang='lat' dir='ltr'><strong>pervestigata,</strong></span> <span class='ocrx_word' id='word_1_589' title='bbox 1252 3742 1527 3796; x_wconf 84' lang='lat' dir='ltr'><strong>videamus</strong></span> <span class='ocrx_word' id='word_1_590' title='bbox 1560 3758 1792 3812; x_wconf 86' lang='lat' dir='ltr'><strong>quonam</strong></span> <span class='ocrx_word' id='word_1_591' title='bbox 1836 3748 1996 3802; x_wconf 89' lang='lat' dir='ltr'><strong>modo</strong></span> <span class='ocrx_word' id='word_1_592' title='bbox 2034 3762 2098 3801; x_wconf 68' lang='lat' dir='ltr'><strong>ex</strong></span> <span class='ocrx_word' id='word_1_593' title='bbox 2142 3748 2207 3804; x_wconf 83' lang='lat' dir='ltr'><strong>iis</strong></span> 
     </span>
    </p>
   </div>
   <div class='ocr_carea' id='block_1_73' title="bbox 2311 3190 4085 3833">
    <p class='ocr_par' dir='ltr' id='par_1_73' title="bbox 2311 3190 3889 3815">
     <span class='ocr_line' id='line_1_79' title="bbox 2320 3190 3889 3269; baseline 0.003 -22"><span class='ocrx_word' id='word_1_594' title='bbox 2320 3210 2411 3247; x_wconf 90' lang='grc' dir='ltr'><strong>σον</strong></span> <span class='ocrx_word' id='word_1_595' title='bbox 2445 3193 2503 3246; x_wconf 77' lang='grc' dir='ltr'>δὲ</span> <span class='ocrx_word' id='word_1_596' title='bbox 2533 3194 2630 3265; x_wconf 82' lang='grc' dir='ltr'><strong>τήν</strong></span> <span class='ocrx_word' id='word_1_597' title='bbox 2653 3194 2998 3265; x_wconf 88' lang='grc' dir='ltr'>δικαιοσύνην</span> <span class='ocrx_word' id='word_1_598' title='bbox 3026 3190 3165 3249; x_wconf 78' lang='grc' dir='ltr'>εἶναί</span> <span class='ocrx_word' id='word_1_599' title='bbox 3212 3212 3343 3265; x_wconf 89' lang='grc' dir='ltr'>φασι</span> <span class='ocrx_word' id='word_1_600' title='bbox 3383 3197 3480 3250; x_wconf 80' lang='grc' dir='ltr'>καὶ</span> <span class='ocrx_word' id='word_1_601' title='bbox 3515 3197 3617 3269; x_wconf 80' lang='grc' dir='ltr'>τὴν</span> <span class='ocrx_word' id='word_1_602' title='bbox 3654 3196 3889 3252; x_wconf 83' lang='grc' dir='ltr'>ἀδικίαν.</span> 
     </span>
     <span class='ocr_line' id='line_1_80' title="bbox 2329 3284 3887 3360; baseline 0.004 -22"><span class='ocrx_word' id='word_1_603' title='bbox 2329 3284 2659 3358; x_wconf 84' lang='grc' dir='ltr'>Ἐπειδήπερ</span> <span class='ocrx_word' id='word_1_604' title='bbox 2692 3286 2753 3339; x_wconf 92' lang='grc' dir='ltr'><strong>οὑ</strong></span> <span class='ocrx_word' id='word_1_605' title='bbox 2776 3288 2882 3349; x_wconf 76' lang='grc' dir='ltr'><strong>πᾶς</strong></span> <span class='ocrx_word' id='word_1_606' title='bbox 2905 3287 3189 3358; x_wconf 77' lang='grc' dir='ltr'>ἄνθρωπος</span> <span class='ocrx_word' id='word_1_607' title='bbox 3216 3288 3248 3359; x_wconf 77' lang='grc' dir='ltr'>ἢ</span> <span class='ocrx_word' id='word_1_608' title='bbox 3273 3288 3577 3360; x_wconf 83' lang='grc' dir='ltr'>ὁλοκλήρως</span> <span class='ocrx_word' id='word_1_609' title='bbox 3599 3290 3826 3355; x_wconf 76' lang='grc' dir='ltr'>δίκαιος,</span> <span class='ocrx_word' id='word_1_610' title='bbox 3853 3289 3887 3360; x_wconf 72' lang='grc' dir='ltr'>ἢ</span> 
     </span>
     <span class='ocr_line' id='line_1_81' title="bbox 2313 3376 3889 3451; baseline 0.003 -22"><span class='ocrx_word' id='word_1_611' title='bbox 2313 3376 2494 3439; x_wconf 81' lang='grc' dir='ltr'>ἀδικός</span> <span class='ocrx_word' id='word_1_612' title='bbox 2528 3379 2664 3430; x_wconf 81' lang='grc' dir='ltr'>ἐστι.</span> <span class='ocrx_word' id='word_1_613' title='bbox 2702 3378 2936 3432; x_wconf 86' lang='grc' dir='ltr'>Δυνατὸν</span> <span class='ocrx_word' id='word_1_614' title='bbox 2970 3380 3077 3448; x_wconf 80' lang='grc' dir='ltr'>γὰρ</span> <span class='ocrx_word' id='word_1_615' title='bbox 3124 3379 3289 3448; x_wconf 80' lang='grc' dir='ltr'>μέσον</span> <span class='ocrx_word' id='word_1_616' title='bbox 3338 3379 3527 3451; x_wconf 83' lang='grc' dir='ltr'>ὥσπερ</span> <span class='ocrx_word' id='word_1_617' title='bbox 3578 3381 3699 3435; x_wconf 77' lang='grc' dir='ltr'>τινὰ</span> <span class='ocrx_word' id='word_1_618' title='bbox 3720 3381 3889 3434; x_wconf 76' lang='grc' dir='ltr'>τόπον</span> 
     </span>
     <span class='ocr_line' id='line_1_82' title="bbox 2311 3467 3886 3539; baseline 0.004 -19"><span class='ocrx_word' id='word_1_619' title='bbox 2311 3467 2567 3538; x_wconf 79' lang='grc' dir='ltr'>εὑρέσθαι</span> <span class='ocrx_word' id='word_1_620' title='bbox 2596 3470 2660 3521; x_wconf 87' lang='grc' dir='ltr'><strong>ἐκ</strong></span> <span class='ocrx_word' id='word_1_621' title='bbox 2687 3470 2889 3539; x_wconf 84' lang='grc' dir='ltr'>μέρους</span> <span class='ocrx_word' id='word_1_622' title='bbox 2913 3468 3124 3522; x_wconf 85' lang='grc' dir='ltr'>δικαίου</span> <span class='ocrx_word' id='word_1_623' title='bbox 3158 3470 3302 3534; x_wconf 82' lang='grc' dir='ltr'>τινὸς</span> <span class='ocrx_word' id='word_1_624' title='bbox 3330 3470 3500 3535; x_wconf 73' lang='grc' dir='ltr'>ὄντος,</span> <span class='ocrx_word' id='word_1_625' title='bbox 3526 3472 3621 3524; x_wconf 75' lang='grc' dir='ltr'>καὶ</span> <span class='ocrx_word' id='word_1_626' title='bbox 3652 3472 3715 3525; x_wconf 86' lang='grc' dir='ltr'><strong>οὑ</strong></span> <span class='ocrx_word' id='word_1_627' title='bbox 3747 3488 3886 3537; x_wconf 71' lang='grc' dir='ltr'>παν-</span> 
     </span>
     <span class='ocr_line' id='line_1_83' title="bbox 2311 3557 3887 3634; baseline 0.006 -26"><span class='ocrx_word' id='word_1_628' title='bbox 2311 3557 2477 3620; x_wconf 83' lang='grc' dir='ltr'>τελῶς</span> <span class='ocrx_word' id='word_1_629' title='bbox 2501 3558 2707 3612; x_wconf 88' lang='grc' dir='ltr'>ἀδίκου.</span> <span class='ocrx_word' id='word_1_630' title='bbox 2740 3558 2955 3612; x_wconf 90' lang='grc' dir='ltr'>Τούτων</span> <span class='ocrx_word' id='word_1_631' title='bbox 2985 3559 3271 3631; x_wconf 74' lang='grc' dir='ltr'>τοιγαροῦν</span> <span class='ocrx_word' id='word_1_632' title='bbox 3302 3560 3443 3614; x_wconf 86' lang='grc' dir='ltr'><strong>κατά</strong></span> <span class='ocrx_word' id='word_1_633' title='bbox 3471 3562 3619 3615; x_wconf 77' lang='grc' dir='ltr'>τόνδε</span> <span class='ocrx_word' id='word_1_634' title='bbox 3648 3562 3739 3617; x_wconf 76' lang='grc' dir='ltr'><strong>τὸν</strong></span> <span class='ocrx_word' id='word_1_635' title='bbox 3762 3563 3887 3634; x_wconf 85' lang='grc' dir='ltr'>τρό-</span> 
     </span>
     <span class='ocr_line' id='line_1_84' title="bbox 2311 3649 3884 3723; baseline 0.004 -23"><span class='ocrx_word' id='word_1_636' title='bbox 2311 3664 2410 3701; x_wconf 87' lang='grc' dir='ltr'><strong>πον</strong></span> <span class='ocrx_word' id='word_1_637' title='bbox 2457 3649 2590 3719; x_wconf 84' lang='grc' dir='ltr'>ήμῖν</span> <span class='ocrx_word' id='word_1_638' title='bbox 2627 3649 3061 3720; x_wconf 87' lang='grc' dir='ltr'>διεσκεμμένων.</span> <span class='ocrx_word' id='word_1_639' title='bbox 3112 3651 3206 3705; x_wconf 74' lang='grc' dir='ltr'>καὶ</span> <span class='ocrx_word' id='word_1_640' title='bbox 3254 3654 3354 3722; x_wconf 78' lang='grc' dir='ltr'>τῆς</span> <span class='ocrx_word' id='word_1_641' title='bbox 3390 3652 3774 3723; x_wconf 85' lang='grc' dir='ltr'>ἀνομοιότητος</span> <span class='ocrx_word' id='word_1_642' title='bbox 3825 3656 3884 3707; x_wconf 80' lang='grc' dir='ltr'><strong>ἐν</strong></span> 
     </span>
     <span class='ocr_line' id='line_1_85' title="bbox 2311 3737 3883 3815; baseline 0.005 -25"><span class='ocrx_word' id='word_1_643' title='bbox 2311 3737 2516 3801; x_wconf 91' lang='grc' dir='ltr'>τούτοις</span> <span class='ocrx_word' id='word_1_644' title='bbox 2543 3737 2939 3809; x_wconf 75' lang='grc' dir='ltr'>ἐξεταζομένης</span> <span class='ocrx_word' id='word_1_645' title='bbox 2964 3740 3057 3793; x_wconf 66' lang='grc' dir='ltr'>ἐπὶ</span> <span class='ocrx_word' id='word_1_646' title='bbox 3079 3741 3281 3804; x_wconf 81' lang='grc' dir='ltr'>παντὸς</span> <span class='ocrx_word' id='word_1_647' title='bbox 3304 3742 3650 3812; x_wconf 78' lang='grc' dir='ltr'>πράγματος,</span> <span class='ocrx_word' id='word_1_648' title='bbox 3684 3744 3883 3815; x_wconf 80' lang='grc' dir='ltr'>τδωμεν</span> 
     </span>
    </p>
   </div>
   <div class='ocr_carea' id='block_1_74' title="bbox 632 3742 2207 3812">
    <p class='ocr_par' dir='ltr' id='par_1_74' title="bbox 632 3742 2207 3812">
     <span class='ocr_line' id='line_1_86' title="bbox 632 3742 2207 3812; baseline 0.007 -19"><span class='ocrx_word' id='word_1_649' title='bbox 632 3743 791 3797; x_wconf 91' lang='lat' dir='ltr'><strong>rebus</strong></span> <span class='ocrx_word' id='word_1_650' title='bbox 828 3743 1216 3812; x_wconf 81' lang='lat' dir='ltr'><strong>pervestigata,</strong></span> <span class='ocrx_word' id='word_1_651' title='bbox 1252 3742 1527 3796; x_wconf 84' lang='lat' dir='ltr'><strong>videamus</strong></span> <span class='ocrx_word' id='word_1_652' title='bbox 1560 3758 1792 3812; x_wconf 86' lang='lat' dir='ltr'><strong>quonam</strong></span> <span class='ocrx_word' id='word_1_653' title='bbox 1836 3748 1996 3802; x_wconf 89' lang='lat' dir='ltr'><strong>modo</strong></span> <span class='ocrx_word' id='word_1_654' title='bbox 2034 3762 2098 3801; x_wconf 68' lang='lat' dir='ltr'><strong>ex</strong></span> <span class='ocrx_word' id='word_1_655' title='bbox 2142 3748 2207 3804; x_wconf 83' lang='lat' dir='ltr'><strong>iis</strong></span> 
     </span>
    </p>
   </div>
   <div class='ocr_carea' id='block_1_75' title="bbox 628 3829 2199 3898">
    <p class='ocr_par' dir='ltr' id='par_1_75' title="bbox 628 3829 2199 3898">
     <span class='ocr_line' id='line_1_87' title="bbox 628 3829 2199 3898; baseline 0.005 -14"><span class='ocrx_word' id='word_1_656' title='bbox 628 3845 747 3898; x_wconf 74' lang='lat' dir='ltr'><strong>qute</strong></span> <span class='ocrx_word' id='word_1_657' title='bbox 777 3831 919 3886; x_wconf 91' lang='lat' dir='ltr'><strong>dicta</strong></span> <span class='ocrx_word' id='word_1_658' title='bbox 953 3839 1079 3886; x_wconf 91' lang='lat' dir='ltr'><strong>sunt</strong></span> <span class='ocrx_word' id='word_1_659' title='bbox 1111 3829 1282 3885; x_wconf 90' lang='lat' dir='ltr'><strong>Filius</strong></span> <span class='ocrx_word' id='word_1_660' title='bbox 1316 3845 1344 3884; x_wconf 82' lang='lat' dir='ltr'><strong>a</strong></span> <span class='ocrx_word' id='word_1_661' title='bbox 1382 3830 1731 3887; x_wconf 89' lang='lat' dir='ltr'><strong>similitudine</strong></span> <span class='ocrx_word' id='word_1_662' title='bbox 1756 3833 1941 3891; x_wconf 86' lang='lat' dir='ltr'><strong>Patris</strong></span> <span class='ocrx_word' id='word_1_663' title='bbox 1966 3836 2199 3892; x_wconf 78' lang='lat' dir='ltr'><strong>differat.</strong></span> 
     </span>
    </p>
   </div>
   <div class='ocr_carea' id='block_1_76' title="bbox 2307 3737 3883 3815">
    <p class='ocr_par' dir='ltr' id='par_1_76' title="bbox 2307 3737 3883 3815">
     <span class='ocr_line' id='line_1_88' title="bbox 2307 3737 3883 3815; baseline 0.005 -25"><span class='ocrx_word' id='word_1_664' title='bbox 2307 3737 2516 3801; x_wconf 91' lang='grc' dir='ltr'>τούτοις</span> <span class='ocrx_word' id='word_1_665' title='bbox 2543 3737 2939 3809; x_wconf 75' lang='grc' dir='ltr'>ἐξεταζομένης</span> <span class='ocrx_word' id='word_1_666' title='bbox 2964 3740 3057 3793; x_wconf 66' lang='grc' dir='ltr'>ἐπὶ</span> <span class='ocrx_word' id='word_1_667' title='bbox 3079 3741 3281 3804; x_wconf 81' lang='grc' dir='ltr'>παντὸς</span> <span class='ocrx_word' id='word_1_668' title='bbox 3304 3742 3650 3812; x_wconf 78' lang='grc' dir='ltr'>πράγματος,</span> <span class='ocrx_word' id='word_1_669' title='bbox 3684 3744 3883 3815; x_wconf 80' lang='grc' dir='ltr'>τδωμεν</span> 
     </span>
    </p>
   </div>
   <div class='ocr_carea' id='block_1_77' title="bbox 2305 3826 3881 3905">
    <p class='ocr_par' dir='ltr' id='par_1_77' title="bbox 2305 3826 3881 3905">
     <span class='ocr_line' id='line_1_89' title="bbox 2305 3826 3881 3905; baseline 0.008 -27"><span class='ocrx_word' id='word_1_670' title='bbox 2305 3826 2448 3879; x_wconf 89' lang='grc' dir='ltr'><strong>κατά</strong></span> <span class='ocrx_word' id='word_1_671' title='bbox 2481 3830 2632 3880; x_wconf 88' lang='grc' dir='ltr'>ποῖον</span> <span class='ocrx_word' id='word_1_672' title='bbox 2659 3828 2767 3881; x_wconf 87' lang='grc' dir='ltr'><strong>τῶν</strong></span> <span class='ocrx_word' id='word_1_673' title='bbox 2816 3829 3118 3901; x_wconf 85' lang='grc' dir='ltr'>είρημένων</span> <span class='ocrx_word' id='word_1_674' title='bbox 3158 3830 3315 3900; x_wconf 90' lang='grc' dir='ltr'>λόγον</span> <span class='ocrx_word' id='word_1_675' title='bbox 3356 3833 3633 3903; x_wconf 86' lang='grc' dir='ltr'>ἀφέστηκε</span> <span class='ocrx_word' id='word_1_676' title='bbox 3662 3835 3761 3905; x_wconf 80' lang='grc' dir='ltr'>τῆς</span> <span class='ocrx_word' id='word_1_677' title='bbox 3786 3836 3881 3890; x_wconf 81' lang='grc' dir='ltr'>τοῦ</span> 
     </span>
    </p>
   </div>
   <div class='ocr_carea' id='block_1_78' title="bbox 627 3917 2208 3996">
    <p class='ocr_par' dir='ltr' id='par_1_78' title="bbox 627 3920 2206 3996">
     <span class='ocr_line' id='line_1_90' title="bbox 627 3920 2206 3996; baseline 0.004 -19"><span class='ocrx_word' id='word_1_678' title='bbox 627 3920 771 3977; x_wconf 85' lang='lat' dir='ltr'><strong>Loco</strong></span> <span class='ocrx_word' id='word_1_679' title='bbox 803 3932 951 3976; x_wconf 88' lang='lat' dir='ltr'><strong>certe</strong></span> <span class='ocrx_word' id='word_1_680' title='bbox 983 3922 1223 3991; x_wconf 84' lang='lat' dir='ltr'><strong>separari</strong></span> <span class='ocrx_word' id='word_1_681' title='bbox 1262 3937 1422 3977; x_wconf 91' lang='lat' dir='ltr'><strong>nemo</strong></span> <span class='ocrx_word' id='word_1_682' title='bbox 1454 3923 1655 3979; x_wconf 78' lang='lat' dir='ltr'><strong>dixerit</strong></span> <span class='ocrx_word' id='word_1_683' title='bbox 1686 3943 1699 3980; x_wconf 90' lang='lat'><strong>:</strong></span> <span class='ocrx_word' id='word_1_684' title='bbox 1739 3940 1913 3996; x_wconf 90' lang='lat' dir='ltr'><strong>neque</strong></span> <span class='ocrx_word' id='word_1_685' title='bbox 1943 3929 2086 3983; x_wconf 87' lang='lat' dir='ltr'><strong>enim</strong></span> <span class='ocrx_word' id='word_1_686' title='bbox 2123 3938 2206 3985; x_wconf 87' lang='lat' dir='ltr'><strong>est</strong></span> 
     </span>
    </p>
   </div>
   <div class='ocr_carea' id='block_1_79' title="bbox 2311 3917 3883 3996">
    <p class='ocr_par' dir='ltr' id='par_1_79' title="bbox 2311 3917 3883 3993">
     <span class='ocr_line' id='line_1_91' title="bbox 2311 3917 3883 3993; baseline 0.008 -24"><span class='ocrx_word' id='word_1_687' title='bbox 2311 3917 2515 3987; x_wconf 72' lang='grc' dir='ltr'>Πατρός</span> <span class='ocrx_word' id='word_1_688' title='bbox 2547 3918 2865 3989; x_wconf 81' lang='grc' dir='ltr'>ὁμοιότητος</span> <span class='ocrx_word' id='word_1_689' title='bbox 2894 3922 2923 3973; x_wconf 95' lang='grc' dir='ltr'><strong>ὁ</strong></span> <span class='ocrx_word' id='word_1_690' title='bbox 2951 3920 3095 3985; x_wconf 75' lang='grc' dir='ltr'>Υἱός.</span> <span class='ocrx_word' id='word_1_691' title='bbox 3130 3921 3291 3991; x_wconf 85' lang='grc' dir='ltr'><strong>Τὸπῳ</strong></span> <span class='ocrx_word' id='word_1_692' title='bbox 3318 3922 3417 3993; x_wconf 83' lang='grc' dir='ltr'>μὲν</span> <span class='ocrx_word' id='word_1_693' title='bbox 3442 3919 3535 3977; x_wconf 73' lang='grc' dir='ltr'>οὖν</span> <span class='ocrx_word' id='word_1_694' title='bbox 3564 3925 3665 3978; x_wconf 82' lang='grc' dir='ltr'><strong>οὑκ</strong></span> <span class='ocrx_word' id='word_1_695' title='bbox 3705 3928 3769 3981; x_wconf 83' lang='grc' dir='ltr'>ἄν</span> <span class='ocrx_word' id='word_1_696' title='bbox 3796 3944 3883 3991; x_wconf 89' lang='grc' dir='ltr'><strong>τις</strong></span> 
     </span>
    </p>
   </div>
   <div class='ocr_carea' id='block_1_80' title="bbox 625 4008 2208 4086">
    <p class='ocr_par' dir='ltr' id='par_1_80' title="bbox 625 4013 2203 4086">
     <span class='ocr_line' id='line_1_92' title="bbox 625 4013 2203 4086; baseline 0.003 -19"><span class='ocrx_word' id='word_1_697' title='bbox 625 4026 841 4082; x_wconf 88' lang='lat' dir='ltr'><strong>corpus,</strong></span> <span class='ocrx_word' id='word_1_698' title='bbox 860 4026 1147 4080; x_wconf 91' lang='lat' dir='ltr'><strong>corporum</strong></span> <span class='ocrx_word' id='word_1_699' title='bbox 1172 4021 1352 4066; x_wconf 88' lang='lat' dir='ltr'><strong>autem</strong></span> <span class='ocrx_word' id='word_1_700' title='bbox 1381 4013 1659 4083; x_wconf 88' lang='lat' dir='ltr'><strong>proprium</strong></span> <span class='ocrx_word' id='word_1_701' title='bbox 1686 4025 1771 4070; x_wconf 89' lang='lat' dir='ltr'><strong>est</strong></span> <span class='ocrx_word' id='word_1_702' title='bbox 1789 4014 2049 4071; x_wconf 88' lang='lat' dir='ltr'><strong>localibus</strong></span> <span class='ocrx_word' id='word_1_703' title='bbox 2077 4031 2203 4086; x_wconf 83' lang='lat' dir='ltr'><strong>sps-</strong></span> 
     </span>
    </p>
   </div>
   <div class='ocr_carea' id='block_1_81' title="bbox 2311 4008 3881 4086">
    <p class='ocr_par' dir='ltr' id='par_1_81' title="bbox 2311 4008 3881 4085">
     <span class='ocr_line' id='line_1_93' title="bbox 2311 4008 3881 4085; baseline 0.008 -26"><span class='ocrx_word' id='word_1_704' title='bbox 2311 4008 2464 4060; x_wconf 78' lang='grc' dir='ltr'>ιὺτὸν</span> <span class='ocrx_word' id='word_1_705' title='bbox 2494 4008 2812 4079; x_wconf 75' lang='grc' dir='ltr'>μερίζεσθαι</span> <span class='ocrx_word' id='word_1_706' title='bbox 2840 4009 2988 4079; x_wconf 75' lang='grc' dir='ltr'>λέγοι</span> <span class='ocrx_word' id='word_1_707' title='bbox 3008 4051 3024 4073; x_wconf 84' lang='grc'><strong>,</strong></span> <span class='ocrx_word' id='word_1_708' title='bbox 3056 4012 3179 4065; x_wconf 75' lang='grc' dir='ltr'>ἐπεὶ</span> <span class='ocrx_word' id='word_1_709' title='bbox 3213 4013 3348 4083; x_wconf 86' lang='grc' dir='ltr'>μήτε</span> <span class='ocrx_word' id='word_1_710' title='bbox 3382 4014 3541 4085; x_wconf 86' lang='grc' dir='ltr'>σῶμά</span> <span class='ocrx_word' id='word_1_711' title='bbox 3572 4017 3690 4069; x_wconf 87' lang='grc' dir='ltr'>ἐστι</span> <span class='ocrx_word' id='word_1_712' title='bbox 3712 4034 3727 4048; x_wconf 75' lang='grc'>⁸</span> <span class='ocrx_word' id='word_1_713' title='bbox 3772 4035 3881 4072; x_wconf 73' lang='grc' dir='ltr'>σιω-</span> 
     </span>
    </p>
   </div>
   <div class='ocr_carea' id='block_1_82' title="bbox 627 4097 2208 4174">
    <p class='ocr_par' dir='ltr' id='par_1_82' title="bbox 627 4101 2199 4174">
     <span class='ocr_line' id='line_1_94' title="bbox 627 4101 2199 4174; baseline 0.003 -17"><span class='ocrx_word' id='word_1_714' title='bbox 627 4103 717 4158; x_wconf 88' lang='lat' dir='ltr'><strong>tiis</strong></span> <span class='ocrx_word' id='word_1_715' title='bbox 757 4101 973 4168; x_wconf 86' lang='lat' dir='ltr'><strong>dirimi;</strong></span> <span class='ocrx_word' id='word_1_716' title='bbox 1013 4102 1277 4173; x_wconf 83' lang='lat' dir='ltr'><strong>reliquum</strong></span> <span class='ocrx_word' id='word_1_717' title='bbox 1323 4118 1456 4174; x_wconf 88' lang='lat' dir='ltr'><strong>ergo</strong></span> <span class='ocrx_word' id='word_1_718' title='bbox 1487 4114 1572 4159; x_wconf 90' lang='lat' dir='ltr'><strong>est</strong></span> <span class='ocrx_word' id='word_1_719' title='bbox 1604 4114 1661 4159; x_wconf 93' lang='lat' dir='ltr'><strong>ut</strong></span> <span class='ocrx_word' id='word_1_720' title='bbox 1694 4105 1904 4161; x_wconf 86' lang='lat' dir='ltr'><strong>ratione</strong></span> <span class='ocrx_word' id='word_1_721' title='bbox 1935 4105 2148 4162; x_wconf 70' lang='lat' dir='ltr'><strong>differat</strong></span> <span class='ocrx_word' id='word_1_722' title='bbox 2182 4125 2199 4162; x_wconf 86' lang='lat'><strong>:</strong></span> 
     </span>
    </p>
   </div>
   <div class='ocr_carea' id='block_1_83' title="bbox 2311 4097 3876 4174">
    <p class='ocr_par' dir='ltr' id='par_1_83' title="bbox 2311 4097 3876 4174">
     <span class='ocr_line' id='line_1_95' title="bbox 2311 4097 3876 4174; baseline 0.007 -24"><span class='ocrx_word' id='word_1_723' title='bbox 2311 4097 2488 4167; x_wconf 81' lang='grc' dir='ltr'>μάτων</span> <span class='ocrx_word' id='word_1_724' title='bbox 2522 4101 2627 4171; x_wconf 77' lang='grc' dir='ltr'><strong>γὰρ</strong></span> <span class='ocrx_word' id='word_1_725' title='bbox 2684 4100 2813 4155; x_wconf 72' lang='grc' dir='ltr'>ἴδιον</span> <span class='ocrx_word' id='word_1_726' title='bbox 2855 4106 3111 4167; x_wconf 88' lang='grc' dir='ltr'>τοπικαῖς</span> <span class='ocrx_word' id='word_1_727' title='bbox 3159 4102 3478 4174; x_wconf 77' lang='grc' dir='ltr'>μερίζεσθαι</span> <span class='ocrx_word' id='word_1_728' title='bbox 3525 4106 3876 4162; x_wconf 84' lang='grc' dir='ltr'>διαστάσεσι-</span> 
     </span>
    </p>
   </div>
   <div class='ocr_carea' id='block_1_84' title="bbox 626 4188 2208 4270">
    <p class='ocr_par' dir='ltr' id='par_1_84' title="bbox 626 4194 2200 4254">
     <span class='ocr_line' id='line_1_96' title="bbox 626 4194 2200 4254; baseline 0.003 -6"><span class='ocrx_word' id='word_1_729' title='bbox 626 4196 835 4249; x_wconf 89' lang='lat' dir='ltr'><strong>ratione</strong></span> <span class='ocrx_word' id='word_1_730' title='bbox 877 4202 1057 4248; x_wconf 86' lang='lat' dir='ltr'><strong>autem</strong></span> <span class='ocrx_word' id='word_1_731' title='bbox 1092 4194 1212 4249; x_wconf 91' lang='lat' dir='ltr'><strong>dico</strong></span> <span class='ocrx_word' id='word_1_732' title='bbox 1246 4194 1506 4249; x_wconf 82' lang='lat' dir='ltr'><strong>naturali.</strong></span> <span class='ocrx_word' id='word_1_733' title='bbox 1536 4195 1605 4249; x_wconf 81' lang='lat' dir='ltr'><strong>At</strong></span> <span class='ocrx_word' id='word_1_734' title='bbox 1638 4196 1681 4249; x_wconf 88' lang='lat' dir='ltr'><strong>si</strong></span> <span class='ocrx_word' id='word_1_735' title='bbox 1716 4204 1908 4249; x_wconf 89' lang='lat' dir='ltr'><strong>natura</strong></span> <span class='ocrx_word' id='word_1_736' title='bbox 1945 4204 2027 4251; x_wconf 90' lang='lat' dir='ltr'><strong>est</strong></span> <span class='ocrx_word' id='word_1_737' title='bbox 2060 4198 2200 4254; x_wconf 90' lang='lat' dir='ltr'><strong>Deus</strong></span> 
     </span>
    </p>
   </div>
   <div class='ocr_carea' id='block_1_85' title="bbox 2311 4188 3878 4270">
    <p class='ocr_par' dir='ltr' id='par_1_85' title="bbox 2311 4190 3878 4270">
     <span class='ocr_line' id='line_1_97' title="bbox 2311 4190 3878 4270; baseline 0.008 -29"><span class='ocrx_word' id='word_1_738' title='bbox 2311 4190 2543 4245; x_wconf 64' lang='grc' dir='ltr'>λείπεται</span> <span class='ocrx_word' id='word_1_739' title='bbox 2574 4191 2753 4244; x_wconf 91' lang='grc' dir='ltr'>τοίνυν</span> <span class='ocrx_word' id='word_1_740' title='bbox 2780 4194 2864 4259; x_wconf 83' lang='grc' dir='ltr'>τὸ,</span> <span class='ocrx_word' id='word_1_741' title='bbox 2899 4192 3041 4264; x_wconf 85' lang='grc' dir='ltr'>λόγῳ</span> <span class='ocrx_word' id='word_1_742' title='bbox 3075 4194 3406 4266; x_wconf 81' lang='grc' dir='ltr'>χωρίζεσθαι</span> <span class='ocrx_word' id='word_1_743' title='bbox 3430 4212 3445 4225; x_wconf 84' lang='grc'><em>’</em></span> <span class='ocrx_word' id='word_1_744' title='bbox 3481 4196 3623 4269; x_wconf 86' lang='grc' dir='ltr'>λόγῳ</span> <span class='ocrx_word' id='word_1_745' title='bbox 3647 4198 3705 4252; x_wconf 81' lang='grc' dir='ltr'><strong>δέ</strong></span> <span class='ocrx_word' id='word_1_746' title='bbox 3736 4217 3878 4270; x_wconf 84' lang='grc' dir='ltr'>φημι</span> 
     </span>
    </p>
   </div>
   <div class='ocr_carea' id='block_1_86' title="bbox 622 4280 2208 4359">
    <p class='ocr_par' dir='ltr' id='par_1_86' title="bbox 622 4285 2200 4359">
     <span class='ocr_line' id='line_1_98' title="bbox 622 4285 2200 4359; baseline 0.003 -19"><span class='ocrx_word' id='word_1_747' title='bbox 622 4285 804 4351; x_wconf 87' lang='lat' dir='ltr'><strong>Pater,</strong></span> <span class='ocrx_word' id='word_1_748' title='bbox 829 4294 884 4339; x_wconf 88' lang='lat' dir='ltr'><strong>et</strong></span> <span class='ocrx_word' id='word_1_749' title='bbox 911 4294 1105 4340; x_wconf 80' lang='lat' dir='ltr'><strong>natura</strong></span> <span class='ocrx_word' id='word_1_750' title='bbox 1136 4285 1277 4341; x_wconf 89' lang='lat' dir='ltr'><strong>Deus</strong></span> <span class='ocrx_word' id='word_1_751' title='bbox 1300 4286 1493 4354; x_wconf 86' lang='lat' dir='ltr'><strong>Filius,</strong></span> <span class='ocrx_word' id='word_1_752' title='bbox 1521 4286 1821 4355; x_wconf 87' lang='lat' dir='ltr'><strong>qualisnam</strong></span> <span class='ocrx_word' id='word_1_753' title='bbox 1853 4288 1995 4343; x_wconf 88' lang='lat' dir='ltr'><strong>ratio</strong></span> <span class='ocrx_word' id='word_1_754' title='bbox 2024 4289 2200 4359; x_wconf 64' lang='lat' dir='ltr'><strong>ipsum</strong></span> 
     </span>
    </p>
   </div>
   <div class='ocr_carea' id='block_1_87' title="bbox 2311 4280 3876 4359">
    <p class='ocr_par' dir='ltr' id='par_1_87' title="bbox 2311 4280 3876 4358">
     <span class='ocr_line' id='line_1_99' title="bbox 2311 4280 3876 4358; baseline 0.006 -25"><span class='ocrx_word' id='word_1_755' title='bbox 2311 4280 2374 4351; x_wconf 76' lang='grc' dir='ltr'><strong>τῷ</strong></span> <span class='ocrx_word' id='word_1_756' title='bbox 2402 4282 2543 4336; x_wconf 88' lang='grc' dir='ltr'><strong>κατά</strong></span> <span class='ocrx_word' id='word_1_757' title='bbox 2570 4283 2669 4354; x_wconf 82' lang='grc' dir='ltr'><strong>τήν</strong></span> <span class='ocrx_word' id='word_1_758' title='bbox 2714 4283 2897 4352; x_wconf 88' lang='grc' dir='ltr'>φύσιν.</span> <span class='ocrx_word' id='word_1_759' title='bbox 2943 4285 3081 4337; x_wconf 81' lang='grc' dir='ltr'>Ἀλλ’</span> <span class='ocrx_word' id='word_1_760' title='bbox 3112 4286 3270 4358; x_wconf 69' lang='grc' dir='ltr'>εἴπερ</span> <span class='ocrx_word' id='word_1_761' title='bbox 3320 4286 3480 4357; x_wconf 79' lang='grc' dir='ltr'>φύσει</span> <span class='ocrx_word' id='word_1_762' title='bbox 3527 4289 3662 4353; x_wconf 82' lang='grc' dir='ltr'>Θεὸς</span> <span class='ocrx_word' id='word_1_763' title='bbox 3702 4292 3731 4343; x_wconf 92' lang='grc' dir='ltr'><strong>ὁ</strong></span> <span class='ocrx_word' id='word_1_764' title='bbox 3758 4291 3876 4343; x_wconf 77' lang='grc' dir='ltr'>Παο</span> 
     </span>
    </p>
   </div>
   <div class='ocr_carea' id='block_1_88' title="bbox 623 4373 2208 4451">
    <p class='ocr_par' dir='ltr' id='par_1_88' title="bbox 623 4376 2195 4449">
     <span class='ocr_line' id='line_1_100' title="bbox 623 4376 2195 4449; baseline 0.003 -20"><span class='ocrx_word' id='word_1_765' title='bbox 623 4376 940 4447; x_wconf 81' lang='lat' dir='ltr'><strong>distinguit?</strong></span> <span class='ocrx_word' id='word_1_766' title='bbox 967 4377 1097 4442; x_wconf 82' lang='lat' dir='ltr'><strong>Quis</strong></span> <span class='ocrx_word' id='word_1_767' title='bbox 1120 4385 1306 4431; x_wconf 88' lang='lat' dir='ltr'><strong>autem</strong></span> <span class='ocrx_word' id='word_1_768' title='bbox 1334 4391 1440 4431; x_wconf 93' lang='lat' dir='ltr'><strong>non</strong></span> <span class='ocrx_word' id='word_1_769' title='bbox 1469 4377 1704 4432; x_wconf 81' lang='lat' dir='ltr'><strong>fateatur</strong></span> <span class='ocrx_word' id='word_1_770' title='bbox 1724 4392 1786 4431; x_wconf 90' lang='lat' dir='ltr'><strong>ea</strong></span> <span class='ocrx_word' id='word_1_771' title='bbox 1817 4393 1936 4447; x_wconf 76' lang='lat' dir='ltr'><strong>qua:</strong></span> <span class='ocrx_word' id='word_1_772' title='bbox 1956 4379 2195 4449; x_wconf 82' lang='lat' dir='ltr'><strong>ejusdem</strong></span> 
     </span>
    </p>
   </div>
   <div class='ocr_carea' id='block_1_89' title="bbox 2311 4373 3875 4451">
    <p class='ocr_par' dir='ltr' id='par_1_89' title="bbox 2311 4373 3875 4451">
     <span class='ocr_line' id='line_1_101' title="bbox 2311 4373 3875 4451; baseline 0.006 -26"><span class='ocrx_word' id='word_1_773' title='bbox 2311 4373 2420 4443; x_wconf 75' lang='grc' dir='ltr'>ιὴρ,</span> <span class='ocrx_word' id='word_1_774' title='bbox 2459 4374 2554 4427; x_wconf 66' lang='grc' dir='ltr'><strong>κα)⁸</strong></span> <span class='ocrx_word' id='word_1_775' title='bbox 2582 4374 2742 4442; x_wconf 88' lang='grc' dir='ltr'>φύσει</span> <span class='ocrx_word' id='word_1_776' title='bbox 2769 4376 2901 4439; x_wconf 82' lang='grc' dir='ltr'>Θεὸς</span> <span class='ocrx_word' id='word_1_777' title='bbox 2944 4377 2973 4429; x_wconf 92' lang='grc' dir='ltr'><strong>ὁ</strong></span> <span class='ocrx_word' id='word_1_778' title='bbox 3014 4376 3161 4442; x_wconf 82' lang='grc' dir='ltr'>Υίὸς,</span> <span class='ocrx_word' id='word_1_779' title='bbox 3195 4380 3346 4441; x_wconf 80' lang='grc' dir='ltr'>ποῖος</span> <span class='ocrx_word' id='word_1_780' title='bbox 3377 4379 3539 4432; x_wconf 81' lang='grc' dir='ltr'>αὑτὸν</span> <span class='ocrx_word' id='word_1_781' title='bbox 3580 4382 3875 4451; x_wconf 83' lang='grc' dir='ltr'>ἀποτέμνει</span> 
     </span>
    </p>
   </div>
   <div class='ocr_carea' id='block_1_90' title="bbox 623 4447 2208 4541">
    <p class='ocr_par' dir='ltr' id='par_1_90' title="bbox 623 4447 2194 4534">
     <span class='ocr_line' id='line_1_102' title="bbox 623 4447 2194 4534; baseline 0.001 -11"><span class='ocrx_word' id='word_1_782' title='bbox 623 4468 873 4524; x_wconf 65' lang='lat' dir='ltr'><strong>essentia:</strong></span> <span class='ocrx_word' id='word_1_783' title='bbox 903 4476 1059 4533; x_wconf 85' lang='lat' dir='ltr'><strong>sunt,</strong></span> <span class='ocrx_word' id='word_1_784' title='bbox 1091 4467 1290 4523; x_wconf 87' lang='lat' dir='ltr'><strong>similia</strong></span> <span class='ocrx_word' id='word_1_785' title='bbox 1326 4467 1465 4521; x_wconf 88' lang='lat' dir='ltr'><strong>inter</strong></span> <span class='ocrx_word' id='word_1_786' title='bbox 1494 4482 1553 4522; x_wconf 89' lang='lat' dir='ltr'><strong>se</strong></span> <span class='ocrx_word' id='word_1_787' title='bbox 1582 4467 1735 4522; x_wconf 74' lang='lat' dir='ltr'><strong>esse?</strong></span> <span class='ocrx_word' id='word_1_788' title='bbox 1760 4447 2061 4534; x_wconf 66' lang='lat' dir='ltr'><strong>Praeterea,</strong></span> <span class='ocrx_word' id='word_1_789' title='bbox 2090 4486 2194 4525; x_wconf 89' lang='lat' dir='ltr'><strong>non</strong></span> 
     </span>
    </p>
   </div>
   <div class='ocr_carea' id='block_1_91' title="bbox 2311 4447 3873 4541">
    <p class='ocr_par' dir='ltr' id='par_1_91' title="bbox 2311 4447 3873 4541">
     <span class='ocr_line' id='line_1_103' title="bbox 2311 4447 3873 4541; baseline 0.004 -27"><span class='ocrx_word' id='word_1_790' title='bbox 2311 4463 2481 4531; x_wconf 63' lang='grc' dir='ltr'>λόγοςς</span> <span class='ocrx_word' id='word_1_791' title='bbox 2500 4464 2603 4528; x_wconf 86' lang='grc' dir='ltr'>Τίς</span> <span class='ocrx_word' id='word_1_792' title='bbox 2622 4466 2678 4518; x_wconf 79' lang='grc' dir='ltr'>δὲ</span> <span class='ocrx_word' id='word_1_793' title='bbox 2706 4466 2767 4518; x_wconf 90' lang='grc' dir='ltr'><strong>οὑ</strong></span> <span class='ocrx_word' id='word_1_794' title='bbox 2807 4468 3149 4539; x_wconf 83' lang='grc' dir='ltr'>συγχωρήσει</span> <span class='ocrx_word' id='word_1_795' title='bbox 3176 4468 3274 4538; x_wconf 79' lang='grc' dir='ltr'><strong>τὴν</strong></span> <span class='ocrx_word' id='word_1_796' title='bbox 3299 4468 3435 4540; x_wconf 81' lang='grc' dir='ltr'>πρὸς</span> <span class='ocrx_word' id='word_1_797' title='bbox 3460 4469 3665 4541; x_wconf 74' lang='grc' dir='ltr'>ἄλληλα</span> <span class='ocrx_word' id='word_1_798' title='bbox 3692 4447 3873 4541; x_wconf 76' lang='grc' dir='ltr'>φορεῖν</span> 
     </span>
    </p>
   </div>
   <div class='ocr_carea' id='block_1_92' title="bbox 622 4552 2208 4629">
    <p class='ocr_par' dir='ltr' id='par_1_92' title="bbox 622 4557 2192 4629">
     <span class='ocr_line' id='line_1_104' title="bbox 622 4557 2192 4629; baseline 0 -15"><span class='ocrx_word' id='word_1_799' title='bbox 622 4559 783 4615; x_wconf 83' lang='lat' dir='ltr'><strong>veluti</strong></span> <span class='ocrx_word' id='word_1_800' title='bbox 807 4561 1145 4616; x_wconf 86' lang='lat' dir='ltr'><strong>contrarium</strong></span> <span class='ocrx_word' id='word_1_801' title='bbox 1172 4560 1537 4629; x_wconf 83' lang='lat' dir='ltr'><strong>tlistinguetur</strong></span> <span class='ocrx_word' id='word_1_802' title='bbox 1559 4557 1728 4613; x_wconf 81' lang='lat' dir='ltr'><strong>Filius</strong></span> <span class='ocrx_word' id='word_1_803' title='bbox 1755 4575 1783 4611; x_wconf 90' lang='lat' dir='ltr'><strong>a</strong></span> <span class='ocrx_word' id='word_1_804' title='bbox 1812 4557 1992 4625; x_wconf 80' lang='lat' dir='ltr'><strong>Patre,</strong></span> <span class='ocrx_word' id='word_1_805' title='bbox 2018 4566 2078 4614; x_wconf 84' lang='lat' dir='ltr'><strong>ut</strong></span> <span class='ocrx_word' id='word_1_806' title='bbox 2103 4561 2192 4615; x_wconf 92' lang='lat' dir='ltr'><strong>illa</strong></span> 
     </span>
    </p>
   </div>
   <div class='ocr_carea' id='block_1_93' title="bbox 2311 4552 3871 4629">
    <p class='ocr_par' dir='ltr' id='par_1_93' title="bbox 2311 4552 3871 4626">
     <span class='ocr_line' id='line_1_105' title="bbox 2311 4552 3871 4626; baseline 0.003 -22"><span class='ocrx_word' id='word_1_807' title='bbox 2311 4552 2590 4623; x_wconf 58' lang='grc' dir='ltr'>ὁμοιότητα</span> <span class='ocrx_word' id='word_1_808' title='bbox 2639 4553 2739 4622; x_wconf 82' lang='grc' dir='ltr'>τῆς</span> <span class='ocrx_word' id='word_1_809' title='bbox 2790 4553 2956 4608; x_wconf 81' lang='grc' dir='ltr'>αὑτοῦ</span> <span class='ocrx_word' id='word_1_810' title='bbox 3002 4555 3188 4619; x_wconf 87' lang='grc' dir='ltr'>οὑσίας</span> <span class='ocrx_word' id='word_1_811' title='bbox 3235 4556 3578 4626; x_wconf 81' lang='grc' dir='ltr'>ὑπάρχοντα;</span> <span class='ocrx_word' id='word_1_812' title='bbox 3637 4557 3757 4609; x_wconf 89' lang='grc' dir='ltr'>Ἔτι</span> <span class='ocrx_word' id='word_1_813' title='bbox 3811 4574 3871 4609; x_wconf 91' lang='grc' dir='ltr'><strong>τε</strong></span> 
     </span>
    </p>
   </div>
   <div class='ocr_carea' id='block_1_94' title="bbox 620 4640 2208 4720">
    <p class='ocr_par' dir='ltr' id='par_1_94' title="bbox 620 4647 2195 4719">
     <span class='ocr_line' id='line_1_106' title="bbox 620 4647 2195 4719; baseline 0.002 -16"><span class='ocrx_word' id='word_1_814' title='bbox 620 4664 747 4719; x_wconf 68' lang='lat' dir='ltr'><strong>quae</strong></span> <span class='ocrx_word' id='word_1_815' title='bbox 771 4650 1029 4705; x_wconf 79' lang='lat' dir='ltr'><strong>dicuntur</strong></span> <span class='ocrx_word' id='word_1_816' title='bbox 1056 4650 1390 4705; x_wconf 80' lang='lat' dir='ltr'><strong>immediata.</strong></span> <span class='ocrx_word' id='word_1_817' title='bbox 1424 4647 1611 4719; x_wconf 84' lang='lat' dir='ltr'><strong>Neque</strong></span> <span class='ocrx_word' id='word_1_818' title='bbox 1643 4649 1784 4703; x_wconf 83' lang='lat' dir='ltr'><strong>enim</strong></span> <span class='ocrx_word' id='word_1_819' title='bbox 1818 4658 1875 4702; x_wconf 86' lang='lat' dir='ltr'><strong>ut</strong></span> <span class='ocrx_word' id='word_1_820' title='bbox 1904 4651 2108 4706; x_wconf 89' lang='lat' dir='ltr'><strong>sanilas</strong></span> <span class='ocrx_word' id='word_1_821' title='bbox 2138 4662 2195 4706; x_wconf 91' lang='lat' dir='ltr'><strong>et</strong></span> 
     </span>
    </p>
   </div>
   <div class='ocr_carea' id='block_1_95' title="bbox 2311 4640 3871 4720">
    <p class='ocr_par' dir='ltr' id='par_1_95' title="bbox 2311 4640 3871 4720">
     <span class='ocr_line' id='line_1_107' title="bbox 2311 4640 3871 4720; baseline 0.004 -25"><span class='ocrx_word' id='word_1_822' title='bbox 2311 4644 2431 4713; x_wconf 69' lang='grc' dir='ltr'>πρὸς</span> <span class='ocrx_word' id='word_1_823' title='bbox 2465 4644 2659 4716; x_wconf 81' lang='grc' dir='ltr'>τούτῳ,</span> <span class='ocrx_word' id='word_1_824' title='bbox 2694 4646 2814 4699; x_wconf 84' lang='grc' dir='ltr'>οὐδὲ</span> <span class='ocrx_word' id='word_1_825' title='bbox 2842 4646 2917 4710; x_wconf 82' lang='grc' dir='ltr'><strong>ὡς</strong></span> <span class='ocrx_word' id='word_1_826' title='bbox 2950 4640 3191 4701; x_wconf 85' lang='grc' dir='ltr'>ἐναντίον</span> <span class='ocrx_word' id='word_1_827' title='bbox 3224 4648 3333 4715; x_wconf 76' lang='grc' dir='ltr'>ἔξει</span> <span class='ocrx_word' id='word_1_828' title='bbox 3364 4667 3415 4702; x_wconf 90' lang='grc' dir='ltr'><strong>τι</strong></span> <span class='ocrx_word' id='word_1_829' title='bbox 3446 4649 3581 4720; x_wconf 83' lang='grc' dir='ltr'>πρὸς</span> <span class='ocrx_word' id='word_1_830' title='bbox 3623 4649 3715 4702; x_wconf 83' lang='grc' dir='ltr'>τὸν</span> <span class='ocrx_word' id='word_1_831' title='bbox 3746 4649 3871 4701; x_wconf 81' lang='grc' dir='ltr'>Υἰὸν</span> 
     </span>
    </p>
   </div>
   <div class='ocr_carea' id='block_1_96' title="bbox 623 4734 2208 4808">
    <p class='ocr_par' dir='ltr' id='par_1_96' title="bbox 623 4738 2187 4808">
     <span class='ocr_line' id='line_1_108' title="bbox 623 4738 2187 4808; baseline 0.001 -14"><span class='ocrx_word' id='word_1_832' title='bbox 623 4741 845 4795; x_wconf 88' lang='lat' dir='ltr'><strong>morbus</strong></span> <span class='ocrx_word' id='word_1_833' title='bbox 891 4740 1033 4793; x_wconf 92' lang='lat' dir='ltr'><strong>inter</strong></span> <span class='ocrx_word' id='word_1_834' title='bbox 1076 4753 1137 4794; x_wconf 88' lang='lat' dir='ltr'><strong>se</strong></span> <span class='ocrx_word' id='word_1_835' title='bbox 1180 4738 1477 4802; x_wconf 84' lang='lat' dir='ltr'><strong>dissident;</strong></span> <span class='ocrx_word' id='word_1_836' title='bbox 1522 4753 1695 4808; x_wconf 90' lang='lat' dir='ltr'><strong>neque</strong></span> <span class='ocrx_word' id='word_1_837' title='bbox 1740 4741 2187 4808; x_wconf 81' lang='lat' dir='ltr'><strong>quemadmodum</strong></span> 
     </span>
    </p>
   </div>
   <div class='ocr_carea' id='block_1_97' title="bbox 2311 4734 3869 4808">
    <p class='ocr_par' dir='ltr' id='par_1_97' title="bbox 2311 4734 3869 4808">
     <span class='ocr_line' id='line_1_109' title="bbox 2311 4734 3869 4808; baseline 0.003 -22"><span class='ocrx_word' id='word_1_838' title='bbox 2311 4734 2551 4805; x_wconf 61' lang='grc' dir='ltr'>δΠατὴρ,</span> <span class='ocrx_word' id='word_1_839' title='bbox 2576 4735 2651 4797; x_wconf 83' lang='grc' dir='ltr'>ὡς</span> <span class='ocrx_word' id='word_1_840' title='bbox 2680 4735 2748 4788; x_wconf 84' lang='grc' dir='ltr'><strong>τὰ</strong></span> <span class='ocrx_word' id='word_1_841' title='bbox 2769 4736 2948 4806; x_wconf 81' lang='grc' dir='ltr'>ἀμεσα</span> <span class='ocrx_word' id='word_1_842' title='bbox 2979 4736 3301 4807; x_wconf 88' lang='grc' dir='ltr'>καλούμενα.</span> <span class='ocrx_word' id='word_1_843' title='bbox 3335 4738 3409 4791; x_wconf 88' lang='grc' dir='ltr'>Οὑ</span> <span class='ocrx_word' id='word_1_844' title='bbox 3440 4738 3548 4808; x_wconf 78' lang='grc' dir='ltr'><strong>γὰρ</strong></span> <span class='ocrx_word' id='word_1_845' title='bbox 3587 4738 3664 4802; x_wconf 85' lang='grc' dir='ltr'><strong>ὡς</strong></span> <span class='ocrx_word' id='word_1_846' title='bbox 3693 4740 3869 4807; x_wconf 81' lang='grc' dir='ltr'>ὑγίεια</span> 
     </span>
    </p>
   </div>
   <div class='ocr_carea' id='block_1_98' title="bbox 620 4824 2208 4899">
    <p class='ocr_par' dir='ltr' id='par_1_98' title="bbox 620 4828 2187 4899">
     <span class='ocr_line' id='line_1_110' title="bbox 620 4828 2187 4899; baseline 0.001 -17"><span class='ocrx_word' id='word_1_847' title='bbox 620 4844 786 4884; x_wconf 76' lang='lat' dir='ltr'><strong>unum</strong></span> <span class='ocrx_word' id='word_1_848' title='bbox 828 4828 1035 4899; x_wconf 81' lang='lat' dir='ltr'><strong>aliquid</strong></span> <span class='ocrx_word' id='word_1_849' title='bbox 1067 4843 1255 4883; x_wconf 84' lang='lat' dir='ltr'><strong>eorum</strong></span> <span class='ocrx_word' id='word_1_850' title='bbox 1283 4842 1402 4895; x_wconf 79' lang='lat' dir='ltr'><strong>quae</strong></span> <span class='ocrx_word' id='word_1_851' title='bbox 1444 4828 1688 4897; x_wconf 66' lang='lat' dir='ltr'><strong>diximus:</strong></span> <span class='ocrx_word' id='word_1_852' title='bbox 1713 4828 1766 4882; x_wconf 91' lang='lat' dir='ltr'><strong>in</strong></span> <span class='ocrx_word' id='word_1_853' title='bbox 1803 4829 2021 4884; x_wconf 88' lang='lat' dir='ltr'><strong>homine</strong></span> <span class='ocrx_word' id='word_1_854' title='bbox 2055 4832 2187 4885; x_wconf 90' lang='lat' dir='ltr'><strong>reti-</strong></span> 
     </span>
    </p>
   </div>
   <div class='ocr_carea' id='block_1_99' title="bbox 2311 4824 3866 4899">
    <p class='ocr_par' dir='ltr' id='par_1_99' title="bbox 2311 4824 3866 4898">
     <span class='ocr_line' id='line_1_111' title="bbox 2311 4824 3866 4898; baseline 0.003 -22"><span class='ocrx_word' id='word_1_855' title='bbox 2311 4825 2385 4877; x_wconf 75' lang='grc' dir='ltr'>ιαὶ</span> <span class='ocrx_word' id='word_1_856' title='bbox 2421 4824 2574 4887; x_wconf 88' lang='grc' dir='ltr'>νόσος</span> <span class='ocrx_word' id='word_1_857' title='bbox 2619 4824 2871 4894; x_wconf 88' lang='grc' dir='ltr'>ἀλλήλοις</span> <span class='ocrx_word' id='word_1_858' title='bbox 2901 4825 3262 4880; x_wconf 85' lang='grc' dir='ltr'>ἀντίκεινται·</span> <span class='ocrx_word' id='word_1_859' title='bbox 3298 4826 3419 4881; x_wconf 86' lang='grc' dir='ltr'>οὑδὲ</span> <span class='ocrx_word' id='word_1_860' title='bbox 3470 4827 3661 4898; x_wconf 83' lang='grc' dir='ltr'>ὥσπερ</span> <span class='ocrx_word' id='word_1_861' title='bbox 3708 4829 3767 4881; x_wconf 74' lang='grc' dir='ltr'><strong>ἐν</strong></span> <span class='ocrx_word' id='word_1_862' title='bbox 3814 4846 3866 4881; x_wconf 80' lang='grc' dir='ltr'><strong>τι</strong></span> 
     </span>
    </p>
   </div>
   <div class='ocr_carea' id='block_1_100' title="bbox 620 4914 2208 4988">
    <p class='ocr_par' dir='ltr' id='par_1_100' title="bbox 620 4916 2183 4984">
     <span class='ocr_line' id='line_1_112' title="bbox 620 4916 2183 4984; baseline 0.003 -13"><span class='ocrx_word' id='word_1_863' title='bbox 620 4919 732 4972; x_wconf 88' lang='lat' dir='ltr'><strong>neri</strong></span> <span class='ocrx_word' id='word_1_864' title='bbox 751 4957 768 4984; x_wconf 95' lang='lat'><strong>,</strong></span> <span class='ocrx_word' id='word_1_865' title='bbox 798 4918 939 4972; x_wconf 91' lang='lat' dir='ltr'><strong>ratio</strong></span> <span class='ocrx_word' id='word_1_866' title='bbox 958 4918 1234 4983; x_wconf 70' lang='lat' dir='ltr'><strong>ostendit,</strong></span> <span class='ocrx_word' id='word_1_867' title='bbox 1263 4919 1337 4971; x_wconf 87' lang='lat' dir='ltr'><strong>ita</strong></span> <span class='ocrx_word' id='word_1_868' title='bbox 1367 4917 1530 4972; x_wconf 88' lang='lat' dir='ltr'><strong>etiam</strong></span> <span class='ocrx_word' id='word_1_869' title='bbox 1560 4928 1644 4972; x_wconf 88' lang='lat' dir='ltr'><strong>est</strong></span> <span class='ocrx_word' id='word_1_870' title='bbox 1671 4918 1724 4971; x_wconf 92' lang='lat' dir='ltr'><strong>in</strong></span> <span class='ocrx_word' id='word_1_871' title='bbox 1752 4916 1913 4973; x_wconf 86' lang='lat' dir='ltr'><strong>Patre</strong></span> <span class='ocrx_word' id='word_1_872' title='bbox 1943 4930 1997 4974; x_wconf 92' lang='lat' dir='ltr'><strong>et</strong></span> <span class='ocrx_word' id='word_1_873' title='bbox 2021 4920 2183 4977; x_wconf 82' lang='lat' dir='ltr'><strong>Filio.</strong></span> 
     </span>
    </p>
   </div>
   <div class='ocr_carea' id='block_1_101' title="bbox 2311 4914 3866 4988">
    <p class='ocr_par' dir='ltr' id='par_1_101' title="bbox 2311 4914 3866 4988">
     <span class='ocr_line' id='line_1_113' title="bbox 2311 4914 3866 4988; baseline 0.003 -21"><span class='ocrx_word' id='word_1_874' title='bbox 2311 4914 2507 4968; x_wconf 82' lang='grc' dir='ltr'>τάντων</span> <span class='ocrx_word' id='word_1_875' title='bbox 2529 4914 2637 4968; x_wconf 85' lang='grc' dir='ltr'><strong>τῶν</strong></span> <span class='ocrx_word' id='word_1_876' title='bbox 2659 4915 2966 4986; x_wconf 80' lang='grc' dir='ltr'>εἰρημένων</span> <span class='ocrx_word' id='word_1_877' title='bbox 2995 4917 3053 4968; x_wconf 85' lang='grc' dir='ltr'><strong>ἐν</strong></span> <span class='ocrx_word' id='word_1_878' title='bbox 3075 4915 3384 4988; x_wconf 86' lang='grc' dir='ltr'>ἀνθρώποις</span> <span class='ocrx_word' id='word_1_879' title='bbox 3412 4917 3684 4982; x_wconf 74' lang='grc' dir='ltr'>σώζεσθαι</span> <span class='ocrx_word' id='word_1_880' title='bbox 3712 4920 3740 4971; x_wconf 92' lang='grc' dir='ltr'><strong>ὁ</strong></span> <span class='ocrx_word' id='word_1_881' title='bbox 3759 4921 3866 4972; x_wconf 63' lang='grc' dir='ltr'>τών</span> 
     </span>
    </p>
   </div>
   <div class='ocr_carea' id='block_1_102' title="bbox 621 5002 2180 5075">
    <p class='ocr_par' dir='ltr' id='par_1_102' title="bbox 621 5002 2180 5075">
     <span class='ocr_line' id='line_1_114' title="bbox 621 5002 2180 5075; baseline 0 -16"><span class='ocrx_word' id='word_1_882' title='bbox 621 5005 890 5069; x_wconf 89' lang='lat' dir='ltr'><strong>lnbabitat</strong></span> <span class='ocrx_word' id='word_1_883' title='bbox 918 5005 1063 5060; x_wconf 86' lang='lat' dir='ltr'><strong>enim</strong></span> <span class='ocrx_word' id='word_1_884' title='bbox 1097 5020 1149 5059; x_wconf 82' lang='lat' dir='ltr'><strong>In</strong></span> <span class='ocrx_word' id='word_1_885' title='bbox 1180 5006 1360 5075; x_wconf 92' lang='lat' dir='ltr'><strong>aliquo</strong></span> <span class='ocrx_word' id='word_1_886' title='bbox 1377 5002 1546 5058; x_wconf 86' lang='lat' dir='ltr'><strong>Pater</strong></span> <span class='ocrx_word' id='word_1_887' title='bbox 1579 5020 1592 5057; x_wconf 91' lang='lat'><strong>:</strong></span> <span class='ocrx_word' id='word_1_888' title='bbox 1624 5003 1888 5059; x_wconf 84' lang='lat' dir='ltr'><strong>inhabitat</strong></span> <span class='ocrx_word' id='word_1_889' title='bbox 1912 5014 1967 5059; x_wconf 90' lang='lat' dir='ltr'><strong>et</strong></span> <span class='ocrx_word' id='word_1_890' title='bbox 1988 5004 2180 5059; x_wconf 81' lang='lat' dir='ltr'><strong>Filius.</strong></span> 
     </span>
    </p>
   </div>
   <div class='ocr_carea' id='block_1_103' title="bbox 616 5094 2181 5167">
    <p class='ocr_par' dir='ltr' id='par_1_103' title="bbox 616 5094 2181 5167">
     <span class='ocr_line' id='line_1_115' title="bbox 616 5094 2181 5167; baseline 0 -16"><span class='ocrx_word' id='word_1_891' title='bbox 616 5095 819 5167; x_wconf 80' lang='lat' dir='ltr'><strong>Neque,</strong></span> <span class='ocrx_word' id='word_1_892' title='bbox 844 5094 1304 5167; x_wconf 87' lang='lat' dir='ltr'><strong>quemadmodum</strong></span> <span class='ocrx_word' id='word_1_893' title='bbox 1335 5094 1423 5149; x_wconf 90' lang='lat' dir='ltr'><strong>illa</strong></span> <span class='ocrx_word' id='word_1_894' title='bbox 1449 5094 1608 5149; x_wconf 92' lang='lat' dir='ltr'><strong>simul</strong></span> <span class='ocrx_word' id='word_1_895' title='bbox 1637 5096 1802 5163; x_wconf 86' lang='lat' dir='ltr'><strong>coire,</strong></span> <span class='ocrx_word' id='word_1_896' title='bbox 1832 5095 2097 5165; x_wconf 88' lang='lat' dir='ltr'><strong>simulque</strong></span> <span class='ocrx_word' id='word_1_897' title='bbox 2129 5097 2181 5151; x_wconf 92' lang='lat' dir='ltr'><strong>in</strong></span> 
     </span>
    </p>
   </div>
   <div class='ocr_carea' id='block_1_104' title="bbox 615 5186 2186 5257">
    <p class='ocr_par' dir='ltr' id='par_1_104' title="bbox 615 5186 2186 5257">
     <span class='ocr_line' id='line_1_116' title="bbox 615 5186 2186 5257; baseline -0.001 -13"><span class='ocrx_word' id='word_1_898' title='bbox 615 5190 802 5245; x_wconf 90' lang='lat' dir='ltr'><strong>eodem</strong></span> <span class='ocrx_word' id='word_1_899' title='bbox 844 5189 1086 5257; x_wconf 86' lang='lat' dir='ltr'><strong>subjecto</strong></span> <span class='ocrx_word' id='word_1_900' title='bbox 1125 5186 1425 5242; x_wconf 85' lang='lat' dir='ltr'><strong>subsistere</strong></span> <span class='ocrx_word' id='word_1_901' title='bbox 1468 5198 1770 5256; x_wconf 87' lang='lat' dir='ltr'><strong>nequeunt,</strong></span> <span class='ocrx_word' id='word_1_902' title='bbox 1808 5188 1879 5242; x_wconf 92' lang='lat' dir='ltr'><strong>ita</strong></span> <span class='ocrx_word' id='word_1_903' title='bbox 1922 5186 2089 5241; x_wconf 89' lang='lat' dir='ltr'><strong>Filius</strong></span> <span class='ocrx_word' id='word_1_904' title='bbox 2131 5197 2186 5242; x_wconf 93' lang='lat' dir='ltr'><strong>et</strong></span> 
     </span>
    </p>
   </div>
   <div class='ocr_carea' id='block_1_105' title="bbox 616 5278 2180 5349">
    <p class='ocr_par' dir='ltr' id='par_1_105' title="bbox 616 5278 2180 5349">
     <span class='ocr_line' id='line_1_117' title="bbox 616 5278 2180 5349; baseline -0.001 -14"><span class='ocrx_word' id='word_1_905' title='bbox 616 5282 777 5335; x_wconf 86' lang='lat' dir='ltr'><strong>Pater</strong></span> <span class='ocrx_word' id='word_1_906' title='bbox 819 5294 879 5336; x_wconf 87' lang='lat' dir='ltr'><strong>se</strong></span> <span class='ocrx_word' id='word_1_907' title='bbox 922 5282 1120 5336; x_wconf 86' lang='lat' dir='ltr'><strong>habent</strong></span> <span class='ocrx_word' id='word_1_908' title='bbox 1161 5296 1176 5332; x_wconf 90' lang='lat'><strong>:</strong></span> <span class='ocrx_word' id='word_1_909' title='bbox 1231 5297 1250 5330; x_wconf 78' lang='grc' dir='ltr'><strong>ι</strong></span> <span class='ocrx_word' id='word_1_910' title='bbox 1306 5278 1442 5333; x_wconf 81' lang='lat' dir='ltr'><strong>Ecce</strong></span> <span class='ocrx_word' id='word_1_911' title='bbox 1485 5279 1660 5345; x_wconf 89' lang='lat' dir='ltr'><strong>enim,</strong></span> <span class='ocrx_word' id='word_1_912' title='bbox 1690 5280 1859 5349; x_wconf 88' lang='lat' dir='ltr'><strong>inquit</strong></span> <span class='ocrx_word' id='word_1_913' title='bbox 1898 5278 2180 5345; x_wconf 89' lang='lat' dir='ltr'><strong>Christus,</strong></span> 
     </span>
    </p>
   </div>
   <div class='ocr_carea' id='block_1_106' title="bbox 617 5352 2176 5439">
    <p class='ocr_par' dir='ltr' id='par_1_106' title="bbox 617 5352 2176 5439">
     <span class='ocr_line' id='line_1_118' title="bbox 617 5352 2176 5439; baseline -0.003 -13"><span class='ocrx_word' id='word_1_914' title='bbox 617 5375 893 5428; x_wconf 81' lang='lat' dir='ltr'><strong>veniemus</strong></span> <span class='ocrx_word' id='word_1_915' title='bbox 931 5386 1033 5439; x_wconf 82' lang='lat' dir='ltr'><strong>ego</strong></span> <span class='ocrx_word' id='word_1_916' title='bbox 1069 5381 1125 5426; x_wconf 88' lang='lat' dir='ltr'><strong>et</strong></span> <span class='ocrx_word' id='word_1_917' title='bbox 1161 5368 1339 5435; x_wconf 85' lang='lat' dir='ltr'><strong>Pater,</strong></span> <span class='ocrx_word' id='word_1_918' title='bbox 1369 5378 1422 5424; x_wconf 90' lang='lat' dir='ltr'><strong>et</strong></span> <span class='ocrx_word' id='word_1_919' title='bbox 1455 5371 1505 5422; x_wconf 89' lang='lat' dir='ltr'><strong>in</strong></span> <span class='ocrx_word' id='word_1_920' title='bbox 1540 5370 1657 5439; x_wconf 90' lang='lat' dir='ltr'><strong>ipso</strong></span> <span class='ocrx_word' id='word_1_921' title='bbox 1697 5352 2034 5425; x_wconf 82' lang='lat' dir='ltr'><strong>manebimus</strong></span> <span class='ocrx_word' id='word_1_922' title='bbox 2053 5369 2119 5423; x_wconf 77' lang='lat'><strong>“.</strong></span> <span class='ocrx_word' id='word_1_923' title='bbox 2157 5388 2176 5421; x_wconf 74' lang='grc' dir='ltr'><strong>ι</strong></span> 
     </span>
    </p>
   </div>
   <div class='ocr_carea' id='block_1_107' title="bbox 614 5460 2183 5533">
    <p class='ocr_par' dir='ltr' id='par_1_107' title="bbox 614 5460 2183 5533">
     <span class='ocr_line' id='line_1_119' title="bbox 614 5460 2183 5533; baseline -0.001 -14"><span class='ocrx_word' id='word_1_924' title='bbox 614 5464 720 5519; x_wconf 84' lang='lat' dir='ltr'><strong>Sed</strong></span> <span class='ocrx_word' id='word_1_925' title='bbox 763 5478 935 5533; x_wconf 92' lang='lat' dir='ltr'><strong>neque</strong></span> <span class='ocrx_word' id='word_1_926' title='bbox 979 5463 1053 5518; x_wconf 88' lang='lat' dir='ltr'><strong>ita</strong></span> <span class='ocrx_word' id='word_1_927' title='bbox 1098 5462 1273 5517; x_wconf 85' lang='lat' dir='ltr'><strong>media</strong></span> <span class='ocrx_word' id='word_1_928' title='bbox 1307 5476 1393 5518; x_wconf 90' lang='lat' dir='ltr'><strong>res</strong></span> <span class='ocrx_word' id='word_1_929' title='bbox 1422 5461 1532 5518; x_wconf 89' lang='lat' dir='ltr'><strong>erit</strong></span> <span class='ocrx_word' id='word_1_930' title='bbox 1566 5460 1729 5517; x_wconf 89' lang='lat' dir='ltr'><strong>Pater</strong></span> <span class='ocrx_word' id='word_1_931' title='bbox 1764 5464 1829 5515; x_wconf 86' lang='lat' dir='ltr'><strong>ad</strong></span> <span class='ocrx_word' id='word_1_932' title='bbox 1866 5460 2092 5529; x_wconf 73' lang='lat' dir='ltr'><strong>Fllilllll,</strong></span> <span class='ocrx_word' id='word_1_933' title='bbox 2127 5472 2183 5518; x_wconf 86' lang='lat' dir='ltr'><strong>ut</strong></span> 
     </span>
    </p>
   </div>
   <div class='ocr_carea' id='block_1_108' title="bbox 603 5548 2180 5624">
    <p class='ocr_par' dir='ltr' id='par_1_108' title="bbox 603 5548 2180 5624">
     <span class='ocr_line' id='line_1_120' title="bbox 603 5548 2180 5624; baseline 0.003 -19"><span class='ocrx_word' id='word_1_934' title='bbox 603 5554 836 5621; x_wconf 82' lang='lat' dir='ltr'><strong>jnstitia.</strong></span> <span class='ocrx_word' id='word_1_935' title='bbox 867 5552 1051 5622; x_wconf 88' lang='lat' dir='ltr'><strong>Neque</strong></span> <span class='ocrx_word' id='word_1_936' title='bbox 1076 5552 1218 5607; x_wconf 89' lang='lat' dir='ltr'><strong>enim</strong></span> <span class='ocrx_word' id='word_1_937' title='bbox 1249 5552 1428 5607; x_wconf 88' lang='lat' dir='ltr'><strong>minus</strong></span> <span class='ocrx_word' id='word_1_938' title='bbox 1457 5553 1561 5606; x_wconf 91' lang='lat' dir='ltr'><strong>erit</strong></span> <span class='ocrx_word' id='word_1_939' title='bbox 1588 5549 1769 5618; x_wconf 87' lang='lat' dir='ltr'><strong>Pater,</strong></span> <span class='ocrx_word' id='word_1_940' title='bbox 1794 5548 1977 5618; x_wconf 85' lang='lat' dir='ltr'><strong>Pater,</strong></span> <span class='ocrx_word' id='word_1_941' title='bbox 2009 5565 2180 5624; x_wconf 87' lang='lat' dir='ltr'><strong>neque</strong></span> 
     </span>
    </p>
   </div>
   <div class='ocr_carea' id='block_1_109' title="bbox 677 5707 1562 5775">
    <p class='ocr_par' dir='ltr' id='par_1_109' title="bbox 677 5707 1562 5775">
     <span class='ocr_line' id='line_1_121' title="bbox 677 5707 1562 5775; baseline -0.01 -6"><span class='ocrx_word' id='word_1_942' title='bbox 677 5709 729 5742; x_wconf 80' lang='grc'><em>³³</em></span> <span class='ocrx_word' id='word_1_943' title='bbox 765 5709 918 5768; x_wconf 83' lang='lat' dir='ltr'><strong>Joan.</strong></span> <span class='ocrx_word' id='word_1_944' title='bbox 948 5726 1058 5775; x_wconf 78' lang='lat' dir='ltr'><strong>xlv,</strong></span> <span class='ocrx_word' id='word_1_945' title='bbox 1090 5711 1143 5767; x_wconf 86' lang='lat'><strong>9.</strong></span> <span class='ocrx_word' id='word_1_946' title='bbox 1223 5709 1270 5741; x_wconf 66' lang='grc'><strong>⁸⁵</strong></span> <span class='ocrx_word' id='word_1_947' title='bbox 1300 5709 1434 5765; x_wconf 89' lang='lat' dir='ltr'><strong>Ibid.</strong></span> <span class='ocrx_word' id='word_1_948' title='bbox 1470 5707 1562 5761; x_wconf 73' lang='lat'><strong>2&#39;5.</strong></span> 
     </span>
    </p>
   </div>
   <div class='ocr_carea' id='block_1_110' title="bbox 2289 5006 3863 5079">
    <p class='ocr_par' dir='ltr' id='par_1_110' title="bbox 2289 5006 3863 5079">
     <span class='ocr_line' id='line_1_122' title="bbox 2289 5006 3863 5079; baseline 0.002 -21"><span class='ocrx_word' id='word_1_949' title='bbox 2289 5006 2634 5077; x_wconf 73' lang='grc' dir='ltr'>πραγμάτων</span> <span class='ocrx_word' id='word_1_950' title='bbox 2690 5008 2992 5075; x_wconf 78' lang='grc' dir='ltr'>ἀναγκάσει</span> <span class='ocrx_word' id='word_1_951' title='bbox 3025 5008 3205 5077; x_wconf 85' lang='grc' dir='ltr'>λόγος,</span> <span class='ocrx_word' id='word_1_952' title='bbox 3230 5008 3375 5063; x_wconf 84' lang='grc' dir='ltr'>οὑτω</span> <span class='ocrx_word' id='word_1_953' title='bbox 3402 5010 3494 5063; x_wconf 74' lang='grc' dir='ltr'>καὶ</span> <span class='ocrx_word' id='word_1_954' title='bbox 3527 5010 3621 5061; x_wconf 82' lang='grc' dir='ltr'>ἐπὶ</span> <span class='ocrx_word' id='word_1_955' title='bbox 3653 5008 3863 5079; x_wconf 75' lang='grc' dir='ltr'>Πατρός</span> 
     </span>
    </p>
   </div>
   <div class='ocr_carea' id='block_1_111' title="bbox 2288 5096 3860 5170">
    <p class='ocr_par' dir='ltr' id='par_1_111' title="bbox 2288 5096 3860 5170">
     <span class='ocr_line' id='line_1_123' title="bbox 2288 5096 3860 5170; baseline -0.001 -20"><span class='ocrx_word' id='word_1_956' title='bbox 2288 5097 2385 5150; x_wconf 73' lang='grc' dir='ltr'>καὶ</span> <span class='ocrx_word' id='word_1_957' title='bbox 2416 5096 2837 5161; x_wconf 80' lang='grc' dir='ltr'>Υίοῦ.,Ἒνοικεῖ</span> <span class='ocrx_word' id='word_1_958' title='bbox 2865 5098 2974 5169; x_wconf 89' lang='grc' dir='ltr'>γάρ</span> <span class='ocrx_word' id='word_1_959' title='bbox 3000 5115 3143 5151; x_wconf 91' lang='grc' dir='ltr'>τισιν</span> <span class='ocrx_word' id='word_1_960' title='bbox 3168 5101 3196 5152; x_wconf 93' lang='grc' dir='ltr'><strong>ὁ</strong></span> <span class='ocrx_word' id='word_1_961' title='bbox 3220 5098 3432 5170; x_wconf 79' lang='grc' dir='ltr'>Πατὴρ.</span> <span class='ocrx_word' id='word_1_962' title='bbox 3467 5099 3666 5151; x_wconf 81' lang='grc' dir='ltr'>ἐνοικεῖ</span> <span class='ocrx_word' id='word_1_963' title='bbox 3687 5099 3744 5153; x_wconf 84' lang='grc' dir='ltr'>δὲ</span> <span class='ocrx_word' id='word_1_964' title='bbox 3771 5098 3860 5151; x_wconf 70' lang='grc' dir='ltr'>καὶ</span> 
     </span>
    </p>
   </div>
   <div class='ocr_carea' id='block_1_112' title="bbox 2288 5187 3858 5260">
    <p class='ocr_par' dir='ltr' id='par_1_112' title="bbox 2288 5187 3858 5260">
     <span class='ocr_line' id='line_1_124' title="bbox 2288 5187 3858 5260; baseline 0 -19"><span class='ocrx_word' id='word_1_965' title='bbox 2288 5189 2316 5241; x_wconf 97' lang='grc' dir='ltr'><strong>ὁ</strong></span> <span class='ocrx_word' id='word_1_966' title='bbox 2352 5188 2499 5251; x_wconf 81' lang='grc' dir='ltr'>Υἱός.</span> <span class='ocrx_word' id='word_1_967' title='bbox 2532 5188 2642 5241; x_wconf 73' lang='grc' dir='ltr'><strong>Καὶ</strong></span> <span class='ocrx_word' id='word_1_968' title='bbox 2666 5188 2726 5241; x_wconf 84' lang='grc' dir='ltr'><strong>οὑ</strong></span> <span class='ocrx_word' id='word_1_969' title='bbox 2758 5187 3008 5260; x_wconf 77' lang='grc' dir='ltr'>καθάπερ</span> <span class='ocrx_word' id='word_1_970' title='bbox 3040 5191 3221 5243; x_wconf 82' lang='grc' dir='ltr'>ἐκεῖνα</span> <span class='ocrx_word' id='word_1_971' title='bbox 3246 5191 3327 5253; x_wconf 87' lang='grc' dir='ltr'><strong>είς</strong></span> <span class='ocrx_word' id='word_1_972' title='bbox 3347 5189 3542 5243; x_wconf 80' lang='grc' dir='ltr'>ταυτὸν</span> <span class='ocrx_word' id='word_1_973' title='bbox 3569 5188 3858 5259; x_wconf 77' lang='grc' dir='ltr'>ἀσύμὸατά</span> 
     </span>
    </p>
   </div>
   <div class='ocr_carea' id='block_1_113' title="bbox 2289 5278 3857 5349">
    <p class='ocr_par' dir='ltr' id='par_1_113' title="bbox 2289 5278 3857 5349">
     <span class='ocr_line' id='line_1_125' title="bbox 2289 5278 3857 5349; baseline -0.001 -17"><span class='ocrx_word' id='word_1_974' title='bbox 2289 5296 2348 5332; x_wconf 88' lang='grc' dir='ltr'><strong>τε</strong></span> <span class='ocrx_word' id='word_1_975' title='bbox 2395 5280 2489 5332; x_wconf 74' lang='grc' dir='ltr'>καὶ</span> <span class='ocrx_word' id='word_1_976' title='bbox 2529 5278 2925 5349; x_wconf 68' lang='grc' dir='ltr'>ἀωνὺπαρκτά</span> <span class='ocrx_word' id='word_1_977' title='bbox 2963 5280 3132 5344; x_wconf 81' lang='grc' dir='ltr'>ἐστιν,</span> <span class='ocrx_word' id='word_1_978' title='bbox 3162 5278 3306 5333; x_wconf 78' lang='grc' dir='ltr'>οὕτω</span> <span class='ocrx_word' id='word_1_979' title='bbox 3334 5280 3427 5333; x_wconf 77' lang='grc' dir='ltr'>καὶ</span> <span class='ocrx_word' id='word_1_980' title='bbox 3472 5281 3501 5332; x_wconf 93' lang='grc' dir='ltr'><strong>ὁ</strong></span> <span class='ocrx_word' id='word_1_981' title='bbox 3532 5279 3659 5342; x_wconf 80' lang='grc' dir='ltr'>Υἱὸς</span> <span class='ocrx_word' id='word_1_982' title='bbox 3706 5279 3796 5331; x_wconf 64' lang='grc' dir='ltr'><strong>καὶ¹</strong></span> <span class='ocrx_word' id='word_1_983' title='bbox 3830 5279 3857 5329; x_wconf 87' lang='grc' dir='ltr'><strong>ὁ</strong></span> 
     </span>
    </p>
   </div>
   <div class='ocr_carea' id='block_1_114' title="bbox 2290 5366 3854 5440">
    <p class='ocr_par' dir='ltr' id='par_1_114' title="bbox 2290 5366 3854 5440">
     <span class='ocr_line' id='line_1_126' title="bbox 2290 5366 3854 5440; baseline -0.003 -18"><span class='ocrx_word' id='word_1_984' title='bbox 2290 5370 2517 5439; x_wconf 79' lang='grc' dir='ltr'>Πατήρ’</span> <span class='ocrx_word' id='word_1_985' title='bbox 2558 5389 2576 5420; x_wconf 79' lang='grc' dir='ltr'><strong>ι</strong></span> <span class='ocrx_word' id='word_1_986' title='bbox 2629 5369 2758 5422; x_wconf 81' lang='grc' dir='ltr'>Ἰδοὺ</span> <span class='ocrx_word' id='word_1_987' title='bbox 2794 5369 2921 5439; x_wconf 89' lang='grc' dir='ltr'><strong>γάρ,</strong></span> <span class='ocrx_word' id='word_1_988' title='bbox 2975 5370 3141 5440; x_wconf 80' lang='grc' dir='ltr'>φησὶν</span> <span class='ocrx_word' id='word_1_989' title='bbox 3179 5371 3208 5421; x_wconf 91' lang='grc' dir='ltr'><strong>ὁ</strong></span> <span class='ocrx_word' id='word_1_990' title='bbox 3254 5367 3506 5439; x_wconf 83' lang='grc' dir='ltr'>Χριστὸς,</span> <span class='ocrx_word' id='word_1_991' title='bbox 3556 5366 3854 5419; x_wconf 83' lang='grc' dir='ltr'>είσελευσὸ-</span> 
     </span>
    </p>
   </div>
   <div class='ocr_carea' id='block_1_115' title="bbox 2293 5454 3853 5531">
    <p class='ocr_par' dir='ltr' id='par_1_115' title="bbox 2293 5454 3853 5531">
     <span class='ocr_line' id='line_1_127' title="bbox 2293 5454 3853 5531; baseline -0.003 -19"><span class='ocrx_word' id='word_1_992' title='bbox 2293 5459 2431 5531; x_wconf 82' lang='grc' dir='ltr'>μεθα</span> <span class='ocrx_word' id='word_1_993' title='bbox 2462 5458 2572 5528; x_wconf 85' lang='grc' dir='ltr'>ἐγὼ</span> <span class='ocrx_word' id='word_1_994' title='bbox 2605 5460 2701 5513; x_wconf 71' lang='grc' dir='ltr'>καὶ</span> <span class='ocrx_word' id='word_1_995' title='bbox 2727 5461 2756 5512; x_wconf 91' lang='grc' dir='ltr'><strong>ὁ</strong></span> <span class='ocrx_word' id='word_1_996' title='bbox 2795 5459 3003 5531; x_wconf 81' lang='grc' dir='ltr'>Πατὴρ,</span> <span class='ocrx_word' id='word_1_997' title='bbox 3032 5459 3126 5512; x_wconf 80' lang='grc' dir='ltr'>καὶ</span> <span class='ocrx_word' id='word_1_998' title='bbox 3161 5459 3328 5529; x_wconf 85' lang='grc' dir='ltr'>μονὴν</span> <span class='ocrx_word' id='word_1_999' title='bbox 3355 5458 3484 5530; x_wconf 81' lang='grc' dir='ltr'>παρ’</span> <span class='ocrx_word' id='word_1_1000' title='bbox 3507 5456 3656 5526; x_wconf 85' lang='grc' dir='ltr'><strong>αὑτῷ</strong></span> <span class='ocrx_word' id='word_1_1001' title='bbox 3701 5454 3853 5523; x_wconf 86' lang='grc' dir='ltr'>ποιή-</span> 
     </span>
    </p>
   </div>
   <div class='ocr_carea' id='block_1_116' title="bbox 2289 5548 3851 5622">
    <p class='ocr_par' dir='ltr' id='par_1_116' title="bbox 2289 5548 3851 5622">
     <span class='ocr_line' id='line_1_128' title="bbox 2289 5548 3851 5622; baseline -0.004 -17"><span class='ocrx_word' id='word_1_1002' title='bbox 2289 5569 2473 5622; x_wconf 89' lang='grc' dir='ltr'>σομεν.</span> <span class='ocrx_word' id='word_1_1003' title='bbox 2523 5571 2542 5605; x_wconf 78' lang='grc' dir='ltr'><strong>ι</strong></span> <span class='ocrx_word' id='word_1_1004' title='bbox 2597 5551 2735 5605; x_wconf 82' lang='grc' dir='ltr'>Ἀλλ’</span> <span class='ocrx_word' id='word_1_1005' title='bbox 2784 5550 2902 5603; x_wconf 79' lang='grc' dir='ltr'>οὑδὲ</span> <span class='ocrx_word' id='word_1_1006' title='bbox 2936 5549 3107 5614; x_wconf 81' lang='grc' dir='ltr'>οὑτως</span> <span class='ocrx_word' id='word_1_1007' title='bbox 3144 5550 3385 5621; x_wconf 76' lang='grc' dir='ltr'>ἐμμεσον</span> <span class='ocrx_word' id='word_1_1008' title='bbox 3427 5549 3578 5602; x_wconf 73' lang='grc' dir='ltr'>ἔσται</span> <span class='ocrx_word' id='word_1_1009' title='bbox 3625 5548 3851 5620; x_wconf 77' lang='grc' dir='ltr'>πρᾶγμα</span> 
     </span>
    </p>
   </div>
  </div>
