4144 6548
289 373 395 428 109

1689 351 2137 411 THESAURUS.

3436 345 3531 400 ΗΟ

286 489 483 560 Πατὴρ
522 483 658 557 πρὸς
707 482 855 547 Υίὸν,
903 480 1089 551 ὥσπερ
1137 481 1171 549 ή
1208 475 1521 547 δικαιοσύνη
1562 475 1746 546 τυχόν.
1784 474 1859 526 Οὐ
1890 526 1895 537 ε

1996 471 2143 526 uinus
2167 466 2273 523 erit
2300 464 2496 528 Filius,
2522 459 2721 527 Filius,
2752 470 2809 516 ut
2835 461 3043 518 medius
3067 460 3263 531 aliquis
3290 460 3439 517 locus
3465 466 3535 519 sit

288 581 401 652 γὰρ
436 578 657 632 ἔλαττον
720 574 871 628 ἔσται
919 571 1108 643 Πατὴρ
1152 570 1182 623 ὁ
1226 568 1439 640 Πατὴρ,
1481 566 1602 621 οὐδὲ
1644 566 1863 620 ἔλαττον

290 672 447 725 ἔσται
479 668 607 732 Υἱὸς
631 669 660 721 ὁ
689 665 837 729 Υίὸς,
876 663 965 717 ἵνα
992 679 1074 725 τις
1110 661 1275 732 μέσος
1309 659 1531 729 γένηται
1562 657 1727 720 τόπος
1756 673 1866 725 χω-

295 763 406 834 ρῶν
430 762 531 831 τῆς
575 757 760 821 οὐσίας
788 758 886 827 τὴν
933 753 1217 819 ὑπόϐασιν,
1269 751 1459 821 ὥσπερ
1502 750 1613 802 ἐπὶ.⁸
1636 749 1737 818 τῆς
1783 746 1863 799 δι-

295 850 587 921 καιοσύνης
637 848 734 903 καὶ
783 846 994 909 ἀδικίας
1029 844 1265 912 ἐλέγετο.
1303 840 1529 903 Οὐδενὸς
1579 834 1868 908 τοιγαροῦν

295 943 619 1014 χωρίζοντος
645 939 812 992 τόπου
851 937 952 1007 τῆς
984 936 1120 1007 πρὸς
1150 934 1282 987 Θεὸν
1308 932 1528 1002 Πατέρα
1556 929 1872 1000 ὁμοιότητος

294 1037 389 1089 τὸν
416 1034 562 1098 Υίὸν,
596 1030 849 1103 περιττὸν
872 1029 932 1082 τὸ
954 1027 1138 1096 λέγειν
1165 1028 1231 1097 τῇ
1264 1023 1517 1096 βουλήσει
1557 1018 1870 1092 προσεοικέ-

296 1145 385 1181 ναι
410 1125 609 1198 μᾶλλον
632 1123 820 1188 αὐτὸν,
842 1122 935 1175 καὶ
956 1121 1055 1173 οὐκ
1078 1117 1228 1188 αὐτῷ
1249 1116 1328 1187 τῷ
1352 1113 1690 1185 ἐκλάμψαντι
1711 1108 1871 1164 αὐτὸν

297 1216 493 1288 Πατρί.

984 1323 1181 1376 ΔᾹΛΟ.

370 1439 473 1496 Ὧν
504 1442 533 1494 ὁ
570 1439 725 1508 λόγος
764 1440 793 1491 ὁ
830 1436 1011 1499 αὐτὸς,
1062 1433 1236 1489 ταῦτα
1280 1432 1497 1495 πάντως
1544 1427 1762 1501 ὁμοειδῆ
1815 1444 1874 1480 τε

302 1530 442 1589 εἶναι
470 1533 564 1588 καὶ
590 1530 839 1601 ἀλλήλοις
881 1526 1095 1580 ὲοικότα
1129 1522 1375 1595 φυσικῶς
1401 1523 1717 1591 ἀναγκαῖον.
1751 1512 1878 1573 Οίον

304 1626 439 1700 φέρε
484 1625 659 1677 εἰπεῖν
682 1636 695 1649 ·
749 1621 808 1674 '0
839 1618 933 1672 τοῦ
976 1616 1264 1690 ἀνθρώπου
1298 1613 1455 1684 λόγος
1499 1612 1672 1676 οὕτως
1716 1610 1874 1700 ἔχων,

306 1699 444 1780 ζῶον
469 1712 708 1781 λογικὸν,
748 1709 961 1781 θνητὸν,
994 1706 1085 1760 νοῦ
1120 1705 1213 1760 καὶ
1252 1704 1566 1775 ἐπιστήμης
1596 1699 1875 1755 δεκτικόνδ

306 1805 428 1859 καθ’
454 1797 529 1857 ὧν
560 1802 604 1855 δ’
634 1801 699 1855 ἂν
727 1800 965 1870 φέροιτο,
993 1795 1167 1851 ταῦτα
1192 1798 1292 1867 τῆς
1328 1793 1501 1863 αὐτῆς
1538 1791 1725 1855 οὐσίας
1750 1790 1881 1843 ὄντα

302 1897 559 1952 δεικνύει.
592 1893 701 1948 Καὶ
726 1889 806 1955 οἷς
837 1891 903 1945 ἂν
930 1890 1104 1943 ταῦτα
1148 1886 1573 1959 ὲπαληθεύηται,
1601 1883 1671 1937 τά
1699 1884 1756 1934 ὲν
1802 1880 1882 1949 τῷ

304 1991 438 2061 ὅρῳ,
481 1986 646 2057 φημὶ,
674 1982 846 2037 ταῦτα
876 1982 1097 2042 πάντως
1134 1976 1453 2049 ἀνθρώπους
1500 1971 1641 2028 εἷναι
1685 1973 1782 2025 δεῖ.
1820 1970 1882 2024 El

306 2081 415 2152 γὰρ
462 2077 600 2143 ζῶόν
640 2076 756 2129 ἐστι
786 2072 1024 2142 λογικὸν,
1068 2069 1284 2141 θνητὸν,
1312 2066 1404 2121 νοῦ
1438 2067 1530 2120 καὶ
1572 2064 1883 2133 ἐπιστήμης

305 2169 573 2233 δεκτικὸν,
604 2168 658 2221 τί
684 2166 750 2221 ἂν
779 2165 966 2235 ἕτερον
999 2162 1084 2232 εἴη
1118 2159 1306 2213 λοιπὸν
1331 2158 1365 2229 ἢ
1390 2156 1674 2227 ἅνθρωπος
1700 2153 1762 2206 τὸ
1790 2168 1886 2222 ση-

313 2262 636 2333 μαινόμενον
657 2276 672 2324 ;
704 2258 767 2311 Εί
788 2255 965 2310 τοίνυν
984 2255 1046 2307 τὸ
1069 2252 1202 2315 Θεὸς
1231 2250 1401 2320 ὅνομα
1425 2249 1518 2301 καλ⁵
1543 2246 1766 2318 Κύριος,
1792 2244 1887 2298 καὶ

310 2354 374 2406 τὸ
403 2353 695 2422 ἄφθαρτος,
722 2346 819 2401 καὶ
841 2346 901 2398 τὸ
931 2343 1202 2414 βασιλεὺς,
1238 2339 1335 2393 καὶ
1357 2338 1411 2390 εἴ
1429 2354 1481 2390 τι
1523 2336 1710 2406 ἕτερον
1750 2333 1888 2403 πρὸς

314 2444 525 2505 τούτοις
562 2440 691 2509 περί⁸
717 2435 812 2490 τοῦ
836 2434 1050 2505 Πατρὸς
1073 2432 1312 2499 λέγεται,
1349 2427 1441 2481 καὶ
1476 2425 1648 2479 ταῦτα
1684 2422 1780 2476 καὶ
1804 2422 1887 2489 ἐφ’

318 2535 450 2591 Υἱοῦ
468 2533 742 2604 φερόμενα
759 2523 1175 2596 ἐπαληθεύεται,
1200 2521 1293 2575 καὶ
1314 2519 1374 2571 οὐ
1394 2517 1554 2588 μέχρι
1588 2514 1764 2583 μόνων
1783 2510 1892 2563 τῶν

314 2603 600 2698 ὀνομάτων
627 2621 727 2692 τὴν
752 2617 1031 2689 εὐφημίαν
1060 2614 1193 2686 ἔχει,
1224 2612 1338 2667 ἀλλ’
1373 2610 1520 2664 ἐστιν
1548 2608 1716 2666 ὅντως
1751 2603 1894 2698 ούτω

315 2696 424 2772 καὶ⁷
446 2714 586 2769 κατὰ
613 2711 796 2781 φύσιν,
822 2712 975 2772 ποῖος
1013 2706 1170 2775 λόγος
1214 2704 1313 2774 τῆς
1360 2702 1496 2772 πρὸς
1540 2698 1632 2751 τὸν
1677 2696 1894 2765 Πατέρα

314 2807 552 2879 φυσικῆς
607 2803 928 2876 ὁμοιότητος
975 2800 1167 2870 χωριεῖ
1213 2795 1307 2849 τὸν
1364 2792 1527 2857 Υίόνς
1594 2791 1728 2843 Ἕνα
1786 2787 1893 2858 γάρ

314 2903 497 2972 ἔχουσι
523 2897 622 2968 τῆς
645 2894 835 2956 οὐσίας
864 2891 956 2945 τὸν
992 2891 1137 2961 ὅρον,
1161 2888 1258 2942 καὶ
1285 2886 1463 2940 πάντα
1503 2883 1604 2935 ὅσα
1632 2880 1893 2949 πρόσεστι

313 2967 393 3062 τώ
442 2967 816 3059 γεγεννηκότι,
859 2982 955 3036 καὶ
998 2979 1092 3034 ἐπὶ
1140 2976 1231 3031 τοῦ
1285 2971 1637 3062 γεννηθέντος
1668 2967 1892 3062 Ᾱὲτεαλη-

316 3054 549 3138 θέύεται.
585 3054 731 3133 Είνδέ
770 3091 854 3138 τις
894 3068 1177 3140 ἀποτολμᾷ
1214 3064 1564 3136 ψευδώνυμον
1591 3060 1723 3113 Θεὸν
1755 3054 1895 3111 εἶναι

1966 561 2057 633 qui
2090 559 2266 628 capiat
2292 556 2543 612 essentia:
2575 552 3026 618 imminutionem,
3055 553 3196 608 sicut
3232 552 3297 606 de
3325 552 3535 624 iustitia

1966 662 2021 707 et
2067 648 2327 716 iniustitia
2369 646 2569 701 dictum
2592 651 2694 698 est.
2728 642 2860 696 Cum
2905 643 3091 711 itaque
3130 642 3306 697 nullus
3348 646 3540 700 modus

1969 742 2060 804 sit,
2090 739 2181 808 qui
2211 735 2407 791 Filium
2436 748 2464 787 a
2496 729 2846 787 similitudine
2875 728 3053 784 Patris
3082 740 3319 799 separet,
3349 746 3543 802 super-

1971 844 2265 885 vacaneum
2320 836 2481 896 atque
2533 819 2825 877 absurdum
2889 828 2973 874 est
3031 818 3211 873 dicere
3280 818 3541 875 voluntati

1970 919 2148 974 Patris
2182 918 2355 987 ipsum
2390 914 2571 985 potius
2606 910 2837 968 similem
2870 922 3021 970 esse,
3052 921 3158 962 non
3192 905 3341 962 Patri
3378 910 3476 977 ipsi
3514 924 3545 963 e

1972 1026 2078 1081 quo
2108 1008 2343 1077 effulget.

2652 1295 2879 1354 ALIUD.

2047 1418 2290 1484 Quorum
2321 1413 2510 1471 eadem
2544 1423 2626 1469 est
2651 1414 2817 1480 ratio,
2849 1414 2964 1467 haec
2992 1409 3284 1467 uniformia
3315 1419 3370 1466 et
3397 1418 3552 1466 natu-

1980 1511 2171 1567 raliter
2197 1507 2396 1566 similia
2433 1507 2576 1562 inter
2603 1519 2663 1562 se
2688 1520 2810 1560 esse
2842 1518 3063 1561 necesse
3089 1512 3193 1558 est.
3222 1500 3295 1557 Ut
3322 1502 3554 1572 exempli

1979 1602 2154 1672 gratia
2188 1616 2204 1655 :
2236 1598 2471 1656 hominis
2501 1596 2642 1653 ratio
2672 1598 2745 1651 ita
2775 1597 2998 1660 habens,
3037 1595 3235 1651 animal
3266 1593 3552 1658 rationale.

1980 1693 2239 1755 mortale,
2279 1690 2585 1747 intellectus
2626 1698 2681 1744 et
2727 1688 2966 1743 scientiae
3013 1701 3214 1757 capax,
3250 1701 3440 1742 omnes
3486 1686 3553 1739 att

1982 1798 2119 1853 quos
2150 1783 2201 1835 id
2233 1781 2488 1842 refertur,
2513 1776 2756 1847 ejusdem
2790 1777 3108 1832 substantiae
3140 1790 3264 1832 esse
3297 1775 3555 1832 ostendit.

1981 1876 2092 1946 63
2125 1873 2188 1928 Et
2218 1872 2411 1943 quibus
2440 1871 2556 1925 haec
2586 1869 2825 1925 deﬁnitio
2849 1883 2975 1923 vere
2997 1869 3284 1937 competit,
3312 1868 3557 1921 homines

1984 1981 2107 2020 esse
2148 1978 2371 2019 necesse
2407 1971 2512 2016 est.
2543 1961 2600 2016 Si
2646 1962 2790 2015 enim
2837 1959 3035 2013 animal
3078 1959 3238 2015 fuerit
3274 1959 3557 2022 rationale.

1986 2053 2253 2118 mortale,
2292 2052 2600 2108 intellectus
2644 2059 2697 2104 et
2742 2050 3019 2119 sapientiae
3061 2064 3267 2118 capax,
3301 2048 3560 2117 quidnam

1986 2145 2129 2198 aliud
2163 2159 2323 2212 quam
2359 2143 2521 2197 homo
2555 2140 2923 2212 signiﬁcetur?
2963 2140 3019 2195 Si
3041 2154 3171 2208 ergo
3199 2154 3394 2195 nomen
3432 2140 3556 2203 hoc,

1987 2236 2130 2289 Deus
2154 2244 2209 2289 et
2238 2233 2524 2296 Dominus,
2553 2241 2609 2286 et
2637 2230 2989 2296 immortalis,
3018 2241 3070 2283 et
3106 2245 3197 2283 rex
3219 2266 3234 2294 ,
3262 2238 3315 2283 et
3345 2228 3389 2283 si
3420 2228 3563 2297 quod

1989 2335 2248 2394 praeterea
2279 2324 2425 2378 aliud
2448 2324 2515 2379 de
2544 2321 2706 2378 Patre
2737 2322 2958 2387 dicitur,
2986 2320 3151 2375 etiam
3178 2321 3244 2375 de
3270 2319 3408 2375 Filio
3434 2333 3565 2374 vera

1990 2417 2263 2479 dicuntur,
2318 2428 2490 2483 neque
2524 2412 2846 2468 nominibus
2889 2412 3097 2476 solum,
3144 2412 3237 2467 sed
3290 2412 3467 2481 reipsa
3511 2418 3570 2466 et

1991 2508 2286 2561 secundum
2330 2518 2606 2571 naturam,
2635 2520 2879 2573 quaenam
2918 2504 3058 2558 ratio
3094 2519 3122 2556 ιι
3167 2503 3398 2557 naturali
3441 2518 3564 2556 cum

1994 2597 2154 2651 Patre
2202 2596 2551 2652 similitudine
2599 2596 2794 2650 Filium
2844 2595 3153 2665 separabit?
3198 2595 3372 2650 Unam
3419 2593 3565 2647 enim

1995 2690 2196 2744 habent
2222 2689 2469 2744 essentia:
2498 2686 2895 2751 deﬁnitionem,
2920 2696 2975 2741 et
3012 2686 3191 2740 omnia
3226 2700 3346 2751 quin
3386 2685 3569 2739 insunt

1993 2779 2260 2843 Gcnitori,
2282 2778 2444 2831 etiam
2464 2778 2528 2831 de
2548 2778 2743 2832 Genito
2767 2791 2891 2832 vere
2917 2777 3190 2831 dicuntur.
3216 2772 3273 2829 Si
3301 2774 3421 2843 quis
3441 2787 3571 2827 vero

1995 2884 2160 2924 ausus
2203 2869 2367 2924 fuerit
2407 2870 2586 2924 dicere
2622 2868 2816 2923 Filium
2861 2867 3000 2922 falso
3044 2866 3312 2922 nominari
3368 2865 3568 2929 Deum,

1997 2976 2168 3029 neque
2201 2960 2430 3030 amplius
2460 2960 2749 3029 quidquam
2786 2959 2987 3015 habere
3020 2973 3184 3028 quam
3222 2972 3316 3011 eos
3347 2957 3437 3026 qui
3473 2970 3570 3025 per

1996 3053 2225 3121 gratiam
2252 3053 2318 3105 ad
2342 3051 2677 3107 divinitatem
2710 3061 2763 3106 et
2788 3051 3098 3105 [lliationem
3128 3050 3302 3104 vocati
3331 3054 3491 3112 sunt,
3518 3048 3570 3103 in

212 3224 217 3229 .
315 3174 495 3242 λέγειν
523 3170 614 3223 τὸν
640 3168 787 3232 Υἱὸν,
825 3137 919 3218 καὶ
949 3137 1115 3214 πλέον
1144 3137 1294 3211 οὐδὲν
1320 3155 1465 3225 ἔχειν
1488 3151 1598 3205 τῶν
1626 3148 1768 3204 κατά
1797 3148 1895 3242 χάε-

1998 3140 2147 3195 Pauli
2170 3140 2507 3199 Samosateni
2534 3140 2724 3207 dogma
2750 3138 3051 3209 prolapsus,
3070 3139 3118 3193 is
3144 3139 3336 3192 merito
3358 3151 3388 3191 a
3416 3137 3573 3192 nobis

320 3240 406 3335 ριν
436 3265 514 3325 εἰς
553 3259 785 3329 θεότητα
814 3254 908 3308 καὶ
937 3256 1015 3317 είς
1046 3250 1273 3319 υἱότητα
1300 3245 1695 3335 κεκλημένων(
1725 3243 1821 3335 εἰς-
1839 3240 1898 3294 τὸ

320 3332 532 3408 ΪΙαύλου
572 3349 667 3403 τοῦ
705 3343 1063 3418 Σαμοσατέως
1091 3336 1414 3412 ἐμϐεϐηκὼς
1438 3336 1632 3404 δόγμα,
1675 3332 1901 3393 δικαίως

320 3444 613 3500 ἀκούσεται
646 3439 776 3510 παρ’
825 3434 1018 3507 ἡμῶν·
1062 3451 1081 3484 t
1136 3432 1262 3486 Ἐάν
1296 3429 1370 3501 μὴ
1414 3425 1764 3495 πιστεύσητε,
1794 3422 1900 3475 οὐδ’

321 3540 383 3591 οὐ
418 3538 494 3607 μὴ
539 3532 755 3602 συνῆτε.
791 3547 809 3579 ι
851 3528 1157 3598 Ἀμήχανον
1192 3522 1299 3594 γάρ
1322 3521 1448 3583 τοὺς
1489 3519 1566 3590 μὴ
1590 3516 1749 3607 φύσει
1771 3514 1901 3607 Θεὸν

324 3602 593 3697 ὑπάργειν
636 3620 989 3678 πιστεύοντας
1030 3614 1121 3667 τὸν
1167 3612 1316 3677 Υἱὸν,
1354 3608 1547 3679 νοῆσαι
1586 3606 1688 3677 τὴν
1731 3602 1902 3697 ὲμφέ·

330 3694 485 3791 ρειαν
500 3694 565 3788 ἣν
586 3715 697 3784 ἔχει
718 3710 854 3783 πρὸς
877 3708 968 3762 τὸν
994 3706 1215 3776 Πατέρα
1240 3701 1382 3756 κατὰ
1402 3700 1581 3791 φύσιν.
1606 3694 1905 3791 Τοιγαροῦν

326 3786 531 3871 ἐοικὼς
546 3804 624 3876 τῷ
646 3800 843 3872 Πατρὶ,
878 3799 979 3851 οὐκ
1011 3794 1354 3865 ὲνυπάρκτου
1385 3790 1691 3862 βουλήσεως
1720 3786 1903 3839 είκόνα

327 3901 501 3971 φορεῖ,
535 3896 797 3965 ὑπάρχων
834 3889 942 3962 πρὸ
969 3887 1077 3941 τῶν
1111 3884 1322 3939 αἰώνων
1353 3882 1501 3944 Υίός.

837 4008 1201 4099 ΛΟΓΟΣ
1272 4004 1392 4093 Θ’.

332 4178 461 4231 ,οτι
492 4174 812 4246 όμοούᾳιος
851 4166 931 4246 τῷ
976 4162 1160 4246 "af-pi
1197 4163 1229 4215 ὀ
1258 4159 1425 4246 χώς,
1456 4153 1908 4246 πμρξιξξϐένξωιν

400 4225 763 4314 καινῖῥῆέῶν,
786 4225 940 4314 ’τοῖλ
982 4256 1019 4314 ε.
1048 4225 1113 4288 Τί
1131 4248 1213 4314 με
1241 4230 1437 4314 ﬁrst?
1482 4225 1745 4314 (ty-adds";

400 4250 498 4301 καὶ
542 4250 763 4314 ῥητῶν,
810 4256 940 4302 του,
982 4256 1000 4288 ε
1048 4250 1213 4357 '1'th
1241 4250 1437 4298 ,ιεγεις
1482 4250 1743 4296 αγασυγ,
1794 4250 1906 4301 mi-

400 4317 526 4379 δεὶς
557 4311 798 4383 ἀγαθὸς,
845 4312 898 4362 εὶ
932 4305 1035 4383 ’μὴ
1064 4320 1125 4383 ιε
1149 4323 1207 4383 ς-
1230 4303 1263 4354 ό
1291 4299 1477 4383 βεὸς,
1540 4316 1565 4383 »ν
1603 4294 1906 4383 καὶ-ἷξε),

408 4361 798 4455 ῖνῆοῇέιῖἇιῶἷ
834 4361 987 4445 ,τρὺξ-
1015 4361 1122 4428 τὸν
1147 4361 1381 4455 βαξέρα
1404 4361 1526 4455 μου
1538 4363 1649 4455 ﬁeri
1677 4361 1909 4455 [latin-cf

399 4429 818 4526 δμξῖῖτδέξις
838 4429 1004 4526 ’,ξιοῆ
1065 4441 1164 4526 κςιι
1209 4429 1384 4526 ,θέιέν
1404 4429 1420 4436 ·
1438 4434 1683 4526 aera,
1795 4429 1907 4526 re

401 4527 615 4596 ὁμοίως
633 4562 647 4586 ,
688 4540 707 4573 ‹

401 4598 588 4650 ἐστιν.
630 4613 649 4644 ι

407 4708 469 4763 Εἰ
490 4708 697 4780 ἤρξατο
733 4702 828 4756 τοῦ
860 4698 1054 4769 γεννᾶν
1086 4692 1176 4748 τὸν
1216 4692 1344 4747 Υίὸν
1371 4693 1400 4745 ὁ
1425 4688 1635 4759 Πατὴρ,
1663 4684 1757 4739 καὶ
1778 4700 1908 4738 κατι

335 4776 565 4863 ἔπαυσε,
618 4795 873 4864 καθάπερ
918 4793 966 4845 oi
998 4784 1368 4860 Χριστομάχοι
1416 4781 1567 4850 φασὶ,
1600 4781 1656 4831 ἐν
1699 4776 1909 4847 ὐστέρῳ

332 4897 509 4970 χρόνῳ
541 4890 900 4964 προσγέγονεν
933 4881 1099 4952 αὐτῷ.
1130 4875 1239 4932 Ἦν
1270 4872 1363 4930 οὖν
1404 4875 1511 4945 ἄρα
1557 4872 1686 4938 πρὶν
1714 4886 1908 4970 γεννηῖ

336 4958 517 5060 δῆναὶ,
548 4958 667 5039 κατ’
695 4958 938 5042 ἐκείνους
985 4979 1042 5029 ὲν
1088 4971 1275 5044 μονάδι
1300 4970 1359 5022 τὸ
1398 4967 1550 5022 Θεῖον
1575 4980 1587 4993 '
1634 4964 1821 5060 γέγονε
1855 4958 1912 5012 δὲ

340 5054 563 5149 ’ὕστερον
589 5079 645 5131 ὲν
669 5074 820 5129 δυάδι
844 5068 1192 5140 γεννηθέντος
1214 5062 1306 5117 τοῦ
1333 5059 1484 5122 Υίοῦ,
1507 5057 1601 5112 καὶ
1624 5054 1811 5123 ὥσπερ
1831 5064 1914 5149 τις

341 5144 627 5241 προσθήκη
668 5172 762 5221 καὶ
793 5163 1021 5233 αὔξησις
1050 5158 1299 5227 θεότητος
1340 5152 1398 5217 ἒξ
1429 5149 1661 5241 ἀρχαίας
1679 5144 1915 5241 *μονὰδβ

343 5228 423 5329 είς
453 5228 552 5334 τὴν
598 5228 736 5332 μετὰ
782 5228 954 5312 ταῦτα
988 5252 1174 5308 δυάδα.
1217 5242 1543 5316 ’Δποκαμὼν
1563 5240 1633 5334 ᾐδὲ
1666 5239 1695 5292 ό
1728 5228 1916 5334 Πατήρ

342 5322 531 5423 ὥσπερ
555 5322 613 5408 ὲν
638 5350 716 5422 τῷ
736 5345 876 5404 εἶναι
903 5347 1084 5419 μόνος,
1108 5340 1368 5412 ἐπενόησε
1393 5334 1485 5391 τὸν
1509 5331 1641 5423 Υίὸν
1665 5322 1916 5423 κοινωνὸν

342 5449 443 5515 τῆς
468 5416 720 5514 θεότητος
745 5441 841 5495 καὶ
865 5416 976 5493 τών
999 5437 1198 5508 ἔργων.
1220 5432 1334 5488 Καὶ
1362 5426 1533 5483 πολλὰ
1555 5422 1691 5494 πρὸς
1710 5416 1918 5515 τούτοις

344 5509 700 5609 δύσφημάυτε
756 5532 853 5607 καὶ⁸
906 5527 1104 5597 πολλῆς
1154 5524 1397 5595 γέμοντα
1431 5518 1529 5588 τῆς
1577 5510 1809 5609 ἀτοπίας
1854 5509 1920 5561 ὲκ

345 5628 442 5685 τοῦ
482 5628 698 5699 φρονεῖν
739 5604 882 5679 οὐτω
913 5615 1377 5692 παρενεχθήσεται
1400 5627 1413 5642 ο
1444 5609 1479 5663 ἂ
1519 5608 1610 5662 καὶ
1648 5601 1918 5671 τοσαύτην

853 4494 1390 4583 dirigam-sch
1423 4494 1501 4574 ⁹ιιιὲ
1538 4502 1750 4572 μείζων
1787 4500 1905 4567 μού
1937 4494 1982 4550 D

2001 3232 2182 3285 audiet
2214 3247 2228 3284 :
2265 3247 2284 3281 ι
2320 3230 2432 3285 Nisi
2464 3230 2835 3295 credideritis,
2867 3244 2972 3284 non
3008 3230 3339 3298 intelligetis.
3377 3247 3395 3280 ι
3427 3226 3570 3283 Fieri

1999 3324 2143 3376 enim
2181 3337 2285 3375 non
2338 3331 2514 3390 potest
2555 3320 2730 3388 utqui
2769 3319 2965 3374 Filium
3006 3332 3195 3375 natura
3246 3321 3409 3375 Deum
3454 3336 3576 3376 esse

2002 3425 2108 3464 non
2139 3412 2387 3475 credunt,
2412 3409 2713 3479 intelligant
2741 3410 3043 3465 naturalem
3074 3426 3234 3477 quam
3266 3426 3388 3465 cum
3413 3409 3577 3464 Patre

2005 3500 2165 3555 habet
2188 3500 2614 3557 similitudinem.
2639 3502 2843 3556 Similis
2867 3502 3047 3572 itaque
3068 3502 3238 3566 Patri,
3263 3517 3368 3556 non
3392 3510 3574 3554 autem

2005 3590 2296 3644 voluntatis
2327 3606 2423 3659 per
2449 3606 2508 3645 se
2541 3592 2854 3646 exsistentis
2893 3595 3181 3662 imaginem
3217 3600 3425 3663 gestat,
3452 3603 3579 3648 ante

2005 3679 2183 3734 omnia
2216 3679 2407 3734 saecula
2440 3681 2710 3734 exsislens
2738 3681 2922 3734 Filius.

2384 3984 2958 4078 ASSERTIO
3029 3989 3203 4075 1X.

2010 4138 2163 4204 Quod
2185 4134 2645 4190 consubstantialis
2670 4134 2820 4188 Patri
2843 4136 2911 4187 sit
2936 4131 3133 4204 Filius,
3150 4134 3402 4200 appositis
3426 4137 3581 4189 etiam

2080 4209 2232 4261 dictis
2266 4222 2282 4259 :
2319 4225 2336 4257 ι
2378 4204 2516 4270 Quid
2547 4220 2628 4258 nte
2652 4206 2785 4257 dicis
2815 4203 3045 4257 bonum?
3075 4203 3242 4256 Nemo
3268 4205 3453 4265 bonus,
3482 4209 3583 4258 nisi

2080 4293 2214 4330 unus
2271 4275 2407 4329 Deus
2429 4275 2533 4339 ⁸⁷⁵⁸,
2559 4291 2578 4325 ι
2618 4284 2663 4327 et
2686 4313 2701 4334 ,
2735 4292 2753 4324 ι
2788 4272 2932 4326 Vada
2977 4274 3045 4324 ad
3085 4270 3295 4325 Patrem
3330 4290 3502 4328 meum
3536 4286 3582 4327 et

2082 4345 2293 4400 Patrem
2312 4354 2556 4406 vestrum,
2578 4341 2746 4395 Deum
2760 4358 2929 4396 meum
2950 4351 3000 4394 et
3019 4341 3189 4395 Deum
3211 4353 3433 4396 vestrum
3451 4343 3497 4375 ⁸⁸
3518 4363 3531 4396 ;
3561 4363 3580 4393 ο

2080 4415 2320 4516 similiter
2358 4429 2593 4484 quoque,
2628 4431 2645 4462 ι
2686 4410 2850 4466 Pater
2871 4412 2957 4482 qui
2987 4413 3126 4464 misit
3172 4428 3282 4476 me,
3311 4416 3484 4483 major
3508 4430 3587 4467 me

2080 4497 2154 4541 est
2171 4497 2238 4539 ".
2270 4503 2290 4537 ι

2089 4682 2143 4735 Si
2167 4681 2324 4736 Pater
2337 4678 2803 4749 aliquandofccepit
2821 4692 3082 4747 generare
3095 4677 3312 4745 Filium,
3329 4686 3379 4733 et
3399 4688 3586 4749 postea

2020 4772 2270 4834 cessavit,
2315 4768 2770 4841 quemadmodum
2822 4768 3003 4821 hostes
3044 4766 3250 4822 Christi
3293 4777 3585 4830 asserunt,

2019 4863 2284 4932 posterior
2314 4870 2554 4930 tempore
2575 4856 2720 4913 Patri
2759 4859 3007 4933 accessit.
3036 4857 3163 4914 Erat
3200 4859 3400 4929 itaque,
3430 4867 3587 4912 antea

2017 4969 2176 5027 quam
2218 4955 2372 5009 lleret
2408 4951 2607 5016 Filius,
2639 4960 2696 5006 ut
2735 4950 2809 5005 illi
2856 4951 3069 5016 volunt,
3101 4950 3255 5004 unica
3293 4949 3345 5002 in
3392 4949 3592 5003 deitate

2017 5061 2276 5118 persona;
2306 5053 2487 5116 postea
2514 5058 2642 5097 vero
2664 5042 2799 5103 duae,
2825 5039 2965 5096 iacto
2988 5040 3152 5106 Filio;
3176 5049 3335 5108 atque
3356 5039 3426 5094 ita
3447 5039 3593 5093 addi-

2024 5150 2316 5194 tamentum
2344 5134 2556 5207 aliquod
2586 5136 2701 5190 sive
2728 5136 3116 5188 incrementum
3140 5131 3358 5187 deitatis
3384 5130 3587 5187 factum

2025 5240 2189 5284 estex
2211 5228 2376 5283 veteri
2402 5230 2608 5282 unitate
2630 5226 2681 5279 in
2706 5225 3058 5295 posteriorem
3082 5222 3414 5279 dualitatem.
3432 5221 3596 5279 Cum-

2026 5334 2133 5388 que
2166 5316 2561 5386 quodammodo
2604 5315 2829 5371 taederet
2864 5312 3079 5367 Patrem
3112 5312 3223 5386 67
3257 5313 3594 5378 solitudinis,

2029 5409 2367 5466 machinatus
2412 5417 2496 5464 est
2533 5406 2763 5474 Filium,
2795 5408 2888 5478 qui
2937 5405 3237 5463 divinitatis
3280 5421 3393 5463 suae
3436 5416 3600 5476 atque

2026 5516 2247 5573 operum
2269 5500 2448 5556 socius
2466 5510 2631 5556 esset.
2655 5498 2937 5569 Multaque
2957 5500 3259 5571 huiusmodi
3284 5498 3600 5567 blasphema

2030 5606 2345 5662 summaque
2409 5591 2743 5650 absurditate
2804 5591 3000 5650 referta
3062 5608 3124 5646 ex
3191 5591 3294 5646 hac
3351 5587 3603 5655 Opinione

423 5786 493 5821 δι’
524 5784 689 5842 Marc.
722 5779 882 5851 x,18.
958 5777 1004 5813 ⁸⁸
1032 5774 1187 5833 Joan.
1225 5787 1318 5836 xx,
1356 5768 1442 5823 l7.
1518 5765 1563 5799 ⁸⁸
1601 5762 1755 5818 Joan.
1799 5772 1905 5824 xlv,
1934 5753 2022 5808 28.
