4144 6542
1616 338 1673 386 δ.
1716 337 1991 388 (λῖιιιιιιλ
2034 337 2498 390 ALEXAMJRIN
2530 337 2853 393 AIICIIIEP.

3744 351 3851 403 Ii?

586 459 925 516 accumulant
956 476 968 513 :
1004 471 1123 527 qua!
1152 457 1287 511 adeo
1316 463 1558 511 atrocem
1589 456 1983 524 blasphemiam
2021 458 2071 511 in
2110 472 2135 509 ε

2234 500 2241 518 ,
2271 456 2386 527 ἔχει
2422 458 2520 529 τὴν
2552 459 2885 529 δυσφημίαν,
2921 461 2994 524 ὠς
3034 461 3197 515 παντί
3224 479 3301 533 τῳ
3330 462 3583 530 γενέσθαι
3612 471 3849 535 φευκτά.

580 545 890 617 continent,
924 561 983 605 ut
1030 552 1229 605 merito
1267 549 1517 604 omnibus
1562 550 1891 603 exsecranda
1936 549 2157 604 sint.'Si

582 659 711 718 ergo
737 657 856 700 eam
886 657 1008 712 quae
1040 642 1092 697 in
1127 643 1284 696 dictis
1320 656 1504 696 eorum
1539 650 1622 693 est
1654 639 2037 695 absurditatem
2065 640 2158 694 de-

590 735 773 792 testari
810 733 1102 797 convenit,
1139 747 1478 802 consequens
1520 741 1603 787 est
1633 740 1690 785 ut
1721 733 2006 787 credamus
2048 747 2155 786 non

582 825 822 879 additum
858 836 981 878 esse
1014 821 1211 877 Filium
1243 820 1418 883 Patri,
1452 821 1543 873 sed
1580 833 1795 889 semper
1828 828 2155 874 coaeternum

579 932 647 971 ex
675 916 791 986 ipso
815 914 1000 969 fuisse.
1020 913 1087 968 Et
1107 913 1580 982 quemadmodum,
1601 911 1645 965 si
1674 911 1886 964 additus
1910 910 2028 975 fuit,
2050 923 2154 963 non

580 1018 698 1062 erat
732 1004 1212 1061 consubstantialis
1250 1022 1262 1057 :
1304 1002 1377 1056 ita
1411 1003 1572 1055 etiam
1596 1041 1610 1065 ,
1646 1015 1767 1054 cum
1804 1001 2016 1054 additus
2049 1014 2153 1069 non

580 1098 760 1163 fuerit,
791 1097 886 1151 sed
915 1110 1130 1163 semper
1157 1110 1276 1149 cum
1304 1094 1420 1163 ipso
1438 1090 1725 1155 exstiterit,
1744 1092 1965 1145 omnino
1993 1090 2155 1145 etiam

579 1186 1058 1243 consubstantialis
1089 1185 1138 1240 ei
1171 1192 1273 1238 est.

1248 1293 1477 1349 ALIUD.

644 1409 880 1465 Tametsi
916 1407 1098 1477 aliquo
1132 1406 1288 1460 modo
1319 1404 1533 1459 ditl'erat
1562 1401 1734 1456 Filius
1766 1415 1795 1454 a
1828 1416 1928 1455 suo
1959 1400 2152 1467 Patre,

572 1516 631 1554 ea
666 1501 920 1554 nimirum
952 1499 1163 1552 ratione
1187 1511 1291 1563 qua
1318 1494 1480 1548 Pater
1504 1493 1829 1563 principium
1856 1500 1964 1557 est,
1983 1491 2154 1547 Filius

573 1600 751 1646 autem
781 1607 845 1645 ex
880 1589 1165 1659 principio,
1190 1602 1295 1641 non
1326 1595 1506 1640 tamen
1536 1585 1739 1639 ideirco
1765 1584 1907 1638 idem
1939 1598 2061 1639 eum
2087 1598 2154 1639 eo

570 1692 621 1735 et
652 1678 1146 1734 consubstantialis
1179 1691 1302 1731 esse
1335 1676 1566 1729 desinet.
1601 1672 1784 1742 Neque
1817 1672 1960 1727 enim
1990 1672 2152 1742 quid-

2262 548 2324 600 Ei
2355 549 2535 603 τοίνυν
2572 550 2672 622 την
2704 552 2761 603 ὲν
2803 554 2915 613 τοῖς
2945 552 3256 623 εἰρημέναις
3298 554 3528 608 ἀτοπίαν
3557 561 3851 627 παραιτεῖ-

2261 639 2583 706 σθαικαλὸν,
2606 643 2885 695 πιστεύειν
2905 643 3200 697 ἀκόλουθον
3224 645 3299 708 ὡς
3334 646 3396 701 οὐ
3437 648 3800 718 προσγέγονεν
3817 654 3851 705 ὁ

2260 730 2389 793 Υἱὸς
2414 731 2492 800 τῷ
2518 732 2713 802 Πατρὶ,
2746 734 2864 787 ἀλλ’
2893 729 2962 806 ἦν
2990 737 3077 789 ἀεὶ
3114 737 3380 801 συναῖδιος
3410 738 3470 802 ὲξ
3513 740 3700 795 αὐτοῦ.
3735 743 3852 796 Καὶ

2257 820 2468 893 ὥσπερ,
2508 824 2556 875 εἰ
2583 825 2964 894 προσ-γεγονὼς
2998 828 3269 897 ἐφαίνετο,
3314 830 3415 883 οὐκ
3446 830 3510 884 ἂν
3540 826 3609 904 ἦν
3645 834 3848 904 ὁμοσύ-

2259 931 2391 979 σιος,
2438 915 2629 981 οὕτως,
2677 919 2800 971 ἐπεὶ
2848 918 2923 989 μὴ
2951 919 3109 972 τοῦτό
3137 922 3306 986 ἐστιν,
3349 922 3464 976 ἀλλ’
3503 918 3572 993 ἦν
3611 925 3700 977 ἀεὶ
3743 925 3844 978 σὺν

2257 1006 2427 1077 αὐτῷ,
2460 1007 2681 1072 πάντως
2714 1008 2870 1064 ἔσται
2910 1011 3005 1065 καὶ
3036 1012 3342 1082 ὁμοούσιος.

2942 1294 3149 1351 ΑΛΛΟ.

2324 1403 2445 1456 Καν
2467 1422 2562 1475 em
2590 1405 2711 1459 τινὰ
2732 1406 2996 1479 διαφορὰν
3019 1411 3047 1463 ὁ
3077 1410 3207 1473 Υίδς
3235 1410 3313 1474 ὡς
3343 1411 3478 1482 πρὸς
3505 1413 3597 1467 τὸν
3641 1414 3836 1471 ἑαυτοῦ

2253 1492 2495 1564 Πατέρα,
2523 1495 2645 1549 καθ’
2670 1496 2738 1567 ἢν
2767 1500 2795 1550 ὁ
2821 1497 2921 1568 μὲν
2960 1500 3151 1571 Πατὴρ
3179 1501 3320 1573 ἀρχή
3346 1503 3516 1571 ἐστιν,
3547 1507 3575 1559 ὁ
3602 1505 3659 1559 δὲ
3700 1507 3834 1571 Υἱὸς

2252 1586 2316 1637 ὲκ
2338 1585 2436 1656 τῆς
2466 1586 2661 1658 ἀρχῆς,
2695 1588 2811 1641 ἀλλ’
2842 1590 2903 1643 οὐ
2947 1590 3034 1644 διὰ
3058 1590 3216 1645 τοῦτο
3244 1593 3343 1663 τῆς
3368 1596 3694 1668 ταύτότητος
3732 1601 3831 1654 καὶ

2252 1675 2351 1745 τῆς
2392 1678 2529 1747 πρὸς
2561 1679 2724 1731 αὐτὸν
2757 1680 3176 1753 ὁμοουσιότητος
3203 1682 3591 1755 ὲξωσθήσεται.
3623 1689 3695 1743 Οὐ
3722 1690 3835 1761 γὰρ

568 1784 728 1837 quam
762 1768 926 1822 fuerit
952 1775 1283 1821 coarternum
1314 1763 1495 1831 Patri,
1523 1763 1665 1831 quod
1695 1777 1762 1816 ex
1790 1763 1906 1833 ipso
1934 1772 2135 1816 natura

2253 1766 2405 1820 ἔσται
2442 1787 2494 1822 τι
2536 1762 2813 1825 συναῖδιον
2833 1772 2912 1842 τῷ
2947 1775 3144 1845 Πατρὶ,
3188 1776 3265 1845 μὴ
3294 1776 3353 1829 ὃν
3387 1776 3447 1842 ἐξ
3475 1778 3641 1833 αὐτοῦ
3674 1799 3835 1850 φυσι-

569 1861 688 1915 liter
716 1875 821 1914 non
854 1858 1044 1923 fuerit;
1079 1872 1147 1911 ne
1178 1857 1341 1910 etiam
1372 1853 1637 1909 creaturis
1666 1855 1767 1909 hoc
1800 1854 1977 1908 inesse
2002 1853 2135 1908 dica-

2251 1858 2362 1922 κῶς
2383 1876 2395 1889 ⁸
2429 1861 2518 1914 ἵνα
2558 1861 2633 1932 μὴ
2667 1864 2763 1916 καὶ
2800 1867 2913 1928 τοῖς
2946 1866 3209 1935 κτίσμασι
3244 1866 3400 1922 τοῦτο
3432 1874 3714 1941 προσεῖναι
3742 1873 3834 1926 λέ-

571 1969 721 2018 mus,
753 1955 895 2021 quod
928 1952 1027 2007 soli
1059 1951 1254 2005 divina:
1285 1960 1491 2002 natura:
1522 1948 1682 2002 inest.
1709 1947 1974 2013 Quocirca
2009 1956 2135 1999 tam-

2249 1966 2459 2020 γωμεν,
2489 1952 2518 2004 ὃ
2550 1953 2687 2026 μόνῃ
2717 1956 2978 2025 πρόσεστι
3001 1959 3068 2028 τῇ
3106 1957 3225 2029 θείᾳ
3265 1960 3446 2027 φύσει.
3482 1962 3691 2017 Οὐκοῦν
3724 1965 3832 2018 κᾶν

567 2046 667 2099 etsi
693 2044 859 2098 Filius
882 2042 1098 2097 Patrem
1120 2057 1275 2096 suum
1303 2041 1624 2109 principium
1650 2041 1943 2103 habeat,ea
1966 2047 2135 2093 tamen

2245 2041 2421 2113 ἀρχὴν
2458 2043 2487 2095 ὁ
2530 2045 2656 2110 Υἱὸς
2687 2047 2787 2119 ἔχῃ
2815 2047 2907 2101 τὸν
2936 2049 3129 2102 ἑαυτοῦ
3173 2051 3413 2121 Πατέρα,
3442 2054 3580 2108 ἀλλὰ
3602 2056 3735 2110 καθὸ
3761 2059 3831 2111 ἐκ

569 2136 775 2190 ratione
826 2150 932 2203 qua
986 2147 1055 2188 ex
1107 2132 1372 2201 principio
1426 2143 1536 2197 est,
1588 2145 1802 2199 unaque
1852 2146 1975 2185 cum
2030 2130 2135 2199 ipso

2245 2133 2347 2202 τῆς
2386 2134 2564 2205 ἀρχῆς
2604 2137 2741 2200 ὲστι,
2781 2137 3077 2209 σύνδρομον
3106 2142 3243 2212 αὐτῇ
3274 2142 3333 2195 τὸ
3361 2138 3502 2198 εἶναι
3529 2145 3688 2216 ἔχων.
3732 2150 3829 2201 ἁν-

566 2226 805 2289 exsistit,
835 2222 1117 2277 dissimilis
1149 2223 1199 2275 ei
1234 2222 1527 2275 secundum
1559 2220 1849 2275 essentiam
1884 2234 2004 2274 esse
2038 2234 2135 2273 non

2244 2220 2428 2290 ὀμοιος
2456 2225 2556 2277 οὐκ
2581 2224 2733 2278 ἔσται
2764 2227 2901 2280 κατὰ
2932 2227 3029 2297 τὴν
3056 2230 3244 2283 οὐσίαν
3277 2232 3433 2304 αὐτῇ.
3472 2234 3689 2307 Ἐπειδὴ
3716 2238 3829 2307 γὰρ

565 2322 760 2382 potest.
787 2313 1062 2382 Siquidem
1090 2312 1213 2380 quia
1243 2325 1306 2364 ex
1333 2312 1599 2381 principio
1623 2320 1725 2374 est,
1749 2311 1952 2365 idcirco
1977 2311 2141 2365 etiam

563 2403 1045 2459 consubstantialis
1071 2402 1339 2472 principio
1368 2412 1473 2457 est.
1500 2402 1554 2456 Id
1586 2416 1713 2456 vero
1739 2403 1882 2469 quod
1911 2403 2143 2456 consub-

564 2495 817 2550 stantiale
846 2493 997 2549 Patri
1040 2504 1144 2557 est,
1190 2493 1479 2548 ascititinm
1524 2508 1631 2546 non
1684 2504 1789 2558 est,
1832 2508 1901 2548 ne
1946 2503 1999 2547 et
2030 2494 2143 2562 ipse

566 2587 829 2656 ejusmodi
860 2600 981 2642 esse
1012 2585 1335 2655 reperiatur.

1240 2676 1464 2731 ALIUD.
1502 2692 1521 2715 ¹

1003 2790 1085 2843 Ex
1114 2788 1398 2857 objections
1427 2784 1696 2839 Ennomn.

631 2905 749 2959 Non
776 2902 989 2971 recipit,
1014 2902 1207 2969 inquit,
1232 2899 1634 2968 generationem
1662 2896 1840 2952 Patris
1867 2898 2135 2964 essentia;

562 2999 776 3066 genitus
821 3006 1002 3049 autem
1052 3002 1136 3047 est
1174 2992 1362 3045 Filius.
1396 2991 1511 3056 Quo
1557 2999 1716 3059 pacto
1755 2990 1917 3061 igitur
1960 2992 2007 3045 is
2047 2993 2137 3060 qui

561 3090 773 3159 genitus
800 3097 883 3142 est
903 3086 1009 3141 erit
1039 3082 1522 3138 consubstantialis
1544 3080 1715 3148 Patri,
1739 3082 1829 3150 qui
1860 3096 1965 3136 non
1998 3083 2138 3137 reci-

555 3181 633 3250 pit
656 3180 1056 3248 generationem
1077 3174 1102 3226 ’ί

1065 3283 1275 3338 Salutio
1309 3280 1632 3349 objectionis.

627 3402 818 3455 Dicant
842 3396 1028 3457 nobis,
1057 3396 1318 3458 obsecro,
1347 3392 1440 3462 qui
1473 3392 1779 3460 hujusmodi
1812 3393 1975 3447 stulte
2010 3409 2134 3460 pro-

553 3496 768 3551 ferunt:
801 3490 857 3544 Si
891 3504 986 3558 per
1008 3486 1409 3556 generationem
1434 3484 1638 3538 tollitur
1664 3485 2134 3539 consubstantiali-

555 3597 663 3647 Las,
703 3597 801 3654 per
840 3596 1001 3650 quam
1056 3593 1169 3632 rem
1221 3575 1663 3631 conservabitur?
1706 3574 1772 3630 Et
1804 3592 2054 3641 rursum,
2085 3577 2129 3633 si

551 3676 793 3746 genitum
820 3688 926 3726 non
960 3680 1043 3725 est
1074 3667 1538 3724 consubstantiale
1573 3667 1842 3737 genitori,
1870 3668 2127 3736 quidnam

552 3768 657 3821 erit
683 3760 1177 3819 consubstantiale?
1204 3760 1364 3815 Certe
1392 3760 1443 3812 id
1471 3759 1614 3827 quod
1642 3759 1882 3827 genitum
1913 3774 2018 3813 non
2046 3768 2129 3813 est

551 3868 606 3911 et
632 3855 861 3910 alienum
888 3860 972 3907 est
995 3850 1062 3905 ab
1089 3850 1349 3912 essentia,
1374 3856 1465 3901 aut
1496 3848 1550 3901 id
1575 3846 1717 3915 quod
1747 3854 2017 3915 sumptum
2045 3856 2127 3901 est

551 3946 621 4002 ab
657 3947 838 4015 aliquo
882 3956 1068 3995 eorum
1112 3954 1233 4009 quae
1272 3939 1415 3993 circa
1455 3937 1719 3992 essentias
1757 3946 1883 3990 sunt
1922 3953 1935 3990 :
1976 3936 2124 4004 atqui

552 4044 652 4093 hoc
682 4032 1011 4105 impossibile
1036 4041 1138 4084 est.
1170 4028 1326 4083 Dices
1356 4028 1518 4097 igitur
1551 4026 1849 4095 ingenitum
1882 4025 2125 4093 ingenito

548 4128 711 4198 plane
741 4120 1204 4181 eonsnbstantiale
1232 4134 1381 4181 esse,
1413 4116 1707 4186 ingenitum
1740 4124 1916 4169 autem
1944 4116 2124 4183 genito

549 4234 655 4272 non
684 4218 833 4270 item.
856 4212 1144 4279 Quocirca,
1166 4224 1288 4265 cum
1312 4211 1481 4263 Adam
1502 4208 1716 4277 genitus
1743 4223 1849 4263 non
1879 4209 1971 4274 sit,
1990 4208 2121 4263 Abel

458 4342 463 4347 ε
548 4318 727 4363 autem
759 4320 827 4361 ex
858 4303 1082 4359 muliere
1112 4301 1350 4370 genitus,
1384 4315 1486 4353 non
1520 4298 1626 4353 erit
1652 4298 1856 4352 Adamo
1889 4299 2121 4354 consub-

2244 2313 2308 2362 ὲκ
2341 2312 2441 2380 τῆς
2469 2314 2643 2385 ἀρχῆς
2666 2317 2802 2381 ἐστι,
2830 2317 2916 2370 διὰ
2939 2316 3097 2371 τοῦτο
3126 2320 3220 2373 καὶ
3249 2323 3533 2391 ὁμοούσιος
3566 2330 3632 2399 τῇ
3657 2329 3823 2400 ἀρχῇ.
3890 2316 3895 2321 Δ

2244 2402 2317 2454 Τὸ
2345 2402 2403 2456 δὲ
2436 2404 2722 2473 ὁμοούσιον
2753 2407 2830 2476 τῷ
2860 2409 3053 2480 Πατρὶ,
3090 2412 3410 2483 έπιγενητὸν
3438 2417 3538 2470 οὐκ
3571 2418 3708 2484 ἔστι,
3733 2421 3827 2473 ἴνα

2246 2493 2322 2564 μὴ
2351 2495 2508 2548 τοῦτο
2540 2496 2614 2551 ὢν
2652 2498 2977 2570 εὑρίσκηται
3011 2502 3104 2556 καὶ
3131 2504 3313 2568 αὐτός.

2927 2674 3131 2730 ΑΛΛΟ.

2490 2784 2579 2850 Ὠς
2608 2786 2676 2849 ἐξ
2710 2788 3066 2857 ἀντιθέσεως
3102 2792 3221 2846 τῶν
3248 2796 3571 2865 Εὐνομιου.

2310 2896 2422 2948 Οὐκ
2476 2896 2806 2967 ἐπιδέχεται,
2866 2902 3020 2970 φησὶ,
3062 2905 3317 2973 γέννησιν
3374 2909 3406 2976 ἡ
3459 2908 3553 2961 τοῦ
3607 2910 3815 2982 Πατρὸς

2237 2986 2394 3039 οὐσία
2416 3004 2428 3014 ·
2461 2987 2726 3058 ἐγεννήθη
2756 2989 2813 3042 δὲ
2848 2993 2880 3045 ὁ
2910 2992 3056 3056 Υἱός.
3090 2995 3212 3059 Πῶς
3242 2991 3335 3052 οὖν
3368 2999 3396 3050 ὁ
3424 3003 3816 3071 γεγεννημένος

2236 3077 2521 3146 ὁμοούσιος
2554 3078 2706 3131 ἔσται
2738 3079 2815 3151 τῷ
2846 3084 3041 3155 Πατρὶ,
3071 3086 3150 3156 τῷ
3180 3087 3253 3159 μὴ
3283 3090 3655 3165 ἐπιδεχομένῳ
3691 3096 3813 3164 γέν·

2240 3186 2393 3240 νησιν
2412 3188 2425 3235 ;

2725 3289 2879 3355 Πρὸς
2908 3292 3084 3346 τοῦτο
3109 3296 3312 3363 λύσις.

2304 3398 2623 3467 Λεγέτώσαν
2652 3403 2783 3473 ἡμῖν
2816 3405 2865 3456 οἱ
2898 3407 2967 3457 τὰ
3001 3406 3226 3459 τοιαῦτα
3263 3411 3637 3478 προτείνοντες
3663 3414 3810 3483 ἀμα-

2234 3487 2362 3553 θῶς,
2396 3489 2457 3544 Εἰ
2489 3492 2578 3546 διὰ
2610 3494 2708 3563 τῆς
2740 3497 3048 3566 γεννήσεως
3081 3499 3386 3573 ἀναιρεῖται
3411 3502 3469 3555 τὸ
3505 3504 3812 3575 ὀμοούσιον,

2232 3579 2320 3633 διὰ
2346 3582 2497 3636 ποίου
2535 3585 2839 3655 σωθήσεται
2885 3588 3248 3658 πράγματος;
3296 3593 3407 3646 Καὶ
3436 3596 3620 3663 πάλιν,
3651 3600 3699 3652 εἰ
3731 3600 3809 3671 τῷ

2230 3676 2586 3744 γεγεννηκότι
2613 3677 2674 3730 τὸ
2708 3680 2968 3748 γεννηθὲν
3002 3680 3101 3751 οὐχ
3128 3684 3434 3751 ὁμοούσιον,
3471 3691 3626 3744 ποῖον
3657 3693 3809 3747 ἔσται

2227 3764 2288 3817 τὸ
2328 3766 2647 3835 ὀμοούσιονς
2696 3770 2838 3840 Ἄρα
2888 3772 2949 3824 τὸ
2998 3772 3074 3841 μὴ
3116 3775 3375 3845 γεννηθὲν
3406 3778 3500 3831 καὶ
3529 3780 3806 3855 ἀλλότριον

2224 3860 2325 3929 τῆς
2349 3861 2557 3926 οὐσίας,
2579 3862 2611 3931 ἢ
2647 3862 2706 3915 τὸ
2727 3863 2837 3917 ἀπό
2862 3881 3009 3928 τινος
3034 3864 3238 3937 ληφθὲν
3274 3868 3382 3923 τῶν
3403 3871 3502 3924 ὅσα
3532 3874 3648 3929 ἐστὶ
3679 3878 3802 3946 περὶ

2224 3951 2319 4015 τὰς
2355 3952 2543 4016 οὐσίας
2562 3969 2577 3985 ο
2608 3954 2744 4008 ἀλλὰ
2774 3955 2931 4009 τοῦτο
2974 3956 3253 4012 ἀδύνατον.
3303 3960 3478 4029 Ἐρεῖς
3514 3960 3608 4018 οὖν
3635 3967 3715 4019 ὅτι
3741 3967 3808 4020 τὸ

2225 4042 2516 4112 ἀγέννητον
2563 4043 2643 4115 τῷ
2694 4046 2977 4117 ἀγεννήτῳ
3025 4048 3242 4113 πάντως
3291 4052 3597 4122 ὀμοούσιον,
3639 4056 3701 4109 τὸ
3743 4058 3801 4111 δὲ

2222 4132 2514 4205 ἀγέννητον
2539 4133 2618 4205 τῷ
2640 4136 2884 4208 γεννητῷ
2905 4139 3003 4208 οὐχ
3023 4140 3228 4210 ὅμοιον.
3267 4142 3477 4196 Οὐκοῦν
3503 4146 3802 4218 ἐπειδήπερ

2219 4222 2319 4276 οὐκ
2370 4225 2633 4295 ἐγεννήθη
2685 4226 2783 4296 μὲν
2813 4228 2844 4280 ὁ
2884 4228 3074 4298 Ἀδὰμ,
3112 4230 3373 4301 ἐγεννήθη
3422 4232 3479 4286 δὲ
3518 4236 3683 4289 ’Ἅϐελ
3732 4239 3798 4290 ἐκ

2219 4314 2495 4381 γυναικὸς,
2516 4317 2613 4367 οὐκ
2643 4316 2795 4369 ἔσται
2825 4316 2903 4387 τῷ
2939 4318 3108 4388 Ἀδὰμ
3131 4320 3430 4389 ὀμοούσιος.
3468 4323 3530 4375 El
3559 4324 3614 4376 δὲ
3643 4327 3796 4394 ἐγεν-

543 4396 830 4454 stantialis.
851 4394 907 4449 Si
929 4407 1056 4448 vero
1078 4393 1292 4462 genitus
1313 4390 1528 4459 quidem
1546 4399 1656 4454 est,
1675 4389 1911 4458 ejusdem
1937 4400 2114 4445 tamen

2234 4402 2356 4473 νήθη
2391 4404 2509 4473 μὲν,
2541 4404 2655 4475 ἔχει
2700 4406 2756 4459 δὲ
2783 4409 2883 4476 τῆς
2936 4408 3151 4475 φύσεως
3178 4409 3273 4480 τὴν
3309 4411 3617 4482 ταύτότητα
3663 4389 3797 4487 πρὸς

543 4499 626 4545 εει
651 4504 772 4544 cum
800 4487 1006 4540 Adamo
1031 4485 1196 4539 etiam
1254 4498 1358 4536 non
1391 4482 1572 4552 genito
1601 4492 1829 4547 naturae,
1857 4483 1983 4553 quid
2018 4484 2114 4539 ob-

2234 4466 2307 4545 ab
2345 4466 2540 4564 ζᾸδὰμ,
2570 4466 2751 4550 καίτοι
2924 4466 3338 4570 γεγεννημένον,
3368 4502 3423 4555 τί
3458 4466 3654 4559 κωλύει

544 4588 653 4636 stat
685 4578 976 4649 quominus
1010 4574 1181 4630 Filius
1222 4589 1289 4628 ex
1336 4574 1574 4657 ingenito
1617 4570 1775 4626 Patre
1815 4575 2027 4643 genitus
2066 4577 2113 4629 ei

2234 4584 2307 4638 τὸν
2350 4586 2475 4639 Υἱὸν
2519 4588 2579 4652 ἐξ
2614 4589 2909 4661 ἀγεννήτου
2956 4592 3168 4662 [ἰατρὸς
3204 4592 3333 4647 ὄντα
3368 4598 3624 4664 γεννητὸν
3656 4595 3793 4653 εἶναι

543 4674 606 4727 sit
642 4664 1155 4725 consubstantiaiis?

2234 4677 2311 4729 ta‘t
2336 4679 2656 4748 ὀμοούσιον;

958 4782 1070 4853 68
1100 4778 1328 4843 ALIUD,
1359 4779 1687 4846 explicatius.

609 4898 859 4954 Genitum
899 4912 1017 4953 esse
1052 4896 1250 4951 Filium
1292 4910 1358 4950 ex
1390 4894 1548 4951 Patre
1583 4897 1746 4951 etiam
1786 4897 1883 4965 ipsi
1927 4898 2110 4952 hostes

2281 4905 2643 4973 Γεγεννῆσθαι
2669 4908 2759 4961 τὸν
2792 4908 2917 4961 Υίὸν
2941 4910 3005 4962 ἐκ
3036 4910 3249 4980 Πατρὸς
3273 4912 3369 4964 καὶ
3401 4911 3451 4963 οἱ
3492 4914 3784 4982 χριστομὰ-

537 4992 736 5046 Christi
779 4989 1137 5055 conﬁtentur;
1182 5003 1354 5058 neque
1400 4988 1715 5058 quisquam,
1751 4989 2008 5053 arbitror,
2042 5004 2108 5043 eo

2234 5011 2298 5062 [οι
2327 4992 2680 5063 συνθήσονται
2699 5012 2712 5024 ⁸
2767 4998 2860 5048 xai.
2884 4997 2982 5049 οὐκ
3033 4996 3100 5050 ἄν
3127 5015 3229 5061 τις,
3279 4997 3454 5068 οἶμαι,
3483 5000 3620 5069 πρὸς
3653 5017 3780 5053 τοσ·

536 5083 788 5152 nequitia:
814 5081 1050 5147 devenit,
1078 5091 1137 5134 ut
1161 5082 1357 5135 audeat
1383 5079 1566 5134 dicere
1592 5080 1764 5148 ipsum
1796 5080 2019 5146 perinde
2041 5095 2105 5134 ac

2234 5083 2384 5155 ιύτην
2413 5084 2602 5139 ἐλάσαι
2645 5086 2863 5149 κακίαν,
2907 5087 2982 5149 ὡς
3013 5087 3281 5157 τολμῆσαι
3309 5087 3561 5159 καθάπερ
3594 5091 3689 5143 καὶ
3715 5092 3781 5143 τὰ

533 5183 813 5227 creaturas
852 5174 1058 5225 ratione
1080 5181 1284 5225 natura:
1323 5181 1497 5224 extra.
1542 5171 1786 5224 Divinam
1810 5171 2101 5226 essentiam

2234 5178 2490 5247 ποιήματα
2528 5177 2621 5229 καὶ
2666 5178 2827 5231 αὐτὸν
2862 5178 2965 5242 ἔξω
2999 5179 3209 5232 κεῖσθαι
3247 5180 3347 5250 τῆς
3394 5180 3544 5244 θείας
3593 5181 3779 5245 οὐσίας

530 5277 675 5319 εεεε.
707 5259 763 5315 Si
804 5262 966 5333 igitur
1003 5263 1187 5330 genuit
1220 5278 1285 5317 ex
1321 5277 1379 5316 se
1415 5261 1574 5316 Pater
1606 5260 1835 5330 Filium,
1862 5277 1958 5317 cur
1995 5279 2100 5319 non

2234 5267 2345 5318 ίατὰ
2384 5268 2473 5319 τὸν
2501 5267 2598 5338 τῆς
2631 5266 2843 5335 φύσεως
2872 5268 3048 5335 λόγον.
3092 5269 3155 5321 Εἰ
3193 5268 3375 5320 τοίνυν
3409 5269 3695 5340 ἐγέννησεν
3719 5272 3777 5336 ἐξ

531 5355 637 5409 erit
666 5354 1168 5409 consubstantialis?
1202 5356 1390 5409 Dieant
1433 5355 1588 5408 nobis
1618 5354 1711 5409 Dei
1742 5353 1904 5410 Verbi
1938 5373 2098 5412 accu-

2234 5355 2395 5410 αυτοῦ
2414 5357 2502 5411 τὸν
2517 5358 2643 5411 Υίδν
2659 5360 2686 5411 ὁ
2709 5358 2918 5430 Πατὴρ,
2934 5359 3073 5412 διατί
3107 5360 3180 5429 μὴ
3209 5358 3491 5430 ὁμοούσιος
3507 5378 3521 5426 ;
3540 5361 3777 5429 Λεγὲτω-

528 5453 756 5500 satores.
787 5446 919 5500 Nam
953 5455 1044 5499 aut
1075 5448 1199 5516 quia
1236 5462 1351 5500 non
1376 5448 1581 5515 potuit,
1609 5456 1701 5500 aut
1735 5447 1857 5517 quia
1897 5448 2096 5513 noluit,

2237 5466 2302 5503 av
2328 5450 2458 5519 ἡμῖν
2484 5452 2531 5502 οἱ
2562 5449 2655 5503 τοῦ
2684 5450 2819 5504 Θεοῦ
2851 5452 3024 5519 Λόγου
3056 5452 3373 5522 κατήγοροι.
3414 5451 3776 5521 Ἀδυνατὴσας

2650 4794 2851 4856 ΑΛΛΟ,
2890 4794 3341 4864 διηγηματικῶς.

528 5537 687 5591 talem
736 5539 907 5606 ipsum
953 5548 1195 5609 generat.
1243 5539 1300 5593 Si
1344 5540 1527 5593 dicant
1575 5541 1699 5607 quia
1745 5555 1849 5594 non
1893 5545 2092 5608 potuit,

524 5630 717 5696 pudeat
764 5628 881 5683 illos
922 5627 1099 5682 Patris
1143 5629 1433 5683 essentiam
1480 5630 1804 5683 contumelia
1852 5632 2091 5696 allicere,

523 5732 644 5770 eum
684 5717 1051 5781 impotentiam
1092 5716 1165 5770 illi
1206 5717 1440 5771 tribuere
1475 5716 1705 5785 audent;
1741 5717 1788 5773 ei
1820 5733 1948 5773 vero
1986 5718 2093 5774 alio

2198 5536 2307 5610 ἆρα
2334 5540 2569 5594 τοιοῦτον
2602 5540 2763 5595 αὐτὸν
2813 5542 3062 5613 γεννᾷ,ἢ
3114 5541 3186 5613 μὴ
3241 5541 3511 5613 θελήσας;
3568 5542 3633 5596 Et
3677 5543 3774 5611 μὲν

2197 5627 2290 5685 οὖν
2341 5631 2682 5704 ἀδυνατήσας
2734 5633 3004 5701 λέγουσιν,
3049 5633 3489 5703 αἱσχυνέσθωσαν
3535 5633 3633 5703 τὴν
3675 5632 3772 5685 τοῦ

2196 5724 2408 5791 Πατρὸς
2447 5726 2636 5780 οὐσίαν
2668 5724 2998 5794 ὑϐρίζοντες,
3046 5725 3111 5777 δι’
3150 5718 3223 5782 ὧν
3254 5725 3391 5796 αὐτῇ
3438 5724 3771 5795 προσάπτειν
