4144 6518
304 390 413 445 H3

1726 392 2169 454 THESAURUS.

3470 401 3570 455 Ill

299 506 360 558 τὸ
402 502 758 575 μὴδύνασθαι
786 502 1202 573 τετολμήκασιν.
1243 504 1305 557 Εἰ
1335 503 1381 558 δ’
1404 507 1497 560 ἐπὶ
1530 505 1759 578 θάτερον
1789 526 1884 580 με·

1996 512 2326 586 confugiant,
2355 523 2410 571 et
2435 515 2679 573 noluisse
2710 514 2895 571 dicant
2920 514 3437 571 consubstantialem
3467 517 3568 571 sibi

222 602 229 647 ἶ
298 595 689 666 ταστήσονται,
739 594 831 648 καὶ
875 596 951 665 μὴ
992 593 1245 666 ἐθελῆσαι
1281 597 1547 667 φήσουσιν
1596 598 1882 669 ὀμοούσιον

300 681 451 751 αὑτῴ
479 681 740 751 γεννῆσαι
772 680 865 755 τὸν
897 681 1046 745 Υἱὸν,
1089 682 1290 753 ἑτέρως
1324 684 1604 757 ὑϐρίζουσι
1648 690 1883 759 πρᾶγμα

302 773 539 845 χαλεπὸν
558 776 652 828 καὶ
671 773 733 826 τὸ
764 772 983 826 πάντων
1008 772 1286 844 αἴσχιστον
1316 776 1690 848 περιτιθέντες
1711 778 1879 850 αὐτῷ,

302 864 393 917 τὸν
422 863 513 916 ἐπὶ
541 865 654 928 τοῖς
687 863 970 935 ἀμείνοσιν
996 863 1172 918 ὄκνον.
1204 865 1267 917 Ei
1302 864 1411 937 γὰρ
1443 868 1692 939 κρεῖττον
1722 864 1789 940 ἦν
1820 870 1884 922 τὸ

301 952 583 1022 ὁμοούσιον
612 953 705 1006 τοῦ
740 953 815 1025 μὴ
843 953 1104 1019 τοιούτου,
1130 954 1247 1019 πῶς
1276 957 1375 1011 οὐκ
1397 956 1549 1012 ἔσται
1574 959 1883 1032 δυσφημίας

300 1044 521 1116 ἁπάσης
563 1045 822 1100 ἐπέκεινα
850 1044 911 1099 τὸ
944 1045 1121 1116 λέγειν
1147 1047 1374 1119 ὀκνῆσαι
1421 1052 1550 1121 περὶ
1590 1050 1660 1105 τὰ
1702 1053 1883 1123 κρείτ-

298 1151 429 1189 τονα
474 1134 571 1189 καὶ
620 1136 1048 1209 πρεπωδέστερα
1078 1138 1179 1209 τὴν
1226 1137 1376 1193 θείαν
1422 1141 1631 1208 οὐσίαν,
1669 1143 1763 1196 καὶ
1806 1144 1882 1214 μὴ

303 1225 504 1294 μᾶλλον
552 1226 804 1299 ἐθελῆσαι
844 1229 907 1281 τὸ
940 1228 1222 1302 κάλλιονῆ
1263 1231 1322 1285 τὸ
1372 1232 1447 1304 μὴ
1499 1232 1672 1297 οὓτως
1720 1233 1879 1305 ἔχον;

314 1313 472 1371 Ἀλλὰ
525 1319 704 1373 πάντα
747 1318 972 1373 δύναται
1029 1322 1202 1373 ποιεῖν
1245 1323 1274 1375 6
1326 1323 1535 1394 Πατὴρ,
1589 1322 1683 1377 καὶ
1742 1325 1882 1379 θέλει

300 1410 505 1479 μᾶλλον
524 1411 585 1464 τδ
616 1414 864 1483 κρεῖττον
885 1427 900 1443 ⁸
930 1413 1083 1467 οὐδὲν
1105 1409 1198 1468 οὗν
1218 1415 1333 1468 ἐστι
1356 1414 1419 1470 τὸ
1453 1416 1658 1473 κωλύον
1690 1418 1884 1489 ὁμοού-

301 1516 416 1552 σιον
443 1494 583 1554 εῖναι
615 1502 707 1556 τὸν
741 1501 889 1557 Υίὸν.

982 1742 1187 1797 ΔΛΔΟ.

571 1847 902 1915 “Ar-rideam
930 1849 1009 1916 ὡς
1039 1849 1108 1905 ἐκ
1138 1848 1259 1905 τῶν
1290 1852 1611 1923 Εὐνομίου.

369 1936 444 1992 Τδ
495 1938 556 2004 ἑξ
602 1939 779 1993 αίτίου
836 1941 981 2005 τινος
1014 1941 1094 2004 δν,
1146 1943 1179 2012 ἦ
1223 1943 1646 2014 γεγεννημένον,
1690 1946 1878 2016 φησὶν,

298 2026 512 2100 ἀνάγκη
542 2028 792 2101 δεύτερον
814 2025 955 2084 εἶναι
983 2031 1198 2099 τούτου,
1220 2032 1249 2085 ὃ
1273 2032 1337 2103 δὴ
1361 2033 1457 2087 καὶ
1485 2033 1707 2103 γέγονεν
1729 2035 1880 2105 αὐτῷ

298 2117 391 2172 τοῦ
426 2114 563 2174 εἶναι
591 2120 787 2176 αἴτιον.
829 2122 1037 2176 Οὐκοῦν
1075 2123 1327 2196 δεύτερος
1360 2122 1511 2177 ἔσται
1538 2123 1633 2178 τοῦ
1668 2128 1883 2197 Πατρὸς

296 2209 326 2260 6
354 2208 482 2273 Υίὸς
511 2209 683 2262 αἴτιον
716 2209 880 2263 αὑτὸν
907 2210 1077 2281 ἔχων·
1110 2212 1204 2265 καὶ
1246 2211 1335 2265 διὰ
1366 2212 1523 2266 τοῦτο
1548 2215 1648 2285 οὐχ
1687 2216 1883 2286 ὀμοού-

303 2317 441 2364 σιος.
486 2304 559 2355 Ἢ
604 2304 1071 2373 ἀφιλονεικὸτερον
1117 2304 1439 2374 ὲνστήσεταί
1471 2323 1554 2369 τις
1597 2305 1884 2377 ὁμοούσιον

301 2390 464 2443 αὐτὸν
496 2386 637 2445 εἶναι
668 2392 865 2461 λέγων,
911 2394 946 2463 ἡ
997 2391 1095 2463 μία
1138 2391 1351 2463 θεότης,
1387 2394 1512 2464 ἄρα,
1562 2397 1737 2467 τομήν
1764 2414 1885 2450 τινα

305 2478 625 2549 χωρήσασα,
654 2480 877 2548 γέγονεν
916 2481 996 2543 είς
1038 2480 1239 2534 δυάδα’
1285 2482 1346 2533 οὑ
1388 2483 1497 2553 γὰρ
1526 2484 1730 2553 ἑτέρως
1760 2486 1887 2555 ὁμο-

303 2568 485 2633 ούσιος
514 2565 652 2623 εῖναι
677 2570 920 2625 δύναται.
967 2572 1206 2642 Ἀνάγκη
1237 2567 1331 2625 οὖν
1355 2573 1536 2641 λέγειν
1562 2574 1663 2643 οὐχ
1693 2574 1888 2643 ὁμοού-

306 2677 423 2713 σιον
454 2655 595 2716 εἷναι
621 2662 713 2716 τὸν
747 2663 895 2716 Υίόν.

789 2869 946 2937 Πρὸς
978 2872 1165 2925 ταῦτα
1192 2872 1395 2936 λύσις.

372 2979 489 3032 Οὐκ
516 2979 830 3033 αἰσθάνεται
875 2980 1039 3033 πάλιν
1068 2981 1283 3051 μεθύων
1310 2983 1337 3034 ὁ
1367 2983 1757 3052 χριστομάχος,
1795 2985 1890 3037 καὶ

308 3071 487 3141 μάτην
514 3071 920 3143 καταφλυαρῶν
964 3072 1067 3143 τῆς
1113 3071 1265 3135 θείας
1294 3072 1502 3135 οὐσίας.
1542 3073 1615 3126 Τὸ
1643 3073 1740 3143 μὲν
1782 3074 1891 3145 γὰρ

1989 625 2251 681 generare
2279 609 2509 675 Filium,
2536 609 2697 663 aliam
2731 609 3119 665 contumeliam
3151 608 3200 663 ei
3232 608 3566 680 impingunt,

1990 703 2356 773 turpissimam
2420 704 2820 771 pessimamque
2879 715 2994 756 rem
3054 700 3129 755 illi
3193 700 3566 763 ascribentes,

1989 794 2367 864 negligentiam
2393 794 2647 847 nimirum
2680 801 2842 861 atque
2873 790 3144 860 ignaviam
3173 790 3227 844 in
3255 789 3570 845 melioribus

1990 900 2053 939 ac
2093 882 2562 953 prmstantioribus
2604 879 2887 935 faciendis.
2926 877 2985 933 Si
3026 877 3171 932 enim
3219 876 3412 933 melius
3453 884 3574 932 erat

1990 974 2447 1030 consubstantiale
2488 988 2650 1043 quam
2698 972 2750 1025 id
2792 972 2936 1040 quod
2983 968 3249 1039 ejusmodi
3295 983 3402 1023 non
3446 977 3568 1035 est,

1989 1080 2095 1135 quo
2120 1076 2277 1135 pacto
2308 1081 2412 1121 non
2438 1066 2586 1120 omni
2620 1061 2952 1129 blasphemia
2990 1060 3168 1128 majus
3195 1058 3361 1114 fuerit
3386 1057 3572 1115 dicere

1990 1157 2226 1211 divinam
2256 1155 2548 1211 essentiam
2581 1152 2630 1207 in
2664 1152 2729 1207 iis
2756 1165 2877 1220 quae
2908 1147 3133 1203 meliora
3165 1145 3570 1201 convenientia-

1990 1263 2159 1317 raque
2203 1256 2360 1303 erant
2402 1245 2666 1300 faciendis
2714 1242 3076 1312 negligentem
3118 1238 3320 1301 fuisse,
3364 1247 3420 1292 et
3466 1251 3571 1291 non

1988 1340 2165 1411 potius
2201 1337 2435 1393 voluisse
2474 1334 2620 1405 quod
2661 1332 2856 1387 melius
2902 1344 3067 1401 quam
3111 1328 3256 1400 quod
3304 1327 3573 1383 deterius?

1987 1432 2148 1500 Atqui
2186 1430 2347 1484 Pater
2380 1428 2562 1484 omnia
2596 1434 2767 1494 potest
2798 1423 3015 1486 facere,
3056 1420 3338 1491 magisque
3372 1419 3486 1473 vult
3518 1419 3571 1472 id

1988 1525 2132 1596 quod
2174 1520 2367 1578 melius
2399 1528 2482 1574 est
2516 1536 2530 1571 :
2570 1516 2700 1571 nihil
2734 1524 2818 1570 est
2848 1514 3015 1584 igitur
3046 1512 3192 1583 quod
3223 1510 3404 1567 obstet
3435 1526 3572 1580 quo.

1988 1617 2166 1672 minus
2190 1608 2669 1670 eonsubstantialis
2697 1608 2767 1663 sit
2794 1605 2988 1661 Filius.

2665 1738 2897 1796 ALIUD.

2422 1838 2506 1891 Ea:
2538 1837 2825 1907 objections
2859 1834 3138 1888 Eunomii.

2054 1958 2205 2028 Quod
2234 1970 2299 2011 ex
2330 1968 2489 2009 causa
2522 1952 2702 2021 aliqua
2729 1960 2832 2016 est,
2854 1950 2939 2004 vel
2971 1948 3216 2018 genitum
3246 1957 3350 2011 est,
3376 1946 3567 2015 inquit,

1986 2050 2354 2109 necessarium
2402 2054 2483 2099 est
2525 2052 2584 2097 ut
2627 2044 2701 2099 sit
2743 2041 3041 2098 secundum
3087 2040 3159 2095 ab
3198 2039 3292 2095 illo
3330 2039 3475 2109 quod
3521 2037 3569 2092 ei

1986 2157 2149 2200 causa
2180 2139 2511 2195 exsisteutia:
2541 2135 2659 2189 fuit.
2690 2134 2971 2191 Secundus
3001 2134 3186 2205 itaque
3216 2134 3317 2190 erit
3344 2134 3513 2189 Filius
3542 2148 3570 2183 a

1985 2235 2147 2289 Patre
2168 2273 2183 2298 ,
2215 2231 2414 2302 quippe
2441 2229 2530 2299 qui
2566 2227 2780 2284 Patrem
2812 2237 2872 2283 ut
2900 2242 3120 2283 causam
3150 2228 3345 2283 habeat
3375 2247 3386 2281 :
3415 2235 3573 2294 atque

1988 2327 2193 2381 idcirco
2236 2338 2303 2377 ne
2345 2317 2825 2377 consubstantialis
2863 2318 3081 2389 quidem
3126 2319 3175 2372 ei
3218 2318 3341 2373 erit.
3378 2315 3486 2370 Aut
3527 2316 3571 2369 si

1989 2415 2113 2484 quis
2167 2410 2555 2467 contentiosius
2612 2418 2836 2478 urgeat,
2882 2406 3395 2463 consubstantialem
3449 2419 3570 2458 eum

1989 2519 2110 2559 esse
2137 2502 2358 2565 dicens,
2384 2516 2489 2553 una
2530 2509 2678 2554 certe
2716 2498 2889 2554 deitas
2944 2498 3240 2554 sectionem
3283 2497 3573 2551 admittens

1993 2594 2045 2647 in
2071 2591 2383 2646 dualitatem
2410 2589 2585 2643 divisa
2612 2587 2715 2641 erit
2743 2604 2757 2641 :
2786 2602 2958 2656 neque
2986 2588 3130 2642 enim
3163 2587 3319 2642 aliter
3340 2587 3576 2642 consub-

1992 2685 2267 2741 stantialis
2295 2699 2416 2739 esse
2442 2690 2639 2752 potest.
2658 2678 3035 2736 Necessarium
3061 2678 3225 2749 igitur
3243 2685 3328 2734 est
3349 2684 3407 2732 ut
3429 2676 3576 2731 dica-

1993 2793 2112 2833 mus
2142 2774 2655 2832 consubstantialem
2683 2788 2787 2827 non
2814 2786 2937 2828 esse
2958 2771 3175 2826 Filium.

2671 2882 2898 2938 Salutio.

2065 2998 2441 3054 Debacchatur
2489 3012 2709 3052 rursum
2762 2996 2965 3052 Christi
3027 2993 3222 3059 hostis,
3264 3002 3578 3061 temereque

1992 3091 2253 3145 adversus
2295 3091 2529 3145 divinam
2572 3089 2865 3146 essentiam
2915 3088 3164 3143 blaterat.
3202 3084 3389 3141 Secari
3432 3085 3575 3138 enim

304 3161 602 3233 τέμνεσθαι
631 3162 726 3217 καὶ
744 3163 1021 3218 διάστασίν
1043 3181 1165 3218 τινα
1189 3163 1388 3235 μεταξὺ
1404 3163 1504 3235 τὴν
1529 3164 1666 3235 πρὸς
1684 3164 1889 3236 ἄλληλα

1996 3191 2046 3237 et
2090 3182 2408 3237 divisionem
2460 3182 2696 3250 aliquam
2749 3180 2992 3247 recipere
3052 3193 3240 3247 posse,
3285 3190 3575 3245 corporum

302 3254 569 3309 δύνασθαι
613 3253 818 3323 λαϐεῖν,
871 3256 1139 3327 σωμάτων
1189 3255 1342 3312 ῐδιον.
1406 3257 1470 3309 Ἦ
1520 3257 1579 3309 δὲ
1628 3255 1748 3310 θεία
1790 3257 1884 3310 τοῦ

309 3346 521 3417 ιῙατρὸς
550 3345 729 3413 οὐσία,
761 3345 1053 3419 ἀσώματος
1078 3342 1235 3413 οὖσα,
1268 3350 1443 3419 τομῆς
1466 3364 1526 3400 τε
1555 3347 1650 3401 καὶ
1680 3347 1887 3419 διαιρέ-

310 3454 449 3501 σεως
492 3438 842 3503 άνεπίδεκτός
872 3442 1050 3493 ἐστιν·
1082 3438 1205 3493 οὔτε
1254 3439 1312 3492 δὲ
1347 3441 1404 3492 ὲν
1434 3438 1585 3509 τόπῳ
1628 3438 1887 3508 μένουσα,

308 3528 431 3582 οὒτε
463 3529 568 3584 ὑπό
610 3548 755 3595 τινος
796 3527 933 3586 οὖσα
977 3531 1220 3603 χωρητὴ,
1262 3531 1378 3586 ἀλλ’
1425 3532 1484 3583 ὲν
1517 3531 1742 3602 άρῤήτῳ
1782 3532 1890 3584 τινὶ

312 3623 407 3675 καὶ
437 3623 699 3694 ἀφράστῳ
718 3623 1053 3677 καταστάσει
1075 3622 1326 3693 κειμένη,
1347 3622 1438 3675 τὸν
1461 3621 1589 3675 Υίδν
1610 3621 1667 3687 ἐξ
1692 3620 1892 3691 ἑαυτῆς

313 3711 653 3776 ἁδιαστάτως
682 3712 983 3783 ἐξέλαμψεν
1003 3728 1017 3743 ο
1050 3714 1150 3766 οὐκ
1177 3712 1243 3767 ἂν
1276 3712 1477 3784 ἑτέρως
1499 3711 1643 3781 ἔχειν
1670 3711 1732 3765 τὸ
1753 3707 1893 3765 εἶναι

313 3802 492 3857 τελεία
522 3803 815 3875 δυναμένη,
850 3806 899 3857 εί
934 3804 1007 3875 μὴ
1041 3804 1299 3874 ἐγέννησε
1346 3803 1435 3856 τὸν
1470 3802 1621 3867 Υίὸν,
1653 3803 1749 3857 καὶ
1794 3804 1892 3858 άν-

313 3889 524 3961 εδείχθη
553 3892 887 3963 καρπογόνος
903 3911 916 3923 ·
944 3894 1038 3946 καὶ
1054 3893 1213 3947 πάλιν
1234 3894 1334 3947 οὐκ
1350 3893 1415 3947 ἂν
1438 3893 1637 3963 ἑτέρως
1658 3892 1893 3964 ἐσομένη

313 3982 664 4055 δημιουργὸς,
705 3985 754 4037 εἰ
785 3985 859 4055 μὴ
888 3985 1105 4040 τέτοκεν
1134 3985 1193 4050 ἐξ
1226 3986 1425 4056 ἑαυτῆς
1464 3984 1774 4056 ἀμερίστως
1802 3986 1895 4038 τὸν

317 4074 462 4139 Υἰὸν,
497 4074 564 4127 δι’
598 4068 657 4129 οὗ
685 4075 756 4129 τὰ
784 4076 964 4129 πάντα
1011 4077 1324 4147 ἐργάζεται.
1360 4078 1548 4130 Ἔστιν
1575 4073 1669 4131 οὖν
1698 4079 1727 4131 6
1767 4078 1896 4140 Υἱὸς

314 4163 594 4236 γεννηθεὶς
622 4166 686 4218 ἐκ
728 4165 964 4236 Πατρὸς,
994 4167 1055 4220 οὐ
1095 4167 1240 4220 κατά
1267 4185 1388 4221 τινα
1427 4169 1620 4240 τομὴν,
1656 4169 1689 4239 ἢ
1725 4168 1898 4241 ἁπόρο

318 4258 490 4325 ῥοιαν,
538 4255 789 4327 καθάπερ
837 4256 996 4327 ὑμεῖς
1040 4258 1411 4327 φαντάζεσθε·
1461 4258 1576 4311 ἀλλ’
1611 4257 1798 4329 ὥσπερ
1833 4259 1899 4311 ὲκ

316 4346 487 4417 πυρὸς
534 4346 826 4418 θερμότης,
882 4348 1195 4421 ἀμερίστως
1244 4351 1309 4402 ὲκ
1357 4348 1458 4419 τῆς
1499 4348 1593 4403 τοῦ
1645 4350 1895 4413 τεκόντος

316 4437 598 4509 προελθὼν
630 4440 691 4492 οὺ
700 4439 839 4504 σίας.

1005 4532 1205 4585 ΑΛΛΟ.

568 4646 664 4711 Ὠς
692 4644 761 4709 ἐξ
799 4642 1156 4710 ἀντιθέσεως
1190 4642 1310 4698 τῶν
1339 4645 1662 4713 Εὐνομιου.

390 4758 451 4811 Ei
479 4756 763 4827 ὁμοούσιός
786 4757 926 4822 ἐστι,
954 4758 1137 4827 φησὶν,
1172 4759 1201 4810 6
1243 4756 1370 4820 Υἱὸς
1399 4756 1477 4826 τῷ
1508 4756 1705 4825 Πατρὶ,
1737 4755 1790 4807 τί
1824 4756 1899 4826 μὴ

320 4846 416 4899 καὶ
440 4846 600 4909 αὑτός
623 4847 770 4899 ἐστιν
785 4845 989 4914 ἀγαθὸς
1013 4844 1185 4911 οὕτως
1201 4845 1277 4909 ὡς
1292 4847 1321 4898 6
1342 4846 1535 4916 Πατήρ
1555 4862 1569 4909 ;
1608 4846 1770 4913 Λέγει
1795 4846 1902 4915 γάρ

320 4952 425 4988 που
466 4936 604 5007 πρός
646 4953 770 4990 τινα
797 4939 826 4991 6
858 4938 1093 5009 Χριστός
1117 4953 1129 4966 ·
1173 4956 1191 4989 ι
1230 4937 1295 4990 Τί
1343 4955 1411 5008 με
1449 4937 1627 5004 λέγεις
1657 4937 1901 5005 άγαθόν;

320 5028 509 5092 Οὐδεὶς
556 5028 759 5098 ἀγαθὸς
788 5031 838 5082 εί
895 5030 970 5100 μὴ
1020 5024 1101 5093 εἷς
1143 5031 1172 5083 6
1199 5029 1350 5093 Θεὸς.
1393 5048 1411 5081 ι
1454 5029 1591 5083 Ἕνα
1621 5029 1677 5082 δὲ
1708 5028 1901 5092 εἰπὼν,

323 5121 515 5176 ἑαυτὸν
545 5122 651 5189 ἔξω
674 5123 938 5189 τέθεικεν,
967 5124 1044 5187 ὡς
1073 5122 1274 5192 ἀγαθὸν
1315 5128 1415 5193 μὲν
1442 5122 1571 5176 ὄντα
1596 5121 1691 5175 καὶ
1718 5121 1902 5187 αὐτὸν,

322 5216 422 5286 οὐχ
450 5214 592 5269 οὕτω
619 5215 676 5270 δὲ
706 5215 897 5287 ὥσπερ
929 5214 997 5270 ἂν
1030 5214 1115 5286 εἴη
1148 5217 1242 5269 καὶ
1271 5217 1299 5268 6
1338 5217 1548 5287 Πατήρ.

803 5329 958 5396 Πρὸς
985 5327 1171 5383 ταῦτα
1207 5329 1411 5392 λύσις.

401 5442 606 5513 Κύριον
640 5440 1024 5505 ἀποκαλούσης
1061 5439 1153 5493 τὸν
1194 5440 1319 5493 Υἱὸν
1357 5442 1454 5507 τῆς
1483 5439 1633 5502 θείας
1662 5439 1903 5510 Γραφῆς,

329 5535 517 5597 δώσεις
542 5533 651 5603 ἄρα
690 5532 784 5586 καὶ
824 5529 987 5585 αὐτὸν
1029 5526 1168 5584 εἶναι
1203 5531 1427 5601 Κύριον,
1463 5530 1555 5583 καὶ
1573 5529 1733 5582 τοῦτο
1768 5531 1910 5583 κατὰ

331 5625 608 5695 ἀλήθειαν,
638 5623 671 5693 ἢ
701 5622 837 5691 πρὸς
859 5624 971 5684 τοῖς
1001 5619 1178 5684 ἄλλοις
1203 5622 1415 5692 ἀρνήσῃ
1447 5621 1540 5674 καὶ
1560 5620 1702 5673 τόδε.
1729 5621 1790 5673 Εἰ
1812 5620 1910 5690 μὲν

333 5716 440 5785 γὰρ
460 5716 559 5767 οὐκ
594 5709 728 5765 εἶναι
780 5710 982 5781 Κύριον
1018 5712 1190 5782 ἐρεῖς,
1228 5712 1487 5766 τάναντία
1532 5714 1745 5781 φρονεῖς
1790 5715 1910 5775 ταῖς

334 5808 507 5869 θείαις
539 5805 780 5875 Γραφαῖς
813 5804 905 5855 καὶ
948 5803 1024 5873 τῷ
1057 5802 1227 5857 ταῦτα
1272 5804 1565 5872 λαλήσαντι
1612 5803 1910 5863 Πνεύματι.

1993 3272 2270 3341 proprium
2299 3280 2402 3327 est.
2430 3271 2620 3326 Divina
2651 3280 2832 3327 autem
2869 3268 3045 3325 Patris
3074 3269 3335 3334 essentia,
3359 3282 3480 3323 cum
3510 3268 3578 3321 sit

1992 3365 2343 3433 incorporea,
2370 3364 2633 3419 sectionis
2672 3372 2764 3417 aut
2798 3362 3079 3417 divisionis
3118 3374 3290 3429 capax
3324 3373 3431 3413 non
3464 3368 3576 3423 est;

1993 3469 2168 3526 neque
2207 3457 2259 3511 in
2302 3456 2420 3511 loco
2459 3456 2703 3521 exsistit,
2735 3470 2908 3525 neque
2948 3469 2977 3508 a
3019 3466 3290 3523 quoquam
3331 3449 3579 3505 contine-

1994 3556 2112 3613 tur;
2145 3548 2240 3602 sed
2271 3548 2324 3602 in
2358 3563 2560 3603 arcano
2589 3557 2752 3616 atque
2781 3545 3035 3601 inetl'abili
3072 3554 3218 3601 statu
3250 3542 3576 3603 consistens,

1994 3636 2193 3692 Filium
2224 3651 2294 3691 ex
2321 3652 2380 3692 se
2411 3637 2720 3692 immediate
2745 3635 3001 3704 protulit;
3035 3649 3211 3704 neque
3234 3633 3340 3687 alia
3369 3631 3580 3686 ratione

1998 3729 2233 3797 perfecta
2257 3740 2379 3782 esse
2407 3735 2607 3796 potest,
2629 3727 2731 3780 nisi
2757 3726 2951 3780 Filium
2982 3725 3250 3793 genuerit,
3271 3730 3327 3776 et
3353 3721 3579 3777 fecunda

1997 3826 2219 3873 ostensa
2244 3817 2346 3882 sit;
2377 3830 2551 3885 neque
2582 3830 2795 3868 rursum
2827 3813 3063 3867 creatrix
3092 3825 3217 3867 esse
3249 3819 3450 3879 potest,
3478 3809 3578 3863 nisi

1997 3908 2244 3977 genuerit
2286 3922 2352 3961 ex
2393 3920 2454 3962 se
2497 3905 2761 3961 indivulse
2800 3903 3030 3969 Filium,
3070 3917 3167 3970 per
3202 3917 3363 3971 quem
3401 3903 3581 3956 omnia

1996 3997 2109 4068 69
2130 4006 2406 4066 operatur.
2431 3995 2527 4050 Est
2553 3995 2716 4065 igitur
2742 3993 2956 4065 genitus
2986 4007 3053 4046 ex
3078 3989 3239 4046 Patre
3263 3990 3450 4055 Filius,
3475 4005 3580 4043 non

1998 4088 2240 4145 sectione
2271 4097 2365 4142 aut
2401 4085 2615 4142 deﬂuxu
2647 4086 2857 4154 aliquo,
2883 4086 3023 4140 sicut
3057 4098 3150 4138 vos
3184 4081 3577 4153 imaginamini;

1999 4178 2094 4234 sed
2127 4176 2583 4247 quemadmodum
2621 4174 2870 4230 caliditas
2911 4188 2975 4229 ex
3020 4172 3176 4242 igne,
3208 4169 3472 4226 iudivulse
3514 4184 3577 4223 ex

2002 4269 2235 4325 essentia
2268 4266 2543 4340 gignenti;
2568 4265 2829 4337 procedit.

2680 4524 2905 4581 ALIUD.

2433 4641 2516 4696 Ea:
2553 4640 2844 4711 objectione
2888 4636 3159 4692 Eunomii.

2082 4753 2161 4818 Si,
2199 4752 2395 4821 inquit,
2429 4750 2598 4806 Filius
2640 4758 2722 4806 est
2770 4748 3253 4805 consubstantialis
3284 4747 3451 4814 Patri,
3489 4764 3577 4802 cur

2012 4861 2117 4900 non
2140 4844 2303 4901 etiam
2330 4845 2444 4914 ipse
2463 4854 2547 4899 est
2567 4845 2740 4899 bonus
2762 4843 2835 4897 ita
2867 4853 2922 4896 ut
2946 4842 3146 4897 Pater?
3169 4842 3421 4897 Christus
3443 4843 3584 4896 enim

2012 4938 2207 4994 alicubi
2257 4937 2323 4992 ad
2356 4937 2644 5006 quemdam
2691 4938 2762 4990 ita
2812 4938 2932 4990 ait:
2969 4955 2989 4986 ι
3018 4934 3131 4988 Cur
3181 4948 3264 4987 me
3313 4934 3451 4987 dicis
3491 4933 3587 4986 bo-

2015 5030 2187 5084 num?
2235 5027 2405 5083 Nemo
2435 5028 2607 5083 bonus
2650 5028 2750 5081 nisi
2801 5042 2942 5081 unus
2991 5026 3156 5079 Deus.
3186 5043 3204 5075 ι
3242 5022 3417 5076 Unum
3460 5037 3587 5075 vero

2015 5135 2135 5174 cum
2164 5119 2324 5184 dixit,
2354 5120 2589 5189 seipsum
2618 5119 2852 5188 excepit,
2879 5118 3077 5185 quippe
3102 5114 3195 5182 qui
3230 5115 3404 5169 bonus
3424 5115 3586 5169 etiam

2017 5210 2130 5279 ipse
2161 5211 2253 5274 sit,
2280 5226 2384 5264 non
2420 5221 2596 5264 tamen
2635 5210 2707 5264 ita
2738 5210 2912 5265 bonus
2946 5216 3003 5260 ut
3031 5205 3209 5259 Pater.

2524 5319 2725 5373 Salutio
2754 5319 3084 5389 objectionis.

2087 5434 2218 5489 Cum
2252 5449 2406 5488 sacra
2440 5433 2718 5502 Scriptura
2749 5432 2946 5487 Filium
2980 5432 3270 5487 Dominum
3301 5441 3476 5495 vocet,
3510 5432 3590 5485 l'a-

2020 5527 2220 5581 teberis
2271 5526 2515 5595 proiecto
2564 5525 2727 5580 etiam
2783 5526 2958 5594 ipsum
3008 5524 3295 5580 Dominum
3350 5539 3491 5587 esse,
3539 5534 3594 5577 et

2019 5618 2238 5686 quidem
2268 5632 2412 5680 vere,
2448 5626 2540 5671 aut
2571 5632 2675 5671 una
2705 5632 2829 5673 cum
2859 5616 2979 5672 aliis
3010 5617 3176 5672 etiam
3212 5616 3311 5670 hoc
3349 5614 3588 5684 negabis.

2019 5711 2087 5761 At
2144 5709 2186 5762 si
2241 5709 2459 5779 negabis
2511 5707 2800 5763 Dominum
2849 5724 2989 5770 esse,
3048 5706 3378 5762 contrarium
3433 5704 3590 5774 plane

2020 5798 2189 5855 sentis
2227 5815 2256 5852 a
2305 5797 2600 5867 Scripturis
2654 5808 2707 5856 et
2758 5815 2787 5854 a
2837 5798 3038 5855 Suiritu
3085 5798 3187 5851 hoc
3224 5796 3492 5859 loquente.
3533 5791 3589 5845 Si
