4144 6562
538 388 646 442 “3

1533 391 1591 447 S.
1633 391 1908 449 CYRILLI
1947 389 2421 447 ALEXANDRINI
2460 371 2785 447 ARCHIEP.

533 512 869 568 concesseris
899 513 1214 583 dixerisquc
1257 515 1543 571 Dominum
1579 533 1720 585 esse,
1750 519 1913 591 impie
1953 535 2115 591 agere

2219 518 2642 589 Συντεθειμένος
2675 517 2733 571 δὲ
2768 514 2861 569 καὶ
2913 513 3141 585 φάσκων
3195 512 3359 568 αὑτὸν
3397 508 3536 567 εἶναι
3572 510 3812 582 Κύριον,

532 605 976 672 deprehenderis,
1001 606 1198 675 quippe
1226 608 1319 676 qui
1346 606 1630 664 Dominum
1653 626 1815 667 voces
1838 621 1893 667 et
1916 614 2111 668 adores

531 710 653 750 eum
687 711 846 764 quem
877 697 1399 754 consubstantialem
1434 715 1555 757 esse
1587 701 1696 757 Deo
1726 718 1789 757 ac
1828 702 1974 757 Patri
2015 719 2111 758 ne-

530 803 646 857 gas,
679 798 735 840 et
778 775 1088 843 creaturam
1121 792 1302 862 potius
1335 808 1495 861 quam
1529 809 1719 849 verum
1747 795 1915 850 Deum
1949 796 2106 851 colis.

530 876 685 943 Quod
732 879 877 932 enim
913 878 1137 934 alterius
1180 890 1390 935 natura:
1421 891 1505 936 est
1532 881 1602 937 ab
1639 896 1704 937 eo
1742 882 1834 952 qui
1866 879 1993 937 vere
2026 892 2113 939 est

529 968 697 1032 Deus,
740 969 793 1023 id
829 979 1021 1023 natura
1052 969 1196 1027 Deus
1226 984 1346 1026 esse
1382 988 1488 1026 non
1533 983 1731 1042 potest.
1762 974 1915 1040 Quod
1945 976 2109 1029 etiam

531 1057 648 1125 ipsa
694 1073 849 1111 sacra
904 1056 1182 1129 Scriptura
1230 1068 1482 1125 testatur,
1534 1062 1720 1117 dicens
1754 1076 1769 1116 :
1803 1081 1821 1114 ι
1854 1063 2110 1118 Dominus

531 1149 674 1201 Deus
709 1158 920 1216 noster,
956 1150 1214 1206 Dominus
1246 1168 1384 1206 unus
1416 1163 1499 1208 est
1518 1153 1607 1210 ‘7:
1648 1172 1667 1207 ι
1708 1171 1810 1209 una
1839 1156 1985 1210 enim
2026 1165 2111 1211 est

533 1240 756 1295 deitatis
807 1250 1022 1296 natura.
1082 1241 1236 1309 Quod
1292 1258 1421 1298 vero
1468 1243 1610 1300 hanc
1667 1247 1837 1301 solam
1881 1247 2110 1302 adorare

531 1345 805 1402 oporteat,
846 1335 1032 1389 audies
1064 1350 1276 1389 rursum
1311 1353 1326 1389 τ
1365 1354 1385 1388 ι
1420 1335 1708 1393 Dominum
1755 1340 1921 1393 Deum
1956 1349 2106 1393 tuum

530 1425 810 1491 adorabis,
843 1435 896 1479 et
922 1426 971 1480 ei
1005 1426 1108 1480 soli
1135 1427 1343 1482 servies
1364 1427 1432 1481 ⁸⁸.
1462 1446 1482 1479 ο
1526 1426 1582 1482 Si
1620 1429 1782 1498 igitur
1814 1430 1940 1499 quia
1968 1430 2109 1485 Deus

533 1530 600 1569 ac
625 1513 786 1570 Pater
819 1516 966 1569 solus
993 1515 1191 1571 dicitur
1217 1519 1409 1582 bonus,
1447 1517 1615 1573 Filius
1640 1519 1816 1573 bonus
1846 1535 1969 1575 esse
2001 1536 2106 1575 non

532 1616 711 1676 potest
738 1608 879 1662 sicut
906 1606 1088 1671 Pater,
1119 1609 1415 1679 eademque
1443 1610 1652 1665 ratione
1682 1626 1805 1666 cum
1837 1628 1975 1666 unus
2003 1613 2109 1666 Pa-

536 1711 617 1756 ter
643 1702 842 1757 dieitur
869 1701 1124 1757 Dominus
1154 1712 1209 1756 et
1240 1703 1403 1767 Deus.
1443 1703 1688 1774 sequitur
1712 1708 1874 1760 etiam
1923 1721 2110 1760 neces-

534 1793 688 1847 sario
707 1808 772 1847 ex
815 1792 1007 1849 eodem
1038 1804 1360 1865 argumento
1384 1796 1580 1852 Filium
1619 1812 1795 1867 neque
1823 1796 2108 1851 Dominum

2218 611 2431 674 ἀσεϐῶς
2459 607 2766 679 ἐλεγχθήσῃ
2786 606 2881 660 καὶ
2902 604 3109 677 Κύριον
3138 604 3315 673 λέγων
3354 604 3449 658 καὶ
3482 602 3815 672 προσκυνῶν

2216 702 2276 755 ὃν
2300 703 2359 755 ού
2411 700 2517 771 φὴς
2564 699 2851 769 ὁμοούσιον
2882 692 3021 751 εἶναι
3068 696 3146 767 τῷ
3183 695 3303 766 Θεῷ
3347 696 3443 749 καὶ
3476 694 3673 765 Πατρὶ,
3709 694 3813 745 καὶ

2218 793 2479 861 κτίσματι
2519 790 2719 862 μᾶλλον
2766 789 2801 860 ἢ
2854 788 2974 859 Θεῷ
3005 787 3150 841 κατὰ
3191 787 3355 858 φύσιν
3393 785 3697 854 λατρεύεις.
3728 784 3813 836 Τὸ

2217 884 2327 954 γὰρ
2349 883 2543 954 ἐτέρας
2569 881 2816 953 ὑπάρχον
2843 879 3028 943 οὐσίας
3069 878 3221 950 παρά
3244 878 3338 932 τὸν
3369 878 3498 931 ὄντα
3524 876 3678 937 Θεὸν,
3700 876 3811 927 οὐκ

2217 975 2285 1029 ἂν
2307 976 2391 1045 εἴη
2411 975 2571 1044 φύσει
2598 972 2753 1037 Θεός.
2775 973 2888 1027 Kal
2914 970 3105 1026 τούτου
3130 970 3341 1042 μάρτυς
3363 970 3399 1041 ἡ
3424 968 3543 1022 Θεία
3567 967 3809 1037 λέγουσα

2217 1065 2439 1136 Γραφή·
2487 1082 2505 1115 ι
2542 1062 2748 1133 Κύριος
2786 1064 2815 1115 6
2842 1061 2973 1124 Θεὸς
3022 1059 3201 1132 ἡμῶν,
3248 1058 3456 1130 Κύριος
3481 1053 3563 1120 εἷς
3590 1058 3736 1108 ἐστι·
3774 1075 3800 1105 ι

2220 1157 2319 1229 μία
2347 1154 2456 1226 γὰρ
2508 1154 2762 1223 θεότητος
2814 1152 2997 1223 φύσις.
3054 1152 3165 1206 Καὶ
3195 1151 3276 1204 ὅτι
3319 1148 3492 1219 ταύτῃ
3536 1150 3670 1218 μόνῃ
3719 1146 3809 1199 δεῖ

2217 1248 2564 1319 προσκυνεῖν,
2613 1243 2824 1317 ἀκούσῃ
2855 1244 3051 1298 πάλιν·
3113 1260 3132 1294 ι
3168 1241 3376 1312 Κύριον
3412 1239 3501 1293 τὸν
3550 1238 3682 1292 Θεόν
3708 1254 3805 1290 σου

2217 1339 2639 1410 προσκυνήσεις,
2679 1336 2775 1390 καί
2805 1334 2957 1406 αὑτῷ
2998 1334 3147 1405 μόνῳ
3173 1332 3516 1404 λατρεύσεις.
3541 1349 3560 1383 ι
3594 1330 3657 1383 El
3686 1329 3801 1381 τοί-

2216 1446 2310 1483 νυν
2331 1429 2420 1482 διὰ
2444 1428 2505 1481 τὸ
2537 1428 2698 1498 μόνον
2723 1424 2929 1495 ἀγαθὸν
2959 1423 3214 1490 λέγεσθαι
3236 1422 3328 1476 τὸν
3353 1421 3484 1475 Θεὸν
3506 1423 3601 1473 καὶ
3630 1419 3801 1471 Πατέ-

2218 1542 2307 1596 ρα,
2339 1524 2653 1577 ἐκπεσεῖται
2694 1520 2789 1575 τοῦ
2823 1516 2964 1575 εἶναι
2998 1520 3207 1589 ἀγαθὸς
3229 1522 3259 1572 6
3301 1519 3431 1583 Υἱὸς
3466 1517 3639 1581 οὕτως
3665 1516 3742 1579 ὡς
3772 1517 3801 1566 6

2217 1615 2428 1685 Πατὴρ,
2459 1614 2554 1668 καὶ
2596 1612 2682 1666 διὰ
2723 1614 2785 1666 τὸ
2816 1612 2914 1666 ἕνα
2957 1610 3216 1680 λέγεσθαι
3277 1609 3484 1681 Κύριον
3522 1608 3618 1669 καὶ
3669 1606 3801 1661 Θεὸν

2215 1702 2305 1754 τὸν
2328 1701 2578 1772 Πατέρα,
2617 1702 2927 1754 ἐκπεσεῖται
2960 1697 3056 1753 τοῦ
3095 1693 3237 1752 εἶναι
3261 1697 3465 1768 Κύριος
3520 1696 3615 1749 καὶ
3667 1695 3803 1757 Θεὸς

2219 1792 2248 1844 6
2287 1792 2434 1857 Υἱὸς,
2490 1791 2633 1846 κατὰ
2680 1790 2781 1861 τὴν
2831 1789 2925 1843 τοῦ
2970 1790 3240 1859 νοήματος
3298 1786 3654 1841 ἀκολουθίαν·
3682 1784 3803 1847 πῶς

536 1899 711 1952 neque
736 1886 904 1943 Deum
932 1901 1054 1941 esse
1082 1906 1094 1942 :
1125 1902 1233 1957 quo
1261 1898 1420 1957 pacto
1450 1890 1615 1960 igitur
1646 1890 1841 1945 adoras
1870 1903 1992 1942 cum
2018 1888 2109 1958 qui

2219 1879 2308 1939 οὖν
2336 1886 2660 1955 προσκυνεῖς
2686 1882 2765 1953 τῷ
2797 1883 2933 1953 μήτε
2955 1881 3150 1952 Κυρίῳ
3177 1880 3313 1951 μήτε
3333 1878 3454 1949 Θεῷ
3476 1896 3494 1946 ;
3521 1878 3585 1932 Ei
3608 1877 3665 1930 δὲ
3685 1878 3799 1934 Κυ-

535 1993 632 2033 uec
660 1978 939 2047 Dominus,
974 1995 1075 2035 nec
1113 1980 1256 2037 Deus
1282 1983 1397 2038 est?
1428 1981 1484 2036 Si
1522 1997 1670 2048 vero,
1698 1997 1821 2037 cum
1851 1981 2013 2036 Pater
2040 1983 2113 2037 sit

2219 1978 2335 2051 ρίου
2369 1978 2466 2031 καὶ
2498 1974 2634 2029 Θεοῦ
2675 1974 2770 2028 τοῦ
2800 1973 3033 2043 ιΠατρὸς
3066 1973 3254 2037 ὄντος,
3305 1970 3669 2038 συνεπάγεται
3699 1970 3803 2021 καὶ

537 2068 794 2127 Dominus
842 2083 895 2126 et
956 2070 1120 2137 Deus,
1174 2073 1333 2127 simul
1384 2074 1546 2128 etiam
1591 2073 1870 2129 inducitur
1917 2072 2109 2138 Filius,

2219 2071 2243 2121 6
2272 2068 2400 2132 Υίὸς
2431 2066 2531 2138 τὴν
2558 2065 2767 2120 ἐκεῖθεν
2811 2064 3051 2133 ἰδιότητα
3101 2063 3240 2134 ἔχων
3264 2061 3339 2125 ὡς
3365 2062 3425 2126 εξ
3457 2060 3623 2115 αὐτοῦ
3655 2062 3804 2116 κατὰ

533 2165 782 2223 eamdem
814 2166 1017 2222 habens
1053 2168 1465 2235 proprietatem,
1499 2177 1683 2236 utpote
1704 2183 1769 2222 ex
1801 2168 1917 2237 ipso
1948 2176 2110 2222 natu-

2219 2160 2376 2228 φύσιν
2405 2158 2666 2228 ὑπάρχων
2693 2196 2708 2221 ,
2741 2157 2837 2211 καὶ
2867 2155 2983 2208 ἔστι
3027 2153 3167 2225 μετὰ
3212 2152 3427 2224 Πατρὸς
3472 2150 3676 2224 Κύριος
3702 2151 3805 2203 καὶ

537 2253 725 2313 (aliter
763 2256 1080 2324 procedens,
1134 2266 1190 2311 et
1246 2266 1332 2313 est
1364 2273 1486 2314 cum
1540 2258 1699 2314 Patre
1740 2257 2001 2312 Dominus
2047 2272 2113 2313 ac

2219 2250 2366 2315 Θεὸς,
2401 2248 2513 2316 ἕξει
2554 2248 2773 2312 πάντως
2811 2247 2908 2301 καὶ
2932 2246 2994 2299 τὸ
3022 2240 3167 2298 εἶναι
3195 2244 3399 2314 ἀγαθὸς
3433 2241 3508 2307 ὡς
3528 2244 3563 2295 6
3586 2242 3805 2312 Πατὴρ,

540 2345 702 2410 Deus,
744 2349 1056 2407 necessario
1091 2349 1257 2404 etiam
1289 2349 1467 2407 bonus
1505 2351 1629 2418 erit,
1662 2361 1721 2404 ut
1769 2349 1953 2415 Pater,
1988 2364 2110 2404 cum

2219 2342 2314 2412 τῆς
2344 2341 2613 2412 πατρικῆς
2640 2340 2901 2409 ἰδιότητος
2924 2338 3027 2391 κάν
3058 2337 3234 2407 τούτῳ
3264 2336 3428 2390 πάλιν
3447 2332 3805 2406 ὑπαρχούσης

536 2448 757 2505 paterna
787 2440 1089 2508 proprietas
1117 2441 1278 2496 etiam
1314 2441 1415 2496 hac
1448 2442 1500 2496 in
1525 2454 1679 2511 parte
1726 2443 1778 2496 in
1814 2442 1931 2511 ipso
1964 2440 2111 2499 exsi-

534 2536 666 2595 $tat,
702 2528 926 2600 perinde
962 2540 1124 2598 atque
1158 2532 1209 2590 in
1246 2532 1364 2589 illo.

1212 2661 1441 2718 ALIUD.

606 2795 773 2851 Multa
821 2797 888 2851 de
921 2796 1079 2852 Patre
1122 2805 1176 2852 et
1223 2795 1370 2852 Filio
1393 2810 1548 2852 sacra
1585 2797 1870 2867 Scriptura
1915 2799 2113 2868 praedi-

535 2896 646 2954 cat,
698 2900 875 2955 neque
925 2896 1105 2941 tamen
1157 2886 1466 2942 diiferentia
1527 2888 1809 2942 nominum
1862 2890 2114 2944 essentia:

536 2979 801 3032 rationem
840 2978 902 3033 in.
939 2978 1256 3033 universum
1300 2979 1605 3048 distinguit,
1640 2980 1715 3033 ita
1751 2989 1807 3033 ut
1843 2979 1970 3035 inde
1998 2980 2112 3035 dis-

535 3066 835 3121 similitudo
860 3067 1105 3137 quaedam
1130 3080 1228 3122 eos
1249 3076 1484 3135 separet.
1518 3064 1635 3120 Una
1662 3064 1807 3120 enim
1832 3074 1917 3120 est
1939 3066 2112 3120 deitas

536 3158 724 3215 Patris.
757 3169 816 3214 et-
840 3158 987 3224 Filii,
1037 3158 1251 3214 etiamsi
1299 3168 1531 3226 uterque
1582 3171 1679 3225 per
1707 3157 1857 3210 varia
1893 3157 2111 3211 nomina

535 3252 854 3308 dilferenter
902 3252 1242 3321 signiﬁcetur
1276 3270 1291 3307 :
1329 3266 1433 3305 non
1479 3251 1625 3320 quod
1679 3250 1942 3304 alteruter
1985 3264 2111 3318 pro-
2141 3226 2183 3282 (ἶ

536 3348 714 3416 prium
745 3345 856 3414 70
880 3344 1081 3413 aliquid
1138 3343 1195 3397 in
1243 3358 1301 3398 se
1349 3343 1571 3405 habeat,
1609 3342 1753 3411 quod
1799 3340 1960 3396 alteri
2011 3355 2115 3394 non

539 3435 690 3500 insit,
720 3436 816 3490 sed
859 3435 1002 3504 quod
1044 3434 1111 3490 de
1138 3442 1369 3503 utroque
1412 3433 1518 3487 dici
1551 3433 1722 3502 possit
1752 3432 2016 3501 quidquid
2051 3434 2120 3487 de

539 3544 651 3583 uno
675 3528 893 3592 dicitur,
931 3538 1157 3597 excepta
1197 3526 1538 3582 solummodo
1566 3524 1747 3580 Patris
1779 3533 1834 3580 et
1861 3523 1981 3579 Filii
2018 3540 2116 3594 ap-

537 3620 828 3688 pellatione
873 3634 937 3674 ac
966 3634 1045 3674 re.
1082 3618 1216 3673 Nam
1264 3619 1426 3674 Pater
1463 3633 1679 3688 semper
1709 3627 1794 3673 est
1818 3614 2000 3681 Pater,
2024 3632 2120 3672 nec

539 3727 649 3781 que
697 3726 936 3780 unquam
988 3710 1152 3767 fuerit
1192 3709 1401 3776 Filius;
1449 3709 1621 3765 Filius
1668 3719 1857 3764 contra
1902 3723 2119 3777 semper

541 3816 625 3861 est
667 3806 860 3871 Filius,
922 3818 1104 3873 neque
1147 3818 1386 3873 unquam
1433 3802 1598 3857 fuerit
1643 3802 1827 3857 Pater.
1884 3800 1940 3856 Si
1996 3800 2121 3871 quis

539 3913 671 3954 vero
705 3898 934 3952 voluerit
987 3898 1170 3952 dicere
1212 3890 1318 3950 non
1359 3908 1517 3964 posse
1562 3894 1784 3963 utrique
1826 3892 2121 3948 convenire

540 3987 960 4057 appellationem
1001 4000 1123 4055 qua:
1157 3985 1253 4039 uni
1284 3985 1577 4050 tribuatur,
1605 3978 1979 4038 in'maximum
2010 3998 2119 4037 ma-

541 4079 650 4133 lum
718 4079 936 4133 incidet.
985 4076 1124 4144 Quid
1178 4075 1322 4131 enim
1374 4073 1577 4141 faciat,
1631 4075 1847 4131 dicente
1893 4073 2058 4128 Paulo
2104 4094 2117 4130 :

548 4188 568 4220 σ
599 4166 748 4223 Unus
772 4165 912 4222 Deus
941 4165 1104 4221 Pater
1127 4180 1194 4221 ex
1227 4179 1334 4234 quo
1363 4164 1566 4231 omnia,
1593 4174 1649 4220 et
1678 4180 1820 4220 unus
1851 4164 2119 4221 Dominus

540 4260 698 4315 Iesus
738 4260 986 4315 Christus
1036 4273 1131 4327 per
1181 4269 1341 4327 quem
1391 4257 1574 4311 omnia
1600 4256 1686 4309 ⁸⁸2
1723 4275 1742 4309 ι
1780 4255 1924 4312 Ecce
1958 4272 2119 4326 quam

547 4359 737 4419 aperte
766 4347 909 4401 Patri
945 4346 1152 4400 tribuat
1184 4344 1352 4400 Deum
1382 4359 1502 4400 esse
1532 4354 1587 4399 et
1619 4361 1784 4400 unum
1813 4360 1958 4412 esse,
1985 4347 2122 4403 Filio

542 4448 731 4492 autem
755 4437 1040 4493 Dominum
1069 4450 1190 4491 esse
1228 4445 1285 4489 et
1320 4451 1507 4490 unum.
1542 4434 1679 4490 Num
1715 4438 1881 4508 igitur
1916 4439 2123 4495 idcirco

541 4530 714 4585 Filius
762 4545 868 4583 non
917 4529 1021 4584 erit
1058 4528 1222 4593 Deus,
1256 4530 1383 4598 quia
1416 4526 1580 4582 Pater
1624 4538 1849 4584 vocatur
1878 4530 2022 4585 Deus
2066 4538 2121 4585 et

542 4624 728 4679 unus?
768 4632 862 4677 aut
904 4621 1068 4676 Pater
1126 4637 1232 4677 non
1289 4624 1395 4678 erit
1443 4622 1724 4687 Dominus,
1772 4623 1901 4693 quia
1950 4621 2121 4678 Filius

542 4714 844 4786 appeﬂatus
871 4722 957 4768 est
983 4712 1244 4768 Dominus
1272 4724 1328 4769 et
1356 4714 1537 4769 unus?
1587 4712 1810 4770 Minime
1842 4729 1991 4778 vero,
2021 4714 2117 4767 ab—

541 4809 655 4863 sit!
707 4807 839 4861 Cum
889 4806 1034 4861 enim
1079 4804 1244 4861 Pater
1275 4806 1345 4860 sit
1383 4804 1545 4871 Deus,
1597 4805 1771 4861 Filius
1820 4806 1988 4861 etiam
2038 4812 2121 4860 est

543 4902 691 4956 Deus
721 4916 743 4954 τε
768 4909 823 4953 et
856 4913 1069 4965 rursus,
1122 4914 1243 4953 cum
1288 4899 1552 4954 Dominus
1597 4899 1669 4954 sit
1698 4897 1891 4962 Filius,
1939 4898 2123 4953 Domi-

545 5007 647 5046 nus
675 4999 762 5045 est
784 4998 840 5045 et
868 4989 1049 5046 Pater.
1081 4990 1246 5060 Atqui
1289 4991 1333 5045 si
1367 5005 1486 5060 quae
1516 4997 1660 5045 esset
1683 4991 1941 5045 essentia}
1963 4989 2119 5045 dilic-

546 5081 725 5135 rentia.
769 5095 888 5150 qua:
929 5079 1050 5136 illos
1087 5080 1141 5135 in
1183 5082 1289 5135 duo
1335 5080 1621 5143 divideret,
1665 5095 1841 5150 neque
1884 5078 2118 5135 naturali

545 5170 828 5226 identitale
864 5172 1169 5227 convenire.
1209 5170 1566 5242 permitteret,
1621 5171 1785 5226 unius
1829 5170 2122 5241 appellatio

545 5261 700 5316 alteri
734 5264 949 5332 proprie
976 5265 1137 5323 tribui
1172 5279 1274 5319 non
1315 5272 1518 5336 posset.
1548 5262 1818 5331 Quocirca
1850 5278 1975 5319 cum
2005 5276 2122 5318 om-

546 5352 639 5408 nia
654 5368 773 5427 quaa
799 5353 977 5409 Patris
1000 5366 1125 5410 sunt
1152 5355 1288 5411 Filio
1319 5358 1509 5421 insint,
1533 5366 1588 5412 et
1616 5367 1832 5423 contra,
1855 5344 1976 5426 qua:
1993 5355 2121 5410 Filii

548 5454 693 5507 sunt,
746 5444 913 5498 insint
961 5444 1128 5508 Patri,
1167 5446 1239 5500 ita
1296 5456 1353 5499 ut
1411 5446 1558 5500 nulla
1610 5446 1753 5501 ratio
1785 5446 2121 5500 identitatem

550 5532 808 5604 impedire
838 5534 1026 5603 possit,
1060 5536 1167 5590 erit
1194 5536 1357 5589 etiam
1393 5534 1511 5605 ipse
1549 5535 1743 5600 bonus,
1778 5533 2121 5603 quemadmo-

548 5625 674 5681 dum
709 5624 889 5693 Pater,
928 5637 1089 5698 atque
1123 5628 1245 5684 ideo
1271 5626 1438 5682 etiam
1474 5625 1981 5683 consubstantialis.

2214 2435 2273 2487 ὲν
2305 2431 2473 2503 αὐτῷ,
2504 2430 2760 2500 καθάπερ
2788 2429 2885 2484 καὶ
2911 2430 2969 2482 ὲν
2998 2428 3215 2498 ἐκείνῳ.

2903 2663 3108 2717 ΑΛΛΟ.

2286 2800 2465 2853 Πολλὰ
2489 2799 2617 2869 περί
2646 2816 2703 2853 τε
2722 2798 2817 2851 τοῦ
2845 2798 3058 2867 Πατρὸς
3078 2797 3173 2849 καὶ
3199 2793 3293 2848 τοῦ
3317 2792 3448 2847 Υἱοῦ
3471 2792 3723 2861 λέγουσιν
3744 2792 3799 2845 αι

2217 2892 2357 2945 θεῖαι
2383 2892 2623 2962 Γραφαὶ,
2648 2890 2743 2943 καὶ
2767 2890 2829 2943 ού
2858 2890 2920 2943 τὸ
2948 2887 3058 2941 τῶν
3087 2886 3368 2957 ὀνομάτων
3406 2883 3664 2953 διάφορον
3686 2883 3799 2935 δια-

2218 2983 2427 3041 στέλλει
2449 2983 2666 3045 πάντως
2694 2982 2879 3044 αὐτοῖς
2905 2980 3000 3034 καὶ
3027 2979 3127 3051 τῆς
3155 2978 3341 3040 οὐσίας
3375 2976 3468 3029 τὸν
3499 2974 3659 3044 λόγον
3678 3015 3695 3039 ,
3723 2974 3800 3036 ὡς

2216 3074 2579 3146 ἀνομοιότητα
2608 3089 2730 3125 τινα
2756 3071 2845 3125 διὰ
2869 3069 3075 3124 τούτων
3111 3070 3357 3139 χωρῆσαι
3392 3065 3621 3137 μεταξύ.
3645 3064 3801 3117 Ἐστι

2217 3167 2327 3237 γὰρ
2361 3165 2460 3235 μία
2490 3163 2681 3235 θεότης
2726 3163 2941 3233 Πατρὸς
2974 3161 3070 3215 καὶ
3101 3159 3257 3224 Υίοῦ,
3303 3156 3406 3212 κᾶν
3444 3157 3701 3228 ἑκάτερος
3730 3157 3799 3225 τῇ

2219 3259 2326 3311 τῶν
2350 3257 2629 3326 ὀνομάτων
2656 3253 2903 3325 ποικιλίᾳ
2921 3252 3195 3322 διαφόρως
3228 3249 3584 3321 σημαίνηται,
3605 3249 3702 3319 οὐχ
3725 3248 3802 3310 ὡς

2221 3349 2351 3402 ἴδιον
2385 3347 2525 3417 ἔχων
2554 3364 2606 3400 τι
2643 3347 2739 3401 καὶ
2767 3345 2892 3401 καθ’
2916 3344 3129 3409 ἑαυτὸν,
3154 3343 3182 3396 ὄ
3220 3342 3296 3415 μὴ
3329 3340 3407 3413 τῷ
3430 3341 3604 3414 ἑτέρῳ
3631 3339 3801 3412 πρόσ-

2218 3454 2389 3501 εστιν,
2426 3437 2541 3490 ἀλλ’
2565 3437 2642 3499 ὼς
2687 3438 2773 3489 ἐπ’
2798 3437 3006 3507 ἀμφοῖν
3035 3436 3235 3506 χωρεῖν
3264 3434 3562 3503 δυναμένου
3602 3431 3803 3494 παντὸς

2219 3530 2356 3599 ὅπερ
2388 3527 2454 3582 ἂν
2486 3529 2572 3597 ἐφ’
2603 3528 2719 3589 ἑνὸς
2735 3527 2969 3596 λέγοιτο,
2995 3527 3119 3597 δίχα
3148 3525 3316 3597 μόνης
3343 3527 3442 3596 τῆς
3464 3525 3559 3579 τοῦ
3593 3525 3804 3596 Πατρὸς

2220 3619 2313 3671 καὶ
2337 3617 2432 3671 τοῦ
2461 3616 2593 3670 Υίοῢ
2634 3616 3011 3687 προσηγορίας
3053 3633 3111 3670 τε
3140 3617 3237 3670 καὶ
3270 3617 3618 3688 πράγματος.
3648 3616 3804 3668 Ἐστι

2220 3710 2329 3780 γὰρ
2362 3711 2390 3762 6
2416 3706 2607 3779 Πατὴρ
2652 3708 2739 3760 ἀεὶ
2794 3707 3007 3779 Πατὴρ,
3059 3708 3153 3761 καὶ
3195 3706 3324 3770 Υίὸς
3370 3708 3471 3761 οὐκ
3500 3705 3567 3759 ἂν
3596 3705 3807 3775 γένοιτὸ

2221 3815 2354 3853 ποτε
2377 3813 2393 3830 ⁸
2428 3798 2524 3853 καὶ
2545 3797 2741 3851 ἐστινό
2776 3797 2904 3863 Υἱὸς
2945 3798 3034 3852 ἀεὶ
3064 3798 3213 3864 Υίὸς,
3253 3798 3350 3852 καὶ
3387 3798 3576 3870 Πατὴρ
3611 3799 3708 3852 οὐκ
3736 3798 3805 3853 ἂν

2221 3892 2306 3963 είη
2349 3889 2500 3944 ποτέ.
2528 3890 2592 3943 Εἰ
2624 3889 2679 3943 δέ
2725 3907 2809 3953 τις
2859 3889 3102 3961 βούλοιτο
3154 3890 3385 3960 φάσκειν
3440 3889 3806 3962 μὴδύνασθαι

2223 3984 2422 4053 χωρεῖν
2455 3980 2542 4033 ἐπ’
2572 3981 2776 4052 ἀμφοῖν
2799 3981 2939 4053 ὅπερ
2966 3981 3032 4037 ἂν
3065 3982 3151 4051 ἐφ’
3182 3982 3301 4046 ἐνὸς
3327 3982 3545 4053 φέροιτο
3565 3985 3806 4055 προσρη-

2228 4091 2323 4143 μα,
2358 4072 2578 4144 μεγάλῳ
2607 4076 2989 4142 περιπεσεῖται
3030 4072 3206 4144 κακῷ.
3239 4073 3305 4126 Τί
3326 4072 3437 4143 γὰρ
3464 4074 3532 4128 ἂν
3565 4076 3803 4145 ποιήσοι,

2223 4164 2472 4233 λέγοντος
2499 4161 2594 4217 τοῦ
2619 4162 2831 4216 Παύλου
2854 4180 2867 4193 ο
2899 4182 2917 4214 ι
2951 4158 3047 4228 Εἷς
3068 4167 3097 4218 6
3120 4164 3254 4227 Θεὸς
3282 4164 3311 4216 6
3340 4163 3531 4235 Πατὴρ
3564 4164 3625 4229 ἐξ
3649 4156 3711 4217 οὗ
3736 4164 3805 4217 τὰ

2223 4259 2430 4313 πάντα·
2477 4259 2571 4311 καὶ
2614 4251 2696 4322 εἷς
2741 4258 2945 4329 Κύριος
3011 4256 3221 4328 Ἰησοῦς
3270 4258 3508 4329 Χριστὸς
3550 4257 3616 4310 δι’
3646 4253 3706 4311 οὗ
3738 4258 3806 4310 τὰ

2223 4350 2422 4405 πάντα.
2472 4368 2491 4401 ι
2542 4350 2672 4405 Ἰδοὺ
2710 4350 2821 4420 γὰρ
2843 4348 2921 4419 τῷ
2949 4350 3125 4417 Πατρὶ
3155 4349 3217 4401 τὸ
3237 4346 3381 4403 εἶναι
3422 4349 3553 4403 Θεὸν
3587 4350 3681 4402 καὶ
3712 4348 3801 4401 ἕνα

2223 4441 2459 4495 δέδωκεσ
2489 4440 2569 4511 τῷ
2609 4440 2666 4494 δὲ
2701 4440 2816 4509 Υίῷ
2862 4440 2924 4493 τὸ
2964 4435 3102 4493 εἶναι
3147 4438 3352 4509 Κύριον
3394 4441 3489 4493 καὶ
3525 4440 3643 4493 ἕνα.
3678 4436 3802 4510 'Ap’

2152 4558 2197 4614 Ι)
2225 4530 2317 4590 οὖν
2342 4534 2432 4589 διὰ
2454 4533 2615 4587 τοῦτο
2635 4533 2767 4597 Θεὸς
2786 4533 2886 4603 μὲν
2915 4532 3015 4585 οὐκ
3044 4531 3197 4586 ἔσται
3226 4533 3255 4584 ὁ
3286 4533 3432 4599 Υίὸς,
3464 4532 3651 4604 ἐπειδὴ
3676 4533 3803 4596 Θεκ

2227 4628 2323 4682 καὶ
2352 4623 2432 4689 εἷς
2454 4628 2482 4679 6
2506 4626 2697 4697 Πατὴρ
2728 4624 3149 4695 κατωνόμασται
3172 4641 3186 4691 ;
3211 4623 3416 4695 Κύριος
3439 4624 3495 4677 δὲ
3529 4625 3629 4678 οὐκ
3655 4624 3803 4677 ἔσται

2228 4720 2258 4772 6
2294 4716 2508 4788 Πατὴρ,
2537 4716 2723 4787 ἐπειδὴ
2756 4716 2961 4788 Κύριος
2984 4716 3078 4770 καὶ
3101 4708 3180 4779 εἷς
3199 4716 3229 4767 6
3248 4716 3373 4780 Υίὸς
3401 4716 3604 4787 ἐκλήθη
3628 4732 3643 4780 ;
3666 4715 3802 4769 Ἀλλ’

2228 4810 2329 4862 οὐκ
2347 4807 2461 4861 ἔστι
2482 4807 2661 4870 τοῦτο,
2706 4806 2780 4878 μὴ
2806 4806 3036 4876 γένοιτο.
3070 4806 3205 4861 Θεοῦ
3238 4807 3344 4879 γὰρ
3376 4808 3529 4869 ὄντος
3558 4806 3652 4859 τοῦ
3693 4807 3801 4859 Ila-

2226 4898 2374 4970 τρὸς,
2409 4899 2541 4962 Θεός
2572 4898 2689 4951 ἐστι
2716 4899 2808 4951 καὶ
2838 4900 2867 4951 6
2901 4898 3063 4961 Υίός·
3096 4898 3190 4951 καὶ
3220 4899 3435 4968 Κυρίου,
3462 4898 3631 4951 πάλιν
3657 4897 3803 4960 ὄντος

2227 4989 2323 5043 τοῦ
2355 4988 2508 5055 Υίοῦ,
2543 4988 2748 5061 Κύριός
2778 4991 2927 5045 ἐστιν
2956 4992 2985 5044 6
3011 4990 3221 5060 Πατήρ.
3257 4989 3396 5047 Ἀλλ’
3444 4990 3602 5061 εῖπερ
3628 4985 3697 5060 ἦν
3724 5006 3803 5051 τις

2228 5081 2416 5146 οὐσίας
2442 5083 2673 5155 διαφορὰ
2720 5084 2818 5156 τὴν
2867 5084 3037 5145 δυάδα
3072 5084 3472 5154 διατειχίζουσα
3497 5124 3514 5150 ,
3573 5084 3668 5139 καὶ
3707 5083 3802 5136 οὐκ

2232 5171 2378 5226 ὲῶσα
2404 5172 2701 5243 μίσγεσθαι
2744 5175 2987 5242 φυσικῶς
3016 5177 3097 5238 είς
3117 5176 3419 5247 ταυτότητα
3438 5215 3453 5240 ,
3482 5177 3583 5229 οὐκ
3613 5175 3700 5239 ἂν,
3728 5170 3800 5228 οἷο

2230 5279 2350 5333 μαι,
2376 5264 2582 5334 κυρίως
2603 5264 2662 5317 τὸ
2680 5263 2773 5316 τοῦ
2798 5264 2987 5336 ἐτέρου
3014 5265 3313 5337 πρόσρημα
3341 5264 3419 5336 τῷ
3448 5265 3618 5337 ἑτέρῳ
3640 5280 3790 5335 προσν

2226 5355 2314 5426 ἦν.
2341 5353 2565 5426 Ἐπειδὴ
2607 5355 2663 5409 δὲ
2698 5355 2876 5410 πάντα
2911 5357 2977 5409 τὰ
2997 5356 3093 5411 τοῦ
3142 5356 3355 5428 Πατρὸς
3380 5358 3439 5410 ἐν
3473 5355 3587 5426 Υίῷ
3616 5355 3805 5424 φαίνε⁴

2226 5461 2337 5508 ται,
2371 5443 2552 5497 καὶτὰ
2578 5445 2671 5499 τοῦ
2712 5445 2844 5500 Υίοῦ
2873 5446 3034 5500 πάλιν
3061 5448 3119 5500 ὲν
3154 5447 3351 5519 Πατρὶ,
3380 5448 3455 5510 ὠς
3486 5446 3701 5508 οὐδενὸς
3724 5444 3804 5497 ἔτι

2227 5536 2318 5589 τὸν
2344 5536 2447 5606 τῆς
2475 5538 2801 5607 ταυτότητος
2835 5536 3164 5607 διείργοντος
3202 5537 3377 5606 λόγον,
3402 5536 3556 5590 ἔσται
3586 5536 3683 5589 καὶ
3715 5535 3805 5588 ati-

2230 5628 2320 5691 τὸς
2347 5628 2574 5696 ἀγαθὸς,
2605 5629 2680 5693 ὡς
2702 5629 2729 5681 6
2762 5630 2970 5699 Πατὴρ,
3005 5629 3097 5684 καὶ
3126 5628 3214 5682 διὰ
3250 5627 3403 5682 τοῦτο
3431 5628 3733 5698 ὸμοούσιος.

618 5805 660 5836 ⁸⁷
686 5805 837 5860 Deut.
872 5820 946 5873 γι,
978 5804 1030 5859 4.
1107 5805 1330 5860 “Deut.
1361 5819 1415 5870 x,
1447 5802 1545 5871 20;
1584 5801 1769 5861 Matth.
1808 5819 1879 5873 Iv,
1914 5803 1996 5860 ιθ.
2076 5804 2117 5837 ⁸9
2159 5802 2326 5859 lCor.
2356 5816 2469 5872 vm,
2508 5804 2561 5855 ti.
