4144 6506
246 427 348 483 ll?

935 539 1138 592 MAG.

223 618 228 645 ἃ
318 650 463 706 Ὅσα
488 651 588 723 τῆς
613 650 750 720 πρὸς
788 647 996 721 ἄλληλα
1041 645 1279 717 φυσικῆς
1322 642 1606 706 κοινωνίας
1641 658 1703 695 τε
1733 658 1828 696 και

247 742 577 815 ταυτὸτητος
606 740 1038 811 ἀπεσχοίνισ-ται,
1076 738 1251 792 ταῦτα
1284 735 1347 808 δὴ
1383 735 1599 798 πάντως
1619 733 1714 787 καὶ
1740 731 1825 798 ξε-

250 833 441 902 νισμὸς
473 848 555 895 τις
589 831 867 901 ίδιοτὴτων
893 832 993 900 τῆς
1017 828 1153 900 πρὸς
1178 826 1382 896 ἄλληλα
1409 826 1646 896 σχέσεως
1673 840 1831 893 φυσι-

250 925 356 994 κῆς
378 923 699 993 ἀποτέμνει.
731 919 858 977 Οίον
889 922 1022 993 φέρε
1052 922 1244 985 εἰπεῖν,
1264 919 1548 991 ἄνθρωπος
1580 918 1721 971 ἔστω
1735 917 1831 970 καὶ

253 1014 421 1077 ἵππος
458 1013 524 1067 τὰ
555 998 951 1085 σημαινόμενα.
998 1012 1295 1085 Ἀνθρώπῳ
1333 1012 1430 1082 μὲν
1459 1010 1567 1081 γὰρ
1601 1010 1676 1072 ὼς
1699 1008 1832 1079 πρὸς

251 1106 344 1157 τὸν
376 1104 542 1158 ίππον
573 1104 699 1172 ξένα
718 1103 787 1158 τά
825 1103 955 1167 ἴδια,
984 1103 1136 1174 ἵππῳ
1165 1103 1222 1157 δὲ
1256 1102 1418 1156 πάλιν
1455 1101 1531 1164 ὡς
1565 1100 1701 1171 πρὸς
1739 1098 1835 1153 ἇν-

252 1194 491 1266 θρωπον,
512 1195 573 1247 ού
605 1194 777 1248 ταυτα
809 1194 879 1248 τὰ
906 1193 1053 1257 ἰδίως
1081 1196 1371 1266 προσόντα.
1411 1192 1474 1247 El
1517 1193 1697 1246 τοίνυν
1728 1209 1831 1261 φυ-

256 1286 382 1357 σική
412 1302 496 1351 τις
516 1286 800 1350 διάστασις
817 1285 991 1357 εἴργει
1010 1287 1101 1340 τὸν
1135 1287 1283 1349 Υίὸν,
1325 1286 1419 1357 καὶ
1438 1285 1717 1356 ἀλλότριον
1736 1285 1835 1355 τῆς

252 1378 349 1431 τοῦ
370 1350 584 1449 ὶίατρὸς
605 1378 794 1442 οὐσίας
815 1350 943 1432 ὄντα
967 1378 1220 1441 δεικνύει,
1258 1350 1379 1442 πῶς
1410 1378 1477 1432 τὲ
1502 1350 1836 1449 τοῦ-Πατρὸς

254 1468 364 1521 ἴδια
407 1470 659 1539 φαίνεται
685 1469 905 1541 φορῶν;
943 1470 1062 1533 πῶς
1104 1471 1161 1523 δὲ
1184 1471 1217 1523 6
1251 1469 1463 1541 Πατὴρ,
1496 1472 1656 1540 εἴπερ
1687 1472 1834 1524 ἐστὶν

252 1558 534 1630 ἀλλότριος
560 1559 703 1613 κατά
742 1560 902 1629 φύσιν
927 1559 1020 1613 τοῦ
1052 1559 1201 1621 Υίοῦ.
1223 1560 1291 1614 τὰ
1313 1561 1479 1615 αὐτοῦ
1512 1561 1617 1614 ίδια
1642 1564 1833 1632 φορεϊ;

267 1650 551 1723 ’Λληθεύει
578 1652 687 1725 γὰρ
714 1653 888 1722 λέγων
932 1655 959 1705 6
982 1654 1170 1723 Σωτὴρ
1199 1652 1274 1716 ὡς
1313 1654 1450 1724 πρὸς
1472 1653 1566 1707 τὸν
1597 1654 1834 1725 Πατέρα,

254 1741 338 1793 ὅτι
366 1757 386 1791 ‹
432 1740 618 1796 Πάντα
640 1742 711 1796 τὰ
742 1743 851 1813 ἐμὰ
897 1742 966 1795 σά
994 1743 1108 1795 ἐστι
1132 1757 1147 1772 ο
1205 1742 1299 1795 καὶ
1334 1741 1513 1796 πάντα
1532 1742 1600 1795 τὰ
1628 1742 1697 1795 σὰ
1729 1744 1838 1813 ἐμά

256 1834 429 1887 ἔστιν.
461 1850 480 1885 ι
510 1832 575 1887 Et
599 1834 779 1887 τοίνυν
808 1834 1011 1895 πάντα,
1041 1832 1100 1885 ἓν
1130 1833 1188 1886 δὲ
1212 1832 1320 1886 τῶν
1350 1833 1566 1887 πάντων
1594 1834 1712 1887 ἐστὶ
1747 1836 1838 1888 καὶ

257 1920 319 1975 τὸ
345 1921 530 1992 ἄκρως
561 1921 785 1991 ἀγαθὸν,
818 1922 931 1988 ἕξει
961 1920 1118 1974 τοῦτο
1146 1921 1239 1974 καὶ
1262 1923 1294 1973 6
1322 1920 1450 1983 Υίὸς
1491 1920 1687 1987 ίδίωμα
1737 1920 1838 1990 φύ-

257 2028 397 2077 σεως
424 2012 668 2085 ὑπάρχον
705 2012 976 2083 πατρικῆς
1030 2011 1107 2076 ὠς
1148 2010 1208 2076 ἐξ
1236 2010 1399 2065 αὐτοῦ
1431 2009 1732 2081 προελθών.
1778 2012 1836 2065 Ὁ

254 2103 313 2155 δὲ
333 2103 433 2175 τῆς
454 2106 732 2177 πατρικῆς
759 2104 947 2166 οὐσίας
968 2103 1107 2174 ἔχων
1130 2103 1199 2156 τὰ
1234 2100 1361 2169 ῐδια,
1403 2103 1487 2173 εἴη
1525 2102 1739 2165 πάντως
1770 2101 1838 2155 ἂν

259 2194 358 2248 καὶ
386 2196 695 2267 ὁμοούσιος.

259 2307 382 2361 Ὅτι
415 2311 736 2378 ὁμοούσιος
781 2312 814 2364 ὀ
863 2309 1000 2376 Υἱὸς
1051 2308 1131 2374 τῷ
1181 2310 1388 2376 Πατρὶ,
1442 2307 1836 2378 προκειμένου

325 2377 516 2444 ῥητοῦ
540 2394 556 2409 ο
604 2399 623 2430 ι
660 2380 990 2447 Πορεύομαι
1021 2378 1170 2446 πρὸς
1196 2379 1304 2431 τὸν
1326 2381 1555 2447 Πατέρα
1569 2395 1714 2445 μου,
1741 2377 1840 2430 καὶ

335 2447 567 2514 Πατέρα
588 2446 775 2517 ὑμῶν,
805 2448 905 2502 καὶ
944 2449 1092 2501 Θεόν
1121 2464 1262 2516 μου,
1294 2448 1391 2501 καὶ
1420 2446 1573 2501 Θεὸν
1602 2447 1788 2515 ὑμῶν.
1816 2465 1834 2495 ι

337 2558 466 2612 Ὅτε
490 2559 588 2630 τὴν
615 2558 711 2613 τοῦ
744 2559 1033 2631 ἀνθρώπου
1062 2559 1276 2631 μορφὴν
1304 2561 1332 2612 6
1374 2558 1467 2612 τοῦ
1490 2558 1626 2612 Θεοῦ
1670 2559 1843 2626 Λόγος

263 2650 617 2721 περιεϐάλετο
640 2692 655 2716 ,
696 2652 790 2705 καὶ
837 2650 927 2703 διὰ
950 2650 1051 2721 τὴν
1081 2649 1337 2703 ἀπάντων
1366 2648 1522 2718 ἡμῶν
1570 2648 1844 2718 σωτηρίαν

262 2738 525 2809 ὑπάρχων
552 2740 615 2792 ὲν
650 2741 832 2808 μορφῇ
866 2736 1024 2803 Θεοῦ,
1060 2736 1202 2791 καθά
1232 2737 1561 2806 γέγραπται.
1592 2734 1842 2788 τεταπεί-

262 2843 436 2881 νωκεν
464 2827 680 2894 ἑαυτὸν,
699 2828 820 2881 τότε
840 2826 903 2896 δὴ
936 2828 1029 2880 καὶ
1053 2827 1129 2890 ὡς
1155 2825 1443 2895 ἄνθρωπος
1471 2824 1587 2877 ἔσθ’
1617 2825 1705 2878 ὅτε
1729 2825 1843 2878 δια-

260 2921 501 2990 λέγεται,
517 2919 670 2973 ούδὲν
691 2917 1043 2988 ἀδικούμενος
1062 2918 1143 2977 εἰς
1158 2917 1256 2984 τὴν
1272 2916 1429 2981 δόξαν
1447 2916 1547 2987 τὴν
1564 2915 1839 2985 θεοπρεπῆ

258 3012 347 3064 διὰ
372 3008 581 3064 τούτου.
632 3009 696 3063 El
730 3009 839 3080 γὰρ
878 3008 1045 3071 ὖντως
1079 3006 1368 3078 ἄνθρωπος
1406 3006 1618 3075 γέγονε,
1660 3007 1755 3060 καὶ
1778 3006 1839 3059 οὐ

260 3099 350 3154 διὰ
380 3099 539 3154 τοῦτο
579 3100 789 3171 ἀπέστη
820 3100 914 3153 τοῦ
946 3093 1087 3154 εἶναι
1125 3098 1277 3163 Θεὸς,
1308 3098 1412 3153 κᾶν
1440 3099 1516 3161 ὡς
1555 3097 1842 3168 ἄνθρωπος

262 3190 500 3261 γεγονὼς
525 3191 657 3263 λέγῃ
682 3191 750 3245 τὰ
769 3190 1046 3263 ἀνθρώπῳ
1078 3190 1379 3262 πρέποντα,
1403 3189 1461 3242 ού
1489 3188 1579 3241 διὰ
1600 3188 1760 3241 τοῦτο
1780 3186 1841 3240 τὸ

262 3285 565 3356 θεοπρεπὲς
589 3284 805 3354 ἀξίωμα
830 3281 1237 3354 ζημιωθήσεται
1258 3298 1271 3311 ⁸
1303 3280 1419 3335 ἀλλ’
1447 3279 1598 3333 ἔσται
1632 3278 1794 3332 πάλιν
1812 3278 1841 3330 6

262 3372 443 3435 αὐτὸς,
476 3371 784 3443 φερομένης
817 3370 911 3423 ἐπὶ
942 3371 1043 3440 τὴν
1072 3370 1385 3441 οἰκονομίαν
1434 3370 1533 3439 τῆς
1576 3370 1633 3422 ὲν
1662 3367 1843 3435 λόγοις

260 3464 668 3534 ταπεινότητος.
704 3463 827 3515 Ὅτι
851 3461 908 3515 δὲ
938 3460 1297 3531 οἰκονομικῶς
1337 3461 1413 3525 ὼς
1453 3458 1736 3532 ἄνθρωπος
1777 3458 1844 3511 τὰ

261 3552 489 3607 τοιαῦτά
522 3569 676 3623 φησι,
708 3551 891 3615 καλῶς
914 3553 1050 3623 ὅπερ
1073 3550 1332 3622 ἀνείληφε
1377 3551 1567 3621 σχῆμα
1612 3548 1755 3618 λόγῳ
1781 3565 1841 3601 τε

264 3644 360 3698 καὶ
384 3643 531 3715 ἔργῳ
573 3643 879 3712 φυλάττων,
933 3642 1181 3696 ἐντεῦθεν
1212 3642 1491 3712 εἰσόμεθα.
1537 3641 1700 3708 Λέγει
1734 3641 1841 3712 γάρ

266 3753 370 3788 που
409 3734 544 3805 πρὸς
573 3735 671 3806 τὴν
699 3736 757 3787 ἐν
777 3737 844 3805 τῇ
878 3733 1164 3805 Σαμαρείᾳ
1194 3734 1428 3802 γυναῖκα
1452 3732 1514 3785 τὸ
1556 3731 1842 3787 Ἰουδαϊκὸν

267 3826 693 3898 ὑποκρινόμενος
745 3825 1068 3897 πρόσωπον’
1124 3842 1144 3875 ‹
1204 3824 1392 3893 Ὑμεῖς
1437 3826 1791 3895 προσκυνεῖτε
1813 3823 1842 3877 ὃ

261 3916 365 3969 οὐκ
388 3914 565 3969 οἴδατε
585 3931 597 3943 ο
630 3916 791 3985 ἡμεῖς
817 3911 1227 3982 προσκυνοῦμεν
1248 3910 1277 3964 ὃ
1308 3911 1553 3982 οἴδαμεν.
1586 3930 1605 3963 ι
1649 3911 1840 3965 Καίτοι

262 4006 372 4059 τῶν
392 4004 883 4077 προσκυνουμένων
918 4006 946 4057 6
964 4004 1111 4066 Υἱὸς,
1141 4002 1202 4055 ού
1230 4001 1340 4054 τῶν
1374 3999 1838 4074 προσκυνούντων,

262 4098 398 4151 ἐστι.
436 4116 455 4148 ι
486 4095 1030 4167 Προσκυνησάτωσαν
1064 4094 1172 4165 γὰρ
1212 4092 1383 4163 αύτῷ,
1431 4094 1591 4163 φησὶ,
1640 4092 1844 4156 πάντες

261 4192 486 4260 ἄγγελοι
512 4187 670 4245 Θεοῦ.
715 4211 733 4243 ι
774 4190 883 4245 Καὶ
914 4191 1042 4259 περὶ
1066 4191 1163 4261 μὲν
1194 4188 1441 4258 ἀγγέλων
1477 4190 1509 4260 ἢ
1539 4190 1732 4261 ἑτέρας
1763 4209 1844 4244 τι-

262 4284 352 4347 νὸς
399 4282 500 4352 τῆς
527 4280 647 4334 κατ’
692 4280 890 4343 αὐτοὺς
915 4278 1122 4344 τάξεως
1165 4278 1317 4332 οὐδὲν
1368 4278 1594 4349 φέρεται
1633 4278 1843 4333 τοιοῦτο

260 4372 417 4444 παρά
442 4374 563 4435 ταῖς
588 4370 759 4434 θείαις
789 4370 1050 4442 Γραφαῖς.
1076 4369 1152 4422 Ού
1182 4368 1291 4438 γὰρ
1322 4368 1577 4436 ἀγγέλοις
1620 4367 1841 4424 κελεύε-

260 4467 352 4521 ταί
372 4483 455 4527 τις
482 4466 828 4535 προσκυνεῖν,
860 4461 998 4516 ἀλλά
1029 4461 1177 4532 μόνῳ
1208 4460 1347 4531 Θεῷ.
1374 4461 1687 4533 Γέγραπται
1708 4461 1839 4534 γάρ·

1683 406 2145 467 ἰἨΕδΑυΒΠΒξ,

1856 533 1904 589 Α

3403 389 3505 445 HS

2603 514 2835 572 ALIUD.

2004 639 2136 705 Quae
2177 650 2210 690 a
2249 629 2481 689 naturali
2528 630 2671 685 inter
2703 642 2763 684 sc
2790 623 3170 682 convenientia
3204 622 3512 679 identitate-

1934 742 2039 798 que
2077 728 2253 784 aliena
2279 733 2425 789 sunt,
2468 737 2531 778 ea
2562 720 2724 777 etiam
2763 718 3157 787 proprietatum
3199 714 3507 771 differentia

1938 818 2165 875 naturali
2213 816 2474 873 relatione
2504 814 2651 868 inter
2698 825 2764 865 se
2795 808 3229 875 distinguuntur.
3264 805 3513 874 Exempli

1936 910 2135 982 gratia,
2166 910 2327 963 homo
2364 915 2419 961 et
2454 919 2649 975 equus.
2697 899 2871 955 Homo
2911 897 3058 953 enim
3084 910 3225 965 equo
3262 895 3515 959 collatus,

1938 1002 2182 1057 diversas
2229 996 2391 1053 habet
2434 992 2836 1066 proprietates;
2885 1003 3087 1060 equum
3136 1001 3266 1042 vero
3310 985 3358 1041 si
3394 1000 3515 1040 cum

1942 1092 2161 1149 homine
2200 1088 2472 1153 conferas,
2506 1100 2611 1141 non
2647 1083 2836 1138 eadem
2869 1082 3087 1150 utrique
3118 1088 3246 1135 sunt
3278 1077 3515 1147 propria.

1942 1183 1999 1238 Si
2035 1184 2164 1253 ergo
2194 1177 2459 1235 naturalis
2492 1176 2674 1245 aliqua
2712 1173 2972 1228 distantia
3023 1178 3172 1226 arcet
3214 1168 3433 1231 Filium,
3464 1178 3521 1222 et

1940 1274 2174 1329 alienum
2224 1285 2289 1326 ac
2327 1269 2603 1325 diversum
2646 1266 2714 1321 ab
2761 1265 2997 1320 essentia
3028 1261 3212 1316 Patris
3255 1257 3516 1322 declarat,

1941 1382 2050 1437 quo
2096 1373 2254 1436 pacto
2288 1362 2467 1418 Patris
2514 1360 2878 1431 pr0prietates
2918 1370 3113 1427 gerere
3154 1352 3517 1424 deprehendi-

1944 1459 2066 1514 tur?
2092 1472 2203 1528 quo
2247 1464 2408 1526 pacto
2440 1469 2569 1509 vero
2602 1452 2786 1517 Pater,
2833 1451 2879 1505 si
2913 1450 3142 1504 diversa:
3179 1454 3265 1501 est
3310 1452 3520 1499 natura:

1944 1567 1972 1603 a
2010 1549 2166 1615 Filio,
2194 1563 2312 1617 quae
2342 1546 2558 1617 propria
2595 1552 2723 1599 sunt
2746 1541 2903 1607 Filio,
2926 1538 3148 1611 gestat?
3174 1538 3347 1593 Verax
3373 1535 3518 1589 enim

1943 1650 2027 1695 est
2055 1640 2330 1705 Servator,
2372 1639 2438 1693 ad
2474 1638 2688 1692 Patrem
2722 1635 2911 1689 dicens
2943 1652 2955 1687 :
2995 1652 3013 1684 ι
3050 1631 3241 1687 Omnia
3278 1643 3396 1684 mea
3427 1635 3518 1682 tua

1945 1742 2090 1793 sunt,
2120 1739 2172 1784 et
2200 1730 2382 1785 omnia
2429 1739 2516 1782 tua
2561 1737 2688 1783 sunt
2721 1741 2840 1780 mea
2862 1726 2935 1780 ὀ.
2972 1744 2990 1776 ι
3027 1724 3082 1778 Si
3116 1722 3280 1792 igitur
3316 1718 3520 1783 omnia,

1946 1839 2111 1877 unttm
2149 1836 2280 1878 vero
2324 1820 2567 1875 omnium
2614 1827 2700 1872 est
2740 1816 2883 1887 quod
2931 1829 3143 1871 summe
3188 1814 3385 1867 bonum
3417 1819 3541 1870 θοις,

1941 1913 2046 1968 erit
2070 1912 2235 1968 etiam
2265 1911 2381 1965 haec
2408 1906 2660 1964 essentia:
2685 1914 2927 1976 paterna:
2958 1901 3264 1973 preprietas
3304 1898 3357 1952 in
3384 1894 3521 1949 Filio

1939 2005 2034 2075 qui
2066 2019 2130 2059 ex
2161 2002 2320 2057 Patre
2341 1998 2629 2070 processit.
2655 1996 2755 2063 Qui
2787 2009 2917 2049 vero
2941 2003 3180 2062 paterna:
3205 1986 3523 2044 substantia:

1940 2095 2301 2165 proprietates
2343 2091 2525 2156 habet,
2583 2086 2894 2143 necessario
2941 2085 3112 2139 etiam
3162 2080 3519 2137 consubstan-

1941 2185 2084 2240 tialis
2113 2194 2217 2239 est.

1942 2298 2046 2367 ⁸1],
2076 2297 2227 2367 Quod
2260 2296 2720 2367 consubstantialis
2748 2297 2816 2352 sit
2848 2293 3029 2367 Filius
3048 2289 3220 2354 Patri,
3244 2305 3308 2342 ea:
3331 2288 3470 2341 dicto
3503 2301 3522 2338 :

1994 2363 2045 2418 τῖ
2084 2364 2229 2419 Vada
2276 2370 2345 2418 ad
2388 2365 2602 2419 Patrem
2644 2383 2840 2427 meum,
2891 2375 2938 2418 et
2992 2363 3203 2417 Patrem
3258 2369 3521 2420 vestrum;

2013 2448 2061 2490 et
2107 2434 2273 2489 Deum
2311 2440 2589 2502 meum,“
2619 2435 2789 2491 Deum
2816 2444 3044 2490 vestrum
3065 2432 3131 2483 ⁹¹.
3162 2447 3179 2483 ι

2014 2551 2147 2606 Cum
2184 2551 2274 2607 Dei
2320 2550 2552 2606 Verbum
2601 2551 2893 2605 humanam
2942 2548 3172 2601 formam
3208 2541 3523 2612 assumpsit,

1945 2650 2001 2697 et
2045 2650 2265 2711 propter
2311 2650 2551 2696 nostram
2593 2640 2835 2695 omnium
2883 2638 3113 2693 salutem
3157 2634 3428 2689 exsistens
3470 2633 3522 2686 in

1947 2732 2118 2786 forma
2155 2732 2268 2796 Dei,
2293 2731 2435 2785 sicut
2456 2731 2717 2800 scriptum
2744 2739 2850 2794 est,
2878 2726 3182 2782 humiliavit
3204 2724 3521 2794 seipsum".

1947 2833 2059 2876 tum
2093 2831 2244 2877 certe
2288 2822 2453 2877 etiam
2487 2831 2545 2875 ut
2596 2824 2761 2875 homo
2792 2819 3065 2875 interdum
3100 2816 3357 2885 loquitur,
3391 2814 3522 2869 nihil

1944 2921 2128 2968 tamen
2163 2927 2284 2966 eam
2325 2913 2394 2967 ob
2441 2926 2659 2967 causam
2710 2911 2908 2965 divinae
2962 2923 3073 2963 suae
3111 2908 3299 2977 gloriae
3342 2906 3528 2960 detra-

1947 3002 2107 3057 hens.
2153 3002 2212 3056 Si
2259 3005 2403 3057 enlm
2443 3017 2572 3058 vere
2607 3002 2782 3058 factus
2812 3012 2894 3057 est
2945 3002 3128 3068 homo,
3176 3012 3288 3054 non
3322 2996 3527 3055 idcirco

1944 3095 2104 3151 desiit
2136 3110 2258 3150 esse
2281 3097 2524 3161 Deus,ac
2558 3095 2796 3162 tametsi,
2834 3104 2894 3148 ut
2926 3093 3102 3149 factus
3133 3094 3319 3156 homo,
3351 3089 3528 3159 loqui-

1946 3196 2035 3242 tur
2055 3200 2176 3257 quae
2202 3186 2407 3240 homini
2437 3186 2788 3250 conveniunt,
2821 3185 2953 3240 nihil
2986 3193 3163 3239 tamen
3193 3182 3389 3237 divina:
3413 3195 3527 3235 sua:

1944 3278 2193 3349 dignitati
2218 3277 2478 3343 discedit;
2508 3278 2601 3333 sed
2630 3273 2770 3333 idem
2803 3278 2917 3347 ipse
2946 3285 3051 3341 est,
3078 3273 3383 3330 humilitate
3404 3287 3526 3343 quae

1948 3371 2004 3425 in
2028 3369 2207 3425 verbis
2228 3378 2313 3425 est
2338 3370 2405 3424 ad
2437 3369 2865 3425 incarnationem
2901 3369 3091 3424 relata.
3122 3367 3276 3433 Quod
3300 3379 3426 3421 vero
3454 3366 3521 3418 all

1945 3463 2374 3517 incarnationem
2402 3462 2699 3532 respiciens
2723 3461 3031 3533 huiusmodi
3063 3469 3125 3514 ut
3152 3458 3313 3513 homo
3342 3456 3522 3526 loqui-

1944 3561 2051 3621 tur,
2084 3554 2309 3622 pulchre
2353 3552 2586 3607 lormam
2622 3567 2785 3622 quam
2824 3550 3120 3621 assumpsit
3158 3550 3325 3605 verbo
3358 3556 3523 3617 atque

1942 3659 2107 3715 opere
2144 3659 2370 3700 servans
2416 3659 2481 3700 ac
2521 3660 2632 3715 pra:
2670 3659 2731 3701 se
2774 3644 2979 3710 ferens,
3029 3643 3157 3698 hinc
3195 3654 3523 3711 cognoscere

1943 3737 2260 3808 poterimus.
2297 3736 2508 3793 Alicubi
2536 3737 2681 3792 enim
2713 3735 2779 3790 ad
2812 3735 3094 3790 mulierem
3123 3733 3520 3789 Samaritanatn

1941 3827 2111 3883 Judaei
2161 3842 2452 3897 personam
2523 3826 2817 3896 praeferens
2870 3827 2944 3880 ita
3005 3825 3245 3894 loquitur
3288 3841 3302 3877 :
3350 3841 3371 3876 ι
3413 3823 3523 3878 Vos

1943 3919 2182 3973 adoratis
2212 3918 2355 3988 quod
2395 3917 2640 3983 nescitis,
2688 3932 2788 3972 nos
2827 3925 3007 3971 autem
3053 3915 3343 3970 adoramus
3379 3915 3522 3981 quod

1944 4009 2149 4065 scimus
2170 4010 2237 4063 ”.
2274 4026 2292 4061 ι
2344 4007 2531 4078 Neque
2576 4008 2721 4063 enim
2758 4007 2928 4062 Filius
2977 4021 3044 4063 ex
3094 4021 3286 4062 eorum
3333 4004 3524 4060 ordine

1942 4107 2028 4154 est
2050 4100 2139 4168 qui
2171 4099 2424 4163 adorant,
2455 4098 2551 4153 sed
2579 4098 2671 4169 qui
2700 4098 3018 4152 adorantur.
3058 4115 3076 4148 ι
3104 4096 3348 4152 Adorent
3375 4095 3520 4149 enim

1943 4205 2093 4256 eum,
2122 4192 2296 4260 inquit
2328 4190 2642 4261 Scriptura,
2676 4205 2871 4246 omnes
2896 4191 3073 4260 angeli
3107 4190 3204 4245 Dei
3226 4188 3295 4244 “.
3327 4207 3347 4242 ι
3377 4187 3520 4243 Nihil

1943 4298 2071 4355 vero
2108 4282 2379 4352 ejusmodi
2419 4292 2512 4338 aut
2562 4284 2771 4354 angelis
2812 4292 2906 4337 aut
2935 4282 3030 4338 ulli
3071 4281 3247 4336 ordini
3281 4296 3310 4335 a
3347 4280 3522 4335 sacris

1942 4372 2163 4429 Litteris
2228 4372 2489 4429 defertur.
2542 4373 2730 4444 Neque
2778 4373 2920 4430 enim
2970 4372 3260 4441 quisquam
3302 4368 3524 4439 jubetnr

1944 4465 2165 4535 angelos
2218 4464 2472 4531 adorare,
2526 4470 2620 4522 sed
2666 4467 2844 4522 solum
2886 4465 3075 4520 Deum.
3122 4461 3395 4533 Scriptum
3440 4474 3524 4518 est

266 4578 284 4609 ι
311 4557 516 4618 Κύριον
538 4556 627 4609 τὸν
648 4554 781 4609 Θεόν
811 4571 906 4606 σου
936 4553 1356 4623 προσκυνήσεις,
1394 4554 1487 4606 καὶ
1509 4553 1659 4623 αύτῷ
1691 4554 1838 4625 μόνῳ

1943 4554 2126 4609 enim:
2160 4574 2181 4606 ‹
2218 4553 2504 4609 Dominum
2549 4553 2717 4609 Deum
2745 4564 2893 4608 tuum
2938 4551 3216 4616 adorabis,
3250 4559 3306 4606 et
3342 4550 3391 4606 ei
3420 4551 3521 4605 soli

262 4649 601 4719 λατρεύσεις.
639 4666 659 4698 ι
687 4647 898 4717 Ὠσπερ
930 4645 1109 4698 τοίνυν
1139 4642 1610 4715 προσκυνούμενος
1638 4646 1667 4698 6
1687 4643 1837 4710 Υἱὸς,

261 4741 590 4810 προσκυνεῖν
613 4753 777 4807 φησιν
803 4734 1162 4807 οἰκονομικῶς
1179 4775 1194 4801 ,
1227 4734 1303 4798 ὡς
1334 4733 1639 4805 ἅνθρωπος,
1667 4735 1841 4799 οὓτως

258 4832 389 4884 ὅταν
401 4828 542 4893 Θεὸς
571 4829 714 4882 κατά
744 4828 905 4896 φύσιν
938 4826 1219 4898 ὑπάρχων,
1236 4825 1371 4883 Θεὸν
1395 4825 1589 4879 ἑαυτοῦ
1618 4825 1710 4880 τὸν
1729 4828 1841 4881 Ila:-

257 4924 398 4993 τέρα
426 4921 588 4992 καλῇ,
628 4920 789 4975 πάλιν
819 4919 894 4982 ὡς
934 4918 1220 4990 ἄνθρωπος
1251 4918 1632 4989 οἰκονομικῶς,
1661 4920 1721 4973 ού
1751 4918 1840 4973 διὰ

257 5013 423 5068 τοῦτο
465 5012 559 5066 τοῦ
592 5007 731 5066 εἶναι
782 5010 914 5075 Θεὸς
951 5009 1380 5083 ὲκὸληθήσεται·
1426 5010 1542 5067 ἀλλ’
1575 5012 1651 5076 ὡς
1696 5011 1839 5069 κατά

260 5109 425 5177 φύσιν
458 5105 609 5173 Υίὸς,
642 5104 794 5160 ἔσται
823 5103 879 5157 δὲ
912 5102 1215 5173 ὁμοούσιος.

943 5295 1143 5349 ΑΛΛΟ.

338 5409 395 5461 Εἰ
424 5411 482 5461 ἐν
511 5412 691 5480 μορφῇ
724 5409 859 5463 Θεοῦ
892 5410 1151 5481 ὑπάρχων
1178 5414 1206 5464 6
1241 5412 1366 5476 Υἱὸς
1398 5413 1491 5467 καὶ
1542 5414 1600 5465 ἐν
1630 5415 1836 5484 ἰσότητι

259 5500 439 5568 (τοῦτο
464 5502 571 5571 γὰρ
601 5504 630 5554 6
652 5502 861 5565 Παῦλός
886 5503 1065 5572 φησι),
1093 5503 1224 5555 Θεὸν
1252 5504 1364 5573 ἔχει
1389 5506 1529 5560 κατὰ
1556 5505 1718 5571 φύσιν
1743 5506 1835 5558 τὸν

260 5591 393 5642 Θεὸν
423 5593 513 5644 καὶ
546 5593 784 5664 Πατέρα,
813 5592 1035 5646 δύναται
1072 5593 1279 5656 τούτοις
1299 5595 1626 5651 ὑποπίπτειν
1655 5600 1686 5668 ἡ
1716 5596 1833 5651 θεία

334 5763 380 5793 ’θ
412 5760 567 5815 Jnan.
605 5777 735 5825 xvtt,
780 5761 864 5816 ll).
970 5763 1012 5793 ⁹¹
1048 5761 1202 5815 Joan.
1242 5780 1329 5824 xx.
1372 5765 1452 5818 l7.

264 5846 303 5894 I,
336 5830 385 5886 6.
462 5834 507 5863 ’⁸
541 5833 693 5887 Deut.
729 5848 798 5897 vr,
840 5832 938 5898 15;
984 5832 1172 5887 Matth.
1208 5849 1278 5900 tv,
1319 5836 1404 5888 10.

1559 5772 1601 5801 ν’
1632 5770 1862 5845 Philipp.
1903 5791 1962 5841 ιι,
1993 5777 2046 5840 G,
2084 5777 2136 5834 ,7.
2224 5778 2267 5810 ’³
2306 5776 2458 5834 Joan.
2497 5794 2571 5845 tv,
2606 5779 2695 5835 “2‘2.

1946 4643 2244 4701 servies".
2277 4663 2296 4697 ι
2336 4642 2803 4711 Quemadmodum
2851 4645 3017 4716 igitur
3062 4643 3226 4698 iscui
3275 4644 3523 4698 adoratio

1947 4733 2195 4800 debetur,
2235 4736 2464 4792 adorare
2513 4752 2572 4791 se
2625 4737 2758 4791 dicit
2811 4743 3072 4807 respectu
3109 4733 3519 4798 incarnationis,

1946 4832 2007 4878 ut
2055 4824 2216 4880 homo
2262 4844 2276 4879 :
2324 4825 2421 4888 ita,
2467 4827 2683 4896 quando
2726 4826 2841 4894 ipse
2893 4823 3214 4880 naturaliter
3250 4822 3523 4879 exsistens

1949 4917 2089 4972 Dens
2122 4917 2337 4974 Patrem
2384 4919 2550 4975 Deum
2592 4935 2747 4975 suum
2785 4928 2975 4986 vocat,
3017 4919 3210 4975 iterum
3259 4924 3317 4972 ut
3363 4916 3522 4970 homo

1948 5019 2200 5079 respectu
2242 5010 2634 5066 incarnationis
2679 5011 2939 5083 loquitur,
2989 5025 3094 5066 non
3140 5009 3344 5064 idcirco
3376 5004 3520 5061 Deus

1944 5116 2065 5157 esse
2113 5102 2333 5169 desinit,
2377 5106 2470 5159 sed
2524 5114 2580 5160 ut
2623 5105 2945 5161 naturaliter
2982 5104 3172 5167 Filius,
3204 5102 3309 5157 erit
3354 5098 3517 5157 etiam

1946 5205 2111 5245 consu
2121 5192 2444 5247 bstantialis.

2610 5303 2843 5359 ALIUD.

2016 5418 2071 5472 Si
2116 5419 2166 5473 in
2211 5419 2383 5473 forma
2434 5418 2849 5488 aequalitateque
2898 5415 2990 5471 Dei
3041 5416 3311 5471 exsistens
3348 5417 3517 5473 Filius

1943 5509 2040 5579 (ita
2068 5511 2208 5565 enim
2245 5510 2440 5565 Paulus
2466 5510 2586 5581 ait),
2618 5511 2784 5564 Deum
2832 5509 2993 5566 habet
3021 5512 3315 5565 secundum
3359 5520 3516 5563 natu-

1944 5616 2055 5654 ram
2088 5604 2259 5673 ipsum
2296 5604 2462 5658 Deum
2502 5617 2567 5659 ac
2598 5601 2836 5671 Patrem,
2866 5612 2921 5658 et
2959 5602 3137 5658 divina
3172 5609 3363 5656 natura
3392 5601 3515 5654 huic

2802 5780 2845 5813 τι
2888 5778 3032 5836 ωλι,
3074 5792 3215 5845 XCVI,
3248 5776 3312 5843 8;
3350 5773 3511 5833 Hebr.
