4144 6534
614 388 715 439 119
1635 388 1693 442 S.
1735 384 2007 440 CYRILLI
2049 386 2517 442 ALEXANDRINI
2557 391 2877 447 ARCHIEP.
3772 396 3896 451 1Ξο

610 495 910 551 conditioni
939 498 1180 567 subjecta
1211 506 1316 561 est,
1349 499 1549 569 poterit
1581 502 1742 555 etiam
1789 501 1949 556 Pater
1983 503 2183 557 habere

2312 505 2470 569 ιύσις,
2500 506 2609 571 ἕξει
2636 509 2729 561 καὶ
2772 511 2799 562 ό
2832 510 3022 582 Πατὴρ
3049 512 3204 578 Θεὸν,
3237 514 3329 567 καὶ
3355 517 3403 568 εἰ
3432 516 3507 584 μή
3539 533 3624 568 πω
3650 513 3890 583 γέγονε.

612 590 803 651 Deum,
860 590 1073 642 tametsi
1125 590 1176 643 id
1223 605 1497 660 nunquam
1547 592 1747 647 factum
1803 593 1986 649 fuerit.
2031 593 2183 660 Quod

2312 596 2363 649 Γὸ
2390 598 2497 667 γάρ
2527 599 2870 670 ἐνδεχόμενον
2909 601 3191 670 γενέσθαι,
3224 606 3315 659 καὶ
3344 608 3391 658 εἰ
3423 607 3498 676 μή
3534 623 3620 659 πω
3654 605 3893 658 τετέλε-

607 676 752 729 enim
786 674 901 730 fieri
946 687 1145 746 potest,
1182 679 1397 734 tametsi
1431 696 1706 749 nunquam
1740 680 2037 750 perfectum
2070 682 2185 735 fue-

2312 704 2433 751 πται,
2458 688 2682 759 δυνάμει
2709 689 2864 743 τοῦτό
2885 692 3031 743 ἐστιν
3056 692 3193 763 ὅπερ
3220 674 3514 763 ἐνδέχεται.
3545 693 3609 746 Εἰ
3635 693 3691 746 δὲ
3710 691 3893 745 τοῦτο

610 768 698 831 rit,
744 769 985 835 potentia
1042 768 1093 823 id
1142 780 1225 824 est
1271 771 1414 840 quod
1471 786 1592 826 esse
1638 780 1834 840 potest.
1882 773 1952 827 At
1994 773 2037 827 si
2086 773 2187 828 hoc

2312 778 2568 850 ῖύσφημον
2592 819 2607 844 ,
2657 781 2719 833 οὐ
2763 782 2903 835 κατά
2950 782 3111 852 φύσιν
3149 787 3176 838 ό
3208 786 3398 856 Πατὴρ
3437 784 3530 838 τοῦ
3577 784 3708 837 Υἱοῦ
3736 785 3891 848 Θεὸς

608 858 982 926 blasphemum
1013 870 1117 923 est,
1148 874 1253 913 non
1281 861 1578 915 secundum
1625 870 1872 915 naturam
1906 860 2067 916 l’ater
2109 862 2188 914 di-

2312 872 2529 941 .έγεται,
2556 872 2688 926 ἀλλὰ
2716 873 2849 926 καθὸ
2878 875 3101 943 γέγονεν
3140 875 3425 947 ἄνθρωπος
3448 876 3840 947 οἰκονομικῶς.

609 951 753 1003 citur
793 950 933 1004 Deus
953 949 1096 1016 Filii,
1140 950 1241 1006 sed
1268 953 1479 1008 ratione
1506 953 1895 1009 incarnationis
1920 962 2187 1023 quatenus

609 1043 776 1095 homo
802 1051 903 1096 est.

1284 1155 1515 1212 ALIUD.

686 1271 742 1324 Si
795 1270 847 1324 in
891 1270 1068 1324 forma
1105 1271 1523 1340 :equalitateque
1560 1272 1651 1327 Dei
1690 1272 1962 1328 exsistens
1997 1271 2187 1337 Filius,

612 1361 753 1414 sicut
785 1359 1044 1429 scriptum
1061 1370 1162 1422 est,
1198 1361 1505 1415 hutuiliavit
1536 1361 1795 1430 seipsum,
1823 1362 1931 1432 72
1959 1354 2188 1418 formant

611 1451 756 1504 servi
806 1450 1099 1518 accipiens,
1146 1462 1310 1518 atque
1354 1452 1538 1506 habitu
1597 1453 1849 1508 inventus
1897 1464 1955 1507 ut
2002 1455 2186 1519 homo,

616 1550 743 1594 sunt
780 1541 894 1595 haec
910 1542 1073 1594 verba
1107 1541 1498 1595 humiliationis
1528 1549 1582 1594 et
1608 1554 1765 1595 servo
1791 1544 2189 1608 convenientia,

616 1645 721 1683 non
757 1633 822 1683 ad
866 1631 1158 1685 essentiam
1189 1632 1357 1701 ipsius
1388 1633 1773 1701 pertingentia,
1805 1632 1900 1687 sed
1939 1633 2192 1686 incarna-

619 1722 751 1776 tioui
794 1722 1225 1776 accommodata.
1258 1723 1324 1777 Et
1356 1729 1815 1793 quemadmodum
1850 1738 1915 1778 ex
1948 1724 2195 1778 sublimi-

2977 1157 3182 1212 AAAO.

2364 1273 2425 1324 Εἰ
2464 1274 2521 1324 ὲν
2551 1273 2731 1348 μορφῇ
2757 1269 2891 1323 Θεοῦ
2928 1271 3187 1340 ὑπάρχων
3222 1271 3251 1322 ὁ
3280 1268 3408 1331 Υἱὸς
3429 1285 3523 1322 και
3554 1269 3611 1321 ἐν
3640 1269 3886 1339 ἰσότητι.

2294 1363 2436 1417 καθὰ
2455 1362 2785 1433 γέγραπται,
2814 1361 3179 1414 ἐταπείνωσεν
3210 1359 3425 1424 ἑαυτὸν,
3450 1360 3662 1430 μορφὴν
3682 1360 3885 1412 δούλου

2294 1453 2493 1520 λαϐὼν,
2517 1456 2610 1508 καὶ
2634 1456 2869 1523 σχήματι
2895 1451 3138 1523 εὑρεθεὶς
3158 1451 3233 1514 ὡς
3265 1449 3572 1520 ἄνθρωπος,
3601 1449 3757 1503 ἔσται
3774 1451 3886 1519 τῆς

2294 1546 2674 1610 ταπεινώσεως
2697 1546 2767 1599 τὰ
2781 1545 3119 1615 δουλοπρεπῆ
3145 1545 3383 1615 ῥήματα,
3403 1544 3503 1597 οὐκ
3517 1542 3884 1598 ἀναϐαίνοντα

2298 1639 2400 1709 μὲν
2426 1638 2561 1710 πρὸς
2586 1638 2684 1707 τὴν
2711 1637 2900 1691 οὐσίαν
2932 1635 3098 1689 αὑτοῦ
3117 1676 3132 1699 ,
3184 1635 3321 1689 ἀλλὰ
3359 1634 3437 1705 τῷ
3478 1636 3579 1704 τῆς
3602 1633 3882 1700 ὲνανθρω-

2297 1731 2520 1800 πήσεως
2558 1726 2837 1799 προσώπῳ
2882 1727 3260 1798 περικείμενα.
3304 1728 3414 1780 Καὶ
3449 1724 3641 1794 ὥσπερ
3670 1725 3735 1775 ὲκ
3780 1722 3882 1773 τοῦ

617 1824 727 1867 tate
771 1814 991 1867 deitatis
1032 1813 1395 1867 humilitatem
1441 1831 1564 1885 quae
1608 1815 1661 1870 in
1706 1815 2043 1869 humanitate
2080 1814 2194 1867 sive

2312 1821 2396 1891 τῆς
2428 1820 2679 1891 θεότητος
2708 1819 2877 1889 ὒψους
2906 1820 3007 1889 τὴν
3032 1822 3090 1874 ὲν
3136 1818 3519 1890 άνθρωπότητι
3545 1816 3883 1870 ταπείνωσιν

618 1905 1007 1959 humanatione
1032 1912 1135 1967 est,
1173 1907 1575 1974 cognoscimus,
1602 1907 1673 1961 ita
1699 1916 1885 1961 contra
1919 1922 1985 1961 ex
2018 1905 2195 1958 lunai-

2300 1911 2754 1981 ὲπιγινώσκομεν,
2772 1910 2945 1973 οὓτως
2959 1911 3019 1965 τὸ
3033 1910 3273 1964 ἐναντίον
3298 1911 3361 1962 ὲκ
3377 1909 3475 1979 τῆς
3494 1905 3882 1966 ταπεινώσεως

618 1997 772 2050 litate
825 2011 943 2064 qua?
982 1999 1035 2052 in
1086 1999 1475 2053 humauatione
1525 1999 1794 2063 consistit,
1843 1998 1893 2051 id
1947 1997 2090 2066 quod
2143 1997 2195 2049 in

2312 2004 2397 2073 τῆς
2429 2004 2486 2055 ὲν
2510 2003 2912 2075 ἀνθρωπότητι,
2954 2002 3014 2055 τὸ
3045 2004 3101 2054 ὲν
3134 2001 3350 2072 θεότητι
3385 2000 3528 2070 μέγα
3548 2000 3642 2053 καὶ
3674 1995 3884 2067 ὑψηλὸν

620 2088 820 2139 deitate
846 2104 1095 2155 magnum
1130 2098 1186 2142 et
1214 2087 1266 2142 in
1297 2089 1535 2144 essentia
1563 2087 1682 2143 Filii
1719 2087 1949 2143 sublime
1979 2094 2081 2149 est,
2111 2086 2197 2139 in-

624 2178 900 2248 telligetis.

1024 2324 1795 2417 ASSERTTO'X.

842 2476 999 2542 Quod
1019 2476 1482 2530 consubstantialis
1512 2477 1664 2531 Patri
1692 2478 1760 2532 sit
1789 2476 1983 2533 Filius.

696 2585 890 2641 Ilostes
934 2586 1161 2651 Christi,
1202 2602 1324 2641 cum
1377 2601 1438 2641 ea
1487 2602 1605 2655 quae
1659 2587 1725 2641 ad
1770 2589 2023 2644 deitatem
2076 2589 2198 2644 Filii

623 2681 919 2750 pertinent,
946 2688 1203 2741 tractant,
1241 2688 1295 2734 et
1334 2680 1702 2735 habitudinem
1740 2696 1900 2750 quam
1940 2682 2201 2735 naturali-

2300 2094 2400 2163 τῆς
2428 2094 2614 2159 οὐσίας
2646 2093 2740 2146 τοῦ
2764 2093 2896 2146 Υἱοῦ
2931 2091 3382 2164 γνωρισθήσεται.

2794 2323 3159 2408 ΛΟΓΟΣ
3235 2314 3368 2407 ΘΖ

2550 2478 2677 2530 Ὅτι
2710 2476 3031 2542 ὀμοούσιος
3066 2474 3145 2538 τῷ
3192 2475 3373 2542 Harp!
3405 2477 3439 2529 ὀ
3477 2476 3609 2540 Υἱός

2373 2591 2487 2644 Οὐκ
2516 2590 2755 2658 εὐλόγως
2774 2590 2822 2641 οἱ
2847 2587 3207 2658 χριστομάχοι
3245 2585 3309 2638 τὰ
3340 2584 3467 2654 περὶ
3494 2583 3595 2652 τῆς
3632 2582 3889 2652 θεότητος

2301 2682 2395 2736 τοῦ
2433 2681 2565 2735 Υἱοῦ
2592 2681 2983 2751 γυμνάζοντες,
3020 2680 3114 2732 καὶ
3145 2678 3329 2749 σχέσιν
3362 2676 3653 2745 ζητοῦντες
3677 2676 3746 2747 ἢν
3770 2674 3888 2745 ἔχει

630 2785 711 2828 ter
744 2774 910 2827 habet
934 2773 996 2826 ad
1032 2772 1271 2837 Patrem,
1306 2775 1603 2843 inquirunt,
1645 2791 1748 2829 non
1787 2784 1931 2830 recte
1979 2786 2203 2827 utuntur

2312 2772 2548 2843 φυσικῶς
2578 2773 2713 2844 πρὸς
2742 2773 2833 2825 τὸν
2866 2771 3056 2825 ἑαυτοῦ
3092 2769 3329 2841 Πατέρα,
3378 2771 3499 2831 ταῖς
3529 2766 3890 2840 ἀνθρωπίνως

629 2864 810 2916 verbis
838 2877 956 2930 quae
1004 2863 1237 2917 humano
1281 2879 1431 2917 more
1460 2864 1604 2918 dicta
1641 2874 1786 2929 sunt,
1817 2873 1871 2918 et
1917 2879 1946 2918 a
1975 2864 2202 2918 Domino

629 2960 817 3007 nostro
843 2952 1074 3020 prolata,
1103 2954 1321 3021 quando
1358 2968 1575 3006 carnem
1613 2962 1852 3007 nostram
1886 2953 2198 3020 assumpsit.

631 3041 814 3111 Neque
839 3042 984 3094 enim
1022 3057 1085 3095 ex
1123 3042 1187 3095 iis
1216 3056 1335 3111 quae
1370 3051 1426 3094 ut
1460 3043 1621 3096 homo
1653 3052 1899 3111 respectu:
1950 3041 2202 3095 incarna-

2305 2864 2624 2936 εἰρημέναις
2665 2863 2960 2933 κέχρηνται
3011 2865 3238 2931 φωναῖς,
3280 2855 3369 2924 αἷς
3403 2863 3430 2913 ὁ
3473 2857 3679 2929 Κύριος
3708 2854 3887 2919 εἶπεν,

2306 2955 2395 3006 ὅτε
2427 2952 2523 3022 τὴν
2551 2952 2707 3022 ἡμῶν
2744 2952 2922 3023 σάρκα
2957 2951 3330 3022 περιεϐάλετο.
3366 2951 3440 3003 Οὐ
3478 2951 3584 3019 γὰρ
3615 2947 3675 3013 ἐξ
3708 2941 3781 3000 ὧν
3810 2948 3890 3009 ὡς

2306 3044 2590 3114 ἄνθρωπος
2620 3043 2979 3112 οἰκονομικῶς
3007 3042 3314 3110 διαλέγεται
3337 3083 3350 3104 ,
3381 3043 3437 3093 ὲν
3465 3040 3641 3110 τούτῳ
3674 3041 3706 3110 ή
3739 3038 3887 3091 άσώ-

633 3133 798 3187 tiouis
837 3133 1047 3187 locutus
1094 3143 1201 3198 est,
1256 3135 1574 3202 incorporea
1614 3134 1731 3201 ejus
1774 3135 2011 3189 essentia
2060 3136 2206 3188 desi-

2313 3152 2479 3205 ματος
2525 3134 2683 3188 οὐσία
2736 3134 3223 3205 χαρακτηρίζεται,
3263 3132 3377 3186 ἀλλ’
3417 3132 3614 3184 εἰδέναι
3656 3132 3760 3201 χρὴ
3792 3130 3890 3181 καὶ

632 3232 825 3292 gnatur
860 3232 1021 3292 atque
1061 3224 1403 3293 exprimitur,
1450 3224 1543 3276 sed
1587 3224 1717 3277 illud
1761 3238 1858 3278 nos
1891 3232 1946 3279 et
1982 3224 2122 3279 scire
2154 3234 2209 3279 et

633 3315 857 3368 credere
906 3320 1143 3382 oportet,
1190 3313 1332 3381 quod
1374 3310 1609 3366 Verbum
1656 3314 1923 3368 exsistens
1972 3313 2113 3369 Deus
2156 3323 2211 3371 et

634 3405 1096 3462 consubstantiale
1123 3419 1215 3473 per
1236 3406 1417 3459 omnia
1447 3403 1617 3470 Patri,
1642 3405 1932 3459 humanam
1963 3413 2209 3461 naturam

635 3496 944 3565 assumpsit,
983 3506 1038 3548 et
1076 3495 1253 3550 tactus
1294 3505 1379 3550 est
1430 3496 1610 3561 homo,
1647 3505 1705 3551 ut
1738 3497 2011 3550 interdum
2048 3498 2209 3552 etiam

637 3595 698 3641 ut
744 3588 907 3641 homo
962 3586 1247 3654 loquatur,
1301 3595 1519 3654 propter
1564 3586 2023 3655 dispensationem
2087 3603 2209 3643 cum

637 3693 823 3733 carne.
855 3679 1122 3747 Loquitur
1155 3692 1284 3731 vero
1312 3677 1478 3730 etiam
1510 3689 1569 3731 ut
1602 3677 1743 3732 Deus
1772 3693 1891 3747 qua:
1936 3679 2209 3734 hominem

637 3770 925 3835 excedunt,
956 3770 1156 3839 quippe
1187 3768 1276 3836 qui
1315 3768 1454 3823 Deus
1499 3768 1817 3822 naturaliter
1846 3778 1956 3833 est;
2001 3780 2055 3825 et
2088 3786 2209 3825 cum

638 3867 850 3929 tenipus
878 3859 930 3912 id
969 3857 1222 3926 requirit,
1259 3871 1325 3911 eo
1360 3856 1611 3927 loquendi
1644 3872 1843 3926 genere
1870 3860 2062 3914 utitur.
2095 3861 2211 3916 Cae-

640 3958 838 4013 terum,
870 3948 914 4001 si
942 3948 1065 4015 quis
1096 3947 1225 4001 velit
1254 3962 1314 4001 ea
1346 3962 1465 4016 quae
1482 3947 1719 4002 humano
1748 3963 1901 4002 more
1924 3958 1978 4001 et
2003 3949 2212 4004 ratione
2246 3966 2267 3986 ν

637 4037 1054 4101 incarnationis,
1105 4045 1163 4090 ut
1203 4037 1336 4103 dixi,
1377 4038 1520 4093 dicta
1573 4047 1719 4104 sunt,
1765 4041 1832 4093 ad
1876 4039 2210 4095 divinitatem

640 4129 810 4197 ipsius
839 4128 1065 4192 referre,
1110 4143 1229 4197 quae
1260 4144 1388 4184 vero
1416 4130 1603 4184 divino
1641 4145 1790 4185 more
1813 4130 1956 4184 dicta
1993 4143 2115 4185 sunt
2146 4133 2214 4186 ad

639 4219 774 4273 illud
816 4229 1028 4288 tempus
1051 4219 1347 4275 transferre
1377 4235 1486 4289 quo
1513 4221 1691 4277 factus
1724 4231 1807 4278 est
1832 4224 2013 4289 homo,
2046 4226 2092 4278 is
2119 4240 2215 4278 na-

645 4322 818 4367 turam
872 4327 1051 4366 rermn
1095 4312 1408 4376 confundet,
1456 4327 1783 4381 omnemque
1828 4314 2217 4370 incarnationis

644 4405 911 4459 rationem
969 4404 1140 4458 tollet.
1207 4404 1476 4457 lnterdmn
1532 4405 1676 4458 enim
1734 4414 1790 4458 ut
1848 4405 1987 4461 Deus
2038 4407 2212 4460 dicit:

2310 3226 2610 3291 πιστεύειν,
2673 3227 2753 3279 ὃτι
2780 3226 2910 3288 Θεὸς
2939 3225 3014 3278 ῶν
3060 3227 3084 3277 ό
3109 3225 3281 3291 Λόγος
3302 3224 3396 3277 καὶ
3435 3223 3718 3293 ὀμοούσιος
3746 3220 3890 3273 κατὰ

2312 3320 2485 3372 πάντα
2513 3317 2590 3388 τῷ
2623 3317 2815 3388 Πατρὶ.
2858 3318 2956 3385 τὴν
2986 3314 3272 3387 ἀνθρώπου
3305 3314 3465 3385 φύσιν
3508 3312 3886 3384 περιεϐάλετο,

2311 3411 2404 3462 καὶ
2435 3408 2658 3476 γέγονεν
2690 3408 2993 3477 ἄνθρωπος,
3027 3407 3113 3459 ἵνα
3142 3407 3237 3459 καὶ
3267 3406 3341 3468 ὡς
3362 3403 3646 3474 ἄνθρωπος
3668 3402 3779 3455 ἔσθ’
3801 3404 3887 3454 ὅτε

2309 3499 2466 3569 λαλῇ,
2496 3496 2583 3550 διὰ
2615 3496 2713 3567 τὴν
2748 3496 2885 3566 μετὰ
2918 3497 3114 3565 σαρκὸς
3148 3495 3477 3563 οἰκονομίαν.
3506 3492 3670 3545 Λα)ιεῖ
3700 3492 3753 3543 δὲ
3795 3490 3888 3543 καὶ

2312 3590 2385 3651 ώς
2407 3588 2539 3649 Θεὸς
2563 3588 2631 3639 τὰ
2654 3587 2792 3656 ὑπὲρ
2820 3585 3127 3656 ἄνθρωπον,
3156 3584 3230 3646 ώς
3258 3584 3416 3635 τοῦτο
3437 3582 3575 3635 κατὰ
3604 3580 3763 3650 φύσιν
3786 3579 3883 3640 ὢν,

2312 3680 2407 3733 καὶ
2437 3680 2524 3731 ὅτε
2562 3677 2752 3748 καιρὸς
2788 3678 2884 3747 τὴν
2913 3676 3104 3728 τούτου
3137 3675 3326 3746 χρείαν
3368 3672 3629 3743 εἰσφέρει.
3670 3670 3813 3723 Ἀλλ’
3844 3672 3888 3722 εἰ

2312 3785 2396 3830 τις
2449 3766 2690 3837 βούλοιτο
2742 3764 2809 3818 τὰ
2839 3763 3327 3835 ἀνθρωπινώτερον
3364 3763 3459 3817 καὶ
3506 3760 3888 3831 οἰκονομικῶς,

2315 3861 2563 3929 καθάπερ
2592 3858 2745 3929 ἔφην,
2781 3858 3045 3929 εἰρημένα
3076 3858 3262 3927 φέρειν
3295 3858 3384 3911 ἐπὶ
3405 3856 3497 3909 τὸν
3522 3856 3621 3925 τῆς
3643 3855 3892 3925 θεότητος

2313 3950 2475 4004 αὑτοῦ
2496 3949 2675 4017 λόγον,
2702 3950 2795 4001 καὶ
2822 3946 2984 3999 πάλιν
3004 3991 3018 4013 ,
3053 3948 3121 3999 τὰ
3152 3947 3347 4009 θεῖκῶς
3391 3947 3659 4018 εἰρημένα
3705 3946 3891 4016 φέρειν

2314 4043 2401 4094 ἐπ’
2435 4044 2640 4094 ἐκεῖνον
2668 4040 2760 4091 τὸν
2794 4038 2984 4107 καιρὸν
3030 4037 3151 4090 καθ’
3200 4036 3258 4089 ὃν
3309 4037 3533 4105 γέγονεν
3581 4035 3890 4105 ἄνθρωπος,

2316 4134 2561 4202 ἀδικήσει
2600 4132 2709 4182 τῶν
2744 4129 3085 4198 πραγμάτων
3110 4128 3205 4196 τὴν
3237 4127 3429 4195 φύσιν,
3472 4126 3566 4180 καὶ
3608 4127 3895 4195 ἀναιρήσει

2315 4222 2760 4294 τὴνοίκονομιαν.
2787 4220 2924 4274 Ποτὲ
2954 4220 3050 4290 μὲν
3074 4219 3185 4291 γὰρ
3212 4219 3286 4281 ὡς
3315 4218 3445 4282 Θεὸς
3461 4218 3609 4286 λέγει
3631 4234 3645 4247 ο
3674 4237 3692 4268 ι
3720 4218 3895 4285 Ἀμὴν

2316 4313 2460 4381 λέγω
2495 4312 2642 4383 ὑμῖν,
2678 4312 2807 4379 πρὶν
2852 4308 3106 4380 ’Λϐραὰμ
3132 4306 3403 4376 γενέσθαι,
3435 4307 3546 4375 ἐγώ
3573 4309 3706 4378 εἰμι.
3740 4326 3758 4357 ι
3788 4306 3898 4359 Κεέ.

2320 4407 2512 4460 πάλιν·
2556 4424 2574 4456 ι
2612 4402 2983 4472 Καταϐέϐηκα
3029 4403 3093 4454 ὲκ
3138 4401 3233 4453 τοῦ
3266 4399 3517 4471 οὐρανοῦ.
3565 4418 3583 4450 ι
3616 4400 3679 4452 Et
3715 4400 3775 4452 δέ
3811 4415 3897 4462 τις

648 4512 667 4544 ι
698 4496 869 4546 Amen
899 4492 1021 4546 dico
1054 4491 1225 4555 vobis,
1274 4501 1565 4560 antequam
1594 4492 1864 4546 Abraham
1900 4493 2072 4559 ﬁeret,
2114 4510 2211 4564 ego

2321 4498 2562 4569 βούλοιτο
2585 4497 2742 4568 μόνον
2759 4493 2906 4565 αὐτῷ
2932 4494 3219 4563 φυλάττειν
3237 4493 3296 4546 τὸ
3325 4491 3626 4562 θεοπρεπὲς
3655 4492 3895 4560 ἀξίωμα,

632 4600 755 4641 sum
779 4584 847 4637 “.
879 4602 896 4635 ι
934 4583 1000 4637 Ει
1025 4598 1252 4637 rursus:
1289 4601 1307 4633 ι
1341 4581 1452 4653 Ego
1491 4583 1744 4638 descendi
1778 4600 1808 4638 e
1840 4584 1978 4640 coelo
2000 4586 2069 4640 ⁸⁷.
2100 4605 2119 4637 ι
2158 4586 2211 4640 Si

2318 4590 2606 4660 ἀναιρήσει
2637 4589 2856 4649 πάντως
2894 4586 2953 4638 τὸ
2983 4588 3039 4639 ὲν
3086 4585 3333 4654 ὑστέροις
3370 4584 3581 4653 καιροῖς
3610 4583 3896 4654 ἄνθρωπον

634 4690 768 4730 vero
798 4676 1065 4745 quispiam
1111 4675 1236 4729 velit
1267 4676 1435 4730 solam
1474 4675 1594 4744 ejus
1627 4676 1861 4730 divinam
1896 4677 2211 4746 dignitatem

2318 4680 2569 4749 γενέσθαι
2601 4678 2781 4733 αὐτόν.
2818 4678 2892 4731 Οὐ
2923 4676 3031 4747 γὰρ
3074 4673 3142 4747 ἦν
3166 4678 3239 4739 ,ὲν
3287 4675 3665 4745 ἀνθρωπότητι
3692 4715 3706 4739 ,
3768 4676 3897 4744 πρὶν

642 4768 804 4831 tueri,
836 4768 986 4822 tollet
1022 4768 1181 4837 plane
1220 4768 1361 4837 quod
1412 4769 1615 4824 ultimis
1662 4768 1999 4839 temporibus
2047 4770 2215 4825 homo

642 4857 818 4913 factus
855 4858 1037 4913 fuerit.
1087 4858 1271 4926 Neque
1303 4859 1447 4913 enim
1495 4860 1610 4928 ipse
1654 4870 1774 4916 erat
1815 4862 1999 4925 homo,
2038 4861 2217 4928 prius-

640 4966 800 5021 quam
834 4950 1108 5005 Abraham
1161 4950 1336 5015 ﬁeret,
1366 4966 1541 5022 neque
1587 4962 1645 5006 ut
1689 4952 1851 5007 homo
1878 4952 2154 5006 descendit
2184 4968 2216 5007 e

641 5044 801 5099 caelo.
834 5043 1060 5106 Contra,
1105 5042 1149 5096 si
1180 5043 1301 5111 quis
1340 5046 1498 5099 verba
1529 5052 1585 5099 et
1626 5059 1711 5099 res
1737 5058 1856 5114 quae
1886 5045 2213 5099 humanitati

640 5137 995 5201 conveniunt,
1052 5133 1164 5190 Deo
1216 5136 1426 5201 Verbo,
1470 5138 1545 5190 ita
1589 5144 1649 5190 ut
1702 5144 1828 5189 ante
1886 5137 2216 5191 incarnatio-

642 5243 767 5282 nem
802 5236 941 5291 erat,
980 5228 1393 5283 accommodare
1424 5228 1589 5293 volet,
1624 5227 1911 5281 admodum
1945 5229 2105 5298 impie
2137 5228 2217 5283 fa.

641 5320 768 5374 ciet.
817 5318 953 5384 Quid
999 5320 1140 5374 enim
1192 5318 1378 5382 faciat,
1424 5318 1636 5373 dicente
1667 5319 1929 5373 Christo:
1970 5338 1988 5370 ι
2020 5322 2212 5375 Anima

642 5425 762 5465 mea
816 5411 1097 5473 turbatur,
1132 5409 1242 5479 73
1278 5418 1332 5461 et
1362 5408 1532 5462 tristis
1563 5417 1647 5461 est
1694 5408 1849 5463 valde
1871 5409 1917 5440 9°
1955 5410 2022 5463 i?
2066 5409 2221 5465 Anne

644 5516 931 5557 maerorem
979 5510 1034 5557 et
1077 5502 1406 5555 anxietatem
1459 5500 1655 5555 divina:
1703 5510 1906 5556 naturae
1956 5504 2221 5558 accidisse

639 5602 863 5657 statuet,
912 5604 1007 5647 aut
1055 5592 1237 5647 timori
1275 5591 1469 5645 mortis
1509 5592 1798 5646 obnoxiam
1843 5592 2012 5647 fuisse
2038 5591 2220 5648 dicet?

2333 4770 2585 4841 Ἀϐραὰμ
2635 4768 2908 4837 γενέσθαι,
2941 4768 3061 4821 οὐδὲ
3101 4768 3236 4820 καθὸ
3268 4765 3550 4837 ἄνθρωπος
3590 4764 3889 4834 καταϐέϐηο

2320 4878 2414 4915 κεν
2449 4864 2513 4914 ἐκ
2538 4859 2632 4915 τοῦ
2653 4860 2908 4932 οὐρανοῦ.
2944 4861 3053 4912 Καὶ
3084 4858 3267 4924 πάλιν,
3290 4859 3343 4911 et
3360 4875 3442 4920 τις
3473 4855 3687 4929 θελήσει
3710 4855 3781 4908 τὰ
3800 4856 3897 4924 τῆς

2324 4956 2419 5009 ἀνθ
2432 4954 2744 5026 ρωπότητος
2765 4953 2985 5024 ῥήματά
3000 4970 3056 5005 τε
3078 4953 3172 5005 καὶ
3201 4952 3501 5023 πράγματα
3518 4949 3711 5020 γυμνῷ
3732 4966 3893 5019 προσ-

2325 5046 2516 5100 άπτειν
2544 5045 2620 5115 τῷ
2644 5045 2761 5115 Θεῷ
2790 5045 2947 5115 Λόγῳ
2979 5044 3084 5115 πρὸ
3119 5044 3218 5114 τῆς
3264 5034 3747 5113 ὲνανθρωπήᾶεως,
3774 5042 3896 5094 ἀσε-

2325 5137 2485 5207 ϐήσει
2532 5135 2802 5206 μεγάλως.
2842 5135 2907 5187 Τί
2951 5135 3057 5206 γὰρ
3088 5135 3323 5203 ποιήσει,
3353 5134 3601 5201 λέγοντος
3635 5132 3729 5185 τοῦ
3764 5133 3891 5202 Χρι-

2328 5229 2456 5282 στοῦ
2478 5245 2491 5258 ⁸
2526 5248 2543 5279 ι
2579 5227 2692 5281 Νῦν
2724 5230 2756 5296 ἡ
2783 5227 2925 5299 ψυχή
2966 5245 3066 5297 μου
3090 5228 3444 5297 τετάρακται,
3476 5225 3571 5280 καὶ
3604 5224 3894 5294 περίλυπός

2321 5324 2475 5383 ἐστις
2512 5341 2531 5372 ι
2556 5319 2748 5391 Λύπην
2777 5321 2887 5391 ἄρα
2916 5320 3010 5372 καὶ
3045 5319 3274 5390 θόρυϐον
3309 5319 3469 5371 δώσει
3507 5318 3634 5385 περὶ
3680 5316 3779 5385 τὴν
3805 5315 3893 5368 τοῦ

2319 5412 2456 5467 Θεοῦ
2480 5412 2640 5481 φύσιν
2669 5412 2943 5480 γενέσθαι,
2975 5414 3070 5465 καὶ
3096 5414 3321 5482 κρατεῖν
3348 5411 3577 5464 θανάτου
3602 5408 3795 5475 φόϐον;
3834 5408 3893 5459 ΤΞ

2319 5503 2377 5556 δὲ
2420 5503 2550 5555 ὅταν
2600 5502 3004 5574 σταυρούμενον
3046 5501 3152 5573 ἴδῃ,
3208 5502 3304 5556 καὶ
3342 5500 3500 5555 τοῦτο
3536 5500 3767 5569 πάσχειν
3802 5496 3891 5550 τοῦ

2322 5594 2453 5649 Υξοῦ
2483 5594 2821 5664 τὴνθεότητα
2857 5594 3017 5648 δώσει
3054 5592 3227 5658 οὕτως
3255 5594 3329 5657 ώς
3373 5592 3690 5664 άνθρωπον;
3737 5590 3807 5643 Ἦ
3844 5587 3890 5639 τ)

714 5777 756 5807 ’⁸
782 5773 937 5830 Jean
981 5788 1099 5833 vni,
1127 5772 1217 5827 58.
1292 5771 1335 5804 θ’
1372 5772 1526 5829 ιοιιη.
1560 5788 1631 5834 v1,
1667 5770 1755 5828 58.
1833 5769 1877 5803 ⁸⁸
1908 5770 2063 5827 Joan.
2098 5786 2197 5831 xu.
2231 5770 2321 5824 2'7.
